  <div class='ocr_page' id='page_1' title='image "/cluster/home/n/w/nwhite01/storage/ocr_20150623/115/hvd.32044054759790/083.png"; bbox 0 0 4160 6182; ppageno 0'>
   <div class='ocr_carea' id='block_1_1' title="bbox 582 180 685 238">
    <p class='ocr_par' dir='ltr' id='par_1_1' title="bbox 582 180 685 238">
     <span class='ocr_line' id='line_1_1' title="bbox 582 180 685 238; baseline 0.01 -2"><span class='ocrx_word' id='word_1_1' title='bbox 582 180 685 238; x_wconf 74' lang='lat'>155</span> 
     </span>
    </p>
   </div>
   <div class='ocr_carea' id='block_1_2' title="bbox 1672 176 2889 241">
    <p class='ocr_par' dir='ltr' id='par_1_2' title="bbox 1672 176 2889 241">
     <span class='ocr_line' id='line_1_2' title="bbox 1672 176 2889 241; baseline -0.001 -6"><span class='ocrx_word' id='word_1_2' title='bbox 1672 180 2028 237; x_wconf 70' lang='lat' dir='ltr'>ANGELOII</span> <span class='ocrx_word' id='word_1_3' title='bbox 2063 176 2539 241; x_wconf 76' lang='lat' dir='ltr'>LUXOVIENSIS</span> <span class='ocrx_word' id='word_1_4' title='bbox 2576 178 2889 234; x_wconf 78' lang='lat' dir='ltr'>MONACHI</span> 
     </span>
    </p>
   </div>
   <div class='ocr_carea' id='block_1_3' title="bbox 2998 65 3027 77">
    <p class='ocr_par' dir='ltr' id='par_1_3' title="bbox 2998 65 3027 77">
     <span class='ocr_line' id='line_1_3' title="bbox 2998 65 3027 77; baseline 0 0"><span class='ocrx_word' id='word_1_5' title='bbox 2998 65 3027 77; x_wconf 45' lang='grc' dir='ltr'>δ</span> 
     </span>
    </p>
   </div>
   <div class='ocr_carea' id='block_1_4' title="bbox 3905 189 4011 247">
    <p class='ocr_par' dir='ltr' id='par_1_4' title="bbox 3905 189 4011 247">
     <span class='ocr_line' id='line_1_4' title="bbox 3905 189 4011 247; baseline 0.019 -2"><span class='ocrx_word' id='word_1_6' title='bbox 3905 189 4011 247; x_wconf 70' lang='lat'>156</span> 
     </span>
    </p>
   </div>
   <div class='ocr_carea' id='block_1_5' title="bbox 581 301 4017 381">
    <p class='ocr_par' dir='ltr' id='par_1_5' title="bbox 581 301 4017 381">
     <span class='ocr_line' id='line_1_5' title="bbox 581 301 4017 381; baseline 0.003 -21"><span class='ocrx_word' id='word_1_7' title='bbox 581 303 916 378; x_wconf 82' lang='lat' dir='ltr'>quieverint</span> <span class='ocrx_word' id='word_1_8' title='bbox 968 318 1075 374; x_wconf 90' lang='lat' dir='ltr'>per</span> <span class='ocrx_word' id='word_1_9' title='bbox 1121 301 1430 371; x_wconf 83' lang='lat' dir='ltr'>diluvium,</span> <span class='ocrx_word' id='word_1_10' title='bbox 1476 301 1599 358; x_wconf 88' lang='lat' dir='ltr'>sive</span> <span class='ocrx_word' id='word_1_11' title='bbox 1648 302 1793 373; x_wconf 84' lang='lat' dir='ltr'>quia</span> <span class='ocrx_word' id='word_1_12' title='bbox 1839 303 2107 376; x_wconf 81' lang='lat' dir='ltr'>requiem</span> <span class='ocrx_word' id='word_1_13' title='bbox 2166 302 2229 360; x_wconf 90' lang='lat' dir='ltr'>in</span> <span class='ocrx_word' id='word_1_14' title='bbox 2258 303 2307 357; x_wconf 82' lang='lat' dir='ltr'><strong>A</strong></span> <span class='ocrx_word' id='word_1_15' title='bbox 2338 301 2526 357; x_wconf 83' lang='lat' dir='ltr'>sentia</span> <span class='ocrx_word' id='word_1_16' title='bbox 2556 303 2641 372; x_wconf 85' lang='lat' dir='ltr'>[F.</span> <span class='ocrx_word' id='word_1_17' title='bbox 2668 303 3083 374; x_wconf 84' lang='lat' dir='ltr'>praescientia].</span> <span class='ocrx_word' id='word_1_18' title='bbox 3118 304 3222 360; x_wconf 89' lang='lat' dir='ltr'>sed</span> <span class='ocrx_word' id='word_1_19' title='bbox 3251 306 3434 362; x_wconf 81' lang='lat' dir='ltr'>utitur</span> <span class='ocrx_word' id='word_1_20' title='bbox 3486 308 3793 381; x_wconf 85' lang='lat' dir='ltr'>Scriptura</span> <span class='ocrx_word' id='word_1_21' title='bbox 3827 329 4017 370; x_wconf 81' lang='lat' dir='ltr'>sacra</span> 
     </span>
    </p>
   </div>
   <div class='ocr_carea' id='block_1_6' title="bbox 583 389 1471 465">
    <p class='ocr_par' dir='ltr' id='par_1_6' title="bbox 583 389 1471 465">
     <span class='ocr_line' id='line_1_6' title="bbox 583 389 1471 465; baseline -0.007 -15"><span class='ocrx_word' id='word_1_22' title='bbox 583 409 723 450; x_wconf 89' lang='lat' dir='ltr'>arca</span> <span class='ocrx_word' id='word_1_23' title='bbox 746 391 1017 465; x_wconf 79' lang='lat' dir='ltr'>praestitit</span> <span class='ocrx_word' id='word_1_24' title='bbox 1043 389 1471 446; x_wconf 80' lang='lat' dir='ltr'>animantibus.</span> 
     </span>
    </p>
   </div>
   <div class='ocr_carea' id='block_1_7' title="bbox 1226 480 1576 536">
    <p class='ocr_par' dir='ltr' id='par_1_7' title="bbox 1226 480 1576 536">
     <span class='ocr_line' id='line_1_7' title="bbox 1226 480 1576 536; baseline 0.014 -5"><span class='ocrx_word' id='word_1_25' title='bbox 1226 480 1451 535; x_wconf 85' lang='lat' dir='ltr'><strong>CAPUT</strong></span> <span class='ocrx_word' id='word_1_26' title='bbox 1489 480 1576 536; x_wconf 83' lang='lat' dir='ltr'>VI.</span> 
     </span>
    </p>
   </div>
   <div class='ocr_carea' id='block_1_8' title="bbox 654 570 2230 641">
    <p class='ocr_par' dir='ltr' id='par_1_8' title="bbox 654 570 2230 641">
     <span class='ocr_line' id='line_1_8' title="bbox 654 570 2230 641; baseline -0.001 -15"><span class='ocrx_word' id='word_1_27' title='bbox 654 574 824 627; x_wconf 77' lang='lat' dir='ltr'>Vens.</span> <span class='ocrx_word' id='word_1_28' title='bbox 845 571 900 626; x_wconf 88' lang='lat'>2.</span> <span class='ocrx_word' id='word_1_29' title='bbox 920 602 983 611; x_wconf 90' lang='lat'><strong>—</strong></span> <span class='ocrx_word' id='word_1_30' title='bbox 1017 570 1283 625; x_wconf 83' lang='lat' dir='ltr'>Videntes</span> <span class='ocrx_word' id='word_1_31' title='bbox 1297 570 1416 637; x_wconf 80' lang='lat' dir='ltr'>ﬁlii</span> <span class='ocrx_word' id='word_1_32' title='bbox 1430 571 1540 627; x_wconf 80' lang='lat' dir='ltr'>Dei</span> <span class='ocrx_word' id='word_1_33' title='bbox 1554 571 1714 639; x_wconf 75' lang='lat' dir='ltr'>ﬁlias</span> <span class='ocrx_word' id='word_1_34' title='bbox 1745 572 2050 627; x_wconf 82' lang='lat' dir='ltr'>hominum</span> <span class='ocrx_word' id='word_1_35' title='bbox 2071 571 2230 641; x_wconf 88' lang='lat' dir='ltr'>quod</span> 
     </span>
    </p>
   </div>
   <div class='ocr_carea' id='block_1_9' title="bbox 584 657 2231 731">
    <p class='ocr_par' dir='ltr' id='par_1_9' title="bbox 584 657 2231 731">
     <span class='ocr_line' id='line_1_9' title="bbox 584 657 2231 731; baseline -0.002 -13"><span class='ocrx_word' id='word_1_36' title='bbox 584 667 773 719; x_wconf 80' lang='lat' dir='ltr'>essent</span> <span class='ocrx_word' id='word_1_37' title='bbox 797 661 1091 730; x_wconf 67' lang='lat' dir='ltr'>pulchrae,</span> <span class='ocrx_word' id='word_1_38' title='bbox 1124 662 1181 713; x_wconf 89' lang='lat' dir='ltr'>et</span> <span class='ocrx_word' id='word_1_39' title='bbox 1208 657 1457 731; x_wconf 87' lang='lat' dir='ltr'>reliqua.</span> <span class='ocrx_word' id='word_1_40' title='bbox 1485 659 1654 716; x_wconf 84' lang='lat' dir='ltr'>Filios</span> <span class='ocrx_word' id='word_1_41' title='bbox 1684 660 1779 716; x_wconf 89' lang='lat' dir='ltr'>Dei</span> <span class='ocrx_word' id='word_1_42' title='bbox 1812 660 1966 716; x_wconf 84' lang='lat' dir='ltr'>ﬁlios</span> <span class='ocrx_word' id='word_1_43' title='bbox 1997 660 2154 723; x_wconf 84' lang='lat' dir='ltr'>Setb,</span> <span class='ocrx_word' id='word_1_44' title='bbox 2174 662 2231 715; x_wconf 91' lang='lat' dir='ltr'>et</span> 
     </span>
    </p>
   </div>
   <div class='ocr_carea' id='block_1_10' title="bbox 583 747 2228 820">
    <p class='ocr_par' dir='ltr' id='par_1_10' title="bbox 583 747 2228 820">
     <span class='ocr_line' id='line_1_10' title="bbox 583 747 2228 820; baseline -0.002 -13"><span class='ocrx_word' id='word_1_45' title='bbox 583 750 735 807; x_wconf 92' lang='lat' dir='ltr'>ﬁlios</span> <span class='ocrx_word' id='word_1_46' title='bbox 782 747 1097 802; x_wconf 88' lang='lat' dir='ltr'>hominum</span> <span class='ocrx_word' id='word_1_47' title='bbox 1145 748 1494 819; x_wconf 79' lang='lat' dir='ltr'>progeniem</span> <span class='ocrx_word' id='word_1_48' title='bbox 1544 748 1687 805; x_wconf 89' lang='lat' dir='ltr'>Cain</span> <span class='ocrx_word' id='word_1_49' title='bbox 1716 749 1876 805; x_wconf 91' lang='lat' dir='ltr'>dicit.</span> <span class='ocrx_word' id='word_1_50' title='bbox 1909 750 2019 805; x_wconf 91' lang='lat' dir='ltr'>Sed</span> <span class='ocrx_word' id='word_1_51' title='bbox 2064 753 2228 820; x_wconf 90' lang='lat' dir='ltr'>post-</span> 
     </span>
    </p>
   </div>
   <div class='ocr_carea' id='block_1_11' title="bbox 581 835 2229 910">
    <p class='ocr_par' dir='ltr' id='par_1_11' title="bbox 581 835 2229 910">
     <span class='ocr_line' id='line_1_11' title="bbox 581 835 2229 910; baseline 0.001 -18"><span class='ocrx_word' id='word_1_52' title='bbox 581 854 766 910; x_wconf 89' lang='lat' dir='ltr'>quam</span> <span class='ocrx_word' id='word_1_53' title='bbox 795 835 896 891; x_wconf 90' lang='lat' dir='ltr'>ﬁlii</span> <span class='ocrx_word' id='word_1_54' title='bbox 930 837 1089 902; x_wconf 89' lang='lat' dir='ltr'>Seth,</span> <span class='ocrx_word' id='word_1_55' title='bbox 1135 838 1620 909; x_wconf 78' lang='lat' dir='ltr'>concupiscentia</span> <span class='ocrx_word' id='word_1_56' title='bbox 1668 839 1821 909; x_wconf 83' lang='lat' dir='ltr'>victi,</span> <span class='ocrx_word' id='word_1_57' title='bbox 1867 855 1938 895; x_wconf 90' lang='lat' dir='ltr'>ex</span> <span class='ocrx_word' id='word_1_58' title='bbox 1993 839 2229 895; x_wconf 89' lang='lat' dir='ltr'>ﬁliabus</span> 
     </span>
    </p>
   </div>
   <div class='ocr_carea' id='block_1_12' title="bbox 582 926 2229 1001">
    <p class='ocr_par' dir='ltr' id='par_1_12' title="bbox 582 926 2229 1001">
     <span class='ocr_line' id='line_1_12' title="bbox 582 926 2229 1001; baseline 0 -17"><span class='ocrx_word' id='word_1_59' title='bbox 582 927 722 984; x_wconf 87' lang='lat' dir='ltr'>Cain</span> <span class='ocrx_word' id='word_1_60' title='bbox 750 926 977 982; x_wconf 89' lang='lat' dir='ltr'>semine</span> <span class='ocrx_word' id='word_1_61' title='bbox 1004 926 1424 996; x_wconf 87' lang='lat' dir='ltr'>indignissimo</span> <span class='ocrx_word' id='word_1_62' title='bbox 1456 929 1759 985; x_wconf 88' lang='lat' dir='ltr'>connubia</span> <span class='ocrx_word' id='word_1_63' title='bbox 1781 930 2126 1001; x_wconf 78' lang='lat' dir='ltr'>junxerunt,</span> <span class='ocrx_word' id='word_1_64' title='bbox 2155 946 2229 984; x_wconf 87' lang='lat' dir='ltr'>ex</span> 
     </span>
    </p>
   </div>
   <div class='ocr_carea' id='block_1_13' title="bbox 579 1015 2230 1091">
    <p class='ocr_par' dir='ltr' id='par_1_13' title="bbox 579 1015 2230 1091">
     <span class='ocr_line' id='line_1_13' title="bbox 579 1015 2230 1091; baseline 0 -18"><span class='ocrx_word' id='word_1_65' title='bbox 579 1015 682 1073; x_wconf 80' lang='lat' dir='ltr'>tali</span> <span class='ocrx_word' id='word_1_66' title='bbox 710 1016 842 1086; x_wconf 83' lang='lat' dir='ltr'>conj</span> <span class='ocrx_word' id='word_1_67' title='bbox 856 1015 1133 1072; x_wconf 89' lang='lat' dir='ltr'>unctione</span> <span class='ocrx_word' id='word_1_68' title='bbox 1165 1016 1440 1072; x_wconf 87' lang='lat' dir='ltr'>homines</span> <span class='ocrx_word' id='word_1_69' title='bbox 1488 1017 1767 1075; x_wconf 84' lang='lat' dir='ltr'>immensi</span> <span class='ocrx_word' id='word_1_70' title='bbox 1795 1033 2065 1091; x_wconf 85' lang='lat' dir='ltr'>corpore,</span> <span class='ocrx_word' id='word_1_71' title='bbox 2098 1018 2230 1074; x_wconf 83' lang='lat' dir='ltr'>viri-</span> 
     </span>
    </p>
   </div>
   <div class='ocr_carea' id='block_1_14' title="bbox 576 1093 2230 1181">
    <p class='ocr_par' dir='ltr' id='par_1_14' title="bbox 576 1093 2230 1181">
     <span class='ocr_line' id='line_1_14' title="bbox 576 1093 2230 1181; baseline 0.001 -20"><span class='ocrx_word' id='word_1_72' title='bbox 576 1104 693 1161; x_wconf 87' lang='lat' dir='ltr'>bus</span> <span class='ocrx_word' id='word_1_73' title='bbox 743 1104 1009 1177; x_wconf 77' lang='lat' dir='ltr'>superbi,</span> <span class='ocrx_word' id='word_1_74' title='bbox 1053 1093 1323 1161; x_wconf 79' lang='lat' dir='ltr'>moribus</span> <span class='ocrx_word' id='word_1_75' title='bbox 1366 1107 1670 1173; x_wconf 87' lang='lat' dir='ltr'>inconditi,</span> <span class='ocrx_word' id='word_1_76' title='bbox 1715 1124 1871 1179; x_wconf 87' lang='lat' dir='ltr'>quos</span> <span class='ocrx_word' id='word_1_77' title='bbox 1932 1109 2230 1181; x_wconf 86' lang='lat' dir='ltr'>Scriptura</span> 
     </span>
    </p>
   </div>
   <div class='ocr_carea' id='block_1_15' title="bbox 581 1194 2231 1269">
    <p class='ocr_par' dir='ltr' id='par_1_15' title="bbox 581 1194 2231 1269">
     <span class='ocr_line' id='line_1_15' title="bbox 581 1194 2231 1269; baseline 0 -18"><span class='ocrx_word' id='word_1_78' title='bbox 581 1194 857 1263; x_wconf 79' lang='lat' dir='ltr'>Gigantes</span> <span class='ocrx_word' id='word_1_79' title='bbox 886 1199 1080 1257; x_wconf 86' lang='lat' dir='ltr'>vocat,</span> <span class='ocrx_word' id='word_1_80' title='bbox 1114 1196 1406 1267; x_wconf 76' lang='lat' dir='ltr'>procreati</span> <span class='ocrx_word' id='word_1_81' title='bbox 1457 1201 1613 1253; x_wconf 89' lang='lat' dir='ltr'>sunt.</span> <span class='ocrx_word' id='word_1_82' title='bbox 1648 1197 1954 1269; x_wconf 87' lang='lat' dir='ltr'>Displieuit</span> <span class='ocrx_word' id='word_1_83' title='bbox 2005 1201 2141 1260; x_wconf 88' lang='lat' dir='ltr'>Deo,</span> <span class='ocrx_word' id='word_1_84' title='bbox 2175 1201 2231 1251; x_wconf 90' lang='lat' dir='ltr'>et</span> 
     </span>
    </p>
   </div>
   <div class='ocr_carea' id='block_1_16' title="bbox 578 1280 2228 1357">
    <p class='ocr_par' dir='ltr' id='par_1_16' title="bbox 578 1280 2228 1357">
     <span class='ocr_line' id='line_1_16' title="bbox 578 1280 2228 1357; baseline -0.001 -16"><span class='ocrx_word' id='word_1_85' title='bbox 578 1280 952 1341; x_wconf 74' lang='lat' dir='ltr'>abbreviavit</span> <span class='ocrx_word' id='word_1_86' title='bbox 978 1284 1089 1341; x_wconf 87' lang='lat' dir='ltr'>illis</span> <span class='ocrx_word' id='word_1_87' title='bbox 1123 1289 1357 1357; x_wconf 83' lang='lat' dir='ltr'>tempus</span> <span class='ocrx_word' id='word_1_88' title='bbox 1385 1286 1539 1342; x_wconf 73' lang='lat' dir='ltr'>vitae.</span> <span class='ocrx_word' id='word_1_89' title='bbox 1590 1286 1870 1349; x_wconf 64' lang='lat' dir='ltr'>Gigantes</span> <span class='ocrx_word' id='word_1_90' title='bbox 1919 1287 2077 1342; x_wconf 89' lang='lat' dir='ltr'>enim</span> <span class='ocrx_word' id='word_1_91' title='bbox 2127 1300 2228 1341; x_wconf 90' lang='lat' dir='ltr'>vo-</span> 
     </span>
    </p>
   </div>
   <div class='ocr_carea' id='block_1_17' title="bbox 580 1373 2230 1446">
    <p class='ocr_par' dir='ltr' id='par_1_17' title="bbox 580 1373 2230 1446">
     <span class='ocr_line' id='line_1_17' title="bbox 580 1373 2230 1446; baseline 0 -17"><span class='ocrx_word' id='word_1_92' title='bbox 580 1377 721 1429; x_wconf 87' lang='lat' dir='ltr'>cant</span> <span class='ocrx_word' id='word_1_93' title='bbox 744 1373 927 1429; x_wconf 76' lang='lat' dir='ltr'>Graeci</span> <span class='ocrx_word' id='word_1_94' title='bbox 948 1374 1122 1444; x_wconf 82' lang='lat' dir='ltr'>juxta</span> <span class='ocrx_word' id='word_1_95' title='bbox 1153 1376 1446 1430; x_wconf 82' lang='lat' dir='ltr'>sermonis</span> <span class='ocrx_word' id='word_1_96' title='bbox 1500 1376 1925 1446; x_wconf 82' lang='lat' dir='ltr'>etymologiam</span> <span class='ocrx_word' id='word_1_97' title='bbox 1959 1374 2230 1430; x_wconf 83' lang='lat' dir='ltr'>fabulose</span> 
     </span>
    </p>
   </div>
   <div class='ocr_carea' id='block_1_18' title="bbox 580 1462 2233 1536">
    <p class='ocr_par' dir='ltr' id='par_1_18' title="bbox 580 1462 2233 1536">
     <span class='ocr_line' id='line_1_18' title="bbox 580 1462 2233 1536; baseline 0.001 -20"><span class='ocrx_word' id='word_1_98' title='bbox 580 1462 753 1533; x_wconf 89' lang='lat' dir='ltr'>quasi</span> <span class='ocrx_word' id='word_1_99' title='bbox 782 1462 1126 1530; x_wconf 78' lang='lat' dir='ltr'>terrigenas,</span> <span class='ocrx_word' id='word_1_100' title='bbox 1160 1462 1224 1518; x_wconf 89' lang='lat' dir='ltr'>id</span> <span class='ocrx_word' id='word_1_101' title='bbox 1255 1468 1345 1518; x_wconf 87' lang='lat' dir='ltr'>est</span> <span class='ocrx_word' id='word_1_102' title='bbox 1375 1469 1529 1519; x_wconf 88' lang='lat' dir='ltr'>terra</span> <span class='ocrx_word' id='word_1_103' title='bbox 1555 1464 1805 1532; x_wconf 87' lang='lat' dir='ltr'>genitos,</span> <span class='ocrx_word' id='word_1_104' title='bbox 1829 1480 1902 1519; x_wconf 86' lang='lat' dir='ltr'>eo</span> <span class='ocrx_word' id='word_1_105' title='bbox 1928 1463 2096 1536; x_wconf 89' lang='lat' dir='ltr'>quod</span> <span class='ocrx_word' id='word_1_106' title='bbox 2126 1463 2233 1517; x_wconf 87' lang='lat' dir='ltr'>im-</span> 
     </span>
    </p>
   </div>
   <div class='ocr_carea' id='block_1_19' title="bbox 580 1550 2230 1623">
    <p class='ocr_par' dir='ltr' id='par_1_19' title="bbox 580 1550 2230 1623">
     <span class='ocr_line' id='line_1_19' title="bbox 580 1550 2230 1623; baseline 0 -17"><span class='ocrx_word' id='word_1_107' title='bbox 580 1566 792 1607; x_wconf 83' lang='lat' dir='ltr'>mensa</span> <span class='ocrx_word' id='word_1_108' title='bbox 811 1550 990 1620; x_wconf 84' lang='lat' dir='ltr'>mole,</span> <span class='ocrx_word' id='word_1_109' title='bbox 1017 1556 1075 1607; x_wconf 89' lang='lat' dir='ltr'>et</span> <span class='ocrx_word' id='word_1_110' title='bbox 1095 1551 1318 1607; x_wconf 86' lang='lat' dir='ltr'>similes</span> <span class='ocrx_word' id='word_1_111' title='bbox 1347 1553 1457 1608; x_wconf 91' lang='lat' dir='ltr'>sibi</span> <span class='ocrx_word' id='word_1_112' title='bbox 1480 1558 1635 1609; x_wconf 88' lang='lat' dir='ltr'>terra</span> <span class='ocrx_word' id='word_1_113' title='bbox 1657 1554 1925 1623; x_wconf 79' lang='lat' dir='ltr'>genuerit</span> <span class='ocrx_word' id='word_1_114' title='bbox 1947 1572 1959 1619; x_wconf 89' lang='lat'><strong>;</strong></span> <span class='ocrx_word' id='word_1_115' title='bbox 1980 1568 2052 1623; x_wconf 97' lang='lat' dir='ltr'>ge</span> <span class='ocrx_word' id='word_1_116' title='bbox 2071 1552 2230 1607; x_wconf 88' lang='lat' dir='ltr'>enim</span> 
     </span>
    </p>
   </div>
   <div class='ocr_carea' id='block_1_20' title="bbox 2338 391 4013 474">
    <p class='ocr_par' dir='ltr' id='par_1_20' title="bbox 2338 391 4013 474">
     <span class='ocr_line' id='line_1_20' title="bbox 2338 391 4013 474; baseline 0.008 -28"><span class='ocrx_word' id='word_1_117' title='bbox 2338 391 2569 447; x_wconf 84' lang='lat' dir='ltr'>usitatis</span> <span class='ocrx_word' id='word_1_118' title='bbox 2614 391 2790 446; x_wconf 87' lang='lat' dir='ltr'>nobis</span> <span class='ocrx_word' id='word_1_119' title='bbox 2825 393 3022 448; x_wconf 81' lang='lat' dir='ltr'>verbis</span> <span class='ocrx_word' id='word_1_120' title='bbox 3054 393 3546 467; x_wconf 90' lang='lat' dir='ltr'>intelligentibus,</span> <span class='ocrx_word' id='word_1_121' title='bbox 3572 404 3638 455; x_wconf 89' lang='lat' dir='ltr'>ut</span> <span class='ocrx_word' id='word_1_122' title='bbox 3661 407 3917 474; x_wconf 82' lang='lat' dir='ltr'>coeptet</span> <span class='ocrx_word' id='word_1_123' title='bbox 3946 420 4013 461; x_wconf 87' lang='lat' dir='ltr'>se</span> 
     </span>
    </p>
   </div>
   <div class='ocr_carea' id='block_1_21' title="bbox 2334 481 4015 562">
    <p class='ocr_par' dir='ltr' id='par_1_21' title="bbox 2334 481 4015 562">
     <span class='ocr_line' id='line_1_21' title="bbox 2334 481 4015 562; baseline 0.009 -27"><span class='ocrx_word' id='word_1_124' title='bbox 2334 485 2553 535; x_wconf 82' lang='lat' dir='ltr'>nostrae</span> <span class='ocrx_word' id='word_1_125' title='bbox 2584 481 2884 552; x_wconf 89' lang='lat' dir='ltr'>parvitati,</span> <span class='ocrx_word' id='word_1_126' title='bbox 2916 488 3215 554; x_wconf 83' lang='lat' dir='ltr'>quatenus</span> <span class='ocrx_word' id='word_1_127' title='bbox 3259 501 3331 541; x_wconf 91' lang='lat' dir='ltr'>ex</span> <span class='ocrx_word' id='word_1_128' title='bbox 3380 487 3635 558; x_wconf 77' lang='lat' dir='ltr'>cognitis</span> <span class='ocrx_word' id='word_1_129' title='bbox 3690 489 4015 562; x_wconf 85' lang='lat' dir='ltr'>incognita</span> 
     </span>
    </p>
   </div>
   <div class='ocr_carea' id='block_1_22' title="bbox 2338 584 2796 638">
    <p class='ocr_par' dir='ltr' id='par_1_22' title="bbox 2338 584 2796 638">
     <span class='ocr_line' id='line_1_22' title="bbox 2338 584 2796 638; baseline 0.007 -16"><span class='ocrx_word' id='word_1_130' title='bbox 2338 584 2796 638; x_wconf 80' lang='lat' dir='ltr'>cognoscamus.</span> 
     </span>
    </p>
   </div>
   <div class='ocr_carea' id='block_1_23' title="bbox 2409 659 4012 741">
    <p class='ocr_par' dir='ltr' id='par_1_23' title="bbox 2409 659 4012 741">
     <span class='ocr_line' id='line_1_23' title="bbox 2409 659 4012 741; baseline 0.01 -30"><span class='ocrx_word' id='word_1_131' title='bbox 2409 660 2578 713; x_wconf 72' lang='lat' dir='ltr'>Vens.</span> <span class='ocrx_word' id='word_1_132' title='bbox 2604 659 2749 714; x_wconf 86' lang='lat'>9-12.</span> <span class='ocrx_word' id='word_1_133' title='bbox 2786 691 2852 699; x_wconf 94' lang='lat'><strong><em>—</em></strong></span> <span class='ocrx_word' id='word_1_134' title='bbox 2885 661 2993 715; x_wconf 67' lang='lat' dir='ltr'>Hae</span> <span class='ocrx_word' id='word_1_135' title='bbox 3016 664 3428 730; x_wconf 79' lang='lat' dir='ltr'>generationes</span> <span class='ocrx_word' id='word_1_136' title='bbox 3450 666 3596 721; x_wconf 87' lang='lat' dir='ltr'>Noe.</span> <span class='ocrx_word' id='word_1_137' title='bbox 3626 668 3757 725; x_wconf 90' lang='lat' dir='ltr'>Noe</span> <span class='ocrx_word' id='word_1_138' title='bbox 3784 671 3887 726; x_wconf 82' lang='lat' dir='ltr'>vir</span> <span class='ocrx_word' id='word_1_139' title='bbox 3909 674 4012 741; x_wconf 85' lang='lat' dir='ltr'>ju-</span> 
     </span>
    </p>
   </div>
   <div class='ocr_carea' id='block_1_24' title="bbox 2335 749 4011 819">
    <p class='ocr_par' dir='ltr' id='par_1_24' title="bbox 2335 749 4011 819">
     <span class='ocr_line' id='line_1_24' title="bbox 2335 749 4011 819; baseline 0.01 -20"><span class='ocrx_word' id='word_1_140' title='bbox 2335 752 2461 801; x_wconf 79' lang='lat' dir='ltr'>slus</span> <span class='ocrx_word' id='word_1_141' title='bbox 2482 753 2661 817; x_wconf 88' lang='lat' dir='ltr'>atque</span> <span class='ocrx_word' id='word_1_142' title='bbox 2682 749 2990 817; x_wconf 81' lang='lat' dir='ltr'>perfectus</span> <span class='ocrx_word' id='word_1_143' title='bbox 3012 750 3071 805; x_wconf 87' lang='lat' dir='ltr'>in</span> <span class='ocrx_word' id='word_1_144' title='bbox 3103 754 3590 819; x_wconf 85' lang='lat' dir='ltr'>generationibus</span> <span class='ocrx_word' id='word_1_145' title='bbox 3616 759 3760 813; x_wconf 87' lang='lat' dir='ltr'>suis.</span> <span class='ocrx_word' id='word_1_146' title='bbox 3790 759 3847 815; x_wconf 89' lang='lat' dir='ltr'>Si</span> <span class='ocrx_word' id='word_1_147' title='bbox 3876 760 4011 815; x_wconf 89' lang='lat' dir='ltr'>nul-</span> 
     </span>
    </p>
   </div>
   <div class='ocr_carea' id='block_1_25' title="bbox 2335 835 4006 915">
    <p class='ocr_par' dir='ltr' id='par_1_25' title="bbox 2335 835 4006 915">
     <span class='ocr_line' id='line_1_25' title="bbox 2335 835 4006 915; baseline 0.01 -25"><span class='ocrx_word' id='word_1_148' title='bbox 2335 835 2430 890; x_wconf 91' lang='lat' dir='ltr'>lus</span> <span class='ocrx_word' id='word_1_149' title='bbox 2464 836 2588 891; x_wconf 89' lang='lat' dir='ltr'>sine</span> <span class='ocrx_word' id='word_1_150' title='bbox 2620 842 2886 908; x_wconf 88' lang='lat' dir='ltr'>peccato,</span> <span class='ocrx_word' id='word_1_151' title='bbox 2918 840 3230 909; x_wconf 88' lang='lat' dir='ltr'>quomodo</span> <span class='ocrx_word' id='word_1_152' title='bbox 3257 841 3476 914; x_wconf 89' lang='lat' dir='ltr'>aliquis</span> <span class='ocrx_word' id='word_1_153' title='bbox 3522 845 3826 915; x_wconf 86' lang='lat' dir='ltr'>perfectus</span> <span class='ocrx_word' id='word_1_154' title='bbox 3875 866 4006 905; x_wconf 84' lang='lat' dir='ltr'>esse</span> 
     </span>
    </p>
   </div>
   <div class='ocr_carea' id='block_1_26' title="bbox 2337 925 4008 1009">
    <p class='ocr_par' dir='ltr' id='par_1_26' title="bbox 2337 925 4008 1009">
     <span class='ocr_line' id='line_1_26' title="bbox 2337 925 4008 1009; baseline 0.01 -31"><span class='ocrx_word' id='word_1_155' title='bbox 2337 926 2581 996; x_wconf 83' lang='lat' dir='ltr'>potest?</span> <span class='ocrx_word' id='word_1_156' title='bbox 2611 925 2853 982; x_wconf 88' lang='lat' dir='ltr'>Perfecti</span> <span class='ocrx_word' id='word_1_157' title='bbox 2882 926 3069 999; x_wconf 88' lang='lat' dir='ltr'>aliqui</span> <span class='ocrx_word' id='word_1_158' title='bbox 3098 928 3402 999; x_wconf 88' lang='lat' dir='ltr'>dicuntur,</span> <span class='ocrx_word' id='word_1_159' title='bbox 3436 949 3559 988; x_wconf 92' lang='lat' dir='ltr'>non</span> <span class='ocrx_word' id='word_1_160' title='bbox 3607 935 3760 991; x_wconf 88' lang='lat' dir='ltr'>sicut</span> <span class='ocrx_word' id='word_1_161' title='bbox 3817 937 4008 1009; x_wconf 87' lang='lat' dir='ltr'>perﬁ-</span> 
     </span>
    </p>
   </div>
   <div class='ocr_carea' id='block_1_27' title="bbox 2335 1013 4009 1099">
    <p class='ocr_par' dir='ltr' id='par_1_27' title="bbox 2335 1013 4009 1099">
     <span class='ocr_line' id='line_1_27' title="bbox 2335 1013 4009 1099; baseline 0.01 -32"><span class='ocrx_word' id='word_1_162' title='bbox 2335 1013 2528 1068; x_wconf 84' lang='lat' dir='ltr'>ciendi</span> <span class='ocrx_word' id='word_1_163' title='bbox 2559 1018 2716 1078; x_wconf 89' lang='lat' dir='ltr'>sunt,</span> <span class='ocrx_word' id='word_1_164' title='bbox 2748 1015 2898 1071; x_wconf 85' lang='lat' dir='ltr'>sicut</span> <span class='ocrx_word' id='word_1_165' title='bbox 2920 1016 2980 1071; x_wconf 90' lang='lat' dir='ltr'>in</span> <span class='ocrx_word' id='word_1_166' title='bbox 3010 1016 3111 1072; x_wconf 87' lang='lat' dir='ltr'>illa</span> <span class='ocrx_word' id='word_1_167' title='bbox 3138 1017 3583 1078; x_wconf 86' lang='lat' dir='ltr'>immortalitate</span> <span class='ocrx_word' id='word_1_168' title='bbox 3634 1039 3757 1096; x_wconf 87' lang='lat' dir='ltr'>qua</span> <span class='ocrx_word' id='word_1_169' title='bbox 3804 1043 4009 1099; x_wconf 78' lang='lat' dir='ltr'>sequa-</span> 
     </span>
    </p>
   </div>
   <div class='ocr_carea' id='block_1_28' title="bbox 2336 1103 4001 1183">
    <p class='ocr_par' dir='ltr' id='par_1_28' title="bbox 2336 1103 4001 1183">
     <span class='ocr_line' id='line_1_28' title="bbox 2336 1103 4001 1183; baseline 0.01 -27"><span class='ocrx_word' id='word_1_170' title='bbox 2336 1103 2560 1158; x_wconf 86' lang='lat' dir='ltr'>buntur</span> <span class='ocrx_word' id='word_1_171' title='bbox 2589 1104 2815 1173; x_wconf 78' lang='lat' dir='ltr'>angelis</span> <span class='ocrx_word' id='word_1_172' title='bbox 2848 1105 2971 1173; x_wconf 90' lang='lat' dir='ltr'>Dei,</span> <span class='ocrx_word' id='word_1_173' title='bbox 3004 1107 3108 1161; x_wconf 92' lang='lat' dir='ltr'>sed</span> <span class='ocrx_word' id='word_1_174' title='bbox 3141 1107 3294 1163; x_wconf 88' lang='lat' dir='ltr'>sicut</span> <span class='ocrx_word' id='word_1_175' title='bbox 3317 1125 3446 1165; x_wconf 89' lang='lat' dir='ltr'>esse</span> <span class='ocrx_word' id='word_1_176' title='bbox 3500 1119 3756 1183; x_wconf 89' lang='lat' dir='ltr'>possunt</span> <span class='ocrx_word' id='word_1_177' title='bbox 3786 1116 3848 1171; x_wconf 92' lang='lat' dir='ltr'>in</span> <span class='ocrx_word' id='word_1_178' title='bbox 3883 1118 4001 1173; x_wconf 85' lang='lat' dir='ltr'>hac</span> 
     </span>
    </p>
   </div>
   <div class='ocr_carea' id='block_1_29' title="bbox 2337 1192 4004 1269">
    <p class='ocr_par' dir='ltr' id='par_1_29' title="bbox 2337 1192 4004 1269">
     <span class='ocr_line' id='line_1_29' title="bbox 2337 1192 4004 1269; baseline 0.008 -22"><span class='ocrx_word' id='word_1_179' title='bbox 2337 1192 2811 1263; x_wconf 73' lang='lat' dir='ltr'>peregrinatione</span> <span class='ocrx_word' id='word_1_180' title='bbox 2854 1194 3119 1265; x_wconf 85' lang='lat' dir='ltr'>perfecti.</span> <span class='ocrx_word' id='word_1_181' title='bbox 3176 1197 3339 1253; x_wconf 87' lang='lat' dir='ltr'>Unde</span> <span class='ocrx_word' id='word_1_182' title='bbox 3384 1199 3692 1269; x_wconf 85' lang='lat' dir='ltr'>signanter</span> <span class='ocrx_word' id='word_1_183' title='bbox 3718 1204 4004 1261; x_wconf 90' lang='lat' dir='ltr'>additum</span> 
     </span>
    </p>
   </div>
   <div class='ocr_carea' id='block_1_30' title="bbox 2337 1283 4007 1363">
    <p class='ocr_par' dir='ltr' id='par_1_30' title="bbox 2337 1283 4007 1363">
     <span class='ocr_line' id='line_1_30' title="bbox 2337 1283 4007 1363; baseline 0.008 -26"><span class='ocrx_word' id='word_1_184' title='bbox 2337 1285 2424 1337; x_wconf 83' lang='lat' dir='ltr'>est</span> <span class='ocrx_word' id='word_1_185' title='bbox 2468 1283 2527 1336; x_wconf 84' lang='lat' dir='ltr'>in</span> <span class='ocrx_word' id='word_1_186' title='bbox 2570 1283 2953 1351; x_wconf 80' lang='lat' dir='ltr'>generatione</span> <span class='ocrx_word' id='word_1_187' title='bbox 3004 1300 3134 1349; x_wconf 84' lang='lat' dir='ltr'>sua,</span> <span class='ocrx_word' id='word_1_188' title='bbox 3165 1288 3229 1340; x_wconf 89' lang='lat' dir='ltr'>ut</span> <span class='ocrx_word' id='word_1_189' title='bbox 3273 1289 3615 1345; x_wconf 86' lang='lat' dir='ltr'>ostenderet</span> <span class='ocrx_word' id='word_1_190' title='bbox 3657 1304 3781 1347; x_wconf 90' lang='lat' dir='ltr'>non</span> <span class='ocrx_word' id='word_1_191' title='bbox 3826 1294 4007 1363; x_wconf 81' lang='lat' dir='ltr'>juxta</span> 
     </span>
    </p>
   </div>
   <div class='ocr_carea' id='block_1_31' title="bbox 2278 1364 4001 1447">
    <p class='ocr_par' dir='ltr' id='par_1_31' title="bbox 2278 1364 4001 1447">
     <span class='ocr_line' id='line_1_31' title="bbox 2278 1364 4001 1447; baseline 0.009 -25"><span class='ocrx_word' id='word_1_192' title='bbox 2278 1364 2283 1368; x_wconf 82' lang='grc'><em>’</em></span> <span class='ocrx_word' id='word_1_193' title='bbox 2331 1370 2627 1441; x_wconf 85' lang='lat' dir='ltr'>justitiam</span> <span class='ocrx_word' id='word_1_194' title='bbox 2670 1380 3182 1438; x_wconf 84' lang='lat' dir='ltr'>consummatam,</span> <span class='ocrx_word' id='word_1_195' title='bbox 3213 1376 3319 1430; x_wconf 90' lang='lat' dir='ltr'>sed</span> <span class='ocrx_word' id='word_1_196' title='bbox 3369 1377 3541 1446; x_wconf 83' lang='lat' dir='ltr'>juxta</span> <span class='ocrx_word' id='word_1_197' title='bbox 3594 1382 4001 1447; x_wconf 79' lang='lat' dir='ltr'>generationis</span> 
     </span>
    </p>
   </div>
   <div class='ocr_carea' id='block_1_32' title="bbox 2338 1460 4002 1542">
    <p class='ocr_par' dir='ltr' id='par_1_32' title="bbox 2338 1460 4002 1542">
     <span class='ocr_line' id='line_1_32' title="bbox 2338 1460 4002 1542; baseline 0.008 -28"><span class='ocrx_word' id='word_1_198' title='bbox 2338 1460 2771 1529; x_wconf 81' lang='lat' dir='ltr'>suaejustitiam</span> <span class='ocrx_word' id='word_1_199' title='bbox 2795 1476 2933 1517; x_wconf 90' lang='lat' dir='ltr'>eum</span> <span class='ocrx_word' id='word_1_200' title='bbox 2956 1462 3136 1517; x_wconf 87' lang='lat' dir='ltr'>fuisse</span> <span class='ocrx_word' id='word_1_201' title='bbox 3156 1465 3413 1534; x_wconf 86' lang='lat' dir='ltr'>justum.</span> <span class='ocrx_word' id='word_1_202' title='bbox 3431 1470 3493 1522; x_wconf 81' lang='lat' dir='ltr'>Et</span> <span class='ocrx_word' id='word_1_203' title='bbox 3510 1466 3623 1523; x_wconf 90' lang='lat' dir='ltr'>hoc</span> <span class='ocrx_word' id='word_1_204' title='bbox 3649 1472 3919 1542; x_wconf 85' lang='lat' dir='ltr'>estquod</span> <span class='ocrx_word' id='word_1_205' title='bbox 3938 1472 4002 1527; x_wconf 91' lang='lat' dir='ltr'>in</span> 
     </span>
    </p>
   </div>
   <div class='ocr_carea' id='block_1_33' title="bbox 2341 1550 3998 1627">
    <p class='ocr_par' dir='ltr' id='par_1_33' title="bbox 2341 1550 3998 1627">
     <span class='ocr_line' id='line_1_33' title="bbox 2341 1550 3998 1627; baseline 0.007 -22"><span class='ocrx_word' id='word_1_206' title='bbox 2341 1550 2585 1605; x_wconf 65' lang='lat' dir='ltr'>Hebraeo</span> <span class='ocrx_word' id='word_1_207' title='bbox 2614 1550 2828 1605; x_wconf 88' lang='lat' dir='ltr'>dicitur</span> <span class='ocrx_word' id='word_1_208' title='bbox 2861 1567 2873 1605; x_wconf 91' lang='lat'><strong>:</strong></span> <span class='ocrx_word' id='word_1_209' title='bbox 2902 1553 3023 1608; x_wconf 90' lang='lat' dir='ltr'>Noe</span> <span class='ocrx_word' id='word_1_210' title='bbox 3050 1555 3142 1609; x_wconf 87' lang='lat' dir='ltr'>vir</span> <span class='ocrx_word' id='word_1_211' title='bbox 3163 1557 3389 1624; x_wconf 85' lang='lat' dir='ltr'>justus,</span> <span class='ocrx_word' id='word_1_212' title='bbox 3426 1559 3731 1627; x_wconf 69' lang='lat' dir='ltr'>parfectus</span> <span class='ocrx_word' id='word_1_213' title='bbox 3772 1567 3904 1616; x_wconf 87' lang='lat' dir='ltr'>erat</span> <span class='ocrx_word' id='word_1_214' title='bbox 3934 1562 3998 1617; x_wconf 79' lang='lat' dir='ltr'>in</span> 
     </span>
    </p>
   </div>
   <div class='ocr_carea' id='block_1_34' title="bbox 581 1639 4001 1717">
    <p class='ocr_par' dir='ltr' id='par_1_34' title="bbox 581 1639 4001 1717">
     <span class='ocr_line' id='line_1_34' title="bbox 581 1639 4001 1717; baseline 0.002 -21"><span class='ocrx_word' id='word_1_215' title='bbox 581 1644 737 1696; x_wconf 85' lang='lat' dir='ltr'>terra</span> <span class='ocrx_word' id='word_1_216' title='bbox 766 1640 1000 1697; x_wconf 91' lang='lat' dir='ltr'>dicitur.</span> <span class='ocrx_word' id='word_1_217' title='bbox 1036 1641 1204 1698; x_wconf 79' lang='lat' dir='ltr'>Falso</span> <span class='ocrx_word' id='word_1_218' title='bbox 1235 1641 1576 1713; x_wconf 91' lang='lat' dir='ltr'>opinantur,</span> <span class='ocrx_word' id='word_1_219' title='bbox 1603 1642 1709 1715; x_wconf 91' lang='lat' dir='ltr'>qui</span> <span class='ocrx_word' id='word_1_220' title='bbox 1760 1646 1971 1714; x_wconf 89' lang='lat' dir='ltr'>putant</span> <span class='ocrx_word' id='word_1_221' title='bbox 1998 1656 2229 1713; x_wconf 63' lang='lat' dir='ltr'>praeva—</span> <span class='ocrx_word' id='word_1_222' title='bbox 2262 1652 2301 1706; x_wconf 79' lang='grc' dir='ltr'><strong>Β</strong></span> <span class='ocrx_word' id='word_1_223' title='bbox 2338 1639 2818 1707; x_wconf 79' lang='lat' dir='ltr'>generationibus</span> <span class='ocrx_word' id='word_1_224' title='bbox 2847 1641 2990 1709; x_wconf 87' lang='lat' dir='ltr'>suis,</span> <span class='ocrx_word' id='word_1_225' title='bbox 3024 1655 3157 1696; x_wconf 87' lang='lat' dir='ltr'>cum</span> <span class='ocrx_word' id='word_1_226' title='bbox 3198 1646 3312 1697; x_wconf 87' lang='lat' dir='ltr'>Deo</span> <span class='ocrx_word' id='word_1_227' title='bbox 3353 1644 3724 1717; x_wconf 83' lang='lat' dir='ltr'>ambulabat,</span> <span class='ocrx_word' id='word_1_228' title='bbox 3757 1647 3868 1703; x_wconf 87' lang='lat' dir='ltr'>hoc</span> <span class='ocrx_word' id='word_1_229' title='bbox 3909 1652 4001 1704; x_wconf 89' lang='lat' dir='ltr'>est</span> 
     </span>
    </p>
   </div>
   <div class='ocr_carea' id='block_1_35' title="bbox 580 1730 2232 1800">
    <p class='ocr_par' dir='ltr' id='par_1_35' title="bbox 580 1730 2232 1800">
     <span class='ocr_line' id='line_1_35' title="bbox 580 1730 2232 1800; baseline 0 -15"><span class='ocrx_word' id='word_1_230' title='bbox 580 1730 861 1786; x_wconf 88' lang='lat' dir='ltr'>ricatores</span> <span class='ocrx_word' id='word_1_231' title='bbox 880 1730 1129 1800; x_wconf 82' lang='lat' dir='ltr'>angelos</span> <span class='ocrx_word' id='word_1_232' title='bbox 1150 1747 1290 1786; x_wconf 89' lang='lat' dir='ltr'>cum</span> <span class='ocrx_word' id='word_1_233' title='bbox 1315 1731 1555 1786; x_wconf 89' lang='lat' dir='ltr'>ﬁliabus</span> <span class='ocrx_word' id='word_1_234' title='bbox 1574 1732 1890 1787; x_wconf 85' lang='lat' dir='ltr'>hominum</span> <span class='ocrx_word' id='word_1_235' title='bbox 1922 1736 2059 1787; x_wconf 85' lang='lat' dir='ltr'>ante</span> <span class='ocrx_word' id='word_1_236' title='bbox 2085 1731 2232 1785; x_wconf 89' lang='lat' dir='ltr'>dilu-</span> 
     </span>
    </p>
   </div>
   <div class='ocr_carea' id='block_1_36' title="bbox 582 1817 2233 1887">
    <p class='ocr_par' dir='ltr' id='par_1_36' title="bbox 582 1817 2233 1887">
     <span class='ocr_line' id='line_1_36' title="bbox 582 1817 2233 1887; baseline 0.001 -15"><span class='ocrx_word' id='word_1_237' title='bbox 582 1818 747 1873; x_wconf 85' lang='lat' dir='ltr'>vium</span> <span class='ocrx_word' id='word_1_238' title='bbox 797 1818 1214 1883; x_wconf 81' lang='lat' dir='ltr'>concubuisse,</span> <span class='ocrx_word' id='word_1_239' title='bbox 1246 1824 1304 1875; x_wconf 91' lang='lat' dir='ltr'>et</span> <span class='ocrx_word' id='word_1_240' title='bbox 1345 1820 1560 1876; x_wconf 88' lang='lat' dir='ltr'>exinde</span> <span class='ocrx_word' id='word_1_241' title='bbox 1610 1825 1784 1875; x_wconf 88' lang='lat' dir='ltr'>natos</span> <span class='ocrx_word' id='word_1_242' title='bbox 1834 1824 2128 1887; x_wconf 78' lang='lat' dir='ltr'>gigantes,</span> <span class='ocrx_word' id='word_1_243' title='bbox 2169 1817 2233 1873; x_wconf 90' lang='lat' dir='ltr'>id</span> 
     </span>
    </p>
   </div>
   <div class='ocr_carea' id='block_1_37' title="bbox 581 1907 2234 1980">
    <p class='ocr_par' dir='ltr' id='par_1_37' title="bbox 581 1907 2234 1980">
     <span class='ocr_line' id='line_1_37' title="bbox 581 1907 2234 1980; baseline 0 -18"><span class='ocrx_word' id='word_1_244' title='bbox 581 1911 669 1962; x_wconf 89' lang='lat' dir='ltr'>est</span> <span class='ocrx_word' id='word_1_245' title='bbox 695 1907 982 1963; x_wconf 89' lang='lat' dir='ltr'>nimirum</span> <span class='ocrx_word' id='word_1_246' title='bbox 1014 1908 1276 1977; x_wconf 64' lang='lat' dir='ltr'>grandes</span> <span class='ocrx_word' id='word_1_247' title='bbox 1306 1914 1364 1964; x_wconf 91' lang='lat' dir='ltr'>et</span> <span class='ocrx_word' id='word_1_248' title='bbox 1384 1909 1563 1964; x_wconf 81' lang='lat' dir='ltr'>fortes</span> <span class='ocrx_word' id='word_1_249' title='bbox 1593 1909 1750 1964; x_wconf 87' lang='lat' dir='ltr'>viros</span> <span class='ocrx_word' id='word_1_250' title='bbox 1778 1908 1854 1964; x_wconf 92' lang='lat' dir='ltr'>de</span> <span class='ocrx_word' id='word_1_251' title='bbox 1875 1907 2097 1980; x_wconf 88' lang='lat' dir='ltr'>quibus</span> <span class='ocrx_word' id='word_1_252' title='bbox 2124 1913 2234 1963; x_wconf 84' lang='lat' dir='ltr'>ter-</span> 
     </span>
    </p>
   </div>
   <div class='ocr_carea' id='block_1_38' title="bbox 580 1996 1103 2068">
    <p class='ocr_par' dir='ltr' id='par_1_38' title="bbox 580 1996 1103 2068">
     <span class='ocr_line' id='line_1_38' title="bbox 580 1996 1103 2068; baseline 0.002 -17"><span class='ocrx_word' id='word_1_253' title='bbox 580 2011 648 2051; x_wconf 89' lang='lat' dir='ltr'>ra</span> <span class='ocrx_word' id='word_1_254' title='bbox 672 1996 972 2068; x_wconf 86' lang='lat' dir='ltr'>completa</span> <span class='ocrx_word' id='word_1_255' title='bbox 997 2001 1103 2052; x_wconf 88' lang='lat' dir='ltr'>est.</span> 
     </span>
    </p>
   </div>
   <div class='ocr_carea' id='block_1_39' title="bbox 654 2086 2232 2158">
    <p class='ocr_par' dir='ltr' id='par_1_39' title="bbox 654 2086 2232 2158">
     <span class='ocr_line' id='line_1_39' title="bbox 654 2086 2232 2158; baseline 0.002 -19"><span class='ocrx_word' id='word_1_256' title='bbox 654 2087 897 2141; x_wconf 79' lang='lat' dir='ltr'>Vnss.3.</span> <span class='ocrx_word' id='word_1_257' title='bbox 931 2117 1000 2126; x_wconf 90' lang='lat'><strong>—</strong></span> <span class='ocrx_word' id='word_1_258' title='bbox 1022 2088 1281 2158; x_wconf 57' lang='lat' dir='ltr'>Diuique</span> <span class='ocrx_word' id='word_1_259' title='bbox 1308 2088 1466 2142; x_wconf 83' lang='lat' dir='ltr'>Deus</span> <span class='ocrx_word' id='word_1_260' title='bbox 1491 2102 1514 2143; x_wconf 87' lang='grc'>.·</span> <span class='ocrx_word' id='word_1_261' title='bbox 1541 2088 1677 2142; x_wconf 86' lang='lat' dir='ltr'>Non</span> <span class='ocrx_word' id='word_1_262' title='bbox 1698 2086 2071 2156; x_wconf 80' lang='lat' dir='ltr'>permanebit</span> <span class='ocrx_word' id='word_1_263' title='bbox 2103 2087 2232 2156; x_wconf 77' lang='lat' dir='ltr'>Spi-</span> 
     </span>
    </p>
   </div>
   <div class='ocr_carea' id='block_1_40' title="bbox 580 2175 2232 2246">
    <p class='ocr_par' dir='ltr' id='par_1_40' title="bbox 580 2175 2232 2246">
     <span class='ocr_line' id='line_1_40' title="bbox 580 2175 2232 2246; baseline 0.001 -17"><span class='ocrx_word' id='word_1_264' title='bbox 580 2175 733 2230; x_wconf 80' lang='lat' dir='ltr'>ritus</span> <span class='ocrx_word' id='word_1_265' title='bbox 756 2189 920 2230; x_wconf 75' lang='lat' dir='ltr'>meus</span> <span class='ocrx_word' id='word_1_266' title='bbox 945 2176 1008 2229; x_wconf 85' lang='lat' dir='ltr'>in</span> <span class='ocrx_word' id='word_1_267' title='bbox 1034 2175 1273 2230; x_wconf 69' lang='lat' dir='ltr'>nomine</span> <span class='ocrx_word' id='word_1_268' title='bbox 1286 2177 1350 2230; x_wconf 81' lang='lat' dir='ltr'>in</span> <span class='ocrx_word' id='word_1_269' title='bbox 1381 2181 1689 2239; x_wconf 59' lang='lat' dir='ltr'>aeternum,</span> <span class='ocrx_word' id='word_1_270' title='bbox 1712 2178 1855 2246; x_wconf 82' lang='lat' dir='ltr'>quia</span> <span class='ocrx_word' id='word_1_271' title='bbox 1881 2188 2023 2231; x_wconf 82' lang='lat' dir='ltr'>caro</span> <span class='ocrx_word' id='word_1_272' title='bbox 2046 2183 2153 2240; x_wconf 80' lang='lat' dir='ltr'>est,</span> <span class='ocrx_word' id='word_1_273' title='bbox 2177 2180 2232 2231; x_wconf 92' lang='lat' dir='ltr'>et</span> 
     </span>
    </p>
   </div>
   <div class='ocr_carea' id='block_1_41' title="bbox 578 2262 2232 2335">
    <p class='ocr_par' dir='ltr' id='par_1_41' title="bbox 578 2262 2232 2335">
     <span class='ocr_line' id='line_1_41' title="bbox 578 2262 2232 2335; baseline 0.001 -17"><span class='ocrx_word' id='word_1_274' title='bbox 578 2262 831 2334; x_wconf 83' lang='lat' dir='ltr'>reliqua.</span> <span class='ocrx_word' id='word_1_275' title='bbox 862 2266 927 2317; x_wconf 88' lang='lat' dir='ltr'>ln</span> <span class='ocrx_word' id='word_1_276' title='bbox 976 2262 1227 2317; x_wconf 61' lang='lat' dir='ltr'>Hebraeo</span> <span class='ocrx_word' id='word_1_277' title='bbox 1269 2264 1561 2335; x_wconf 90' lang='lat' dir='ltr'>scriptum</span> <span class='ocrx_word' id='word_1_278' title='bbox 1588 2268 1710 2319; x_wconf 87' lang='lat' dir='ltr'>est:</span> <span class='ocrx_word' id='word_1_279' title='bbox 1744 2265 1878 2319; x_wconf 83' lang='lat' dir='ltr'>Non</span> <span class='ocrx_word' id='word_1_280' title='bbox 1925 2266 2232 2333; x_wconf 83' lang='lat' dir='ltr'>judieabit</span> 
     </span>
    </p>
   </div>
   <div class='ocr_carea' id='block_1_42' title="bbox 576 2351 2232 2423">
    <p class='ocr_par' dir='ltr' id='par_1_42' title="bbox 576 2351 2232 2423">
     <span class='ocr_line' id='line_1_42' title="bbox 576 2351 2232 2423; baseline 0 -16"><span class='ocrx_word' id='word_1_281' title='bbox 576 2352 842 2420; x_wconf 82' lang='lat' dir='ltr'>Spiritus</span> <span class='ocrx_word' id='word_1_282' title='bbox 872 2366 1035 2407; x_wconf 84' lang='lat' dir='ltr'>meus</span> <span class='ocrx_word' id='word_1_283' title='bbox 1062 2351 1326 2408; x_wconf 72' lang='lat' dir='ltr'>homines</span> <span class='ocrx_word' id='word_1_284' title='bbox 1358 2354 1499 2408; x_wconf 86' lang='lat' dir='ltr'>istos</span> <span class='ocrx_word' id='word_1_285' title='bbox 1526 2355 1589 2408; x_wconf 86' lang='lat' dir='ltr'>in</span> <span class='ocrx_word' id='word_1_286' title='bbox 1621 2354 2043 2421; x_wconf 80' lang='lat' dir='ltr'>sempiternum</span> <span class='ocrx_word' id='word_1_287' title='bbox 2092 2368 2232 2423; x_wconf 87' lang='lat' dir='ltr'>quo-</span> 
     </span>
    </p>
   </div>
   <div class='ocr_carea' id='block_1_43' title="bbox 578 2440 2232 2512">
    <p class='ocr_par' dir='ltr' id='par_1_43' title="bbox 578 2440 2232 2512">
     <span class='ocr_line' id='line_1_43' title="bbox 578 2440 2232 2512; baseline 0 -17"><span class='ocrx_word' id='word_1_288' title='bbox 578 2442 743 2496; x_wconf 81' lang='lat' dir='ltr'>niam</span> <span class='ocrx_word' id='word_1_289' title='bbox 762 2455 909 2495; x_wconf 81' lang='lat' dir='ltr'>caro</span> <span class='ocrx_word' id='word_1_290' title='bbox 928 2447 1088 2495; x_wconf 79' lang='lat' dir='ltr'>sunt.</span> <span class='ocrx_word' id='word_1_291' title='bbox 1118 2441 1370 2512; x_wconf 84' lang='lat' dir='ltr'>Spiritus</span> <span class='ocrx_word' id='word_1_292' title='bbox 1400 2441 1561 2496; x_wconf 89' lang='lat' dir='ltr'>enim</span> <span class='ocrx_word' id='word_1_293' title='bbox 1590 2441 1742 2496; x_wconf 86' lang='lat' dir='ltr'>iram</span> <span class='ocrx_word' id='word_1_294' title='bbox 1768 2441 1829 2495; x_wconf 90' lang='lat' dir='ltr'>in</span> <span class='ocrx_word' id='word_1_295' title='bbox 1858 2442 1973 2496; x_wconf 79' lang='lat' dir='ltr'>hoc</span> <span class='ocrx_word' id='word_1_296' title='bbox 2007 2442 2139 2496; x_wconf 86' lang='lat' dir='ltr'>loco</span> <span class='ocrx_word' id='word_1_297' title='bbox 2161 2440 2232 2495; x_wconf 87' lang='lat' dir='ltr'>si-</span> 
     </span>
    </p>
   </div>
   <div class='ocr_carea' id='block_1_44' title="bbox 584 2527 2231 2601">
    <p class='ocr_par' dir='ltr' id='par_1_44' title="bbox 584 2527 2231 2601">
     <span class='ocr_line' id='line_1_44' title="bbox 584 2527 2231 2601; baseline 0.001 -20"><span class='ocrx_word' id='word_1_298' title='bbox 584 2527 847 2596; x_wconf 84' lang='lat' dir='ltr'>gniﬁcat,</span> <span class='ocrx_word' id='word_1_299' title='bbox 866 2532 924 2584; x_wconf 88' lang='lat' dir='ltr'>et</span> <span class='ocrx_word' id='word_1_300' title='bbox 942 2545 1083 2584; x_wconf 85' lang='lat' dir='ltr'>caro</span> <span class='ocrx_word' id='word_1_301' title='bbox 1095 2527 1475 2597; x_wconf 86' lang='lat' dir='ltr'>fragilitatem</span> <span class='ocrx_word' id='word_1_302' title='bbox 1492 2530 1774 2584; x_wconf 66' lang='lat' dir='ltr'>humana:</span> <span class='ocrx_word' id='word_1_303' title='bbox 1796 2533 2043 2595; x_wconf 76' lang='lat' dir='ltr'>naturas,</span> <span class='ocrx_word' id='word_1_304' title='bbox 2058 2529 2231 2601; x_wconf 83' lang='lat' dir='ltr'>quasi</span> 
     </span>
    </p>
   </div>
   <div class='ocr_carea' id='block_1_45' title="bbox 583 2616 2229 2689">
    <p class='ocr_par' dir='ltr' id='par_1_45' title="bbox 583 2616 2229 2689">
     <span class='ocr_line' id='line_1_45' title="bbox 583 2616 2229 2689; baseline 0.002 -19"><span class='ocrx_word' id='word_1_305' title='bbox 583 2616 831 2671; x_wconf 74' lang='lat' dir='ltr'>dixisset</span> <span class='ocrx_word' id='word_1_306' title='bbox 858 2633 874 2671; x_wconf 72' lang='grc' dir='ltr'>ς</span> <span class='ocrx_word' id='word_1_307' title='bbox 905 2617 1059 2681; x_wconf 76' lang='lat' dir='ltr'>Quia</span> <span class='ocrx_word' id='word_1_308' title='bbox 1095 2617 1322 2686; x_wconf 80' lang='lat' dir='ltr'>fragilis</span> <span class='ocrx_word' id='word_1_309' title='bbox 1351 2622 1439 2673; x_wconf 90' lang='lat' dir='ltr'>est</span> <span class='ocrx_word' id='word_1_310' title='bbox 1467 2618 1529 2672; x_wconf 88' lang='lat' dir='ltr'>in</span> <span class='ocrx_word' id='word_1_311' title='bbox 1575 2616 1921 2672; x_wconf 80' lang='lat' dir='ltr'>hominibus</span> <span class='ocrx_word' id='word_1_312' title='bbox 1945 2618 2229 2689; x_wconf 86' lang='lat' dir='ltr'>conditio,</span> 
     </span>
    </p>
   </div>
   <div class='ocr_carea' id='block_1_46' title="bbox 580 2706 2231 2777">
    <p class='ocr_par' dir='ltr' id='par_1_46' title="bbox 580 2706 2231 2777">
     <span class='ocr_line' id='line_1_46' title="bbox 580 2706 2231 2777; baseline 0.001 -16"><span class='ocrx_word' id='word_1_313' title='bbox 580 2718 707 2761; x_wconf 88' lang='lat' dir='ltr'>non</span> <span class='ocrx_word' id='word_1_314' title='bbox 725 2721 831 2761; x_wconf 86' lang='lat' dir='ltr'>eos</span> <span class='ocrx_word' id='word_1_315' title='bbox 852 2706 928 2762; x_wconf 85' lang='lat' dir='ltr'>ad</span> <span class='ocrx_word' id='word_1_316' title='bbox 948 2710 1203 2761; x_wconf 60' lang='lat' dir='ltr'>aeternos</span> <span class='ocrx_word' id='word_1_317' title='bbox 1223 2707 1475 2762; x_wconf 88' lang='lat' dir='ltr'>servabo</span> <span class='ocrx_word' id='word_1_318' title='bbox 1491 2706 1789 2762; x_wconf 85' lang='lat' dir='ltr'>cruciatus</span> <span class='ocrx_word' id='word_1_319' title='bbox 1812 2707 1919 2777; x_wconf 72' lang='lat'>[2,,</span> <span class='ocrx_word' id='word_1_320' title='bbox 1940 2712 2231 2763; x_wconf 69' lang='lat' dir='ltr'>aeternum</span> 
     </span>
    </p>
   </div>
   <div class='ocr_carea' id='block_1_47' title="bbox 585 2793 2231 2866">
    <p class='ocr_par' dir='ltr' id='par_1_47' title="bbox 585 2793 2231 2866">
     <span class='ocr_line' id='line_1_47' title="bbox 585 2793 2231 2866; baseline 0.001 -17"><span class='ocrx_word' id='word_1_321' title='bbox 585 2793 844 2849; x_wconf 82' lang='lat' dir='ltr'>servabo</span> <span class='ocrx_word' id='word_1_322' title='bbox 896 2795 1271 2865; x_wconf 86' lang='lat' dir='ltr'>cruciatum],</span> <span class='ocrx_word' id='word_1_323' title='bbox 1298 2796 1402 2850; x_wconf 87' lang='lat' dir='ltr'>sed</span> <span class='ocrx_word' id='word_1_324' title='bbox 1434 2795 1530 2849; x_wconf 87' lang='lat' dir='ltr'>hic</span> <span class='ocrx_word' id='word_1_325' title='bbox 1560 2794 1671 2849; x_wconf 86' lang='lat' dir='ltr'>illis</span> <span class='ocrx_word' id='word_1_326' title='bbox 1726 2795 2035 2851; x_wconf 83' lang='lat' dir='ltr'>restituam</span> <span class='ocrx_word' id='word_1_327' title='bbox 2062 2797 2231 2866; x_wconf 89' lang='lat' dir='ltr'>quod</span> 
     </span>
    </p>
   </div>
   <div class='ocr_carea' id='block_1_48' title="bbox 581 2886 2232 2958">
    <p class='ocr_par' dir='ltr' id='par_1_48' title="bbox 581 2886 2232 2958">
     <span class='ocr_line' id='line_1_48' title="bbox 581 2886 2232 2958; baseline 0 -17"><span class='ocrx_word' id='word_1_328' title='bbox 581 2886 904 2941; x_wconf 79' lang='lat' dir='ltr'>morentur.</span> <span class='ocrx_word' id='word_1_329' title='bbox 938 2889 1090 2956; x_wconf 81' lang='lat' dir='ltr'>Ergo</span> <span class='ocrx_word' id='word_1_330' title='bbox 1118 2886 1208 2941; x_wconf 87' lang='lat' dir='ltr'>ira</span> <span class='ocrx_word' id='word_1_331' title='bbox 1233 2901 1357 2941; x_wconf 88' lang='lat' dir='ltr'>non</span> <span class='ocrx_word' id='word_1_332' title='bbox 1387 2886 1782 2955; x_wconf 79' lang='lat' dir='ltr'>severitatem,</span> <span class='ocrx_word' id='word_1_333' title='bbox 1801 2891 1866 2941; x_wconf 85' lang='lat' dir='ltr'>ut</span> <span class='ocrx_word' id='word_1_334' title='bbox 1894 2886 2232 2958; x_wconf 87' lang='lat' dir='ltr'>frequenter</span> 
     </span>
    </p>
   </div>
   <div class='ocr_carea' id='block_1_49' title="bbox 578 2975 2301 3051">
    <p class='ocr_par' dir='ltr' id='par_1_49' title="bbox 578 2975 2301 3051">
     <span class='ocr_line' id='line_1_49' title="bbox 578 2975 2301 3051; baseline -0.001 -21"><span class='ocrx_word' id='word_1_335' title='bbox 578 2975 645 3031; x_wconf 80' lang='lat' dir='ltr'>in</span> <span class='ocrx_word' id='word_1_336' title='bbox 673 2975 890 3031; x_wconf 83' lang='lat' dir='ltr'>nostris</span> <span class='ocrx_word' id='word_1_337' title='bbox 920 2975 1087 3031; x_wconf 86' lang='lat' dir='ltr'>libris</span> <span class='ocrx_word' id='word_1_338' title='bbox 1107 2976 1339 3046; x_wconf 80' lang='lat' dir='ltr'>legitur,</span> <span class='ocrx_word' id='word_1_339' title='bbox 1367 2975 1694 3045; x_wconf 85' lang='lat' dir='ltr'>signiﬁcat;</span> <span class='ocrx_word' id='word_1_340' title='bbox 1718 2976 1823 3030; x_wconf 86' lang='lat' dir='ltr'>sed</span> <span class='ocrx_word' id='word_1_341' title='bbox 1853 2975 2228 3031; x_wconf 86' lang='lat' dir='ltr'>clementiam</span> <span class='ocrx_word' id='word_1_342' title='bbox 2261 2998 2301 3051; x_wconf 63' lang='grc' dir='ltr'><strong>δ</strong></span> 
     </span>
    </p>
   </div>
   <div class='ocr_carea' id='block_1_50' title="bbox 580 3058 2229 3138">
    <p class='ocr_par' dir='ltr' id='par_1_50' title="bbox 580 3058 2229 3138">
     <span class='ocr_line' id='line_1_50' title="bbox 580 3058 2229 3138; baseline -0.001 -18"><span class='ocrx_word' id='word_1_343' title='bbox 580 3066 684 3120; x_wconf 88' lang='lat' dir='ltr'>Dei</span> <span class='ocrx_word' id='word_1_344' title='bbox 707 3069 899 3133; x_wconf 84' lang='lat' dir='ltr'>sonat,</span> <span class='ocrx_word' id='word_1_345' title='bbox 923 3065 1071 3121; x_wconf 89' lang='lat' dir='ltr'>dum</span> <span class='ocrx_word' id='word_1_346' title='bbox 1093 3069 1370 3138; x_wconf 80' lang='lat' dir='ltr'>peccator</span> <span class='ocrx_word' id='word_1_347' title='bbox 1392 3064 1489 3120; x_wconf 89' lang='lat' dir='ltr'>hic</span> <span class='ocrx_word' id='word_1_348' title='bbox 1519 3077 1627 3135; x_wconf 84' lang='lat' dir='ltr'>pro</span> <span class='ocrx_word' id='word_1_349' title='bbox 1651 3076 1760 3120; x_wconf 86' lang='lat' dir='ltr'>suo</span> <span class='ocrx_word' id='word_1_350' title='bbox 1788 3058 2007 3120; x_wconf 84' lang='lat' dir='ltr'>scelere</span> <span class='ocrx_word' id='word_1_351' title='bbox 2035 3064 2229 3119; x_wconf 88' lang='lat' dir='ltr'>visita-</span> 
     </span>
    </p>
   </div>
   <div class='ocr_carea' id='block_1_51' title="bbox 579 3148 2230 3225">
    <p class='ocr_par' dir='ltr' id='par_1_51' title="bbox 579 3148 2230 3225">
     <span class='ocr_line' id='line_1_51' title="bbox 579 3148 2230 3225; baseline 0 -18"><span class='ocrx_word' id='word_1_352' title='bbox 579 3156 693 3207; x_wconf 88' lang='lat' dir='ltr'>tur.</span> <span class='ocrx_word' id='word_1_353' title='bbox 716 3153 881 3209; x_wconf 87' lang='lat' dir='ltr'>Unde</span> <span class='ocrx_word' id='word_1_354' title='bbox 900 3157 959 3209; x_wconf 89' lang='lat' dir='ltr'>et</span> <span class='ocrx_word' id='word_1_355' title='bbox 977 3154 1163 3209; x_wconf 83' lang='lat' dir='ltr'>iratus</span> <span class='ocrx_word' id='word_1_356' title='bbox 1184 3156 1338 3208; x_wconf 86' lang='lat' dir='ltr'>Deus</span> <span class='ocrx_word' id='word_1_357' title='bbox 1353 3152 1619 3225; x_wconf 85' lang='lat' dir='ltr'>loquitur</span> <span class='ocrx_word' id='word_1_358' title='bbox 1640 3153 1720 3208; x_wconf 82' lang='lat' dir='ltr'>ad</span> <span class='ocrx_word' id='word_1_359' title='bbox 1747 3152 2073 3225; x_wconf 84' lang='lat' dir='ltr'>quosdam:</span> <span class='ocrx_word' id='word_1_360' title='bbox 2093 3148 2230 3207; x_wconf 81' lang='lat' dir='ltr'>Non</span> 
     </span>
    </p>
   </div>
   <div class='ocr_carea' id='block_1_52' title="bbox 578 3242 2231 3313">
    <p class='ocr_par' dir='ltr' id='par_1_52' title="bbox 578 3242 2231 3313">
     <span class='ocr_line' id='line_1_52' title="bbox 578 3242 2231 3313; baseline -0.001 -15"><span class='ocrx_word' id='word_1_361' title='bbox 578 3242 831 3298; x_wconf 79' lang='lat' dir='ltr'>visitabo</span> <span class='ocrx_word' id='word_1_362' title='bbox 855 3244 1016 3312; x_wconf 76' lang='lat' dir='ltr'>ﬁlias</span> <span class='ocrx_word' id='word_1_363' title='bbox 1062 3254 1289 3313; x_wconf 86' lang='lat' dir='ltr'>eorum,</span> <span class='ocrx_word' id='word_1_364' title='bbox 1338 3257 1473 3299; x_wconf 84' lang='lat' dir='ltr'>cum</span> <span class='ocrx_word' id='word_1_365' title='bbox 1512 3244 1747 3312; x_wconf 80' lang='lat' dir='ltr'>fuerint</span> <span class='ocrx_word' id='word_1_366' title='bbox 1787 3243 2130 3312; x_wconf 61' lang='lat' dir='ltr'>fornicata,</span> <span class='ocrx_word' id='word_1_367' title='bbox 2176 3247 2231 3297; x_wconf 89' lang='lat' dir='ltr'>et</span> 
     </span>
    </p>
   </div>
   <div class='ocr_carea' id='block_1_53' title="bbox 577 3331 2232 3401">
    <p class='ocr_par' dir='ltr' id='par_1_53' title="bbox 577 3331 2232 3401">
     <span class='ocr_line' id='line_1_53' title="bbox 577 3331 2232 3401; baseline 0.001 -15"><span class='ocrx_word' id='word_1_368' title='bbox 577 3342 828 3399; x_wconf 64' lang='lat' dir='ltr'>sponsas</span> <span class='ocrx_word' id='word_1_369' title='bbox 855 3346 1081 3399; x_wconf 85' lang='lat' dir='ltr'>eorum,</span> <span class='ocrx_word' id='word_1_370' title='bbox 1108 3344 1244 3388; x_wconf 85' lang='lat' dir='ltr'>cum</span> <span class='ocrx_word' id='word_1_371' title='bbox 1266 3334 1748 3389; x_wconf 71' lang='lat' dir='ltr'>adulteraverint</span> <span class='ocrx_word' id='word_1_372' title='bbox 1777 3332 1926 3401; x_wconf 83' lang='lat' dir='ltr'>(Ose.</span> <span class='ocrx_word' id='word_1_373' title='bbox 1949 3346 2009 3401; x_wconf 76' lang='grc' dir='ltr'>ιι,</span> <span class='ocrx_word' id='word_1_374' title='bbox 2034 3331 2140 3399; x_wconf 68' lang='grc' dir='ltr'>Ην).</span> <span class='ocrx_word' id='word_1_375' title='bbox 2168 3334 2232 3387; x_wconf 85' lang='lat' dir='ltr'>Et</span> 
     </span>
    </p>
   </div>
   <div class='ocr_carea' id='block_1_54' title="bbox 577 3418 2231 3490">
    <p class='ocr_par' dir='ltr' id='par_1_54' title="bbox 577 3418 2231 3490">
     <span class='ocr_line' id='line_1_54' title="bbox 577 3418 2231 3490; baseline 0.001 -17"><span class='ocrx_word' id='word_1_376' title='bbox 577 3420 640 3473; x_wconf 90' lang='lat' dir='ltr'>in</span> <span class='ocrx_word' id='word_1_377' title='bbox 668 3419 786 3473; x_wconf 84' lang='lat' dir='ltr'>alio</span> <span class='ocrx_word' id='word_1_378' title='bbox 806 3418 972 3473; x_wconf 87' lang='lat' dir='ltr'>loco:</span> <span class='ocrx_word' id='word_1_379' title='bbox 1006 3421 1261 3475; x_wconf 79' lang='lat' dir='ltr'>Visitabo</span> <span class='ocrx_word' id='word_1_380' title='bbox 1286 3422 1349 3474; x_wconf 85' lang='lat' dir='ltr'>in</span> <span class='ocrx_word' id='word_1_381' title='bbox 1371 3422 1541 3490; x_wconf 78' lang='lat' dir='ltr'>virga</span> <span class='ocrx_word' id='word_1_382' title='bbox 1566 3422 1911 3490; x_wconf 81' lang='lat' dir='ltr'>iniquitates</span> <span class='ocrx_word' id='word_1_383' title='bbox 1929 3430 2151 3488; x_wconf 68' lang='lat' dir='ltr'>eorum,</span> <span class='ocrx_word' id='word_1_384' title='bbox 2175 3427 2231 3475; x_wconf 88' lang='lat' dir='ltr'>et</span> 
     </span>
    </p>
   </div>
   <div class='ocr_carea' id='block_1_55' title="bbox 579 3505 2226 3577">
    <p class='ocr_par' dir='ltr' id='par_1_55' title="bbox 579 3505 2226 3577">
     <span class='ocr_line' id='line_1_55' title="bbox 579 3505 2226 3577; baseline 0.003 -19"><span class='ocrx_word' id='word_1_385' title='bbox 579 3505 643 3559; x_wconf 87' lang='lat' dir='ltr'>in</span> <span class='ocrx_word' id='word_1_386' title='bbox 677 3505 941 3574; x_wconf 78' lang='lat' dir='ltr'>ﬂagellis</span> <span class='ocrx_word' id='word_1_387' title='bbox 987 3511 1233 3572; x_wconf 79' lang='lat' dir='ltr'>peccata</span> <span class='ocrx_word' id='word_1_388' title='bbox 1265 3518 1507 3577; x_wconf 80' lang='lat' dir='ltr'>eorum;</span> <span class='ocrx_word' id='word_1_389' title='bbox 1538 3508 2005 3562; x_wconf 74' lang='lat' dir='ltr'>misericordiam</span> <span class='ocrx_word' id='word_1_390' title='bbox 2032 3512 2226 3563; x_wconf 85' lang='lat' dir='ltr'>autem</span> 
     </span>
    </p>
   </div>
   <div class='ocr_carea' id='block_1_56' title="bbox 578 3592 2228 3665">
    <p class='ocr_par' dir='ltr' id='par_1_56' title="bbox 578 3592 2228 3665">
     <span class='ocr_line' id='line_1_56' title="bbox 578 3592 2228 3665; baseline 0.002 -18"><span class='ocrx_word' id='word_1_391' title='bbox 578 3605 769 3648; x_wconf 80' lang='lat' dir='ltr'>meum</span> <span class='ocrx_word' id='word_1_392' title='bbox 796 3604 918 3648; x_wconf 80' lang='lat' dir='ltr'>non</span> <span class='ocrx_word' id='word_1_393' title='bbox 947 3593 1222 3661; x_wconf 76' lang='lat' dir='ltr'>auferam</span> <span class='ocrx_word' id='word_1_394' title='bbox 1251 3594 1325 3649; x_wconf 86' lang='lat' dir='ltr'>ab</span> <span class='ocrx_word' id='word_1_395' title='bbox 1346 3594 1427 3650; x_wconf 84' lang='lat' dir='ltr'>eis</span> <span class='ocrx_word' id='word_1_396' title='bbox 1447 3592 1639 3661; x_wconf 78' lang='lat' dir='ltr'>(Psat.</span> <span class='ocrx_word' id='word_1_397' title='bbox 1664 3608 1938 3659; x_wconf 75' lang='lat' dir='ltr'>Lxxxvm,</span> <span class='ocrx_word' id='word_1_398' title='bbox 1959 3596 2069 3665; x_wconf 81' lang='lat'>33).</span> <span class='ocrx_word' id='word_1_399' title='bbox 2097 3598 2228 3651; x_wconf 84' lang='lat' dir='ltr'>Por-</span> 
     </span>
    </p>
   </div>
   <div class='ocr_carea' id='block_1_57' title="bbox 579 3681 2227 3755">
    <p class='ocr_par' dir='ltr' id='par_1_57' title="bbox 579 3681 2227 3755">
     <span class='ocr_line' id='line_1_57' title="bbox 579 3681 2227 3755; baseline 0.002 -19"><span class='ocrx_word' id='word_1_400' title='bbox 579 3692 647 3736; x_wconf 86' lang='lat' dir='ltr'>ro</span> <span class='ocrx_word' id='word_1_401' title='bbox 675 3695 752 3735; x_wconf 85' lang='lat' dir='ltr'>ne</span> <span class='ocrx_word' id='word_1_402' title='bbox 780 3681 1074 3738; x_wconf 79' lang='lat' dir='ltr'>videretur</span> <span class='ocrx_word' id='word_1_403' title='bbox 1101 3682 1163 3737; x_wconf 90' lang='lat' dir='ltr'>in</span> <span class='ocrx_word' id='word_1_404' title='bbox 1193 3698 1264 3738; x_wconf 91' lang='lat' dir='ltr'>eo</span> <span class='ocrx_word' id='word_1_405' title='bbox 1294 3697 1423 3738; x_wconf 90' lang='lat' dir='ltr'>esse</span> <span class='ocrx_word' id='word_1_406' title='bbox 1454 3682 1730 3750; x_wconf 78' lang='lat' dir='ltr'>crudelis,</span> <span class='ocrx_word' id='word_1_407' title='bbox 1778 3683 1941 3755; x_wconf 90' lang='lat' dir='ltr'>quod</span> <span class='ocrx_word' id='word_1_408' title='bbox 1973 3698 2227 3755; x_wconf 89' lang='lat' dir='ltr'>peccan-</span> 
     </span>
    </p>
   </div>
   <div class='ocr_carea' id='block_1_58' title="bbox 579 3766 2227 3842">
    <p class='ocr_par' dir='ltr' id='par_1_58' title="bbox 579 3766 2227 3842">
     <span class='ocr_line' id='line_1_58' title="bbox 579 3766 2227 3842; baseline 0.001 -18"><span class='ocrx_word' id='word_1_409' title='bbox 579 3768 736 3824; x_wconf 85' lang='lat' dir='ltr'>tibus</span> <span class='ocrx_word' id='word_1_410' title='bbox 756 3769 955 3826; x_wconf 87' lang='lat' dir='ltr'>loeum</span> <span class='ocrx_word' id='word_1_411' title='bbox 973 3770 1329 3842; x_wconf 76' lang='lat' dir='ltr'>pamitentite</span> <span class='ocrx_word' id='word_1_412' title='bbox 1345 3787 1468 3827; x_wconf 89' lang='lat' dir='ltr'>non</span> <span class='ocrx_word' id='word_1_413' title='bbox 1484 3766 1760 3837; x_wconf 89' lang='lat' dir='ltr'>dedisset,</span> <span class='ocrx_word' id='word_1_414' title='bbox 1782 3772 2016 3842; x_wconf 88' lang='lat' dir='ltr'>adjecit,</span> <span class='ocrx_word' id='word_1_415' title='bbox 2030 3777 2227 3827; x_wconf 85' lang='lat' dir='ltr'>erunt-</span> 
     </span>
    </p>
   </div>
   <div class='ocr_carea' id='block_1_59' title="bbox 577 3856 2229 3931">
    <p class='ocr_par' dir='ltr' id='par_1_59' title="bbox 577 3856 2229 3931">
     <span class='ocr_line' id='line_1_59' title="bbox 577 3856 2229 3931; baseline 0.001 -16"><span class='ocrx_word' id='word_1_416' title='bbox 577 3869 692 3930; x_wconf 77' lang='lat' dir='ltr'>que</span> <span class='ocrx_word' id='word_1_417' title='bbox 732 3860 859 3916; x_wconf 75' lang='lat' dir='ltr'>dies</span> <span class='ocrx_word' id='word_1_418' title='bbox 896 3862 1065 3917; x_wconf 79' lang='lat' dir='ltr'>illius</span> <span class='ocrx_word' id='word_1_419' title='bbox 1096 3867 1331 3917; x_wconf 76' lang='lat' dir='ltr'>centum</span> <span class='ocrx_word' id='word_1_420' title='bbox 1379 3856 1594 3931; x_wconf 80' lang='lat' dir='ltr'>viginti</span> <span class='ocrx_word' id='word_1_421' title='bbox 1630 3874 1949 3929; x_wconf 82' lang='lat' dir='ltr'>annorum,</span> <span class='ocrx_word' id='word_1_422' title='bbox 1978 3863 2092 3918; x_wconf 91' lang='lat' dir='ltr'>hoc</span> <span class='ocrx_word' id='word_1_423' title='bbox 2142 3866 2229 3917; x_wconf 83' lang='lat' dir='ltr'>est</span> 
     </span>
    </p>
   </div>
   <div class='ocr_carea' id='block_1_60' title="bbox 576 3946 2225 4023">
    <p class='ocr_par' dir='ltr' id='par_1_60' title="bbox 576 3946 2225 4023">
     <span class='ocr_line' id='line_1_60' title="bbox 576 3946 2225 4023; baseline 0.001 -20"><span class='ocrx_word' id='word_1_424' title='bbox 576 3946 889 4004; x_wconf 85' lang='lat' dir='ltr'>habebunt</span> <span class='ocrx_word' id='word_1_425' title='bbox 917 3955 1156 4005; x_wconf 85' lang='lat' dir='ltr'>centum</span> <span class='ocrx_word' id='word_1_426' title='bbox 1177 3948 1381 4020; x_wconf 81' lang='lat' dir='ltr'>viginti</span> <span class='ocrx_word' id='word_1_427' title='bbox 1402 3960 1594 4007; x_wconf 87' lang='lat' dir='ltr'>annos</span> <span class='ocrx_word' id='word_1_428' title='bbox 1611 3951 1689 4006; x_wconf 88' lang='lat' dir='ltr'>ad</span> <span class='ocrx_word' id='word_1_429' title='bbox 1712 3951 2012 4021; x_wconf 86' lang='lat' dir='ltr'>agendam</span> <span class='ocrx_word' id='word_1_430' title='bbox 2034 3953 2225 4023; x_wconf 69' lang='lat' dir='ltr'>paeni-</span> 
     </span>
    </p>
   </div>
   <div class='ocr_carea' id='block_1_61' title="bbox 578 4036 2226 4111">
    <p class='ocr_par' dir='ltr' id='par_1_61' title="bbox 578 4036 2226 4111">
     <span class='ocr_line' id='line_1_61' title="bbox 578 4036 2226 4111; baseline 0.004 -22"><span class='ocrx_word' id='word_1_431' title='bbox 578 4036 851 4091; x_wconf 88' lang='lat' dir='ltr'>tentiam.</span> <span class='ocrx_word' id='word_1_432' title='bbox 872 4038 983 4093; x_wconf 89' lang='lat' dir='ltr'>Sed</span> <span class='ocrx_word' id='word_1_433' title='bbox 1001 4039 1145 4110; x_wconf 87' lang='lat' dir='ltr'>quia</span> <span class='ocrx_word' id='word_1_434' title='bbox 1174 4048 1364 4109; x_wconf 84' lang='lat' dir='ltr'>genus</span> <span class='ocrx_word' id='word_1_435' title='bbox 1391 4040 1728 4095; x_wconf 86' lang='lat' dir='ltr'>humanum</span> <span class='ocrx_word' id='word_1_436' title='bbox 1757 4040 1909 4095; x_wconf 89' lang='lat' dir='ltr'>illius</span> <span class='ocrx_word' id='word_1_437' title='bbox 1941 4041 2226 4111; x_wconf 86' lang='lat' dir='ltr'>temporis</span> 
     </span>
    </p>
   </div>
   <div class='ocr_carea' id='block_1_62' title="bbox 577 4125 2224 4200">
    <p class='ocr_par' dir='ltr' id='par_1_62' title="bbox 577 4125 2224 4200">
     <span class='ocr_line' id='line_1_62' title="bbox 577 4125 2224 4200; baseline 0.004 -25"><span class='ocrx_word' id='word_1_438' title='bbox 577 4134 753 4191; x_wconf 85' lang='lat' dir='ltr'>agere</span> <span class='ocrx_word' id='word_1_439' title='bbox 776 4125 1188 4194; x_wconf 73' lang='lat' dir='ltr'>pmnitentiam</span> <span class='ocrx_word' id='word_1_440' title='bbox 1211 4128 1586 4199; x_wconf 86' lang='lat' dir='ltr'>contempsit,</span> <span class='ocrx_word' id='word_1_441' title='bbox 1603 4127 1793 4183; x_wconf 91' lang='lat' dir='ltr'>noluit</span> <span class='ocrx_word' id='word_1_442' title='bbox 1815 4131 1966 4182; x_wconf 89' lang='lat' dir='ltr'>Deus</span> <span class='ocrx_word' id='word_1_443' title='bbox 1988 4131 2224 4200; x_wconf 85' lang='lat' dir='ltr'>tempus</span> 
     </span>
    </p>
   </div>
   <div class='ocr_carea' id='block_1_63' title="bbox 576 4214 2226 4289">
    <p class='ocr_par' dir='ltr' id='par_1_63' title="bbox 576 4214 2226 4289">
     <span class='ocr_line' id='line_1_63' title="bbox 576 4214 2226 4289; baseline 0.004 -24"><span class='ocrx_word' id='word_1_444' title='bbox 576 4216 920 4282; x_wconf 82' lang='lat' dir='ltr'>exspectare</span> <span class='ocrx_word' id='word_1_445' title='bbox 950 4214 1275 4286; x_wconf 84' lang='lat' dir='ltr'>decretum,</span> <span class='ocrx_word' id='word_1_446' title='bbox 1311 4216 1417 4271; x_wconf 84' lang='lat' dir='ltr'>sed</span> <span class='ocrx_word' id='word_1_447' title='bbox 1445 4217 1654 4286; x_wconf 87' lang='lat' dir='ltr'>viginti</span> <span class='ocrx_word' id='word_1_448' title='bbox 1684 4232 1982 4273; x_wconf 88' lang='lat' dir='ltr'>annorum</span> <span class='ocrx_word' id='word_1_449' title='bbox 2023 4218 2226 4289; x_wconf 88' lang='lat' dir='ltr'>spatiis</span> 
     </span>
    </p>
   </div>
   <div class='ocr_carea' id='block_1_64' title="bbox 575 4301 2225 4372">
    <p class='ocr_par' dir='ltr' id='par_1_64' title="bbox 575 4301 2225 4372">
     <span class='ocr_line' id='line_1_64' title="bbox 575 4301 2225 4372; baseline 0.005 -18"><span class='ocrx_word' id='word_1_450' title='bbox 575 4301 922 4372; x_wconf 81' lang='lat' dir='ltr'>amputatis,</span> <span class='ocrx_word' id='word_1_451' title='bbox 953 4312 1117 4358; x_wconf 89' lang='lat' dir='ltr'>anno</span> <span class='ocrx_word' id='word_1_452' title='bbox 1146 4305 1471 4361; x_wconf 89' lang='lat' dir='ltr'>centesimo</span> <span class='ocrx_word' id='word_1_453' title='bbox 1500 4306 1735 4362; x_wconf 85' lang='lat' dir='ltr'>induxit</span> <span class='ocrx_word' id='word_1_454' title='bbox 1788 4306 2102 4363; x_wconf 85' lang='lat' dir='ltr'>diluvium.</span> <span class='ocrx_word' id='word_1_455' title='bbox 2130 4310 2225 4363; x_wconf 87' lang='lat' dir='ltr'>Po-</span> 
     </span>
    </p>
   </div>
   <div class='ocr_carea' id='block_1_65' title="bbox 574 4388 2222 4469">
    <p class='ocr_par' dir='ltr' id='par_1_65' title="bbox 574 4388 2222 4469">
     <span class='ocr_line' id='line_1_65' title="bbox 574 4388 2222 4469; baseline 0.005 -24"><span class='ocrx_word' id='word_1_456' title='bbox 574 4393 690 4445; x_wconf 81' lang='lat' dir='ltr'>test</span> <span class='ocrx_word' id='word_1_457' title='bbox 745 4388 924 4445; x_wconf 87' lang='lat' dir='ltr'>etiam</span> <span class='ocrx_word' id='word_1_458' title='bbox 968 4393 1217 4461; x_wconf 78' lang='lat' dir='ltr'>spiritus</span> <span class='ocrx_word' id='word_1_459' title='bbox 1244 4392 1447 4449; x_wconf 88' lang='lat' dir='ltr'>anima</span> <span class='ocrx_word' id='word_1_460' title='bbox 1500 4394 1764 4464; x_wconf 87' lang='lat' dir='ltr'>intelligi,</span> <span class='ocrx_word' id='word_1_461' title='bbox 1793 4401 1849 4452; x_wconf 90' lang='lat' dir='ltr'>et</span> <span class='ocrx_word' id='word_1_462' title='bbox 1878 4395 2013 4452; x_wconf 88' lang='lat' dir='ltr'>ideo</span> <span class='ocrx_word' id='word_1_463' title='bbox 2057 4399 2222 4469; x_wconf 89' lang='lat' dir='ltr'>quod</span> 
     </span>
    </p>
   </div>
   <div class='ocr_carea' id='block_1_66' title="bbox 573 4477 2221 4551">
    <p class='ocr_par' dir='ltr' id='par_1_66' title="bbox 573 4477 2221 4551">
     <span class='ocr_line' id='line_1_66' title="bbox 573 4477 2221 4551; baseline 0.004 -15"><span class='ocrx_word' id='word_1_464' title='bbox 573 4477 655 4536; x_wconf 85' lang='lat' dir='ltr'>ait</span> <span class='ocrx_word' id='word_1_465' title='bbox 686 4493 698 4534; x_wconf 75' lang='grc' dir='ltr'>ε</span> <span class='ocrx_word' id='word_1_466' title='bbox 725 4478 859 4534; x_wconf 83' lang='grc' dir='ltr'>Νοη</span> <span class='ocrx_word' id='word_1_467' title='bbox 888 4482 1262 4548; x_wconf 76' lang='lat' dir='ltr'>permanebit</span> <span class='ocrx_word' id='word_1_468' title='bbox 1291 4484 1539 4551; x_wconf 79' lang='lat' dir='ltr'>spiritus</span> <span class='ocrx_word' id='word_1_469' title='bbox 1576 4496 1738 4539; x_wconf 87' lang='lat' dir='ltr'>meus</span> <span class='ocrx_word' id='word_1_470' title='bbox 1790 4487 1851 4539; x_wconf 88' lang='lat' dir='ltr'>in</span> <span class='ocrx_word' id='word_1_471' title='bbox 1901 4485 2135 4541; x_wconf 69' lang='lat' dir='ltr'>nemine</span> <span class='ocrx_word' id='word_1_472' title='bbox 2160 4487 2221 4542; x_wconf 85' lang='lat' dir='ltr'>in</span> 
     </span>
    </p>
   </div>
   <div class='ocr_carea' id='block_1_67' title="bbox 571 4570 2224 4646">
    <p class='ocr_par' dir='ltr' id='par_1_67' title="bbox 571 4570 2224 4646">
     <span class='ocr_line' id='line_1_67' title="bbox 571 4570 2224 4646; baseline 0.004 -20"><span class='ocrx_word' id='word_1_473' title='bbox 571 4574 880 4636; x_wconf 62' lang='lat' dir='ltr'>Meritum,</span> <span class='ocrx_word' id='word_1_474' title='bbox 914 4570 1026 4626; x_wconf 83' lang='lat' dir='ltr'>tale</span> <span class='ocrx_word' id='word_1_475' title='bbox 1055 4571 1144 4626; x_wconf 88' lang='lat' dir='ltr'>est</span> <span class='ocrx_word' id='word_1_476' title='bbox 1171 4572 1342 4642; x_wconf 86' lang='lat' dir='ltr'>quasi</span> <span class='ocrx_word' id='word_1_477' title='bbox 1378 4571 1660 4628; x_wconf 83' lang='lat' dir='ltr'>dixisset:</span> <span class='ocrx_word' id='word_1_478' title='bbox 1693 4572 1819 4628; x_wconf 87' lang='lat' dir='ltr'>Non</span> <span class='ocrx_word' id='word_1_479' title='bbox 1849 4576 2224 4646; x_wconf 90' lang='lat' dir='ltr'>permanebit</span> 
     </span>
    </p>
   </div>
   <div class='ocr_carea' id='block_1_68' title="bbox 569 4659 2222 4738">
    <p class='ocr_par' dir='ltr' id='par_1_68' title="bbox 569 4659 2222 4738">
     <span class='ocr_line' id='line_1_68' title="bbox 569 4659 2222 4738; baseline 0.003 -22"><span class='ocrx_word' id='word_1_480' title='bbox 569 4660 777 4716; x_wconf 86' lang='lat' dir='ltr'>anima</span> <span class='ocrx_word' id='word_1_481' title='bbox 802 4659 863 4715; x_wconf 93' lang='lat' dir='ltr'>in</span> <span class='ocrx_word' id='word_1_482' title='bbox 894 4670 1073 4718; x_wconf 85' lang='lat' dir='ltr'>carne</span> <span class='ocrx_word' id='word_1_483' title='bbox 1094 4660 1156 4715; x_wconf 90' lang='lat' dir='ltr'>in</span> <span class='ocrx_word' id='word_1_484' title='bbox 1188 4664 1495 4729; x_wconf 68' lang='lat' dir='ltr'>aeternum,</span> <span class='ocrx_word' id='word_1_485' title='bbox 1527 4662 1672 4733; x_wconf 67' lang='lat' dir='ltr'>Quia</span> <span class='ocrx_word' id='word_1_486' title='bbox 1699 4662 1883 4719; x_wconf 90' lang='lat' dir='ltr'>homo</span> <span class='ocrx_word' id='word_1_487' title='bbox 1908 4678 2031 4720; x_wconf 92' lang='lat' dir='ltr'>non</span> <span class='ocrx_word' id='word_1_488' title='bbox 2055 4666 2222 4738; x_wconf 87' lang='lat' dir='ltr'>spiri-</span> 
     </span>
    </p>
   </div>
   <div class='ocr_carea' id='block_1_69' title="bbox 569 4744 1627 4823">
    <p class='ocr_par' dir='ltr' id='par_1_69' title="bbox 569 4744 1627 4823">
     <span class='ocr_line' id='line_1_69' title="bbox 569 4744 1627 4823; baseline 0.003 -20"><span class='ocrx_word' id='word_1_489' title='bbox 569 4744 720 4816; x_wconf 86' lang='lat' dir='ltr'>talis,</span> <span class='ocrx_word' id='word_1_490' title='bbox 751 4748 858 4804; x_wconf 90' lang='lat' dir='ltr'>sed</span> <span class='ocrx_word' id='word_1_491' title='bbox 878 4750 1135 4807; x_wconf 84' lang='lat' dir='ltr'>carnalis</span> <span class='ocrx_word' id='word_1_492' title='bbox 1164 4754 1276 4807; x_wconf 91' lang='lat' dir='ltr'>est.</span> <span class='ocrx_word' id='word_1_493' title='bbox 1305 4750 1583 4823; x_wconf 84' lang='lat' dir='ltr'>Sequitur</span> <span class='ocrx_word' id='word_1_494' title='bbox 1614 4764 1627 4806; x_wconf 67' lang='grc' dir='ltr'><em>ξ</em></span> 
     </span>
    </p>
   </div>
   <div class='ocr_carea' id='block_1_70' title="bbox 643 4837 2221 4913">
    <p class='ocr_par' dir='ltr' id='par_1_70' title="bbox 643 4837 2221 4913">
     <span class='ocr_line' id='line_1_70' title="bbox 643 4837 2221 4913; baseline 0.007 -24"><span class='ocrx_word' id='word_1_495' title='bbox 643 4837 807 4889; x_wconf 75' lang='lat' dir='ltr'>Vens.</span> <span class='ocrx_word' id='word_1_496' title='bbox 834 4839 950 4892; x_wconf 81' lang='lat'>5-8.</span> <span class='ocrx_word' id='word_1_497' title='bbox 970 4869 1039 4878; x_wconf 97' lang='lat'><strong>—</strong></span> <span class='ocrx_word' id='word_1_498' title='bbox 1066 4838 1278 4896; x_wconf 75' lang='lat' dir='ltr'>Videris</span> <span class='ocrx_word' id='word_1_499' title='bbox 1305 4845 1503 4898; x_wconf 87' lang='lat' dir='ltr'>autem</span> <span class='ocrx_word' id='word_1_500' title='bbox 1524 4840 1680 4898; x_wconf 80' lang='lat' dir='ltr'>Deus</span> <span class='ocrx_word' id='word_1_501' title='bbox 1701 4844 1861 4913; x_wconf 82' lang='lat' dir='ltr'>quod</span> <span class='ocrx_word' id='word_1_502' title='bbox 1888 4844 2084 4899; x_wconf 82' lang='lat' dir='ltr'>multa</span> <span class='ocrx_word' id='word_1_503' title='bbox 2101 4856 2221 4901; x_wconf 88' lang='lat' dir='ltr'>ma-</span> 
     </span>
    </p>
   </div>
   <div class='ocr_carea' id='block_1_71' title="bbox 573 4920 2219 5006">
    <p class='ocr_par' dir='ltr' id='par_1_71' title="bbox 573 4920 2219 5006">
     <span class='ocr_line' id='line_1_71' title="bbox 573 4920 2219 5006; baseline 0.011 -34"><span class='ocrx_word' id='word_1_504' title='bbox 573 4920 703 4974; x_wconf 80' lang='lat' dir='ltr'>litia</span> <span class='ocrx_word' id='word_1_505' title='bbox 733 4921 1035 4977; x_wconf 81' lang='lat' dir='ltr'>hominum</span> <span class='ocrx_word' id='word_1_506' title='bbox 1064 4935 1209 4982; x_wconf 83' lang='lat' dir='ltr'>esset</span> <span class='ocrx_word' id='word_1_507' title='bbox 1258 4931 1320 4985; x_wconf 80' lang='lat' dir='ltr'>in</span> <span class='ocrx_word' id='word_1_508' title='bbox 1351 4936 1536 4998; x_wconf 85' lang='lat' dir='ltr'>terra,</span> <span class='ocrx_word' id='word_1_509' title='bbox 1576 4936 1633 4987; x_wconf 89' lang='lat' dir='ltr'>et</span> <span class='ocrx_word' id='word_1_510' title='bbox 1661 4937 1873 4989; x_wconf 76' lang='lat' dir='ltr'>ctetera</span> <span class='ocrx_word' id='word_1_511' title='bbox 1902 4948 2219 5006; x_wconf 89' lang='lat' dir='ltr'>usquequo</span> 
     </span>
    </p>
   </div>
   <div class='ocr_carea' id='block_1_72' title="bbox 569 5006 2216 5089">
    <p class='ocr_par' dir='ltr' id='par_1_72' title="bbox 569 5006 2216 5089">
     <span class='ocr_line' id='line_1_72' title="bbox 569 5006 2216 5089; baseline 0.011 -28"><span class='ocrx_word' id='word_1_512' title='bbox 569 5006 684 5062; x_wconf 81' lang='lat' dir='ltr'>ait:</span> <span class='ocrx_word' id='word_1_513' title='bbox 711 5008 1001 5065; x_wconf 73' lang='lat' dir='ltr'>Ptenituit</span> <span class='ocrx_word' id='word_1_514' title='bbox 1030 5024 1161 5066; x_wconf 86' lang='lat' dir='ltr'>eum</span> <span class='ocrx_word' id='word_1_515' title='bbox 1192 5018 1349 5082; x_wconf 80' lang='lat' dir='ltr'>quod</span> <span class='ocrx_word' id='word_1_516' title='bbox 1371 5020 1664 5076; x_wconf 83' lang='lat' dir='ltr'>hominem</span> <span class='ocrx_word' id='word_1_517' title='bbox 1684 5023 1916 5089; x_wconf 77' lang='lat' dir='ltr'>fecisset</span> <span class='ocrx_word' id='word_1_518' title='bbox 1938 5025 1999 5077; x_wconf 85' lang='lat' dir='ltr'>in</span> <span class='ocrx_word' id='word_1_519' title='bbox 2033 5029 2216 5088; x_wconf 78' lang='lat' dir='ltr'>terra,</span> 
     </span>
    </p>
   </div>
   <div class='ocr_carea' id='block_1_73' title="bbox 567 5093 2219 5178">
    <p class='ocr_par' dir='ltr' id='par_1_73' title="bbox 567 5093 2219 5178">
     <span class='ocr_line' id='line_1_73' title="bbox 567 5093 2219 5178; baseline 0.01 -32"><span class='ocrx_word' id='word_1_520' title='bbox 567 5097 624 5147; x_wconf 91' lang='lat' dir='ltr'>et</span> <span class='ocrx_word' id='word_1_521' title='bbox 652 5093 903 5165; x_wconf 87' lang='lat' dir='ltr'>reliqua.</span> <span class='ocrx_word' id='word_1_522' title='bbox 939 5098 1231 5162; x_wconf 76' lang='lat' dir='ltr'>Quaeritur</span> <span class='ocrx_word' id='word_1_523' title='bbox 1258 5102 1405 5172; x_wconf 90' lang='lat' dir='ltr'>quid</span> <span class='ocrx_word' id='word_1_524' title='bbox 1435 5108 1525 5159; x_wconf 90' lang='lat' dir='ltr'>est</span> <span class='ocrx_word' id='word_1_525' title='bbox 1552 5106 1718 5178; x_wconf 85' lang='lat' dir='ltr'>quod</span> <span class='ocrx_word' id='word_1_526' title='bbox 1750 5108 1825 5163; x_wconf 92' lang='lat' dir='ltr'>de</span> <span class='ocrx_word' id='word_1_527' title='bbox 1854 5111 1973 5163; x_wconf 92' lang='lat' dir='ltr'>Deo</span> <span class='ocrx_word' id='word_1_528' title='bbox 2004 5104 2219 5163; x_wconf 86' lang='lat' dir='ltr'>dicitur</span> 
     </span>
    </p>
   </div>
   <div class='ocr_carea' id='block_1_74' title="bbox 565 5181 2219 5262">
    <p class='ocr_par' dir='ltr' id='par_1_74' title="bbox 565 5181 2219 5262">
     <span class='ocr_line' id='line_1_74' title="bbox 565 5181 2219 5262; baseline 0.009 -28"><span class='ocrx_word' id='word_1_529' title='bbox 565 5181 921 5253; x_wconf 69' lang='lat' dir='ltr'>paenituisse</span> <span class='ocrx_word' id='word_1_530' title='bbox 951 5200 1090 5241; x_wconf 89' lang='lat' dir='ltr'>eum</span> <span class='ocrx_word' id='word_1_531' title='bbox 1137 5184 1443 5245; x_wconf 87' lang='lat' dir='ltr'>hominem</span> <span class='ocrx_word' id='word_1_532' title='bbox 1473 5192 1704 5249; x_wconf 86' lang='lat' dir='ltr'>fecisse.</span> <span class='ocrx_word' id='word_1_533' title='bbox 1738 5196 1807 5250; x_wconf 87' lang='lat' dir='ltr'>Et</span> <span class='ocrx_word' id='word_1_534' title='bbox 1834 5197 2070 5262; x_wconf 88' lang='lat' dir='ltr'>iterum,</span> <span class='ocrx_word' id='word_1_535' title='bbox 2101 5196 2219 5249; x_wconf 85' lang='lat' dir='ltr'>tac-</span> 
     </span>
    </p>
   </div>
   <div class='ocr_carea' id='block_1_75' title="bbox 568 5270 2214 5353">
    <p class='ocr_par' dir='ltr' id='par_1_75' title="bbox 568 5270 2214 5353">
     <span class='ocr_line' id='line_1_75' title="bbox 568 5270 2214 5353; baseline 0.009 -29"><span class='ocrx_word' id='word_1_536' title='bbox 568 5272 663 5325; x_wconf 86' lang='lat' dir='ltr'>tus</span> <span class='ocrx_word' id='word_1_537' title='bbox 683 5270 889 5329; x_wconf 82' lang='lat' dir='ltr'>dolore</span> <span class='ocrx_word' id='word_1_538' title='bbox 942 5277 1136 5332; x_wconf 75' lang='lat' dir='ltr'>cordis</span> <span class='ocrx_word' id='word_1_539' title='bbox 1167 5278 1523 5337; x_wconf 80' lang='lat' dir='ltr'>intrinsecus</span> <span class='ocrx_word' id='word_1_540' title='bbox 1543 5284 1571 5338; x_wconf 69' lang='grc' dir='ltr'>εν</span> <span class='ocrx_word' id='word_1_541' title='bbox 1597 5281 1877 5353; x_wconf 86' lang='lat' dir='ltr'>Nunquid</span> <span class='ocrx_word' id='word_1_542' title='bbox 1929 5281 1991 5335; x_wconf 88' lang='lat' dir='ltr'>in</span> <span class='ocrx_word' id='word_1_543' title='bbox 2029 5281 2214 5338; x_wconf 84' lang='lat' dir='ltr'>Deum</span> 
     </span>
    </p>
   </div>
   <div class='ocr_carea' id='block_1_76' title="bbox 565 5357 2214 5441">
    <p class='ocr_par' dir='ltr' id='par_1_76' title="bbox 565 5357 2214 5441">
     <span class='ocr_line' id='line_1_76' title="bbox 565 5357 2214 5441; baseline 0.008 -28"><span class='ocrx_word' id='word_1_544' title='bbox 565 5357 913 5432; x_wconf 69' lang='lat' dir='ltr'>paenitentia</span> <span class='ocrx_word' id='word_1_545' title='bbox 964 5369 1066 5420; x_wconf 89' lang='lat' dir='ltr'>aut</span> <span class='ocrx_word' id='word_1_546' title='bbox 1112 5365 1284 5423; x_wconf 90' lang='lat' dir='ltr'>dolor</span> <span class='ocrx_word' id='word_1_547' title='bbox 1329 5368 1523 5423; x_wconf 89' lang='lat' dir='ltr'>cordis</span> <span class='ocrx_word' id='word_1_548' title='bbox 1575 5368 1788 5424; x_wconf 89' lang='lat' dir='ltr'>cadere</span> <span class='ocrx_word' id='word_1_549' title='bbox 1831 5370 2068 5441; x_wconf 84' lang='lat' dir='ltr'>potest?</span> <span class='ocrx_word' id='word_1_550' title='bbox 2102 5371 2214 5426; x_wconf 88' lang='lat' dir='ltr'>Sed</span> 
     </span>
    </p>
   </div>
   <div class='ocr_carea' id='block_1_77' title="bbox 568 5446 2215 5528">
    <p class='ocr_par' dir='ltr' id='par_1_77' title="bbox 568 5446 2215 5528">
     <span class='ocr_line' id='line_1_77' title="bbox 568 5446 2215 5528; baseline 0.007 -25"><span class='ocrx_word' id='word_1_551' title='bbox 568 5446 883 5507; x_wconf 83' lang='lat' dir='ltr'>sciendum</span> <span class='ocrx_word' id='word_1_552' title='bbox 913 5456 1001 5509; x_wconf 87' lang='lat' dir='ltr'>est</span> <span class='ocrx_word' id='word_1_553' title='bbox 1046 5454 1190 5526; x_wconf 84' lang='lat' dir='ltr'>quia</span> <span class='ocrx_word' id='word_1_554' title='bbox 1220 5456 1375 5511; x_wconf 88' lang='lat' dir='ltr'>Deus</span> <span class='ocrx_word' id='word_1_555' title='bbox 1400 5468 1523 5510; x_wconf 92' lang='lat' dir='ltr'>non</span> <span class='ocrx_word' id='word_1_556' title='bbox 1553 5454 1628 5511; x_wconf 93' lang='lat' dir='ltr'>de</span> <span class='ocrx_word' id='word_1_557' title='bbox 1654 5457 1811 5512; x_wconf 87' lang='lat' dir='ltr'>facto</span> <span class='ocrx_word' id='word_1_558' title='bbox 1840 5472 1948 5512; x_wconf 90' lang='lat' dir='ltr'>suo</span> <span class='ocrx_word' id='word_1_559' title='bbox 1972 5456 2215 5528; x_wconf 85' lang='lat' dir='ltr'>poenitet</span> 
     </span>
    </p>
   </div>
   <div class='ocr_carea' id='block_1_78' title="bbox 567 5536 2213 5607">
    <p class='ocr_par' dir='ltr' id='par_1_78' title="bbox 567 5536 2213 5607">
     <span class='ocr_line' id='line_1_78' title="bbox 567 5536 2213 5607; baseline 0.005 -14"><span class='ocrx_word' id='word_1_560' title='bbox 567 5540 669 5593; x_wconf 89' lang='lat' dir='ltr'>aut</span> <span class='ocrx_word' id='word_1_561' title='bbox 698 5536 875 5603; x_wconf 90' lang='lat' dir='ltr'>dolet,</span> <span class='ocrx_word' id='word_1_562' title='bbox 922 5540 1073 5596; x_wconf 87' lang='lat' dir='ltr'>sicut</span> <span class='ocrx_word' id='word_1_563' title='bbox 1116 5542 1276 5597; x_wconf 91' lang='lat' dir='ltr'>dolet</span> <span class='ocrx_word' id='word_1_564' title='bbox 1320 5543 1526 5607; x_wconf 91' lang='lat' dir='ltr'>homo,</span> <span class='ocrx_word' id='word_1_565' title='bbox 1560 5542 1655 5597; x_wconf 91' lang='lat' dir='ltr'>cui</span> <span class='ocrx_word' id='word_1_566' title='bbox 1694 5547 1780 5598; x_wconf 89' lang='lat' dir='ltr'>est</span> <span class='ocrx_word' id='word_1_567' title='bbox 1827 5545 1902 5599; x_wconf 92' lang='lat' dir='ltr'>de</span> <span class='ocrx_word' id='word_1_568' title='bbox 1930 5544 2213 5601; x_wconf 90' lang='lat' dir='ltr'>omnibus</span> 
     </span>
    </p>
   </div>
   <div class='ocr_carea' id='block_1_79' title="bbox 565 5624 2211 5708">
    <p class='ocr_par' dir='ltr' id='par_1_79' title="bbox 565 5624 2211 5708">
     <span class='ocr_line' id='line_1_79' title="bbox 565 5624 2211 5708; baseline 0.004 -24"><span class='ocrx_word' id='word_1_569' title='bbox 565 5624 746 5686; x_wconf 80' lang='lat' dir='ltr'>rebus</span> <span class='ocrx_word' id='word_1_570' title='bbox 773 5628 1021 5689; x_wconf 86' lang='lat' dir='ltr'>omnino</span> <span class='ocrx_word' id='word_1_571' title='bbox 1040 5633 1167 5689; x_wconf 87' lang='lat' dir='ltr'>tam</span> <span class='ocrx_word' id='word_1_572' title='bbox 1185 5630 1309 5689; x_wconf 80' lang='lat' dir='ltr'>ﬁxa</span> <span class='ocrx_word' id='word_1_573' title='bbox 1338 5631 1628 5692; x_wconf 87' lang='lat' dir='ltr'>sententia</span> <span class='ocrx_word' id='word_1_574' title='bbox 1656 5644 1843 5706; x_wconf 87' lang='lat' dir='ltr'>quam</span> <span class='ocrx_word' id='word_1_575' title='bbox 1873 5637 2034 5692; x_wconf 87' lang='lat' dir='ltr'>certa</span> <span class='ocrx_word' id='word_1_576' title='bbox 2062 5646 2211 5708; x_wconf 57' lang='lat' dir='ltr'>pres.</span> 
     </span>
    </p>
   </div>
   <div class='ocr_carea' id='block_1_80' title="bbox 2339 1726 3184 1799">
    <p class='ocr_par' dir='ltr' id='par_1_80' title="bbox 2339 1726 3184 1799">
     <span class='ocr_line' id='line_1_80' title="bbox 2339 1726 3184 1799; baseline 0.004 -18"><span class='ocrx_word' id='word_1_577' title='bbox 2339 1726 2493 1781; x_wconf 87' lang='lat' dir='ltr'>illius</span> <span class='ocrx_word' id='word_1_578' title='bbox 2524 1726 2772 1796; x_wconf 86' lang='lat' dir='ltr'>vestigia</span> <span class='ocrx_word' id='word_1_579' title='bbox 2803 1728 3184 1799; x_wconf 86' lang='lat' dir='ltr'>sequebatur.</span> 
     </span>
    </p>
   </div>
   <div class='ocr_carea' id='block_1_81' title="bbox 2412 1816 3994 1888">
    <p class='ocr_par' dir='ltr' id='par_1_81' title="bbox 2412 1816 3994 1888">
     <span class='ocr_line' id='line_1_81' title="bbox 2412 1816 3994 1888; baseline 0.008 -20"><span class='ocrx_word' id='word_1_580' title='bbox 2412 1816 2580 1870; x_wconf 70' lang='lat' dir='ltr'>Vens.</span> <span class='ocrx_word' id='word_1_581' title='bbox 2616 1820 2698 1871; x_wconf 74' lang='lat' dir='ltr'>i3.</span> <span class='ocrx_word' id='word_1_582' title='bbox 2736 1848 2801 1855; x_wconf 94' lang='lat'>—</span> <span class='ocrx_word' id='word_1_583' title='bbox 2832 1818 3118 1888; x_wconf 70' lang='lat' dir='ltr'>Dixitque</span> <span class='ocrx_word' id='word_1_584' title='bbox 3164 1821 3455 1875; x_wconf 84' lang='lat' dir='ltr'>Dominus</span> <span class='ocrx_word' id='word_1_585' title='bbox 3499 1822 3579 1877; x_wconf 82' lang='lat' dir='ltr'>ad</span> <span class='ocrx_word' id='word_1_586' title='bbox 3618 1823 3740 1879; x_wconf 83' lang='lat' dir='ltr'>Noe</span> <span class='ocrx_word' id='word_1_587' title='bbox 3764 1838 3789 1880; x_wconf 87' lang='lat'>.°</span> <span class='ocrx_word' id='word_1_588' title='bbox 3815 1825 3994 1880; x_wconf 80' lang='lat' dir='ltr'>Finis</span> 
     </span>
    </p>
   </div>
   <div class='ocr_carea' id='block_1_82' title="bbox 2342 1906 3993 1969">
    <p class='ocr_par' dir='ltr' id='par_1_82' title="bbox 2342 1906 3993 1969">
     <span class='ocr_line' id='line_1_82' title="bbox 2342 1906 3993 1969; baseline 0.007 -11"><span class='ocrx_word' id='word_1_589' title='bbox 2342 1906 2632 1959; x_wconf 70' lang='lat' dir='ltr'>universa:</span> <span class='ocrx_word' id='word_1_590' title='bbox 2662 1907 2862 1960; x_wconf 85' lang='lat' dir='ltr'>carnis</span> <span class='ocrx_word' id='word_1_591' title='bbox 2906 1908 3062 1961; x_wconf 81' lang='lat' dir='ltr'>venit</span> <span class='ocrx_word' id='word_1_592' title='bbox 3093 1923 3291 1963; x_wconf 82' lang='lat' dir='ltr'>eorum</span> <span class='ocrx_word' id='word_1_593' title='bbox 3343 1925 3453 1965; x_wconf 85' lang='lat' dir='ltr'>me.</span> <span class='ocrx_word' id='word_1_594' title='bbox 3495 1911 3791 1967; x_wconf 69' lang='lat' dir='ltr'>Universae</span> <span class='ocrx_word' id='word_1_595' title='bbox 3833 1916 3993 1969; x_wconf 82' lang='lat' dir='ltr'>enim</span> 
     </span>
    </p>
   </div>
   <div class='ocr_carea' id='block_1_83' title="bbox 2339 1992 3990 2070">
    <p class='ocr_par' dir='ltr' id='par_1_83' title="bbox 2339 1992 3990 2070">
     <span class='ocr_line' id='line_1_83' title="bbox 2339 1992 3990 2070; baseline 0.004 -22"><span class='ocrx_word' id='word_1_596' title='bbox 2339 1994 2542 2048; x_wconf 83' lang='lat' dir='ltr'>carnis</span> <span class='ocrx_word' id='word_1_597' title='bbox 2569 1992 2937 2061; x_wconf 85' lang='lat' dir='ltr'>signiﬁcatur</span> <span class='ocrx_word' id='word_1_598' title='bbox 2953 1995 3222 2050; x_wconf 90' lang='lat' dir='ltr'>omnium</span> <span class='ocrx_word' id='word_1_599' title='bbox 3243 1997 3606 2061; x_wconf 83' lang='lat' dir='ltr'>mortalium,</span> <span class='ocrx_word' id='word_1_600' title='bbox 3626 2005 3839 2070; x_wconf 66' lang='lat' dir='ltr'>praeter</span> <span class='ocrx_word' id='word_1_601' title='bbox 3858 2000 3990 2057; x_wconf 89' lang='lat' dir='ltr'>illos</span> 
     </span>
    </p>
   </div>
   <div class='ocr_carea' id='block_1_84' title="bbox 2340 2080 3989 2158">
    <p class='ocr_par' dir='ltr' id='par_1_84' title="bbox 2340 2080 3989 2158">
     <span class='ocr_line' id='line_1_84' title="bbox 2340 2080 3989 2158; baseline 0.005 -23"><span class='ocrx_word' id='word_1_602' title='bbox 2340 2080 2443 2153; x_wconf 90' lang='lat' dir='ltr'>qui</span> <span class='ocrx_word' id='word_1_603' title='bbox 2464 2080 2526 2136; x_wconf 90' lang='lat' dir='ltr'>in</span> <span class='ocrx_word' id='word_1_604' title='bbox 2546 2097 2685 2136; x_wconf 87' lang='lat' dir='ltr'>arca</span> <span class='ocrx_word' id='word_1_605' title='bbox 2709 2080 2985 2137; x_wconf 88' lang='lat' dir='ltr'>salvandi</span> <span class='ocrx_word' id='word_1_606' title='bbox 3006 2088 3192 2139; x_wconf 86' lang='lat' dir='ltr'>erant.</span> <span class='ocrx_word' id='word_1_607' title='bbox 3219 2084 3297 2139; x_wconf 90' lang='lat' dir='ltr'>Illi</span> <span class='ocrx_word' id='word_1_608' title='bbox 3325 2085 3506 2154; x_wconf 85' lang='lat' dir='ltr'>igitur</span> <span class='ocrx_word' id='word_1_609' title='bbox 3529 2088 3705 2158; x_wconf 86' lang='lat' dir='ltr'>quasi</span> <span class='ocrx_word' id='word_1_610' title='bbox 3733 2089 3989 2144; x_wconf 56' lang='lat' dir='ltr'>semina-</span> 
     </span>
    </p>
   </div>
   <div class='ocr_carea' id='block_1_85' title="bbox 2340 2171 3991 2243">
    <p class='ocr_par' dir='ltr' id='par_1_85' title="bbox 2340 2171 3991 2243">
     <span class='ocr_line' id='line_1_85' title="bbox 2340 2171 3991 2243; baseline 0.005 -18"><span class='ocrx_word' id='word_1_611' title='bbox 2340 2171 2493 2225; x_wconf 85' lang='lat' dir='ltr'>rium</span> <span class='ocrx_word' id='word_1_612' title='bbox 2526 2171 2806 2226; x_wconf 77' lang='lat' dir='ltr'>secundie</span> <span class='ocrx_word' id='word_1_613' title='bbox 2838 2171 3084 2239; x_wconf 88' lang='lat' dir='ltr'>originis</span> <span class='ocrx_word' id='word_1_614' title='bbox 3114 2175 3325 2230; x_wconf 83' lang='lat' dir='ltr'>servati</span> <span class='ocrx_word' id='word_1_615' title='bbox 3350 2180 3512 2230; x_wconf 89' lang='lat' dir='ltr'>sunt.</span> <span class='ocrx_word' id='word_1_616' title='bbox 3557 2178 3836 2243; x_wconf 83' lang='lat' dir='ltr'>Sequitur</span> <span class='ocrx_word' id='word_1_617' title='bbox 3866 2197 3876 2233; x_wconf 92' lang='lat'><strong>:</strong></span> <span class='ocrx_word' id='word_1_618' title='bbox 3906 2178 3991 2233; x_wconf 84' lang='lat' dir='ltr'>Et</span> 
     </span>
    </p>
   </div>
   <div class='ocr_carea' id='block_1_86' title="bbox 2339 2261 3989 2331">
    <p class='ocr_par' dir='ltr' id='par_1_86' title="bbox 2339 2261 3989 2331">
     <span class='ocr_line' id='line_1_86' title="bbox 2339 2261 3989 2331; baseline 0.004 -16"><span class='ocrx_word' id='word_1_619' title='bbox 2339 2261 2679 2331; x_wconf 73' lang='lat' dir='ltr'>dispertitam</span> <span class='ocrx_word' id='word_1_620' title='bbox 2702 2276 2796 2316; x_wconf 79' lang='lat' dir='ltr'>eos</span> <span class='ocrx_word' id='word_1_621' title='bbox 2818 2274 2949 2316; x_wconf 87' lang='lat' dir='ltr'>cum</span> <span class='ocrx_word' id='word_1_622' title='bbox 2976 2268 3158 2317; x_wconf 80' lang='lat' dir='ltr'>terra.</span> <span class='ocrx_word' id='word_1_623' title='bbox 3175 2264 3491 2328; x_wconf 84' lang='lat' dir='ltr'>Quomodo</span> <span class='ocrx_word' id='word_1_624' title='bbox 3507 2278 3647 2320; x_wconf 90' lang='lat' dir='ltr'>cum</span> <span class='ocrx_word' id='word_1_625' title='bbox 3665 2271 3835 2331; x_wconf 83' lang='lat' dir='ltr'>terra,</span> <span class='ocrx_word' id='word_1_626' title='bbox 3849 2280 3989 2321; x_wconf 90' lang='lat' dir='ltr'>cum</span> 
     </span>
    </p>
   </div>
   <div class='ocr_carea' id='block_1_87' title="bbox 2342 2353 3990 2424">
    <p class='ocr_par' dir='ltr' id='par_1_87' title="bbox 2342 2353 3990 2424">
     <span class='ocr_line' id='line_1_87' title="bbox 2342 2353 3990 2424; baseline 0.004 -18"><span class='ocrx_word' id='word_1_627' title='bbox 2342 2356 2497 2407; x_wconf 88' lang='lat' dir='ltr'>terra</span> <span class='ocrx_word' id='word_1_628' title='bbox 2518 2357 2725 2424; x_wconf 87' lang='lat' dir='ltr'>postea</span> <span class='ocrx_word' id='word_1_629' title='bbox 2746 2353 3071 2408; x_wconf 84' lang='lat' dir='ltr'>remansit?</span> <span class='ocrx_word' id='word_1_630' title='bbox 3097 2354 3366 2411; x_wconf 88' lang='lat' dir='ltr'>Tradunt</span> <span class='ocrx_word' id='word_1_631' title='bbox 3385 2358 3544 2411; x_wconf 88' lang='lat' dir='ltr'>enim</span> <span class='ocrx_word' id='word_1_632' title='bbox 3579 2356 3853 2413; x_wconf 86' lang='lat' dir='ltr'>doctores</span> <span class='ocrx_word' id='word_1_633' title='bbox 3880 2362 3990 2413; x_wconf 79' lang='lat' dir='ltr'>ter-</span> 
     </span>
    </p>
   </div>
   <div class='ocr_carea' id='block_1_88' title="bbox 2340 2439 3989 2513">
    <p class='ocr_par' dir='ltr' id='par_1_88' title="bbox 2340 2439 3989 2513">
     <span class='ocr_line' id='line_1_88' title="bbox 2340 2439 3989 2513; baseline 0.004 -20"><span class='ocrx_word' id='word_1_634' title='bbox 2340 2455 2419 2495; x_wconf 79' lang='lat' dir='ltr'>rae</span> <span class='ocrx_word' id='word_1_635' title='bbox 2451 2439 2720 2507; x_wconf 85' lang='lat' dir='ltr'>vigorem</span> <span class='ocrx_word' id='word_1_636' title='bbox 2763 2444 2818 2495; x_wconf 90' lang='lat' dir='ltr'>et</span> <span class='ocrx_word' id='word_1_637' title='bbox 2840 2440 3264 2497; x_wconf 86' lang='lat' dir='ltr'>fecunditatem</span> <span class='ocrx_word' id='word_1_638' title='bbox 3293 2442 3471 2513; x_wconf 88' lang='lat' dir='ltr'>longe</span> <span class='ocrx_word' id='word_1_639' title='bbox 3494 2444 3833 2501; x_wconf 86' lang='lat' dir='ltr'>inferiorem</span> <span class='ocrx_word' id='word_1_640' title='bbox 3862 2456 3989 2500; x_wconf 85' lang='lat' dir='ltr'>esse</span> 
     </span>
    </p>
   </div>
   <div class='ocr_carea' id='block_1_89' title="bbox 2340 2528 3988 2601">
    <p class='ocr_par' dir='ltr' id='par_1_89' title="bbox 2340 2528 3988 2601">
     <span class='ocr_line' id='line_1_89' title="bbox 2340 2528 3988 2601; baseline 0.004 -19"><span class='ocrx_word' id='word_1_641' title='bbox 2340 2532 2480 2601; x_wconf 91' lang='lat' dir='ltr'>post</span> <span class='ocrx_word' id='word_1_642' title='bbox 2526 2528 2813 2584; x_wconf 80' lang='lat' dir='ltr'>diluvium</span> <span class='ocrx_word' id='word_1_643' title='bbox 2846 2544 3030 2601; x_wconf 90' lang='lat' dir='ltr'>quam</span> <span class='ocrx_word' id='word_1_644' title='bbox 3081 2535 3236 2599; x_wconf 83' lang='lat' dir='ltr'>ante,</span> <span class='ocrx_word' id='word_1_645' title='bbox 3270 2536 3326 2587; x_wconf 88' lang='lat' dir='ltr'>et</span> <span class='ocrx_word' id='word_1_646' title='bbox 3364 2530 3585 2590; x_wconf 91' lang='lat' dir='ltr'>idcirco</span> <span class='ocrx_word' id='word_1_647' title='bbox 3641 2534 3988 2591; x_wconf 88' lang='lat' dir='ltr'>hominibus</span> 
     </span>
    </p>
   </div>
   <div class='ocr_carea' id='block_1_90' title="bbox 2341 2618 3991 2691">
    <p class='ocr_par' dir='ltr' id='par_1_90' title="bbox 2341 2618 3991 2691">
     <span class='ocr_line' id='line_1_90' title="bbox 2341 2618 3991 2691; baseline 0.003 -18"><span class='ocrx_word' id='word_1_648' title='bbox 2341 2633 2584 2673; x_wconf 89' lang='lat' dir='ltr'>carnem</span> <span class='ocrx_word' id='word_1_649' title='bbox 2614 2618 2789 2673; x_wconf 88' lang='lat' dir='ltr'>edere</span> <span class='ocrx_word' id='word_1_650' title='bbox 2813 2618 3113 2675; x_wconf 85' lang='lat' dir='ltr'>licentiam</span> <span class='ocrx_word' id='word_1_651' title='bbox 3144 2628 3277 2675; x_wconf 87' lang='lat' dir='ltr'>esse</span> <span class='ocrx_word' id='word_1_652' title='bbox 3307 2620 3535 2691; x_wconf 88' lang='lat' dir='ltr'>datam,</span> <span class='ocrx_word' id='word_1_653' title='bbox 3560 2626 3615 2678; x_wconf 89' lang='lat' dir='ltr'>et</span> <span class='ocrx_word' id='word_1_654' title='bbox 3645 2627 3781 2678; x_wconf 90' lang='lat' dir='ltr'>ante</span> <span class='ocrx_word' id='word_1_655' title='bbox 3811 2622 3991 2678; x_wconf 86' lang='lat' dir='ltr'>etiam</span> 
     </span>
    </p>
   </div>
   <div class='ocr_carea' id='block_1_91' title="bbox 2342 2706 3915 2766">
    <p class='ocr_par' dir='ltr' id='par_1_91' title="bbox 2342 2706 3915 2766">
     <span class='ocr_line' id='line_1_91' title="bbox 2342 2706 3915 2766; baseline 0.003 -6"><span class='ocrx_word' id='word_1_656' title='bbox 2342 2706 2633 2761; x_wconf 86' lang='lat' dir='ltr'>diluvium</span> <span class='ocrx_word' id='word_1_657' title='bbox 2664 2706 2955 2761; x_wconf 88' lang='lat' dir='ltr'>fructibus</span> <span class='ocrx_word' id='word_1_658' title='bbox 2982 2712 3151 2763; x_wconf 69' lang='lat' dir='ltr'>terrae</span> <span class='ocrx_word' id='word_1_659' title='bbox 3178 2706 3561 2765; x_wconf 91' lang='lat' dir='ltr'>solummodo</span> <span class='ocrx_word' id='word_1_660' title='bbox 3600 2711 3915 2766; x_wconf 87' lang='lat' dir='ltr'>victitasse.</span> 
     </span>
    </p>
   </div>
   <div class='ocr_carea' id='block_1_92' title="bbox 2412 2792 3991 2869">
    <p class='ocr_par' dir='ltr' id='par_1_92' title="bbox 2412 2792 3991 2869">
     <span class='ocr_line' id='line_1_92' title="bbox 2412 2792 3991 2869; baseline 0.004 -21"><span class='ocrx_word' id='word_1_661' title='bbox 2412 2797 2580 2849; x_wconf 73' lang='lat' dir='ltr'>Vens.</span> <span class='ocrx_word' id='word_1_662' title='bbox 2617 2793 2699 2849; x_wconf 75' lang='grc'>14.</span> <span class='ocrx_word' id='word_1_663' title='bbox 2734 2826 2803 2834; x_wconf 90' lang='lat'>——</span> <span class='ocrx_word' id='word_1_664' title='bbox 2830 2797 2952 2852; x_wconf 87' lang='lat' dir='ltr'>Fac</span> <span class='ocrx_word' id='word_1_665' title='bbox 2982 2797 3091 2851; x_wconf 83' lang='lat' dir='ltr'>tibi</span> <span class='ocrx_word' id='word_1_666' title='bbox 3117 2808 3318 2853; x_wconf 81' lang='lat' dir='ltr'>arcam</span> <span class='ocrx_word' id='word_1_667' title='bbox 3346 2792 3420 2853; x_wconf 77' lang='lat' dir='ltr'>de</span> <span class='ocrx_word' id='word_1_668' title='bbox 3448 2800 3628 2868; x_wconf 82' lang='lat' dir='ltr'>lignis</span> <span class='ocrx_word' id='word_1_669' title='bbox 3673 2800 3991 2869; x_wconf 64' lang='lat' dir='ltr'>lzvigatis.</span> 
     </span>
    </p>
   </div>
   <div class='ocr_carea' id='block_1_93' title="bbox 2341 2883 3997 2957">
    <p class='ocr_par' dir='ltr' id='par_1_93' title="bbox 2341 2883 3997 2957">
     <span class='ocr_line' id='line_1_93' title="bbox 2341 2883 3997 2957; baseline 0.004 -19"><span class='ocrx_word' id='word_1_670' title='bbox 2341 2883 2523 2952; x_wconf 87' lang='lat' dir='ltr'>Ligna</span> <span class='ocrx_word' id='word_1_671' title='bbox 2552 2883 2850 2953; x_wconf 69' lang='lat' dir='ltr'>lasvigata,</span> <span class='ocrx_word' id='word_1_672' title='bbox 2874 2884 3047 2940; x_wconf 87' lang='lat' dir='ltr'>fortia</span> <span class='ocrx_word' id='word_1_673' title='bbox 3074 2891 3129 2941; x_wconf 88' lang='lat' dir='ltr'>et</span> <span class='ocrx_word' id='word_1_674' title='bbox 3149 2884 3509 2955; x_wconf 76' lang='lat' dir='ltr'>insolubilis,</span> <span class='ocrx_word' id='word_1_675' title='bbox 3532 2887 3605 2941; x_wconf 89' lang='lat' dir='ltr'>de</span> <span class='ocrx_word' id='word_1_676' title='bbox 3625 2887 3846 2957; x_wconf 86' lang='lat' dir='ltr'>quibus</span> <span class='ocrx_word' id='word_1_677' title='bbox 3868 2888 3997 2945; x_wconf 87' lang='lat' dir='ltr'>alia</span> 
     </span>
    </p>
   </div>
   <div class='ocr_carea' id='block_1_94' title="bbox 2340 2970 3996 3042">
    <p class='ocr_par' dir='ltr' id='par_1_94' title="bbox 2340 2970 3996 3042">
     <span class='ocr_line' id='line_1_94' title="bbox 2340 2970 3996 3042; baseline 0.004 -16"><span class='ocrx_word' id='word_1_678' title='bbox 2340 2970 2646 3027; x_wconf 85' lang='lat' dir='ltr'>translatio</span> <span class='ocrx_word' id='word_1_679' title='bbox 2676 2972 2817 3027; x_wconf 90' lang='lat' dir='ltr'>dicit</span> <span class='ocrx_word' id='word_1_680' title='bbox 2845 2974 3164 3042; x_wconf 80' lang='lat' dir='ltr'>quadrata,</span> <span class='ocrx_word' id='word_1_681' title='bbox 3185 2978 3247 3028; x_wconf 90' lang='lat' dir='ltr'>ut</span> <span class='ocrx_word' id='word_1_682' title='bbox 3273 2986 3411 3028; x_wconf 90' lang='lat' dir='ltr'>arca</span> <span class='ocrx_word' id='word_1_683' title='bbox 3437 2988 3546 3028; x_wconf 88' lang='lat' dir='ltr'>nec</span> <span class='ocrx_word' id='word_1_684' title='bbox 3576 2977 3892 3028; x_wconf 63' lang='lat' dir='ltr'>Ventorum</span> <span class='ocrx_word' id='word_1_685' title='bbox 3927 2977 3996 3032; x_wconf 77' lang='lat' dir='ltr'>vi</span> 
     </span>
    </p>
   </div>
   <div class='ocr_carea' id='block_1_95' title="bbox 2339 3062 3999 3132">
    <p class='ocr_par' dir='ltr' id='par_1_95' title="bbox 2339 3062 3999 3132">
     <span class='ocr_line' id='line_1_95' title="bbox 2339 3062 3999 3132; baseline 0.002 -15"><span class='ocrx_word' id='word_1_686' title='bbox 2339 3076 2447 3117; x_wconf 92' lang='lat' dir='ltr'>nec</span> <span class='ocrx_word' id='word_1_687' title='bbox 2471 3070 2769 3132; x_wconf 86' lang='lat' dir='ltr'>aquarum</span> <span class='ocrx_word' id='word_1_688' title='bbox 2801 3062 3185 3117; x_wconf 87' lang='lat' dir='ltr'>inundatione</span> <span class='ocrx_word' id='word_1_689' title='bbox 3216 3062 3555 3117; x_wconf 85' lang='lat' dir='ltr'>solveretur.</span> <span class='ocrx_word' id='word_1_690' title='bbox 3588 3062 3667 3117; x_wconf 84' lang='lat' dir='ltr'>Et</span> <span class='ocrx_word' id='word_1_691' title='bbox 3694 3062 3999 3121; x_wconf 83' lang='lat' dir='ltr'>bitumine</span> 
     </span>
    </p>
   </div>
   <div class='ocr_carea' id='block_1_96' title="bbox 2335 3150 3999 3222">
    <p class='ocr_par' dir='ltr' id='par_1_96' title="bbox 2335 3150 3999 3222">
     <span class='ocr_line' id='line_1_96' title="bbox 2335 3150 3999 3222; baseline 0 -15"><span class='ocrx_word' id='word_1_692' title='bbox 2335 3153 2523 3222; x_wconf 82' lang='lat' dir='ltr'>facies</span> <span class='ocrx_word' id='word_1_693' title='bbox 2553 3152 2911 3208; x_wconf 79' lang='lat' dir='ltr'>intrinsecus</span> <span class='ocrx_word' id='word_1_694' title='bbox 2933 3156 2985 3206; x_wconf 82' lang='lat' dir='ltr'>et</span> <span class='ocrx_word' id='word_1_695' title='bbox 3012 3152 3396 3206; x_wconf 69' lang='lat' dir='ltr'>extrinsecus.</span> <span class='ocrx_word' id='word_1_696' title='bbox 3432 3150 3703 3205; x_wconf 88' lang='lat' dir='ltr'>Bitumen</span> <span class='ocrx_word' id='word_1_697' title='bbox 3757 3155 3850 3206; x_wconf 85' lang='lat' dir='ltr'>est</span> <span class='ocrx_word' id='word_1_698' title='bbox 3878 3150 3999 3207; x_wconf 83' lang='lat' dir='ltr'>fer-</span> 
     </span>
    </p>
   </div>
   <div class='ocr_carea' id='block_1_97' title="bbox 2336 3239 3994 3309">
    <p class='ocr_par' dir='ltr' id='par_1_97' title="bbox 2336 3239 3994 3309">
     <span class='ocr_line' id='line_1_97' title="bbox 2336 3239 3994 3309; baseline 0 -12"><span class='ocrx_word' id='word_1_699' title='bbox 2336 3240 2751 3297; x_wconf 75' lang='lat' dir='ltr'>ventissimam</span> <span class='ocrx_word' id='word_1_700' title='bbox 2784 3245 2841 3296; x_wconf 90' lang='lat' dir='ltr'>et</span> <span class='ocrx_word' id='word_1_701' title='bbox 2868 3239 3386 3295; x_wconf 87' lang='lat' dir='ltr'>inviolatissimum</span> <span class='ocrx_word' id='word_1_702' title='bbox 3437 3240 3659 3309; x_wconf 87' lang='lat' dir='ltr'>gluten,</span> <span class='ocrx_word' id='word_1_703' title='bbox 3695 3240 3869 3309; x_wconf 86' lang='lat' dir='ltr'>cujus</span> <span class='ocrx_word' id='word_1_704' title='bbox 3901 3246 3994 3297; x_wconf 90' lang='lat' dir='ltr'>est</span> 
     </span>
    </p>
   </div>
   <div class='ocr_carea' id='block_1_98' title="bbox 2336 3328 3988 3399">
    <p class='ocr_par' dir='ltr' id='par_1_98' title="bbox 2336 3328 3988 3399">
     <span class='ocr_line' id='line_1_98' title="bbox 2336 3328 3988 3399; baseline -0.002 -13"><span class='ocrx_word' id='word_1_705' title='bbox 2336 3332 2523 3386; x_wconf 91' lang='lat' dir='ltr'>virtus</span> <span class='ocrx_word' id='word_1_706' title='bbox 2554 3334 2618 3385; x_wconf 91' lang='lat' dir='ltr'>ut</span> <span class='ocrx_word' id='word_1_707' title='bbox 2668 3329 2832 3397; x_wconf 89' lang='lat' dir='ltr'>ligna</span> <span class='ocrx_word' id='word_1_708' title='bbox 2875 3346 2946 3385; x_wconf 92' lang='lat' dir='ltr'>ex</span> <span class='ocrx_word' id='word_1_709' title='bbox 3001 3345 3072 3384; x_wconf 84' lang='lat' dir='ltr'>eo</span> <span class='ocrx_word' id='word_1_710' title='bbox 3101 3328 3268 3384; x_wconf 88' lang='lat' dir='ltr'>linita</span> <span class='ocrx_word' id='word_1_711' title='bbox 3322 3344 3433 3384; x_wconf 89' lang='lat' dir='ltr'>nec</span> <span class='ocrx_word' id='word_1_712' title='bbox 3457 3328 3763 3383; x_wconf 88' lang='lat' dir='ltr'>vermibus</span> <span class='ocrx_word' id='word_1_713' title='bbox 3793 3329 3988 3399; x_wconf 86' lang='lat' dir='ltr'>exedi,</span> 
     </span>
    </p>
   </div>
   <div class='ocr_carea' id='block_1_99' title="bbox 2336 3414 3987 3488">
    <p class='ocr_par' dir='ltr' id='par_1_99' title="bbox 2336 3414 3987 3488">
     <span class='ocr_line' id='line_1_99' title="bbox 2336 3414 3987 3488; baseline -0.001 -15"><span class='ocrx_word' id='word_1_714' title='bbox 2336 3432 2447 3474; x_wconf 86' lang='lat' dir='ltr'>nec</span> <span class='ocrx_word' id='word_1_715' title='bbox 2488 3418 2628 3473; x_wconf 89' lang='lat' dir='ltr'>solis</span> <span class='ocrx_word' id='word_1_716' title='bbox 2654 3418 2888 3479; x_wconf 80' lang='lat' dir='ltr'>ardore,</span> <span class='ocrx_word' id='word_1_717' title='bbox 2914 3417 3007 3472; x_wconf 89' lang='lat' dir='ltr'>vel</span> <span class='ocrx_word' id='word_1_718' title='bbox 3037 3422 3353 3472; x_wconf 88' lang='lat' dir='ltr'>ventorum</span> <span class='ocrx_word' id='word_1_719' title='bbox 3384 3414 3645 3479; x_wconf 82' lang='lat' dir='ltr'>flatibus,</span> <span class='ocrx_word' id='word_1_720' title='bbox 3678 3416 3772 3472; x_wconf 91' lang='lat' dir='ltr'>vel</span> <span class='ocrx_word' id='word_1_721' title='bbox 3797 3431 3987 3488; x_wconf 88' lang='lat' dir='ltr'>aqua-</span> 
     </span>
    </p>
   </div>
   <div class='ocr_carea' id='block_1_100' title="bbox 2335 3504 3530 3578">
    <p class='ocr_par' dir='ltr' id='par_1_100' title="bbox 2335 3504 3530 3578">
     <span class='ocr_line' id='line_1_100' title="bbox 2335 3504 3530 3578; baseline -0.002 -16"><span class='ocrx_word' id='word_1_722' title='bbox 2335 3520 2471 3563; x_wconf 88' lang='lat' dir='ltr'>rum</span> <span class='ocrx_word' id='word_1_723' title='bbox 2495 3506 2728 3578; x_wconf 89' lang='lat' dir='ltr'>possint</span> <span class='ocrx_word' id='word_1_724' title='bbox 2751 3504 3242 3561; x_wconf 89' lang='lat' dir='ltr'>inundationibus</span> <span class='ocrx_word' id='word_1_725' title='bbox 3268 3504 3530 3560; x_wconf 85' lang='lat' dir='ltr'>dissolvi.</span> 
     </span>
    </p>
   </div>
   <div class='ocr_carea' id='block_1_101' title="bbox 2407 3594 3987 3651">
    <p class='ocr_par' dir='ltr' id='par_1_101' title="bbox 2407 3594 3987 3651">
     <span class='ocr_line' id='line_1_101' title="bbox 2407 3594 3987 3651; baseline 0 -2"><span class='ocrx_word' id='word_1_726' title='bbox 2407 3598 2583 3651; x_wconf 63' lang='lat' dir='ltr'>Vens;</span> <span class='ocrx_word' id='word_1_727' title='bbox 2620 3600 2706 3650; x_wconf 81' lang='grc'>15.</span> <span class='ocrx_word' id='word_1_728' title='bbox 2738 3624 2806 3636; x_wconf 67' lang='grc' dir='ltr'>-ι</span> <span class='ocrx_word' id='word_1_729' title='bbox 2845 3594 3262 3651; x_wconf 83' lang='lat' dir='ltr'>Trecentorum</span> <span class='ocrx_word' id='word_1_730' title='bbox 3312 3594 3648 3650; x_wconf 81' lang='lat' dir='ltr'>cubitorum</span> <span class='ocrx_word' id='word_1_731' title='bbox 3701 3595 3809 3649; x_wconf 80' lang='lat' dir='ltr'>erit</span> <span class='ocrx_word' id='word_1_732' title='bbox 3860 3594 3987 3649; x_wconf 80' lang='lat' dir='ltr'>ton-</span> 
     </span>
    </p>
   </div>
   <div class='ocr_carea' id='block_1_102' title="bbox 2336 3682 3981 3757">
    <p class='ocr_par' dir='ltr' id='par_1_102' title="bbox 2336 3682 3981 3757">
     <span class='ocr_line' id='line_1_102' title="bbox 2336 3682 3981 3757; baseline -0.002 -16"><span class='ocrx_word' id='word_1_733' title='bbox 2336 3684 2544 3756; x_wconf 83' lang='lat' dir='ltr'>gitudo</span> <span class='ocrx_word' id='word_1_734' title='bbox 2593 3698 2786 3755; x_wconf 73' lang='lat' dir='ltr'>arcae;</span> <span class='ocrx_word' id='word_1_735' title='bbox 2811 3684 3251 3757; x_wconf 87' lang='lat' dir='ltr'>quinquaginta</span> <span class='ocrx_word' id='word_1_736' title='bbox 3277 3683 3617 3739; x_wconf 88' lang='lat' dir='ltr'>cubitorum</span> <span class='ocrx_word' id='word_1_737' title='bbox 3654 3682 3904 3739; x_wconf 91' lang='lat' dir='ltr'>latitudo</span> <span class='ocrx_word' id='word_1_738' title='bbox 3928 3689 3981 3738; x_wconf 88' lang='lat' dir='ltr'>et</span> 
     </span>
    </p>
   </div>
   <div class='ocr_carea' id='block_1_103' title="bbox 2336 3772 3983 3843">
    <p class='ocr_par' dir='ltr' id='par_1_103' title="bbox 2336 3772 3983 3843">
     <span class='ocr_line' id='line_1_103' title="bbox 2336 3772 3983 3843; baseline -0.002 -15"><span class='ocrx_word' id='word_1_739' title='bbox 2336 3775 2588 3843; x_wconf 82' lang='lat' dir='ltr'>triginta</span> <span class='ocrx_word' id='word_1_740' title='bbox 2631 3773 2965 3829; x_wconf 86' lang='lat' dir='ltr'>cubitorum</span> <span class='ocrx_word' id='word_1_741' title='bbox 3016 3774 3273 3829; x_wconf 79' lang='lat' dir='ltr'>altitudo</span> <span class='ocrx_word' id='word_1_742' title='bbox 3309 3774 3495 3828; x_wconf 77' lang='lat' dir='ltr'>illius.</span> <span class='ocrx_word' id='word_1_743' title='bbox 3550 3772 3797 3836; x_wconf 85' lang='lat' dir='ltr'>Qualem</span> <span class='ocrx_word' id='word_1_744' title='bbox 3840 3782 3983 3840; x_wconf 87' lang='lat' dir='ltr'>ergo</span> 
     </span>
    </p>
   </div>
   <div class='ocr_carea' id='block_1_104' title="bbox 2335 3859 3986 3933">
    <p class='ocr_par' dir='ltr' id='par_1_104' title="bbox 2335 3859 3986 3933">
     <span class='ocr_line' id='line_1_104' title="bbox 2335 3859 3986 3933; baseline -0.002 -15"><span class='ocrx_word' id='word_1_745' title='bbox 2335 3878 2488 3917; x_wconf 71' lang='lat' dir='ltr'>arcze</span> <span class='ocrx_word' id='word_1_746' title='bbox 2520 3861 2778 3933; x_wconf 88' lang='lat' dir='ltr'>speciem</span> <span class='ocrx_word' id='word_1_747' title='bbox 2806 3861 2897 3917; x_wconf 89' lang='lat' dir='ltr'>vel</span> <span class='ocrx_word' id='word_1_748' title='bbox 2923 3861 3181 3917; x_wconf 86' lang='lat' dir='ltr'>formam</span> <span class='ocrx_word' id='word_1_749' title='bbox 3206 3861 3496 3917; x_wconf 90' lang='lat' dir='ltr'>debemus</span> <span class='ocrx_word' id='word_1_750' title='bbox 3517 3859 3840 3929; x_wconf 83' lang='lat' dir='ltr'>intelligere</span> <span class='ocrx_word' id='word_1_751' title='bbox 3860 3859 3888 3913; x_wconf 88' lang='lat'><strong>?</strong></span> <span class='ocrx_word' id='word_1_752' title='bbox 3915 3860 3986 3915; x_wconf 85' lang='lat' dir='ltr'>Ut</span> 
     </span>
    </p>
   </div>
   <div class='ocr_carea' id='block_1_105' title="bbox 2334 3947 3986 4020">
    <p class='ocr_par' dir='ltr' id='par_1_105' title="bbox 2334 3947 3986 4020">
     <span class='ocr_line' id='line_1_105' title="bbox 2334 3947 3986 4020; baseline -0.002 -16"><span class='ocrx_word' id='word_1_753' title='bbox 2334 3950 2589 4015; x_wconf 88' lang='lat' dir='ltr'>videtur,</span> <span class='ocrx_word' id='word_1_754' title='bbox 2621 3952 2881 4020; x_wconf 82' lang='lat' dir='ltr'>quatuor</span> <span class='ocrx_word' id='word_1_755' title='bbox 2924 3948 3159 4017; x_wconf 85' lang='lat' dir='ltr'>angulis</span> <span class='ocrx_word' id='word_1_756' title='bbox 3206 3963 3340 4003; x_wconf 87' lang='lat' dir='ltr'>eam</span> <span class='ocrx_word' id='word_1_757' title='bbox 3384 3964 3457 4003; x_wconf 86' lang='lat' dir='ltr'>ex</span> <span class='ocrx_word' id='word_1_758' title='bbox 3497 3947 3620 4002; x_wconf 86' lang='lat' dir='ltr'>imo</span> <span class='ocrx_word' id='word_1_759' title='bbox 3665 3960 3986 4015; x_wconf 86' lang='lat' dir='ltr'>assurgen-</span> 
     </span>
    </p>
   </div>
   <div class='ocr_carea' id='block_1_106' title="bbox 2336 4033 3986 4107">
    <p class='ocr_par' dir='ltr' id='par_1_106' title="bbox 2336 4033 3986 4107">
     <span class='ocr_line' id='line_1_106' title="bbox 2336 4033 3986 4107; baseline -0.002 -14"><span class='ocrx_word' id='word_1_760' title='bbox 2336 4040 2475 4103; x_wconf 87' lang='lat' dir='ltr'>tem,</span> <span class='ocrx_word' id='word_1_761' title='bbox 2509 4040 2563 4090; x_wconf 88' lang='lat' dir='ltr'>et</span> <span class='ocrx_word' id='word_1_762' title='bbox 2612 4034 2833 4089; x_wconf 84' lang='lat' dir='ltr'>eisdem</span> <span class='ocrx_word' id='word_1_763' title='bbox 2870 4035 3161 4107; x_wconf 87' lang='lat' dir='ltr'>paulatim</span> <span class='ocrx_word' id='word_1_764' title='bbox 3206 4050 3397 4107; x_wconf 86' lang='lat' dir='ltr'>usque</span> <span class='ocrx_word' id='word_1_765' title='bbox 3445 4033 3521 4089; x_wconf 90' lang='lat' dir='ltr'>ad</span> <span class='ocrx_word' id='word_1_766' title='bbox 3552 4033 3750 4088; x_wconf 87' lang='lat' dir='ltr'>sinum</span> <span class='ocrx_word' id='word_1_767' title='bbox 3785 4033 3846 4088; x_wconf 89' lang='lat' dir='ltr'>in</span> <span class='ocrx_word' id='word_1_768' title='bbox 3878 4042 3986 4089; x_wconf 78' lang='lat' dir='ltr'>an-</span> 
     </span>
    </p>
   </div>
   <div class='ocr_carea' id='block_1_107' title="bbox 2336 4120 3983 4197">
    <p class='ocr_par' dir='ltr' id='par_1_107' title="bbox 2336 4120 3983 4197">
     <span class='ocr_line' id='line_1_107' title="bbox 2336 4120 3983 4197; baseline -0.002 -17"><span class='ocrx_word' id='word_1_769' title='bbox 2336 4132 2577 4194; x_wconf 83' lang='lat' dir='ltr'>gustum</span> <span class='ocrx_word' id='word_1_770' title='bbox 2635 4123 2915 4191; x_wconf 81' lang='lat' dir='ltr'>attractis,</span> <span class='ocrx_word' id='word_1_771' title='bbox 2943 4124 3005 4179; x_wconf 89' lang='lat' dir='ltr'>in</span> <span class='ocrx_word' id='word_1_772' title='bbox 3053 4124 3314 4197; x_wconf 87' lang='lat' dir='ltr'>spatium</span> <span class='ocrx_word' id='word_1_773' title='bbox 3347 4122 3525 4178; x_wconf 90' lang='lat' dir='ltr'>unius</span> <span class='ocrx_word' id='word_1_774' title='bbox 3576 4120 3757 4178; x_wconf 86' lang='lat' dir='ltr'>cubiti</span> <span class='ocrx_word' id='word_1_775' title='bbox 3797 4120 3983 4176; x_wconf 75' lang='lat' dir='ltr'>misse</span> 
     </span>
    </p>
   </div>
   <div class='ocr_carea' id='block_1_108' title="bbox 2334 4210 3985 4284">
    <p class='ocr_par' dir='ltr' id='par_1_108' title="bbox 2334 4210 3985 4284">
     <span class='ocr_line' id='line_1_108' title="bbox 2334 4210 3985 4284; baseline -0.002 -15"><span class='ocrx_word' id='word_1_776' title='bbox 2334 4214 2663 4269; x_wconf 87' lang='lat' dir='ltr'>collectam.</span> <span class='ocrx_word' id='word_1_777' title='bbox 2698 4213 2787 4269; x_wconf 86' lang='lat' dir='ltr'>Sic</span> <span class='ocrx_word' id='word_1_778' title='bbox 2818 4214 2978 4269; x_wconf 89' lang='lat' dir='ltr'>enim</span> <span class='ocrx_word' id='word_1_779' title='bbox 3028 4213 3258 4279; x_wconf 90' lang='lat' dir='ltr'>dicitur,</span> <span class='ocrx_word' id='word_1_780' title='bbox 3292 4211 3434 4284; x_wconf 89' lang='lat' dir='ltr'>quia</span> <span class='ocrx_word' id='word_1_781' title='bbox 3472 4212 3535 4266; x_wconf 90' lang='lat' dir='ltr'>in</span> <span class='ocrx_word' id='word_1_782' title='bbox 3573 4210 3985 4267; x_wconf 78' lang='lat' dir='ltr'>fundamentis</span> 
     </span>
    </p>
   </div>
   <div class='ocr_carea' id='block_1_109' title="bbox 2334 4296 3981 4372">
    <p class='ocr_par' dir='ltr' id='par_1_109' title="bbox 2334 4296 3981 4372">
     <span class='ocr_line' id='line_1_109' title="bbox 2334 4296 3981 4372; baseline -0.002 -15"><span class='ocrx_word' id='word_1_783' title='bbox 2334 4303 2579 4358; x_wconf 87' lang='lat' dir='ltr'>trecenti</span> <span class='ocrx_word' id='word_1_784' title='bbox 2626 4301 2829 4369; x_wconf 90' lang='lat' dir='ltr'>cubiti,</span> <span class='ocrx_word' id='word_1_785' title='bbox 2862 4302 2921 4357; x_wconf 91' lang='lat' dir='ltr'>in</span> <span class='ocrx_word' id='word_1_786' title='bbox 2969 4300 3341 4369; x_wconf 83' lang='lat' dir='ltr'>longitudine</span> <span class='ocrx_word' id='word_1_787' title='bbox 3370 4299 3805 4372; x_wconf 85' lang='lat' dir='ltr'>quinquaginta</span> <span class='ocrx_word' id='word_1_788' title='bbox 3835 4296 3981 4364; x_wconf 88' lang='lat' dir='ltr'>sint,</span> 
     </span>
    </p>
   </div>
   <div class='ocr_carea' id='block_1_110' title="bbox 2334 4388 3983 4460">
    <p class='ocr_par' dir='ltr' id='par_1_110' title="bbox 2334 4388 3983 4460">
     <span class='ocr_line' id='line_1_110' title="bbox 2334 4388 3983 4460; baseline -0.004 -13"><span class='ocrx_word' id='word_1_789' title='bbox 2334 4397 2391 4448; x_wconf 88' lang='lat' dir='ltr'>et</span> <span class='ocrx_word' id='word_1_790' title='bbox 2422 4392 2482 4446; x_wconf 90' lang='lat' dir='ltr'>in</span> <span class='ocrx_word' id='word_1_791' title='bbox 2527 4391 2833 4447; x_wconf 88' lang='lat' dir='ltr'>altitudine</span> <span class='ocrx_word' id='word_1_792' title='bbox 2858 4391 3114 4460; x_wconf 86' lang='lat' dir='ltr'>triginta,</span> <span class='ocrx_word' id='word_1_793' title='bbox 3148 4390 3252 4444; x_wconf 88' lang='lat' dir='ltr'>sed</span> <span class='ocrx_word' id='word_1_794' title='bbox 3305 4388 3551 4445; x_wconf 89' lang='lat' dir='ltr'>collecta</span> <span class='ocrx_word' id='word_1_795' title='bbox 3597 4388 3659 4442; x_wconf 90' lang='lat' dir='ltr'>in</span> <span class='ocrx_word' id='word_1_796' title='bbox 3687 4394 3983 4442; x_wconf 86' lang='lat' dir='ltr'>cacumen</span> 
     </span>
    </p>
   </div>
   <div class='ocr_carea' id='block_1_111' title="bbox 2332 4474 3987 4548">
    <p class='ocr_par' dir='ltr' id='par_1_111' title="bbox 2332 4474 3987 4548">
     <span class='ocr_line' id='line_1_111' title="bbox 2332 4474 3987 4548; baseline -0.005 -11"><span class='ocrx_word' id='word_1_797' title='bbox 2332 4485 2677 4548; x_wconf 83' lang='lat' dir='ltr'>angustum,</span> <span class='ocrx_word' id='word_1_798' title='bbox 2706 4480 2787 4537; x_wconf 91' lang='lat' dir='ltr'>ita</span> <span class='ocrx_word' id='word_1_799' title='bbox 2810 4483 2876 4536; x_wconf 90' lang='lat' dir='ltr'>ut</span> <span class='ocrx_word' id='word_1_800' title='bbox 2895 4479 3162 4535; x_wconf 86' lang='lat' dir='ltr'>cubitum</span> <span class='ocrx_word' id='word_1_801' title='bbox 3190 4478 3261 4533; x_wconf 89' lang='lat' dir='ltr'>sit</span> <span class='ocrx_word' id='word_1_802' title='bbox 3288 4476 3676 4548; x_wconf 88' lang='lat' dir='ltr'>longitudinis</span> <span class='ocrx_word' id='word_1_803' title='bbox 3705 4479 3761 4530; x_wconf 87' lang='lat' dir='ltr'>et</span> <span class='ocrx_word' id='word_1_804' title='bbox 3783 4474 3987 4530; x_wconf 73' lang='lat' dir='ltr'>laiitu~</span> 
     </span>
    </p>
   </div>
   <div class='ocr_carea' id='block_1_112' title="bbox 2329 4564 3988 4640">
    <p class='ocr_par' dir='ltr' id='par_1_112' title="bbox 2329 4564 3988 4640">
     <span class='ocr_line' id='line_1_112' title="bbox 2329 4564 3988 4640; baseline -0.005 -15"><span class='ocrx_word' id='word_1_805' title='bbox 2329 4569 2510 4625; x_wconf 88' lang='lat' dir='ltr'>diuis.</span> <span class='ocrx_word' id='word_1_806' title='bbox 2544 4572 2609 4624; x_wconf 89' lang='lat' dir='ltr'>Et</span> <span class='ocrx_word' id='word_1_807' title='bbox 2632 4585 2771 4625; x_wconf 87' lang='lat' dir='ltr'>vere</span> <span class='ocrx_word' id='word_1_808' title='bbox 2797 4568 2962 4625; x_wconf 90' lang='lat' dir='ltr'>nulla</span> <span class='ocrx_word' id='word_1_809' title='bbox 2992 4568 3183 4640; x_wconf 90' lang='lat' dir='ltr'>potuit</span> <span class='ocrx_word' id='word_1_810' title='bbox 3214 4571 3335 4622; x_wconf 88' lang='lat' dir='ltr'>tam</span> <span class='ocrx_word' id='word_1_811' title='bbox 3366 4564 3727 4620; x_wconf 88' lang='lat' dir='ltr'>conveniens</span> <span class='ocrx_word' id='word_1_812' title='bbox 3756 4567 3813 4619; x_wconf 89' lang='lat' dir='ltr'>et</span> <span class='ocrx_word' id='word_1_813' title='bbox 3836 4572 3988 4618; x_wconf 47' lang='lat' dir='ltr'>con.</span> 
     </span>
    </p>
   </div>
   <div class='ocr_carea' id='block_1_113' title="bbox 2331 4650 3985 4729">
    <p class='ocr_par' dir='ltr' id='par_1_113' title="bbox 2331 4650 3985 4729">
     <span class='ocr_line' id='line_1_113' title="bbox 2331 4650 3985 4729; baseline -0.005 -16"><span class='ocrx_word' id='word_1_814' title='bbox 2331 4668 2481 4729; x_wconf 82' lang='lat' dir='ltr'>grue</span> <span class='ocrx_word' id='word_1_815' title='bbox 2511 4672 2662 4713; x_wconf 73' lang='lat' dir='ltr'>arcae</span> <span class='ocrx_word' id='word_1_816' title='bbox 2694 4659 2920 4729; x_wconf 88' lang='lat' dir='ltr'>species</span> <span class='ocrx_word' id='word_1_817' title='bbox 2971 4655 3118 4721; x_wconf 90' lang='lat' dir='ltr'>dari,</span> <span class='ocrx_word' id='word_1_818' title='bbox 3151 4669 3337 4726; x_wconf 89' lang='lat' dir='ltr'>quam</span> <span class='ocrx_word' id='word_1_819' title='bbox 3368 4656 3434 4709; x_wconf 89' lang='lat' dir='ltr'>ut</span> <span class='ocrx_word' id='word_1_820' title='bbox 3486 4667 3729 4707; x_wconf 89' lang='lat' dir='ltr'>summo</span> <span class='ocrx_word' id='word_1_821' title='bbox 3758 4650 3922 4706; x_wconf 82' lang='lat' dir='ltr'>velut</span> <span class='ocrx_word' id='word_1_822' title='bbox 3947 4667 3985 4706; x_wconf 89' lang='lat' dir='ltr'>e</span> 
     </span>
    </p>
   </div>
   <div class='ocr_carea' id='block_1_114' title="bbox 2328 4738 3985 4819">
    <p class='ocr_par' dir='ltr' id='par_1_114' title="bbox 2328 4738 3985 4819">
     <span class='ocr_line' id='line_1_114' title="bbox 2328 4738 3985 4819; baseline -0.007 -15"><span class='ocrx_word' id='word_1_823' title='bbox 2328 4753 2481 4805; x_wconf 89' lang='lat' dir='ltr'>tecto</span> <span class='ocrx_word' id='word_1_824' title='bbox 2506 4746 2773 4819; x_wconf 86' lang='lat' dir='ltr'>quodam</span> <span class='ocrx_word' id='word_1_825' title='bbox 2802 4748 3058 4816; x_wconf 89' lang='lat' dir='ltr'>angusto</span> <span class='ocrx_word' id='word_1_826' title='bbox 3074 4742 3311 4799; x_wconf 88' lang='lat' dir='ltr'>culmen</span> <span class='ocrx_word' id='word_1_827' title='bbox 3330 4742 3672 4797; x_wconf 86' lang='lat' dir='ltr'>defenderet</span> <span class='ocrx_word' id='word_1_828' title='bbox 3689 4738 3985 4795; x_wconf 89' lang='lat' dir='ltr'>imbrium</span> 
     </span>
    </p>
   </div>
   <div class='ocr_carea' id='block_1_115' title="bbox 2328 4829 3985 4907">
    <p class='ocr_par' dir='ltr' id='par_1_115' title="bbox 2328 4829 3985 4907">
     <span class='ocr_line' id='line_1_115' title="bbox 2328 4829 3985 4907; baseline -0.007 -14"><span class='ocrx_word' id='word_1_829' title='bbox 2328 4838 2551 4907; x_wconf 89' lang='lat' dir='ltr'>ruinas,</span> <span class='ocrx_word' id='word_1_830' title='bbox 2584 4840 2641 4891; x_wconf 90' lang='lat' dir='ltr'>et</span> <span class='ocrx_word' id='word_1_831' title='bbox 2668 4835 2789 4891; x_wconf 90' lang='lat' dir='ltr'>ima</span> <span class='ocrx_word' id='word_1_832' title='bbox 2810 4835 2871 4889; x_wconf 92' lang='lat' dir='ltr'>in</span> <span class='ocrx_word' id='word_1_833' title='bbox 2903 4833 3075 4905; x_wconf 88' lang='lat' dir='ltr'>aquis</span> <span class='ocrx_word' id='word_1_834' title='bbox 3124 4830 3421 4904; x_wconf 86' lang='lat' dir='ltr'>quadrata</span> <span class='ocrx_word' id='word_1_835' title='bbox 3468 4829 3782 4886; x_wconf 84' lang='lat' dir='ltr'>stabilitate</span> <span class='ocrx_word' id='word_1_836' title='bbox 3829 4842 3985 4882; x_wconf 88' lang='lat' dir='ltr'>con-</span> 
     </span>
    </p>
   </div>
   <div class='ocr_carea' id='block_1_116' title="bbox 2327 4916 3983 4995">
    <p class='ocr_par' dir='ltr' id='par_1_116' title="bbox 2327 4916 3983 4995">
     <span class='ocr_line' id='line_1_116' title="bbox 2327 4916 3983 4995; baseline -0.007 -12"><span class='ocrx_word' id='word_1_837' title='bbox 2327 4929 2537 4984; x_wconf 88' lang='lat' dir='ltr'>sistens</span> <span class='ocrx_word' id='word_1_838' title='bbox 2591 4936 2703 4981; x_wconf 88' lang='lat' dir='ltr'>nec</span> <span class='ocrx_word' id='word_1_839' title='bbox 2753 4923 3019 4995; x_wconf 86' lang='lat' dir='ltr'>impulsu</span> <span class='ocrx_word' id='word_1_840' title='bbox 3068 4924 3398 4986; x_wconf 80' lang='lat' dir='ltr'>ventorum,</span> <span class='ocrx_word' id='word_1_841' title='bbox 3427 4933 3539 4974; x_wconf 90' lang='lat' dir='ltr'>nec</span> <span class='ocrx_word' id='word_1_842' title='bbox 3567 4918 3796 4990; x_wconf 89' lang='lat' dir='ltr'>impetu</span> <span class='ocrx_word' id='word_1_843' title='bbox 3824 4916 3983 4972; x_wconf 89' lang='lat' dir='ltr'>ﬂuc-</span> 
     </span>
    </p>
   </div>
   <div class='ocr_carea' id='block_1_117' title="bbox 2324 5006 3983 5085">
    <p class='ocr_par' dir='ltr' id='par_1_117' title="bbox 2324 5006 3983 5085">
     <span class='ocr_line' id='line_1_117' title="bbox 2324 5006 3983 5085; baseline -0.008 -12"><span class='ocrx_word' id='word_1_844' title='bbox 2324 5023 2514 5082; x_wconf 90' lang='lat' dir='ltr'>tuum,</span> <span class='ocrx_word' id='word_1_845' title='bbox 2548 5026 2655 5071; x_wconf 83' lang='lat' dir='ltr'>nec</span> <span class='ocrx_word' id='word_1_846' title='bbox 2687 5011 3096 5085; x_wconf 85' lang='lat' dir='ltr'>inquietudine</span> <span class='ocrx_word' id='word_1_847' title='bbox 3147 5008 3497 5065; x_wconf 84' lang='lat' dir='ltr'>animalium</span> <span class='ocrx_word' id='word_1_848' title='bbox 3528 5023 3664 5080; x_wconf 71' lang='lat' dir='ltr'>quae</span> <span class='ocrx_word' id='word_1_849' title='bbox 3695 5006 3983 5062; x_wconf 81' lang='lat' dir='ltr'>intrinse-</span> 
     </span>
    </p>
   </div>
   <div class='ocr_carea' id='block_1_118' title="bbox 2325 5097 3662 5170">
    <p class='ocr_par' dir='ltr' id='par_1_118' title="bbox 2325 5097 3662 5170">
     <span class='ocr_line' id='line_1_118' title="bbox 2325 5097 3662 5170; baseline -0.007 -11"><span class='ocrx_word' id='word_1_850' title='bbox 2325 5116 2430 5159; x_wconf 83' lang='lat' dir='ltr'>ens</span> <span class='ocrx_word' id='word_1_851' title='bbox 2452 5106 2639 5170; x_wconf 88' lang='lat' dir='ltr'>erant,</span> <span class='ocrx_word' id='word_1_852' title='bbox 2672 5105 2775 5156; x_wconf 83' lang='lat' dir='ltr'>aut</span> <span class='ocrx_word' id='word_1_853' title='bbox 2798 5100 3071 5155; x_wconf 87' lang='lat' dir='ltr'>inclinari</span> <span class='ocrx_word' id='word_1_854' title='bbox 3099 5098 3291 5170; x_wconf 87' lang='lat' dir='ltr'>possit</span> <span class='ocrx_word' id='word_1_855' title='bbox 3320 5098 3424 5153; x_wconf 88' lang='lat' dir='ltr'>aut</span> <span class='ocrx_word' id='word_1_856' title='bbox 3452 5097 3662 5165; x_wconf 89' lang='lat' dir='ltr'>mergi.</span> 
     </span>
    </p>
   </div>
   <div class='ocr_carea' id='block_1_119' title="bbox 2395 5182 3984 5256">
    <p class='ocr_par' dir='ltr' id='par_1_119' title="bbox 2395 5182 3984 5256">
     <span class='ocr_line' id='line_1_119' title="bbox 2395 5182 3984 5256; baseline -0.003 -13"><span class='ocrx_word' id='word_1_857' title='bbox 2395 5192 2561 5243; x_wconf 75' lang='lat' dir='ltr'>Vens.</span> <span class='ocrx_word' id='word_1_858' title='bbox 2584 5188 3073 5244; x_wconf 77' lang='lat' dir='ltr'>16.—Ccenacuta</span> <span class='ocrx_word' id='word_1_859' title='bbox 3090 5193 3142 5241; x_wconf 87' lang='lat' dir='ltr'>et</span> <span class='ocrx_word' id='word_1_860' title='bbox 3159 5190 3403 5256; x_wconf 80' lang='lat' dir='ltr'>tristega</span> <span class='ocrx_word' id='word_1_861' title='bbox 3416 5187 3603 5256; x_wconf 83' lang='lat' dir='ltr'>facies</span> <span class='ocrx_word' id='word_1_862' title='bbox 3622 5187 3785 5241; x_wconf 87' lang='lat' dir='ltr'>inea.</span> <span class='ocrx_word' id='word_1_863' title='bbox 3800 5182 3984 5249; x_wconf 90' lang='lat' dir='ltr'>Quod</span> 
     </span>
    </p>
   </div>
   <div class='ocr_carea' id='block_1_120' title="bbox 2323 5268 3980 5343">
    <p class='ocr_par' dir='ltr' id='par_1_120' title="bbox 2323 5268 3980 5343">
     <span class='ocr_line' id='line_1_120' title="bbox 2323 5268 3980 5343; baseline -0.005 -8"><span class='ocrx_word' id='word_1_864' title='bbox 2323 5278 2439 5335; x_wconf 84' lang='lat' dir='ltr'>alia</span> <span class='ocrx_word' id='word_1_865' title='bbox 2460 5276 2787 5343; x_wconf 86' lang='lat' dir='ltr'>translatio,</span> <span class='ocrx_word' id='word_1_866' title='bbox 2812 5268 3085 5330; x_wconf 88' lang='lat' dir='ltr'>videlicet</span> <span class='ocrx_word' id='word_1_867' title='bbox 3106 5274 3467 5332; x_wconf 83' lang='lat' dir='ltr'>bicamerata</span> <span class='ocrx_word' id='word_1_868' title='bbox 3488 5275 3550 5329; x_wconf 91' lang='lat' dir='ltr'>in</span> <span class='ocrx_word' id='word_1_869' title='bbox 3569 5271 3980 5336; x_wconf 71' lang='lat' dir='ltr'>inferialibus,</span> 
     </span>
    </p>
   </div>
   <div class='ocr_carea' id='block_1_121' title="bbox 2324 5358 3986 5435">
    <p class='ocr_par' dir='ltr' id='par_1_121' title="bbox 2324 5358 3986 5435">
     <span class='ocr_line' id='line_1_121' title="bbox 2324 5358 3986 5435; baseline -0.003 -13"><span class='ocrx_word' id='word_1_870' title='bbox 2324 5368 2709 5423; x_wconf 80' lang='lat' dir='ltr'>tricamerata</span> <span class='ocrx_word' id='word_1_871' title='bbox 2725 5364 2785 5419; x_wconf 87' lang='lat' dir='ltr'>in</span> <span class='ocrx_word' id='word_1_872' title='bbox 2800 5362 3210 5435; x_wconf 87' lang='lat' dir='ltr'>superioribus</span> <span class='ocrx_word' id='word_1_873' title='bbox 3225 5362 3383 5433; x_wconf 89' lang='lat' dir='ltr'>dicit;</span> <span class='ocrx_word' id='word_1_874' title='bbox 3401 5365 3479 5420; x_wconf 87' lang='lat' dir='ltr'>ita</span> <span class='ocrx_word' id='word_1_875' title='bbox 3497 5368 3562 5419; x_wconf 91' lang='lat' dir='ltr'>ut</span> <span class='ocrx_word' id='word_1_876' title='bbox 3580 5362 3850 5435; x_wconf 89' lang='lat' dir='ltr'>quinque</span> <span class='ocrx_word' id='word_1_877' title='bbox 3873 5358 3986 5417; x_wconf 84' lang='lat' dir='ltr'>ha-</span> 
     </span>
    </p>
   </div>
   <div class='ocr_carea' id='block_1_122' title="bbox 2320 5446 3985 5511">
    <p class='ocr_par' dir='ltr' id='par_1_122' title="bbox 2320 5446 3985 5511">
     <span class='ocr_line' id='line_1_122' title="bbox 2320 5446 3985 5511; baseline -0.004 0"><span class='ocrx_word' id='word_1_878' title='bbox 2320 5450 2677 5511; x_wconf 84' lang='lat' dir='ltr'>bitationum</span> <span class='ocrx_word' id='word_1_879' title='bbox 2697 5451 3107 5509; x_wconf 86' lang='lat' dir='ltr'>distinctiones</span> <span class='ocrx_word' id='word_1_880' title='bbox 3123 5451 3185 5509; x_wconf 89' lang='lat' dir='ltr'>in</span> <span class='ocrx_word' id='word_1_881' title='bbox 3210 5466 3282 5510; x_wconf 89' lang='lat' dir='ltr'>ea</span> <span class='ocrx_word' id='word_1_882' title='bbox 3296 5466 3425 5510; x_wconf 88' lang='lat' dir='ltr'>esse</span> <span class='ocrx_word' id='word_1_883' title='bbox 3445 5450 3830 5509; x_wconf 86' lang='lat' dir='ltr'>advertamus</span> <span class='ocrx_word' id='word_1_884' title='bbox 3853 5465 3865 5504; x_wconf 93' lang='lat'>:</span> <span class='ocrx_word' id='word_1_885' title='bbox 3892 5446 3985 5505; x_wconf 88' lang='lat' dir='ltr'>in-</span> 
     </span>
    </p>
   </div>
   <div class='ocr_carea' id='block_1_123' title="bbox 2321 5538 3985 5617">
    <p class='ocr_par' dir='ltr' id='par_1_123' title="bbox 2321 5538 3985 5617">
     <span class='ocr_line' id='line_1_123' title="bbox 2321 5538 3985 5617; baseline -0.004 -17"><span class='ocrx_word' id='word_1_886' title='bbox 2321 5543 2537 5600; x_wconf 85' lang='lat' dir='ltr'>feriora</span> <span class='ocrx_word' id='word_1_887' title='bbox 2557 5544 2686 5613; x_wconf 86' lang='lat' dir='ltr'>ejus</span> <span class='ocrx_word' id='word_1_888' title='bbox 2708 5542 2842 5599; x_wconf 89' lang='lat' dir='ltr'>loca</span> <span class='ocrx_word' id='word_1_889' title='bbox 2868 5543 3229 5601; x_wconf 88' lang='lat' dir='ltr'>stercoribus</span> <span class='ocrx_word' id='word_1_890' title='bbox 3250 5548 3306 5600; x_wconf 92' lang='lat' dir='ltr'>et</span> <span class='ocrx_word' id='word_1_891' title='bbox 3322 5543 3618 5617; x_wconf 89' lang='lat' dir='ltr'>spurcitiis</span> <span class='ocrx_word' id='word_1_892' title='bbox 3638 5556 3766 5598; x_wconf 89' lang='lat' dir='ltr'>esse</span> <span class='ocrx_word' id='word_1_893' title='bbox 3783 5538 3985 5612; x_wconf 85' lang='lat' dir='ltr'>depu-</span> 
     </span>
    </p>
   </div>
   <div class='ocr_carea' id='block_1_124' title="bbox 2322 5628 3983 5711">
    <p class='ocr_par' dir='ltr' id='par_1_124' title="bbox 2322 5628 3983 5711">
     <span class='ocr_line' id='line_1_124' title="bbox 2322 5628 3983 5711; baseline -0.003 -20"><span class='ocrx_word' id='word_1_894' title='bbox 2322 5637 2465 5708; x_wconf 86' lang='lat' dir='ltr'>tata,</span> <span class='ocrx_word' id='word_1_895' title='bbox 2489 5644 2563 5691; x_wconf 88' lang='lat' dir='ltr'>ne</span> <span class='ocrx_word' id='word_1_896' title='bbox 2585 5633 2891 5706; x_wconf 85' lang='lat' dir='ltr'>animalia,</span> <span class='ocrx_word' id='word_1_897' title='bbox 2916 5640 2973 5694; x_wconf 90' lang='lat' dir='ltr'>et</span> <span class='ocrx_word' id='word_1_898' title='bbox 2996 5637 3296 5711; x_wconf 71' lang='lat' dir='ltr'>praecipue</span> <span class='ocrx_word' id='word_1_899' title='bbox 3314 5634 3615 5705; x_wconf 87' lang='lat' dir='ltr'>homines,</span> <span class='ocrx_word' id='word_1_900' title='bbox 3639 5631 3767 5688; x_wconf 87' lang='lat' dir='ltr'>ﬁmi</span> <span class='ocrx_word' id='word_1_901' title='bbox 3788 5628 3983 5688; x_wconf 85' lang='lat' dir='ltr'>fetore</span> 
     </span>
    </p>
   </div>
  </div>
