4180 6186
261 173 372 223 157

1657 184 2006 242 ΟΟΠΗΕΝΤ.
2049 185 2117 242 1N
2158 188 2316 244 GBN.

3587 207 3688 261 “$8

253 295 636 350 vexarentur.
667 296 814 352 Huic
845 302 1041 355 autem
1087 303 1358 375 superior
1396 310 1454 362 et
1495 309 1778 379 contigua
1821 326 1918 366 ca-
1945 311 1996 366 Δ
2034 326 2172 367 cum
2227 314 2660 372 mansiunculis
2711 317 3192 375 convenientium
3246 321 3357 378 sibi
3415 328 3472 380 et
3536 329 3688 384 escis

249 399 422 438 mera
445 387 888 443 conservandis
925 390 1164 461 pabulis
1215 396 1565 454 animalium
1609 399 1922 470 deputare-

252 477 366 527 tur.
397 474 463 529 In
493 474 607 529 hos
637 490 781 545 ergo
815 494 961 533 usus
988 479 1293 538 inferiores
1336 491 1557 556 partes,
1586 503 1723 558 quae
1764 488 1923 544 bica—

249 567 499 618 moratae
529 563 828 636 dicuntur,
865 568 1106 626 tradunt
1132 571 1313 628 fuisse
1360 574 1688 632 distinctas.
1743 580 1922 651 Supe-

250 651 449 708 riores
478 669 609 708 vero
638 659 857 724 partes,
903 674 1040 729 quae
1080 660 1468 720 tricameratte
1498 664 1797 736 dicuntur,
1840 668 1919 723 ad

253 740 666 797 habitaculum
691 744 890 815 primo
915 747 1120 803 bestiis
1138 749 1230 804 vel
1253 751 1614 809 animalibus
1639 755 1918 812 immitto-

253 829 423 884 ribus
450 830 537 886 vel
570 834 945 904 serpentibus
974 835 1292 909 deputatas
1331 857 1478 897 esse.
1507 842 1596 898 Ab
1643 843 1735 899 his
1778 861 1916 901 vero

246 935 522 989 congrua
545 921 607 976 in
637 925 1046 993 superioribus
1066 926 1199 984 loca
1230 930 1566 988 mitioribus
1596 934 1915 990 animanti-

241 1006 361 1061 bus
387 1007 629 1064 stabula
660 1010 861 1068 fuisse.
896 1016 1088 1086 Supra.
1134 1018 1339 1074 omnia
1387 1033 1527 1076 vero
1574 1024 1634 1076 in
1680 1023 1913 1080 excelso

241 1095 604 1152 hominibus
627 1099 832 1156 sedem
854 1101 1132 1169 locatam,
1171 1110 1231 1161 ut
1261 1112 1397 1178 pote
1428 1109 1578 1165 sicut
1605 1111 1833 1167 honore
1858 1117 1914 1168 et

243 1185 542 1256 sapientia
573 1189 886 1258 antecellit,
915 1192 996 1250 ita
1025 1198 1080 1249 et
1120 1194 1255 1250 loco
1303 1198 1530 1254 cunctis
1581 1200 1912 1270 praecellere

240 1273 650 1345 animalibus;
683 1283 738 1333 et
766 1279 850 1335 sic
879 1281 1146 1355 quinque
1177 1285 1524 1342 mansiones
1565 1288 1627 1342 in
1673 1305 1746 1344 ea
1782 1305 1911 1344 esse

236 1359 676 1431 intelliguntur.
709 1367 906 1424 Prima
947 1371 1290 1441 stercorina,
1345 1375 1612 1432 secunda
1661 1377 1909 1447 apothe-

238 1451 426 1521 caria,
461 1453 630 1508 tertia
661 1453 800 1510 feris
829 1456 1259 1528 animantibus,
1290 1467 1506 1534 quarta
1554 1465 1908 1529 mansuetis,

239 1540 458 1611 quinta
480 1541 849 1600 hominibus.
882 1547 1224 1605 Fenestram
1258 1552 1318 1606 in
1351 1567 1495 1608 arca
1517 1554 1727 1622 facies,
1760 1560 1812 1609 et
1845 1555 1906 1610 in

2031 415 2237 456 eorum
2267 402 2416 460 ferre
2446 407 2744 476 potuerit?
2775 407 3036 464 Tradunt
3066 410 3226 465 enim
3267 412 3493 469 Hebraei
3521 419 3687 489 quod

2029 491 2278 560 Moyses,
2311 497 2375 547 ut
2400 493 2476 548 de
2504 493 2602 550 illo
2631 496 2933 567 Scriptura
2970 497 3132 568 dicit,
3191 502 3358 556 omni
3397 504 3687 576 sapientia

2027 581 2439 652 Egyptiorum
2496 585 2762 641 eruditus
2814 586 2940 653 fuit,
3010 591 3066 643 et
3115 591 3449 648 secundum
3497 601 3680 656 artem

2028 670 2471 738 geometricam,
2500 673 2561 728 in
2592 689 2715 746 qua
2743 676 3043 747 praecipue
3071 679 3307 749 Egypti
3329 680 3560 749 callent,
3585 695 3683 740 cu-

2023 755 2288 813 bitorum
2326 772 2579 816 numero
2629 761 2690 816 in
2735 763 2848 818 hoc
2886 764 3020 820 loco
3068 768 3350 836 posuerit.
3400 771 3683 829 Asserunt

2025 846 2183 902 enim
2203 847 2471 904 cubitum
2497 851 2925 918 geometricum
2969 857 3202 909 tantum
3251 855 3447 912 valere
3496 873 3685 930 quan-

2025 936 2151 989 tum
2175 940 2379 992 nostra
2401 937 2600 994 cubita
2622 954 2719 995 sex
2749 940 2966 997 valent.
2990 945 3136 1011 Lege
3166 942 3478 1011 Origenem
3501 963 3681 1019 super

2025 1023 2138 1079 hac
2168 1041 2229 1079 re
2256 1030 2463 1083 contra
2495 1027 2763 1100 Apellem
2793 1029 3489 1104 disputantem.Denique
3512 1037 3678 1108 quod

2019 1111 2197 1167 refert
2238 1115 2556 1186 Scriptura,
2601 1117 2868 1186 ingressa
2922 1119 3106 1175 fuisse
3149 1121 3434 1177 animalia
3474 1126 3678 1182 omnia

2020 1215 2246 1268 arcam,
2290 1218 2410 1258 non
2452 1206 2572 1259 Noe
2612 1205 2944 1276 colligente,
2986 1209 3093 1263 sed
3129 1209 3375 1280 jubente
3424 1213 3676 1268 Domino

2018 1293 2218 1344 actum
2249 1295 2357 1358 est,
2389 1297 2446 1347 et
2491 1294 2619 1363 ejus
2670 1301 2819 1351 nutu
2865 1301 3073 1353 coacta
3121 1305 3333 1370 sponte
3384 1300 3674 1372 praefinito

2016 1394 2270 1434 numero
2300 1381 2619 1438 veniebant
2645 1383 2722 1439 ad
2755 1399 2980 1441 arcam.

2090 1469 2203 1524 Sed
2223 1475 2502 1540 quaerunt
2527 1471 2711 1544 aliqui
2744 1473 2888 1546 quid
2928 1475 3001 1529 de
3029 1475 3294 1546 piscibus
3315 1477 3405 1531 vel
3437 1477 3674 1534 alitibus

2016 1556 2124 1625 [Z.,
2158 1557 2462 1630 altilibus],
2496 1576 2633 1631 quae
2670 1561 2732 1616 in
2771 1562 2944 1634 aquis
2989 1563 3083 1618 vel
3133 1579 3312 1635 super
3359 1580 3550 1636 aquas
3601 1567 3674 1622 vi-

244 1629 451 1684 cubito
500 1636 937 1690 consummabis
972 1641 1373 1696 summitatem
1429 1644 1576 1711 ejus.
1636 1645 1928 1699 Fenestra'
1945 1667 1990 1722 Β
2013 1660 2150 1700 vere
2167 1629 2441 1718 possunt,
2463 1629 2915 1720 intelligendum
2939 1652 3056 1716 sit?
3086 1653 3176 1707 vel
3192 1629 3240 1707 si
3266 1629 3534 1725 cinipbes
3560 1657 3670 1710 mi-

238 1716 376 1772 ideo
408 1718 470 1772 in
509 1723 972 1780 consummitate
1021 1728 1130 1797 [Z.,
1174 1730 1537 1800 summitate]
1585 1741 1736 1787 arcae
1781 1731 1909 1787 ﬁeri

231 1805 500 1876 jubetur,
533 1815 599 1865 ut
628 1810 874 1868 haberet
903 1815 1060 1870 unde
1114 1819 1379 1875 emittere
1429 1820 1718 1891 potuisset
1765 1837 1906 1876 aves

239 1895 318 1949 ad
348 1896 790 1968 explorandam
831 1907 996 1958 terrae
1037 1905 1381 1963 siccitatem.
1431 1909 1655 1965 Ostium
1705 1915 1902 1965 autem

239 2000 401 2040 arca
449 2003 637 2056 pones
691 2005 766 2045 ex
835 1993 1021 2050 latere
1080 1996 1372 2052 deorsum.
1431 2000 1692 2054 'l‘radunt
1743 1999 1901 2055 enim

241 2074 422 2130 etiam
463 2078 682 2135 ostium
722 2082 888 2152 quod
938 2099 1010 2138 ex
1053 2084 1236 2142 latere
1277 2087 1501 2144 factum
1547 2088 1781 2159 dicitur,
1831 2104 1901 2144 eo

239 2162 376 2219 loco
405 2165 602 2238 fuisse,
635 2175 700 2225 ut
727 2170 1026 2239 inferiora,
1055 2191 1190 2246 quas
1222 2175 1368 2232 dixit
1399 2179 1782 2245 bicamerata,
1813 2178 1899 2235 in-

243 2251 339 2307 tra
362 2270 426 2308 se
455 2255 711 2322 haberet,
747 2264 804 2315 et
826 2277 964 2332 quae
985 2263 1130 2319 dixit
1157 2267 1545 2322 tricamerata
1592 2267 1899 2338 superiora

241 2356 278 2396 α
311 2340 448 2398 loco
467 2345 591 2401 ostii
606 2348 906 2419 appellata
938 2356 1095 2408 sunt.
1125 2355 1191 2409 Et
1217 2354 1353 2410 inde
1375 2355 1643 2425 ingressa
1670 2355 1898 2412 anima-

234 2430 319 2485 lia
351 2447 459 2502 per
486 2451 594 2491 sua
621 2453 878 2510 quisque
903 2439 1038 2497 loca
1076 2444 1408 2500 secundum
1439 2461 1572 2516 qua
1605 2461 1787 2517 supra
1814 2445 1899 2500 di-

236 2521 460 2591 ximus,
492 2540 756 2596 congrua
787 2528 1145 2588 discretione
1175 2532 1370 2589 divisa
1398 2538 1557 2589 sunt.

311 2609 426 2665 Sed
455 2611 602 2669 forte
629 2617 838 2686 quaerit
876 2617 1091 2690 aliquis
1123 2619 1171 2676 si
1193 2621 1375 2677 habet
1403 2621 1646 2693 aliquod
1701 2637 1893 2677 sacra-

233 2704 511 2755 mentum
537 2718 821 2762 mensura
849 2705 1015 2762 istius
1041 2711 1242 2765 arcae?
1281 2709 1473 2766 Habet
1512 2709 1689 2779 igitur
1729 2727 1892 2781 mys-

231 2788 452 2844 terium
503 2791 828 2862 perfectum
885 2797 1154 2868 corporis
1203 2798 1427 2854 Christi.
1480 2798 1677 2856 Sexies
1733 2798 1894 2854 enim

227 2881 476 2934 trecenti
500 2881 723 2939 habent
748 2884 902 2941 infra
927 2902 989 2942 se
1020 2887 1457 2960 quinquaginta
1484 2894 1541 2945 et
1566 2888 1762 2944 decies
1795 2888 1892 2945 tri-

2013 1735 2308 1792 nutissimi
2338 1742 2394 1793 et
2413 1755 2658 1806 muscae,
2687 1755 2888 1796 mures
2915 1746 2972 1796 et
3002 1741 3322 1806 stelliones,
3363 1748 3420 1798 et
3463 1749 3672 1801 caetera

2012 1822 2153 1879 talia
2179 1824 2240 1880 in
2269 1841 2473 1882 arcam
2503 1826 2838 1885 introducta
2869 1829 3165 1885 fuissent?
3213 1835 3269 1885 ct
3301 1835 3497 1886 utrum
3547 1849 3671 1888 am-

2008 1911 2162 1982 plior
2186 1929 2396 1970 eorum
2424 1931 2711 1972 numerus
2743 1917 2920 1974 fuerit
2959 1935 3145 1990 quam
3190 1919 3292 1991 qui
3337 1924 3423 1976 est
3463 1921 3670 1976 defini-

2009 2003 2127 2068 tus,
2160 2006 2216 2056 et
2247 2003 2347 2057 ubi
2370 2003 2614 2061 fuissent
2637 2007 2752 2076 [Z.,
2787 2008 2834 2061 si
2863 2008 2946 2062 ibi
2973 2008 3293 2078 fuissent]?
3326 2009 3439 2064 Sed
3461 2011 3668 2065 admo-

2007 2089 2189 2144 nendi
2230 2095 2388 2159 sunt,
2437 2106 2593 2163 quos
2647 2094 2774 2150 haec
2820 2100 3084 2161 movent,
3117 2096 3199 2150 sic
3249 2097 3665 2167 accipiendum

2005 2176 2149 2247 quia
2178 2176 2405 2233 dictum
2427 2184 2532 2246 est,
2561 2184 2665 2252 qui
2693 2187 2748 2238 et
2771 2188 2991 2251 repunt
3019 2198 3198 2251 super
3224 2189 3462 2249 terram,
3494 2189 3550 2238 et
3564 2201 3662 2240 ne-

2007 2280 2169 2321 cesse
2196 2282 2317 2322 non
2349 2267 2522 2324 fuerit
2562 2271 2897 2327 conservari
2922 2272 2984 2326 in
3030 2285 3171 2327 arca
3217 2287 3352 2342 quas
3407 2278 3664 2344 possunt

2005 2355 2123 2425 [Z.,
2155 2355 2364 2427 solent]
2388 2357 2450 2413 in
2480 2359 2654 2430 aquis
2684 2360 2894 2424 vivere,
2931 2375 3052 2416 non
3085 2360 3282 2416 solum
3332 2377 3549 2427 mersa,
3592 2362 3662 2416 si-

2004 2448 2104 2499 cut
2134 2445 2352 2516 pisces,
2383 2462 2591 2502 verum
2618 2448 2796 2503 etiam
2824 2449 3295 2520 supernatantia,
3337 2449 3488 2504 sicut
3510 2450 3659 2505 mul-

2001 2537 2075 2589 tae
2102 2533 2285 2589 alites.
2317 2535 2539 2591 Deinde
2570 2553 2708 2594 cum
2729 2537 2960 2605 dicitur,
2999 2540 3300 2594 masculus
3345 2545 3400 2594 et
3431 2540 3660 2607 femina

2003 2630 2199 2686 erant,
2231 2623 2498 2695 profecto
2528 2625 2868 2695 intelligitur
2896 2627 2973 2682 ad
2987 2628 3394 2699 reparandum
3416 2627 3552 2683 dici.
3577 2633 3659 2683 Ac

2000 2726 2107 2782 per
2135 2713 2250 2768 hoc
2279 2728 2388 2768 nec
2417 2713 2516 2770 illa
2548 2730 2788 2770 necesse
2817 2714 3009 2771 fuerat
3033 2716 3115 2771 ibi
3145 2732 3278 2772 esse
3329 2733 3466 2788 quas
3513 2733 3658 2788 pos-

2002 2805 2161 2866 sunt,
2194 2801 2320 2856 sine
2360 2802 2701 2869 concubitu,
2733 2802 2808 2858 de
2837 2803 3178 2876 quibusque
3221 2805 3402 2860 rebus
3431 2804 3525 2860 vel
3572 2820 3660 2860 re-

1999 2903 2131 2943 rum
2160 2891 2641 2962 corruptionibus
2669 2891 2857 2948 nasci.
2887 2891 2986 2948 Vel
3017 2893 3063 2947 si
3093 2893 3353 2962 fuerunt,
3403 2893 3555 2949 sicut
3593 2894 3656 2949 in

226 2969 411 3038 ginta.
447 2971 541 3026 Sic
570 2973 794 3046 quippe
823 2975 1161 3032 humanum
1214 2994 1456 3050 corpus,
1505 2979 1551 3034 si
1590 2979 1890 3048 jacentem
1921 3015 1960 3076 ε
1999 2977 2284 3034 domibus
2311 2985 2750 3036 consueverunt
2786 2996 2940 3043 esse,
2971 2981 3096 3036 sine
3122 2981 3241 3036 ullo
3271 2997 3524 3037 numero
3554 2982 3655 3037 de-

225 3059 482 3114 metieris
512 3061 844 3134 hominem,
877 3065 1066 3121 sexies
1112 3065 1294 3122 habet
1341 3066 1654 3137 longitudo
1695 3067 1889 3123 latitu-

221 3146 446 3211 dinem,
475 3153 536 3204 et
581 3149 779 3206 decies
807 3152 1196 3210 altitudinem.
1248 3157 1397 3212 Nam
1443 3155 1755 3224 longitudo
1801 3156 1890 3225 ja-

218 3236 404 3291 centis
438 3236 710 3292 hominis
735 3255 771 3294 a
799 3242 1006 3297 vertice
1033 3260 1226 3315 usque
1249 3243 1326 3299 ad
1355 3243 1608 3312 vestigia
1639 3242 1884 3298 metien-

212 3325 285 3383 da
311 3332 435 3398 est,
473 3332 532 3383 et
563 3327 814 3385 latitudo
844 3347 878 3387 a
906 3332 1075 3392 latere
1107 3351 1296 3408 usque
1324 3335 1384 3390 in
1428 3334 1606 3402 latus,
1657 3339 1711 3389 et
1759 3334 1884 3390 alti»

213 3416 352 3473 tudo
384 3432 425 3472 a
457 3416 644 3472 dorso
674 3418 751 3474 ad
783 3426 1059 3480 ventrem.
1096 3427 1237 3490 Quae
1264 3424 1458 3495 ﬁgura
1487 3427 1624 3495 apte
1653 3422 1880 3480 Christo

215 3506 497 3562 convenit
520 3512 766 3578 propter
789 3509 1307 3581 longanimitatem
1333 3512 1540 3569 omnia
1589 3511 1879 3569 sufferen—

219 3594 290 3648 tis
318 3596 477 3663 fidei,
511 3602 568 3654 et
605 3600 1066 3671 amplitudinem
1090 3605 1415 3674 charitatis,
1442 3608 1512 3660 et
1553 3602 1881 3660 sublimita-

225 3685 347 3736 tem
375 3685 507 3753 spei
535 3691 781 3743 aeternam
811 3691 1091 3762 Sequitur
1123 3710 1136 3747 :

307 3769 480 3826 Vens.
513 3777 590 3829 l9.
625 3807 695 3817 —
729 3779 832 3834 Ea:
875 3781 1146 3836 omnibus
1185 3783 1593 3839 animantibus
1638 3780 1876 3836 mundis

231 3859 374 3914 tolle
388 3868 620 3929 septena
640 3871 694 3921 et
714 3873 962 3936 septena
993 3870 1054 3923 in
1093 3885 1259 3938 arca,
1284 3872 1356 3926 de
1377 3870 1696 3926 immundis
1737 3883 1875 3924 vero

217 3947 333 4003 duo
353 3955 408 4004 et
430 3950 546 4006 duo
567 3957 900 4012 masculum
915 3962 970 4013 et
986 3958 1295 4026 feminam.
1317 3960 1434 4015 Sed
1447 3965 1500 4014 et
1523 3959 1596 4015 de
1618 3957 1875 4014 volatili-

211 4037 315 4091 bus
337 4041 477 4094 σίριί
493 4048 737 4110 septena
755 4050 810 4100 et
824 4052 1088 4115 septena,
1114 4050 1445 4104 masculum
1469 4055 1520 4103 et
1557 4049 1869 4118 feminam,

207 4134 271 4182 ut
293 4129 568 4184 salvetur
593 4146 784 4188 semen
805 4150 986 4203 super
1003 4137 1268 4194 terram?
1290 4137 1437 4199 Quid
1463 4137 1572 4192 sibi
1593 4139 1729 4208 vult,
1752 4141 1870 4198 duo

203 4223 257 4272 et
282 4218 426 4283 duo,
459 4225 702 4286 septena
727 4228 782 4276 et
809 4231 1050 4290 septena
1071 4224 1098 4278 ?
1128 4226 1217 4279 An
1240 4231 1499 4296 quatuor
1516 4242 1588 4280 ex
1613 4225 1869 4285 immun-

202 4304 314 4364 dis.
368 4310 427 4360 et
484 4309 943 4377 quatuordecim
991 4329 1064 4367 ex
1091 4313 1336 4368 mundis
1384 4314 1746 4370 animalibus
1774 4317 1866 4371 in-

200 4393 465 4462 telligere
492 4395 786 4453 debemus
814 4399 1152 4458 introducta
1187 4401 1370 4456 fuisse
1392 4403 1419 4456 ‘l
1449 4402 1702 4458 Minime.
1737 4408 1863 4460 Non

199 4483 314 4538 duo
335 4490 391 4539 et
421 4484 542 4539 duo
573 4493 816 4559 propter
860 4495 1137 4560 quatuor,
1190 4491 1298 4546 sed
1345 4495 1586 4564 propter
1634 4510 1868 4550 mascu-

202 4571 318 4627 lum
347 4579 404 4629 et
439 4574 750 4633 feminam.
785 4583 932 4635 Nam
961 4579 1035 4635 de
1066 4581 1398 4636 immundis
1444 4584 1864 4638 tantummodo

202 4659 426 4728 duo,et
457 4663 533 4718 de
563 4666 807 4722 mundis
847 4668 1229 4726 solummodo
1275 4674 1521 4741 septem.
1568 4670 1704 4724 ideo
1752 4671 1866 4725 im-

204 4751 433 4807 munda
452 4753 589 4824 pari
617 4770 872 4810 numero
903 4758 1124 4828 posuit,
1155 4758 1388 4814 munda
1441 4773 1580 4812 vero
1625 4757 1864 4830 impari,

203 4845 265 4892 ut
287 4839 538 4898 haberet
567 4844 724 4899 unde
749 4845 976 4900 hostias
996 4847 1116 4901 Deo
1141 4847 1216 4901 de
1239 4845 1481 4901 mundis
1506 4845 1864 4903 immolaret.

202 4930 263 4984 Et
293 4928 448 4986 bene
472 4931 737 5003 pluriora
768 4934 1006 4990 fuerunt
1035 4935 1264 4990 munda
1314 4951 1501 5007 quam
1549 4934 1868 4992 immunda
1919 4931 1936 4949 '

199 5024 444 5088 propter
495 5020 764 5077 futurum
825 5039 1002 5078 usum
1049 5023 1319 5078 humano
1368 5023 1588 5092 generi,
1643 5023 1744 5096 qui
1792 5039 1865 5080 ex

196 5106 446 5160 mundis
472 5107 804 5164 debebatur
833 5111 1200 5176 hominibus,
1258 5115 1323 5166 ut
1351 5111 1616 5183 pluriora
1663 5117 1863 5168 essent

193 5210 333 5265 quae
354 5196 712 5265 prodessent
752 5215 939 5270 quam
987 5216 1121 5271 quae
1151 5204 1451 5255 nocerent.
1487 5201 1565 5255 De
1610 5201 1860 5272 quibusa

188 5297 308 5352 que
325 5281 739 5339 animantibus
761 5285 986 5341 dictum
1013 5291 1118 5354 est,
1138 5288 1201 5342 in
1225 5288 1436 5358 quibus
1460 5295 1597 5344 erat
1613 5291 1857 5358 spiritus

186 5372 345 5426 vitae.
365 5375 494 5428 Non
515 5374 712 5429 solum
736 5373 812 5429 de
824 5375 1192 5444 hominibus,
1226 5376 1330 5431 sed
1351 5377 1528 5432 etiam
1559 5377 1633 5432 de
1683 5381 1854 5433 caetea

184 5461 261 5515 ris
293 5463 583 5519 omnibus
611 5465 718 5536 qui
743 5465 908 5520 vitali
938 5482 1085 5521 aura
1129 5471 1474 5522 vescuntur.
1510 5467 1850 5522 Notandum

185 5557 270 5607 est
295 5552 466 5623 quod
497 5566 744 5609 movere
764 5555 913 5610 solet
940 5556 1241 5627 quosdam
1263 5561 1464 5611 utrum
1493 5558 1652 5610 tanta
1676 5571 1852 5627 cepa-

189 5640 355 5699 citate
383 5658 528 5702 arca
546 5643 924 5712 describitur,
948 5649 1014 5701 ut
1033 5661 1163 5702 esse
1193 5645 1478 5702 animalia
1504 5648 1666 5703 tanta
1691 5648 1748 5700 et
1767 5649 1852 5702 tot

1996 3065 2163 3122 ﬁnito
2195 3083 2322 3122 esse
2366 3068 2652 3139 potuisse.
2697 3073 2812 3124 Aut
2837 3070 2884 3124 si
2917 3070 3267 3140 mysterium
3321 3071 3651 3126 sacratissi-

1996 3167 2164 3212 mUm
2195 3157 2362 3227 quod
2387 3158 2698 3227 agebatur,
2731 3161 2788 3213 et
2813 3163 2988 3213 tantae
3017 3158 3101 3212 rei
3126 3159 3317 3225 ﬁgura
3345 3159 3524 3213 etiam
3554 3175 3647 3213 ve-

1992 3244 2160 3300 ritate
2191 3246 2436 3300 faciliter
2463 3247 2691 3317 [Uterq.
2722 3247 2873 3311 cod.,
2902 3245 3244 3315 faccialiter]
3284 3261 3406 3301 non
3445 3251 3647 3318 posset

1991 3331 2244 3404 impleri,
2276 3333 2388 3388 nisi
2418 3337 2482 3388 ut
2505 3334 2712 3389 omnia
2738 3333 2821 3388 ibi
2851 3337 3012 3389 certo
3039 3333 3140 3388 illo
3171 3349 3424 3390 numero
3448 3339 3646 3392 essent

1989 3437 2125 3492 quae
2155 3422 2352 3477 vivere
2381 3421 2444 3478 in
2470 3422 2662 3494 aquis,
2695 3421 2847 3478 illius
2876 3427 3092 3478 natura
3120 3423 3493 3494 prohibente,
3519 3439 3642 3479 non

1988 3515 2279 3582 possunt;
2313 3527 2435 3568 non
2468 3510 2573 3566 fuit
2601 3510 2756 3566 illius
2784 3511 3045 3566 hominis
3075 3527 3218 3566 cura
3246 3511 3377 3578 ista,
3413 3511 3506 3566 vel
3519 3511 3644 3568 illo-

1987 3617 2122 3656 rum
2145 3602 2485 3671 hominum,
2518 3601 2619 3656 sed
2647 3601 2870 3659 divina.
2914 3603 3043 3656 Non
3075 3601 3234 3656 enim
3279 3617 3351 3657 ea
3390 3604 3510 3657 Noe
3553 3615 3646 3658 ca-

1985 3690 2156 3762 piens
2183 3691 2628 3758 intromittebat,
2664 3690 2770 3746 sed
2799 3690 3091 3746 venientia
3122 3695 3179 3746 et
3206 3692 3488 3747 intrantia
3517 3704 3640 3764 per-

1986 3780 2275 3836 mittebat.
2303 3783 2383 3835 Ea
2410 3795 2588 3851 porro
2609 3795 2741 3850 quae
2783 3779 2866 3834 sic
2898 3779 3122 3834 habent
3163 3795 3373 3833 sexum
3416 3784 3479 3834 ut
3520 3791 3642 3836 non

1983 3868 2249 3924 habeant
2275 3867 2482 3934 fetum,-
2513 3867 2661 3922 sicut
2679 3866 2826 3922 muli
2856 3871 2911 3922 et
2945 3867 3143 3932 mulae,
3191 3870 3410 3921 mirum
3441 3868 3489 3920 si
3522 3867 3643 3921 fue-

1983 3962 2121 4012 runt
2147 3958 2257 4027 [Z.,
2287 3955 2527 4025 fuerint]
2545 3955 2648 4022 ibi,
2679 3971 2748 4011 ac
2767 3971 2891 4010 non
2912 3955 3111 4026 potius
3133 3959 3408 4026 parentes
3431 3967 3640 4010 eorum

1979 4045 2063 4101 ibi
2093 4046 2278 4101 fuisse
2306 4044 2620 4111 suffecerit,
2653 4045 2941 4116 equinum
2958 4043 3228 4099 videlicet
3255 4049 3434 4114 atque
3462 4044 3639 4099 asini-

1975 4152 2122 4191 num
2162 4150 2372 4206 genus,
2408 4139 2466 4190 et
2515 4134 2563 4188 si
2593 4150 2717 4206 qua
2761 4133 2908 4189 alias
2955 4138 3110 4200 sunt,
3165 4147 3303 4205 qua;
3347 4134 3637 4188 commixs

1978 4225 2136 4280 tione
2167 4223 2384 4279 diversi
2408 4222 2642 4293 generis
2685 4238 2874 4291 genus
2921 4222 3163 4294 aliquod
3217 4221 3486 4291 gignunt.
3525 4221 3637 4276 Sed

1977 4314 2174 4369 ethoc
2205 4313 2286 4369 ad
2334 4312 2685 4384 mysterium
2733 4311 3086 4382 pertinebat.
3139 4310 3328 4366 Habet
3374 4309 3532 4366 enim
3582 4314 3639 4366 et

1976 4401 2091 4458 hoc
2117 4418 2306 4473 genus
2335 4400 2672 4457 masculum
2720 4404 2774 4455 et
2814 4399 3121 4455 feminam.
3167 4399 3339 4464 Quod
3363 4397 3520 4452 enim
3561 4397 3636 4452 de

1979 4505 2126 4561 pace
2178 4495 2232 4546 et
2260 4491 2418 4546 unde
2441 4506 2501 4545 se
2519 4489 2771 4545 invicem
2793 4504 2915 4544 non
2935 4487 3298 4543 debellarent
3329 4486 3502 4540 divisi
3533 4499 3632 4552 ge-

1978 4578 2135 4632 neris
2167 4579 2519 4647 animantia,
2553 4577 2933 4632 sentiendum
2964 4576 3095 4632 est?
3139 4575 3298 4628 Sicut
3326 4572 3485 4627 enim
3532 4569 3632 4625 Dei

1977 4670 2125 4720 nutu
2175 4666 2635 4722 adducebantur
2688 4667 2748 4720 in
2808 4679 3033 4731 arcam,
3087 4661 3168 4715 ita
3215 4665 3272 4714 et
3327 4658 3424 4711 Dei
3481 4661 3630 4711 nutu

1977 4754 2488 4810 conservabantur
2535 4754 2596 4809 in
2645 4769 2802 4809 arca.
2880 4752 2992 4806 Seu
3063 4749 3222 4803 enim
3291 4742 3629 4801 secundum
3703 4812 3705 4814 η

1976 4858 2194 4911 genera
2213 4859 2323 4896 sua
2340 4840 2773 4898 mansiunculis
2789 4838 3230 4904 dividebantur,
3254 4840 3358 4893 aut
3378 4834 3628 4907 sejuncti

1973 4931 2089 5002 [Z,,
2123 4931 2168 4984 si
2197 4930 2476 5000 junctim]
2503 4932 2830 4993 manerent,
2865 4927 2964 4983 Dei
2993 4932 3193 4982 tamen
3222 4925 3486 4998 potentia
3518 4935 3626 4994 gua

1970 5020 2396 5076 bernabantur.
2421 5023 2570 5089 Lege
2589 5018 2809 5074 librum
2830 5017 2990 5074 beati
3010 5015 3323 5087 Augustini
3349 5016 3627 5088 quintum

1970 5109 2272 5166 decimum
2303 5108 2380 5164 de
2408 5110 2654 5166 Civitate
2677 5109 2788 5164 Dei
2821 5108 2896 5163 de
2926 5121 3064 5163 arca
3095 5105 3410 5161 disertum.

2044 5199 2239 5256 Solent
2256 5199 2434 5254 etiam
2460 5197 2731 5254 nonnulli
2749 5197 3140 5269 quaestionem
3155 5195 3350 5250 facere
3364 5205 3624 5266 quomo-

1967 5289 2046 5344 do
2062 5289 2262 5345 leones
2281 5294 2336 5344 et
2351 5288 2650 5360 aquilee,et
2669 5291 2879 5344 caitera
2896 5285 3246 5356 hujusmodi
3268 5293 3404 5356 quae
3434 5283 3622 5339 carni-

1963 5377 2078 5433 bus
2104 5379 2291 5433 vivere
2320 5379 2774 5437 consueverunt,
2808 5377 2867 5429 in
2899 5389 3038 5430 arca
3067 5373 3234 5446 pasci
3276 5372 3623 5446 potuerint?

1963 5467 2504 5537 Forte,utdoctores
2524 5465 2865 5538 opinantur,
2881 5468 2937 5519 et
2957 5463 3072 5519 alia
3097 5461 3381 5518 animalia
3407 5464 3623 5533 praeter

1960 5572 2279 5610 numerum
2307 5556 2616 5612 deﬁnitum
2648 5559 2890 5627 propter
2918 5552 3169 5608 aliorum
3188 5563 3389 5608 escam
3431 5551 3490 5605 in
3526 5560 3618 5603 ars

1959 5659 2092 5702 cam
2124 5643 2361 5700 fuerunt
2389 5643 2753 5711 intromissa,
2787 5643 2878 5699 vel
2906 5641 3110 5714 aliqua
3134 5637 3360 5697 cibaria
3405 5635 3618 5709 preter
