4160 6182
552 212 654 266 159

1657 209 2012 267 ANGELOMI
2051 205 2502 263 LUXOVIENSIS
2539 206 2856 264 MONACHI

3867 215 3972 271 160

553 348 768 390 carnes
795 333 972 390 aviro
1003 333 1273 406 sapienti,
1299 333 1395 390 vel
1420 337 1540 391 Deo
1569 334 2037 400 demonstrante,
2065 346 2201 404 quea
2234 330 2282 383 Α
2312 340 2394 386 tes
2419 335 2474 386 et
2499 330 2828 388 redeuntes.
2861 333 3009 386 Dum
3041 329 3292 386 dicitur:
3326 331 3596 388 Reversw
3625 340 3768 390 sunt
3795 349 3973 407 aquae

550 423 760 478 talium
823 437 1067 495 quoque
1124 422 1521 479 animantium
1597 425 1746 481 escis
1798 422 2202 482 convenirent,

551 511 718 584 quod
743 511 940 582 magis
969 510 1249 570 credibile
1278 517 1384 567 est.
1417 515 1565 568 Nam
1595 513 1820 570 scimus
1861 512 2050 568 multa
2081 509 2206 566 ani-

549 598 755 669 malia,
787 599 1006 672 quibus
1041 614 1182 655 caro
1232 599 1400 655 cibus
1431 606 1539 671 est,
1575 602 1751 659 etiam
1801 601 1998 676 pomis
2044 598 2208 655 vesci

551 689 654 758 [Z.,
688 692 745 744 et
773 702 957 760 poma
984 688 1184 758 vesci].
1219 687 1369 749 Quid
1399 689 1504 760 [Z.,
1538 691 1690 757 Quid
1732 693 1894 762 vero]
1938 691 2012 746 de
2060 691 2206 761 potu

550 775 901 832 animalium
953 775 1353 845 sentiendum,
1401 777 1478 835 de
1522 795 1644 852 quo
1681 779 1828 836 nihil
1871 778 2023 849 dicit,
2054 777 2204 833 Scri-

548 867 724 934 ptura
743 864 770 918 ?
798 864 945 918 Sunt
964 863 1214 936 quidam
1243 866 1349 938 qui
1377 871 1591 938 putant
1618 869 1798 924 unius
1847 866 1964 923 diei
2005 880 2206 922 escam

546 965 686 1006 arca
713 949 808 1006 vel
836 955 1048 1022 potum
1091 952 1154 1008 in
1195 953 1416 1010 multos
1463 956 1747 1028 prodesse
1799 957 1926 1012 dies
1975 954 2204 1011 illatum

547 1038 976 1108 animantibus,
1006 1040 1099 1098 vel
1127 1041 1374 1100 forsitan
1405 1044 1482 1100 ad
1528 1048 1719 1101 totum
1766 1060 1995 1102 annum
2039 1042 2206 1116 quod

545 1129 746 1184 verius
777 1144 906 1185 esse
930 1133 1147 1202 potest.
1182 1132 1294 1188 Sed
1325 1132 1694 1190 dimittamus
1719 1135 1973 1190 incertas
2002 1133 2203 1204 conje-

546 1221 770 1287 cturas,
795 1221 852 1273 et
876 1219 1281 1276 concedamus
1309 1221 1525 1279 divinae
1568 1223 1846 1296 potentiae
1875 1223 1952 1278 de
1979 1227 2204 1279 creatu-

547 1305 629 1361 ris
661 1305 784 1360 suis
814 1305 1006 1364 facere
1037 1308 1204 1380 quod
1231 1309 1484 1367 voluerit
1511 1313 1722 1383 [Petr.,
1750 1311 1980 1384 voluit].

1185 1400 1415 1456 CAPUT
1452 1403 1567 1456 VII.

621 1482 799 1539 Vens.
833 1488 978 1542 1-19.
1006 1518 1074 1526 -
1102 1488 1183 1544 Et
1208 1489 1452 1546 inclusit
1493 1505 1622 1546 eum
1643 1491 1925 1547 Dominus
1955 1488 2197 1557 deforis.

549 1571 865 1635 Quomodo
890 1573 1049 1630 enim
1077 1581 1472 1650 posteaquam
1511 1579 1786 1634 clausum
1835 1582 1940 1645 est,
1991 1580 2054 1632 ut
2096 1577 2200 1646 [Z.,

2313 419 2385 474 de
2406 423 2569 474 terra
2600 425 2882 476 et’euntes
2904 426 2956 476 et
2986 419 3318 490 redeuntes,
3350 421 3607 486 videtur,
3622 423 3798 493 juxta
3822 425 3974 482 litte-

2313 523 2468 572 ram,
2497 507 2642 579 quia
2670 524 2881 564 omnes
2910 507 3231 564 ﬂuviorum
3272 523 3342 564 ac
3381 509 3648 567 rivorum
3677 512 3973 570 decursus

2313 611 2420 668 per
2443 596 2708 653 occultas
2736 603 2904 653 terra;
2940 613 3126 653 venas
3164 597 3242 653 ad
3273 599 3589 655 matricem
3631 601 3840 674 abyssi
3879 620 3972 660 re-

2313 683 2518 754 deunt,
2527 685 2548 756 j
2561 690 2701 742 uxta
2712 685 2857 742 illud
2873 685 3208 743 Salomonis
3228 704 3240 741 :
3259 687 3337 742 At
3354 689 3549 744 locum
3569 692 3730 747 unde
3748 701 3969 749 exeunt

2311 774 2585 844 ﬂumina,
2609 781 3015 842 revertuntur,
3038 781 3104 831 ut
3125 776 3342 832 iterum
3359 777 3796 849 ﬂuant(Eccle.
3825 798 3864 850 ι,
3890 784 3969 854 7).

2385 866 2556 919 Vens.
2592 868 2643 920 6.
2680 897 2748 904 —
2777 865 2920 920 Post
2959 865 3372 936 quadraginta
3412 867 3537 922 dies
3568 872 3808 938 aperuit
3844 871 3972 928 Noe

2309 953 2659 1025 fenestram,
2681 959 2736 1010 et
2765 956 2959 1010 emisit
3001 969 3267 1019 corvum,
3304 957 3412 1026 qui
3446 957 3867 1026 egrediebatur
3915 967 3973 1017 et

2312 1058 2432 1098 non
2458 1043 2885 1099 revertebatur.
2928 1045 2992 1098 In
3023 1042 3272 1099 Hebraeo
3313 1044 3600 1117 scriptum
3632 1053 3720 1103 est
3761 1050 3969 1104 exiens

2313 1137 2368 1187 et
2398 1137 2716 1199 revertens,
2741 1133 2925 1188 donec
2952 1133 3328 1189 siccarentur
3347 1149 3521 1206 aquae
3549 1136 3621 1191 de
3647 1142 3834 1194 terra.
3853 1138 3970 1194 Sed

2312 1218 2468 1290 ideo,
2501 1223 2565 1276 ut
2594 1225 2802 1276 nostra
2833 1220 3140 1276 translatio
3170 1220 3384 1292 innuit,
3412 1239 3535 1278 non
3556 1228 3643 1279 est
3664 1239 3968 1298 reversus,

2311 1309 2454 1382 quia
2484 1313 2588 1365 aut
2615 1309 2692 1366 ab
2733 1310 2905 1382 aquis
2934 1314 3023 1365 est
3070 1310 3392 1383 absorptus
3441 1316 3498 1367 et
3546 1312 3967 1387 interemptus,

2312 1402 2417 1453 aut
2443 1396 2647 1470 aliquo
2677 1399 2968 1455 cadavere
3000 1405 3424 1471 supernatante
3473 1406 3562 1456 est
3615 1400 3874 1472 illuctus,
3917 1408 3974 1460 et

2311 1484 2570 1558 desuper
2599 1486 2806 1542 sedere
2834 1492 2922 1543 est
2949 1487 3297 1558 delectatus,
3329 1489 3495 1561 quod
3538 1488 3826 1546 columba
3872 1507 3974 1548 na-

2311 1573 2577 1630 turaliter
2603 1575 2838 1644 refugit,
2872 1575 2946 1631 de
2971 1591 3096 1648 qua
3121 1575 3335 1632 dicitur
3359 1595 3372 1632 :
3406 1593 3541 1648 quae
3569 1593 3702 1634 cum
3733 1595 3852 1635 non
3883 1581 3974 1636 in-

552 1659 628 1731 et]
657 1658 856 1716 nullus
885 1661 1201 1720 hominum
1231 1671 1398 1722 extra
1423 1683 1628 1724 arcam
1651 1669 1777 1738 fuit,
1795 1664 2203 1722 inbituminari
2230 1671 2272 1726 B
2314 1665 2560 1720 venisset
2593 1665 2694 1719 ubi
2737 1667 3125 1736 requiesceret
3163 1681 3265 1735 pes
3294 1669 3442 1743 ejus.
3500 1683 3740 1724 reversa
3766 1676 3850 1726 est
3889 1671 3974 1726 ad

551 1748 914 1806 extrinsecus
944 1753 1163 1810 ostium
1199 1756 1441 1827 potuit?
1484 1757 1607 1812 Hoc
1647 1756 1808 1812 enim
1846 1755 1971 1811 sine
2018 1753 2203 1810 dubio

550 1835 823 1894 divinum
880 1855 1034 1912 opus
1087 1842 1214 1912 fuit,
1266 1859 1343 1901 ne
1388 1845 1836 1916 ingrederentur
1883 1861 2056 1916 aquae
2099 1859 2206 1916 per

550 1925 803 1998 aditum,
833 1943 1015 2000 quem
1045 1931 1317 1990 humana
1345 1949 1468 1991 non
1498 1934 1796 1990 munierat
1826 1949 2065 1990 manus.
2109 1934 2204 1989 Se-

547 2014 752 2086 quitur
782 2033 797 2072 :

621 2106 788 2160 Vens.
827 2109 916 2163 20.
946 2139 1015 2150 -—
1059 2110 1403 2177 Quindecim
1434 2113 1646 2169 cubitis
1675 2115 1859 2169 altior
1900 2113 2023 2182 fuit
2048 2126 2207 2184 aqua

548 2208 730 2262 super
754 2203 979 2252 montes
1024 2215 1168 2271 quos
1198 2209 1532 2272 operuerat.
1585 2202 1893 2271 Quaeritur,
1955 2202 2004 2257 si
2047 2216 2209 2274 aqua

549 2284 916 2341 transcendit
959 2288 1304 2359 quindecim
1334 2291 1572 2358 cubitis,
1605 2291 1851 2348 altitudo
1894 2291 1994 2361 [Z.,
2044 2289 2206 2346 cubi-

550 2369 642 2438 tis,
676 2373 850 2443 cujus
897 2375 1167 2449 altitudo]
1210 2379 1371 2436 hunc
1412 2397 1610 2436 aerem
1665 2380 2090 2446 turbulentum,
2142 2383 2207 2435 ut

551 2458 756 2527 fertur,
785 2465 1168 2533 transcendit,
1217 2467 1319 2523 ubi
1348 2469 1563 2524 dicitur
1613 2487 1721 2524 nec
1764 2469 1956 2525 nubes
1998 2467 2201 2536 videri,

552 2561 663 2600 nec
692 2552 906 2604 ventus
943 2552 1043 2620 [Z.,
1091 2553 1370 2610 dicuntur
1407 2557 1601 2612 nubes
1652 2557 1858 2623 videri,
1911 2573 2023 2612 nec
2063 2573 2205 2612 ven-

553 2637 671 2701 tus,
719 2638 856 2707 etc.)
906 2640 1126 2708 sentiri,
1188 2643 1339 2698 sicut
1393 2645 1468 2700 de
1525 2645 1780 2717 Olympo
1832 2645 2205 2718 opinantur?

555 2723 670 2780 Sed
709 2725 1020 2784 sciendum
1069 2735 1176 2796 est,
1235 2732 1284 2787 si
1332 2737 1486 2788 terra
1530 2735 1790 2806 spatium
1841 2734 1996 2790 illius
2049 2739 2206 2790 tran-

552 2810 721 2882 quilli
769 2814 997 2870 aetheris
1046 2817 1329 2888 invadere
1365 2821 1572 2892 potuit,
1623 2838 1729 2877 cur
1771 2826 1828 2878 et
1871 2838 1993 2877 non
2044 2838 2205 2895 aqua

553 2901 881 2957 crescendo
930 2903 1096 2961 illum
1151 2913 1416 2964 montem
1474 2915 1529 2964 et
1575 2927 1775 2966 aerem
1818 2911 1996 2967 etiam
2050 2915 2208 2966 tran-

2311 1767 2443 1808 eum
2467 1754 2529 1808 in
2559 1769 2784 1809 arcam.
2818 1756 3237 1811 Verumtamen
3266 1756 3693 1828 requirendum
3736 1762 3824 1812 est
3861 1775 3970 1813 cur

2310 1841 2793 1914 quadragenario
2822 1859 3074 1899 numero
3114 1844 3317 1916 pluvia
3368 1844 3720 1912 inundabat,
3762 1850 3820 1901 et
3867 1847 3972 1902 ite-

2311 1946 2445 1985 rum
2473 1937 2610 2004 post
2637 1931 3038 2004 quadraginta
3061 1932 3188 1989 dies
3215 1933 3430 1989 dicitur
3477 1937 3596 1990 Noe
3644 1934 3970 1991 fenestram

2312 2035 2466 2075 arcte
2495 2020 2802 2092 aperuisse
2824 2025 2852 2077 ?
2891 2021 3414 2092 Quadragenarius
3457 2022 3618 2078 enim
3649 2022 3756 2080 iste
3804 2023 3970 2096 spiri-

2314 2108 2504 2165 taliter
2558 2109 2999 2166 tribulationem
3054 2111 3414 2184 pcenitentiae
3468 2111 3740 2167 ostendit.
3793 2112 3970 2177 Quod

2312 2213 2453 2252 vero
2482 2203 2617 2269 post
2645 2198 3046 2270 quadraginta
3073 2199 3201 2254 dies
3244 2199 3565 2255 fenestram
3603 2199 3853 2271 aperuit,
3887 2199 3968 2254 si-

2313 2285 2556 2355 gniﬁcat
2591 2286 2822 2357 jejunio
2869 2287 3088 2343 coelum
3135 2287 3403 2344 reserari.
3455 2288 3592 2343 Ideo
3637 2290 3866 2360 Moyses
3913 2291 3970 2343 et

2315 2374 2488 2433 Elias.
2520 2375 2697 2430 etiam
2729 2380 2786 2431 et
2813 2375 2938 2447 ipse
2973 2375 3259 2447 Salvator,
3301 2377 3528 2448 jejunia
3575 2376 3966 2445 consecravit,

2313 2466 2602 2535 tanquam
2653 2463 2842 2519 tribus
2900 2464 3269 2536 temporibus
3312 2464 3652 2522 necessaria
3700 2468 3838 2520 ante
3885 2463 3967 2519 le-

2315 2570 2471 2625 gem.
2505 2553 2617 2608 sub
2647 2553 2796 2623 lege,
2828 2552 2943 2609 sub
2974 2554 3184 2624 gratia.
3216 2554 3491 2627 Sequitur
3523 2572 3538 2610 :

2385 2645 2549 2697 Vens.
2583 2647 2666 2697 Η.
2697 2673 2766 2682 -
2802 2642 2884 2697 At
2910 2643 3024 2698 illa
3063 2645 3223 2699 venit
3249 2643 3330 2699 ad
3377 2658 3508 2700 eum
3539 2643 3620 2700 ad
3663 2658 3968 2712 vesperam

2308 2739 2563 2801 portans
2606 2746 2841 2787 ramum
2872 2733 3064 2802 olivae,
3098 2736 3154 2788 et
3203 2731 3451 2805 reliqua.
3499 2733 3692 2798 Quare
3726 2747 3968 2787 ramum

2311 2821 2483 2878 olivae
2547 2825 2766 2893 portat,
2822 2821 2937 2876 nisi
2991 2821 3137 2892 quia
3197 2826 3405 2894 typum
3465 2821 3713 2894 Spiritus
3778 2819 3968 2875 sancti

2313 2909 2760 2967 adumbrabat?
2808 2911 2948 2974 Quae
2998 2910 3277 2965 columba
3309 2910 3555 2981 Spiritus
3600 2909 3808 2974 sancti,
3862 2925 3966 2963 ex-

554 2987 839 3044 scendere
860 2993 1095 3062 potuit?
1127 2997 1274 3051 Sunt
1305 3003 1502 3053 tamen
1550 2999 1798 3070 quidam
1842 2999 1945 3070 qui
1994 3004 2204 3071 putant
2231 3016 2274 3073 ο
2311 2999 2489 3072 pulso
2515 2999 2648 3053 alite
2674 2999 2991 3062 teterrima,
3025 2999 3103 3054 ad
3133 3001 3251 3054 Noe
3281 3004 3414 3070 post
3437 2996 3747 3063 diluvium,
3780 2997 3966 3068 quasi

552 3089 661 3129 nec
689 3081 854 3132 terrae
893 3079 1353 3152 inaequalitatem
1401 3087 1504 3156 [Z.,
1555 3086 1975 3159 aequalitatem]
2025 3087 2201 3144 talem

551 3176 699 3228 esse,
733 3179 842 3219 nec
869 3169 1160 3224 montium
1192 3171 1564 3229 altitudinem
1606 3179 1831 3232 tantam
1881 3180 2018 3231 ante
2055 3175 2206 3230 dilu-

447 3302 449 3304 .
547 3247 714 3306 vium
742 3267 875 3310 esse
903 3255 1056 3312 sicut
1082 3273 1243 3314 nunc
1267 3264 1377 3316 est.
1400 3316 1405 3320 .

623 3336 800 3395 Vens.
831 3344 918 3398 21.
949 3375 1017 3384 —
1050 3345 1533 3420 Consumptaque
1561 3358 1645 3406 est
1676 3354 1863 3408 omnis
1903 3368 2043 3409 caro
2069 3370 2203 3424 quae

549 3427 896 3484 movebatur
943 3449 1124 3502 super
1170 3441 1415 3507 terram,
1465 3445 1519 3494 et
1563 3441 1776 3509 quibus
1827 3444 2196 3510 spiraculum

551 3514 688 3568 vitae
726 3522 811 3570 est
840 3519 903 3573 in
935 3525 1117 3587 terra,
1159 3530 1396 3580 mortua
1436 3533 1595 3581 sunt.
1653 3527 1707 3582 Si
1751 3529 1910 3583 enim
1960 3529 2042 3584 ita
2093 3534 2198 3597 est,

548 3601 695 3672 quid
725 3604 1049 3665 dicendum
1069 3611 1143 3666 de
1173 3613 1533 3670 animalibus
1563 3632 1818 3687 quorum
1853 3625 2068 3675 natura
2087 3636 2199 3676 nec

550 3707 788 3762 semper
815 3694 876 3748 in
905 3697 1108 3763 aridis,
1164 3716 1274 3756 nec
1323 3718 1558 3774 semper
1600 3705 1658 3759 in
1707 3705 1970 3760 humidis
2000 3708 2199 3764 vivere

549 3781 764 3848 potest,
785 3781 936 3837 sicut
963 3791 1098 3842 sunt
1125 3786 1260 3843 lutri
1291 3794 1348 3845 et
1395 3791 1560 3846 vituli
1608 3793 1857 3862 marini;
1904 3799 1961 3850 et
2013 3795 2200 3852 multa

548 3864 753 3954 avium
775 3883 993 3936 genera
1021 3873 1081 3926 in
1111 3876 1283 3947 aquis
1334 3877 1556 3933 victum
1603 3881 1932 3954 requirunt,
1989 3883 2096 3938 sed
2137 3883 2199 3939 in

547 3953 752 4009 arduis
776 3955 1101 4030 dormiunt,
1133 3965 1472 4020 nutriuntur
1523 3970 1580 4022 et
1621 3953 2050 4041 requiescunt?
2103 3972 2196 4027 Di-

547 4041 808 4097 cendum
846 4051 934 4101 est
970 4051 1111 4119 quia
1152 4054 1344 4122 potuit
1393 4055 1576 4111 virtus
1632 4057 1835 4114 divina
1879 4066 2197 4134 utramque

547 4142 755 4185 eorum
781 4137 1078 4203 naturam,
1105 4138 1298 4196 donec
1327 4141 1620 4199 diluvium
1651 4146 1946 4216 transiret,
1979 4153 2199 4221 tempe-

545 4232 678 4273 rare
702 4237 717 4287 ;
745 4226 811 4277 ut
833 4224 1010 4280 autin
1035 4227 1285 4285 humido
1309 4236 1558 4300 tantum,
1575 4238 1678 4288 aut
1703 4233 1764 4289 in
1790 4235 1958 4314 arido
1997 4238 2194 4296 vivere

2312 3088 2387 3144 ad
2412 3087 2710 3144 Christum
2734 3092 2871 3160 post
2892 3087 3260 3159 baptismum
3291 3084 3546 3155 devolat,
3570 3090 3627 3140 et
3648 3100 3852 3140 ramos
3872 3100 3967 3139 re-

2309 3177 2577 3233 fectionis
2595 3193 2663 3232 ac
2687 3177 2927 3233 luminis
2951 3192 3161 3249 pacem
3182 3175 3311 3231 orbi
3332 3175 3666 3231 annuntiat.
3708 3174 3825 3231 Sed
3853 3190 3964 3230 an-

2309 3271 2553 3338 tequam
2571 3266 2891 3338 descriptio
2911 3266 3089 3338 hujus
3110 3282 3261 3322 arere
3285 3265 3363 3321 ad
3386 3265 3609 3321 calcem
3631 3265 3960 3336 perveniat,

2307 3355 2643 3411 notandum
2661 3360 2784 3422 est;
2818 3355 2865 3410 si
2886 3356 3040 3411 Deus
3063 3355 3269 3411 omnia
3307 3354 3525 3410 fecerat
3555 3353 3738 3417 bona,
3780 3353 3958 3408 etiam

2307 3449 2365 3500 et
2387 3445 2562 3500 valde
2586 3444 2768 3514 bona,
2817 3445 2958 3517 quid
2982 3449 3069 3500 est
3097 3445 3262 3516 quod
3301 3444 3531 3499 munda
3559 3447 3617 3499 et
3645 3442 3961 3497 immunda

2306 3535 2696 3589 nominantur
2717 3535 2778 3589 in
2815 3551 2885 3590 ea
2913 3533 3196 3590 animalia
3215 3539 3243 3588 ?
3269 3533 3549 3606 Nunquid
3573 3531 3956 3588 immundum

2305 3620 2536 3677 bonum
2581 3627 2777 3695 potest
2804 3640 2932 3680 esse
2951 3625 2978 3678 ?
3019 3623 3133 3679 Sed
3160 3622 3473 3679 sciendum
3495 3627 3584 3678 est
3607 3623 3752 3695 quia
3780 3620 3959 3676 etiam

2304 3711 2465 3781 quod
2490 3711 2872 3766 immundum
2895 3712 3126 3779 dicitur,
3150 3713 3210 3768 in
3230 3728 3340 3768 sua
3359 3716 3574 3768 natura
3592 3711 3823 3766 bonum
3847 3714 3958 3765 est.

2305 3799 2394 3855 Ad
2415 3801 2926 3872 comparationem
2942 3801 3120 3870 igitur
3140 3802 3378 3858 alterius
3395 3810 3645 3869 naturae,
3673 3799 3957 3865 melioris,

2304 3888 2480 3960 quasi
2513 3888 2897 3944 immundum
2923 3895 3188 3961 putatur.
3217 3891 3480 3962 Denique
3505 3889 3616 3945 bos
3646 3893 3734 3943 est
3749 3888 3960 3943 melior

2301 3976 2494 4047 leone,
2510 3977 2776 4033 videlicet
2795 3979 2937 4049 quia
2950 3980 3142 4047 magis
3158 3980 3286 4050 ejus
3307 3985 3523 4036 natura
3545 3977 3824 4034 convenit
3851 3978 3958 4032 ho-

2305 4066 2479 4121 minis
2525 4066 2859 4121 necessitati
2902 4068 3237 4134 subvenire,
3272 4073 3514 4140 propter
3538 4083 3719 4141 quem
3751 4067 3957 4121 omnia

2303 4159 2500 4210 creata
2531 4156 2985 4221 suntanimalia,
3004 4157 3078 4212 de
3104 4173 3225 4229 quo
3247 4158 3424 4213 etiam
3447 4157 3745 4212 subditur:
3778 4157 3858 4211 Et
3889 4163 3954 4211 ut

2302 4248 2499 4300 terror
2514 4251 2722 4311 vester,
2743 4252 2794 4301 et
2827 4252 3048 4302 tremor
3071 4249 3146 4302 sit
3167 4263 3346 4317 super
3375 4252 3591 4302 cuncta
3618 4248 3956 4302 animantia

544 4315 811 4414 possent.
846 4312 961 4368 Nisi
991 4314 1137 4372 forte
1163 4324 1328 4374 extra
1353 4337 1553 4376 arcam
1575 4322 1636 4376 in
1654 4322 1856 4395 aliqua
1877 4327 1926 4396 ej
1938 4312 2006 4381 us
2027 4334 2194 4398 parte
2223 4361 2264 4414 ι)
2301 4339 2498 4390 terra.
2526 4334 2662 4389 Ideo
2680 4336 2860 4390 homo
2882 4340 3102 4391 terrore
3123 4312 3349 4392 caeteris
3380 4335 3782 4392 animantibus
3796 4349 3953 4405 pree-

544 4395 679 4492 loca
705 4401 1181 4492 illisprteparata
1220 4414 1416 4465 essent
1439 4411 1598 4466 unde
1629 4418 1686 4468 et
1712 4413 1772 4468 in
1800 4415 1972 4486 aquis
2000 4418 2193 4475 vivere
2223 4395 2264 4414 υ
2299 4421 2528 4492 positus
2550 4428 2654 4482 est,
2673 4428 2735 4477 ut
2755 4429 2909 4478 esset
2935 4424 2990 4479 in
3016 4425 3292 4480 solatium
3315 4424 3591 4480 vindictae
3619 4428 3954 4489 transactus,

545 4491 602 4543 et
625 4488 684 4545 in
710 4490 894 4546 aridis
924 4494 1290 4565 requiescere
1316 4500 1666 4568 potuissent.

1172 4585 1399 4641 CAPUT
1435 4587 1545 4642 VIII
1556 4630 1568 4642 .
1981 4640 1984 4643 χ

619 4669 780 4757 Vens.
817 4672 902 4724 l2.
948 4702 1017 4711 —
1055 4674 1423 4731 Recordatus
1460 4683 1656 4733 autem
1706 4681 1995 4738 Dominus
2041 4686 2184 4757 Noe,

545 4754 802 4810 adduxit
831 4761 1110 4827 spiritum
1139 4779 1320 4833 super
1345 4771 1591 4835 terram,
1623 4773 1676 4824 et
1704 4770 2031 4828 imminqu
2045 4754 2185 4830 sunt

546 4843 834 4931 aquz._De
864 4844 963 4901 illo
987 4849 1197 4920 spiritu
1225 4852 1469 4925 intelligi
1495 4857 1780 4929 potestde
1801 4874 1924 4931 quo
1954 4860 2180 4918 dictum

546 4927 680 5019 est:
727 4928 989 5019 Spiritus
1042 4937 1153 4993 Dei
1191 4927 1514 5007 ferebatur
1553 4961 1734 5014 super
1771 4927 1978 5019 aeuus.
2019 4952 2180 5005 Tunc
2238 4947 2251 4962 ⁶

547 5011 706 5108 enim
728 5012 1026 5108 ferebatur
1049 5026 1130 5088 ut,
1162 5032 1533 5096 congregatis
1559 5011 1751 5103 aquis,
1782 5011 1839 5089 in
1875 5053 2052 5092 suum
2076 5039 2180 5108 [Z.,

544 5099 608 5154 in
639 5104 850 5172 unum]
879 5102 1079 5161 locum
1127 5113 1280 5166 terra
1327 5099 1932 5186 apparuissetsch
1982 5099 2183 5180 autem

545 5186 842 5280 adductus
868 5190 1100 5264 dicitur,
1129 5201 1192 5252 ut
1220 5198 1433 5256 ablatis
1453 5203 1528 5259 de
1549 5206 1749 5262 medio
1777 5210 1950 5280 aquis
1976 5211 2184 5267 diluvii

543 5274 757 5331 faciem
785 5281 953 5335 terrae
981 5283 1281 5341 revelaret.
1337 5291 1524 5346 Potest
1556 5297 1612 5346 et
1663 5274 1900 5364 spiritus
1943 5299 2186 5356 nomine

543 5366 756 5419 ventus
778 5365 1042 5440 intelligi,
1078 5371 1250 5443 juxta
1293 5375 1441 5431 illud
1485 5379 1852 5437 Psalmisth
1907 5385 1986 5439 Et
2027 5390 2186 5442 stetit

542 5451 790 5536 spiritus
810 5459 1096 5524 procella
1121 5461 1308 5527 (Psal.
1342 5479 1456 5528 cvr,
1477 5467 1591 5535 25),
1621 5465 1792 5536 cujus
1812 5469 2052 5527 ﬂatibus
2068 5489 2188 5530 cre-

542 5535 667 5594 bris
693 5555 854 5614 aqua
883 5552 1192 5616 cogeretur
1217 5551 1512 5608 recedere.

615 5629 780 5686 Vens.
803 5635 910 5688 3-5.
941 5664 1011 5676 -—
1036 5635 1119 5692 Et
1142 5651 1393 5697 reversae
1420 5647 1560 5701 sunt
1578 5657 1750 5714 aqua
1773 5646 1848 5704 de
1876 5653 2039 5708 terra
2050 5667 2190 5708 eun-

2299 4515 2449 4564 etne
2477 4511 2652 4580 pauci
2684 4512 2959 4568 homines
2989 4530 3025 4568 a
3053 4514 3325 4586 pluribus
3355 4513 3836 4586 opprimerentur
3856 4512 3959 4567 be-

2298 4595 2443 4662 stiis,
2467 4602 2522 4651 et
2542 4602 2606 4652 ut
2639 4601 2856 4656 scirent
2885 4618 2950 4657 se
2969 4602 3477 4658 irrationabilibus
3503 4601 3823 4669 dominari,
3853 4603 3958 4656 de-

2293 4683 2453 4751 bere,
2481 4699 2603 4740 non
2636 4687 3049 4743 rationalibus.
3077 4689 3240 4745 Unde
3263 4696 3319 4746 et
3342 4690 3522 4762 primi
3544 4695 3822 4762 parentes
3845 4705 3957 4745 no-

2291 4772 2394 4828 stri
2407 4777 2679 4844 pastores
2692 4790 3001 4846 pecorum,
3026 4793 3147 4833 non
3170 4793 3340 4848 reges
3363 4779 3681 4833 hominum
3712 4794 3841 4833 esse
3873 4778 3957 4833 1e-

2289 4866 2530 4932 guntur.
2551 4864 2847 4921 Caeterum
2872 4866 3207 4938 spiritaliter
3237 4866 3296 4922 in
3315 4868 3426 4922 hoc
3457 4867 3623 4938 quod
3643 4869 3762 4922 Noe
3781 4867 3926 4922 dicit
3944 4903 3960 4941 ε

2288 4952 2411 5007 Fac
2434 4951 2542 5007 tibi
2584 4968 2813 5023 arcam,
2857 4955 3176 5010 consilium
3216 4956 3398 5010 Patris
3419 4956 3496 5011 ad
3528 4956 3739 5011 Filium
3762 4963 3966 5028 potest

2287 5039 2532 5109 intelligi
2561 5040 2634 5095 de
2660 5043 3006 5114 acceptione
3034 5043 3251 5097 carnis.
3297 5045 3382 5098 De
3414 5045 3592 5113 lignis
3639 5045 3959 5114 laevigatis,

2288 5125 2350 5180 id
2380 5133 2468 5182 est
2495 5127 2571 5182 de
2591 5128 2810 5183 Judteis
2840 5130 2970 5198 lege
2996 5129 3322 5186 fabricatis.
3355 5133 3483 5187 Noe
3501 5147 3637 5187 cum
3664 5133 3808 5200 ﬁliis
3834 5133 3962 5187 suis

2289 5215 2347 5270 in
2378 5215 2668 5284 superiori
2704 5215 2838 5270 loco
2871 5216 3138 5272 Christus
3183 5223 3270 5274 est
3296 5236 3435 5275 cum
3467 5220 3756 5293 apostolis
3792 5220 3918 5274 suis
3947 5239 3962 5286 ;

2291 5316 2431 5358 aves
2453 5301 2513 5354 in
2535 5302 2820 5367 secundo,
2851 5303 3042 5358 sancti
3063 5304 3454 5374 designantur
3479 5326 3492 5376 ;
3523 5324 3744 5379 pecora
3764 5308 3824 5362 in
3851 5313 3971 5363 ter-

2289 5390 2391 5455 tio,
2425 5389 2769 5445 innocentes
2790 5392 3166 5462 ﬁgurantur;
3198 5394 3400 5452 bestiae
3424 5397 3482 5451 in
3507 5403 3745 5468 quarto,
3779 5413 3967 5452 mun-

2290 5477 2476 5534 diales
2499 5478 2850 5536 innuuntur.
2886 5481 3139 5548 Quintus
3170 5500 3310 5541 vero
3337 5485 3503 5541 locus
3549 5502 3690 5541 cum
3734 5491 3967 5541 sterco-

2291 5565 2456 5621 ribus
2487 5565 2754 5624 infernus
2773 5572 3126 5644 exprimitur
3169 5573 3347 5629 Aliter
3369 5592 3382 5629 :
3409 5589 3517 5645 per
3536 5575 3666 5630 haec
3687 5575 3968 5647 quinque

2291 5655 2426 5713 loca
2449 5656 2716 5734 quinque
2736 5663 3124 5720 escensiones
3149 5662 3418 5719 Ecclesiae
3450 5663 3875 5735 ostenduntur,
3896 5663 3970 5721 id
