4180 6186
193 178 280 232 161
1655 167 2016 226 COMMEMT.
2049 174 2120 228 IN
2157 173 2315 231 GEN.

3481 190 3582 244 M2

187 301 272 354 est
298 293 731 360 catechumeni,
763 292 1068 365 baptizati,
1087 293 1413 365 conjugati,
1440 291 1817 367 poeuitentes,
1849 293 1898 346 A
1930 292 2099 350 scivit
2151 297 2394 353 Creator
2421 297 2828 358 formidabiles
2871 303 3187 362 hominum
3215 306 3473 379 animos,
3507 324 3582 365 ne

185 385 374 442 sancti.
400 383 575 449 Quod
606 386 812 437 autem
842 386 975 452 post
1021 386 1249 454 septem
1281 382 1407 437 dies
1446 380 1650 454 pluvia
1691 379 1822 434 des-

183 473 385 535 cendit,
417 469 628 543 pluvia
652 469 992 524 voluntaria
1020 475 1156 541 post
1187 473 1442 525 veterem
1475 469 1670 539 legem
1718 483 1824 538 po-

184 566 284 617 test
305 557 568 628 intelligi,
597 557 672 612 de
702 572 829 628 qua
859 556 1389 614 diciturzPluviam
1412 557 1819 613 voluntariam

181 649 525 721 segregabis,
560 647 734 715 Deus,
766 650 823 700 et
843 645 1074 718 reliqua
1098 647 1289 717 (Psal.
1311 663 1479 716 van,
1513 650 1615 702 10).
1649 643 1822 710 Quod

183 743 376 796 autem
401 736 555 803 dicit,
586 736 757 804 rupti
772 743 911 790 sunt
930 752 1128 792 omnes
1149 737 1366 805 fontes,
1399 734 1819 805 evangelistas;

183 828 377 897 abyssi
392 839 625 894 magnae
653 823 1034 895 profunditas
1061 823 1279 879 Veteris
1304 821 1688 890 Testamenti;
1722 837 1820 877 ca-

181 920 432 972 taractas
465 913 603 969 σιεζί
623 911 930 984 apostolos
963 912 1242 981 intellige.
1278 911 1390 968 Sed
1421 912 1480 966 in
1518 912 1632 966 hoc
1658 911 1819 982 quod

178 1005 341 1061 dicit:
371 1003 631 1058 Inclusit
675 1003 848 1057 illum
882 1003 1170 1057 Dominus
1222 1017 1259 1056 a
1310 1001 1462 1069 foris
1500 1001 1639 1071 [Z..,
1685 1015 1817 1056 eum

176 1091 625 1162 Dom.deforis].
656 1089 920 1145 ostendit
967 1090 1264 1144 Christum
1297 1088 1617 1144 Ecclesiam
1647 1105 1819 1144 suam

177 1180 457 1238 custodire
491 1196 528 1234 a
557 1178 1263 1251 persequentibus.Quod
1280 1178 1458 1247 igitur
1485 1177 1680 1233 intulit
1693 1193 1820 1233 om-

175 1286 299 1326 nem
337 1284 589 1324 carnem
646 1272 1090 1339 consumptam,
1138 1267 1448 1321 haereticos
1499 1270 1817 1338 praecavet,

175 1359 567 1414 existimantes
598 1355 835 1427 aliquos
871 1354 1167 1410 diluvium
1209 1354 1494 1416 evasisse.
1549 1354 1701 1410 sicut
1741 1355 1815 1409 de

174 1445 496 1502 Mathusala
523 1448 800 1515 putatum
830 1442 1239 1515 est.Quodque
1263 1443 1641 1512 dicit,euntes
1662 1448 1715 1498 et
1734 1457 1820 1498 re-

173 1536 420 1603 deuntes,
443 1532 747 1602 signiﬁcat
774 1532 834 1586 in
866 1537 1277 1603 persecutores
1307 1531 1600 1587 vindictas
1619 1536 1676 1587 et
1700 1532 1815 1587 hae-

171 1639 318 1679 reses
345 1624 404 1678 in
435 1621 750 1677 haereticos
779 1625 1159 1676 revertentes.
1195 1623 1419 1676 Corvus
1449 1619 1735 1675 dimissus
1761 1625 1817 1676 et
1850 1633 1887 1686 Β

172 1728 280 1767 non
309 1726 583 1766 reversus
605 1709 864 1777 ﬁguram
899 1707 1233 1780 peccatoris
1260 1707 1354 1763 vel
1382 1707 1606 1764 diaboli
1637 1712 1809 1775 tenet,

172 1800 240 1856 ad
264 1815 520 1870 regnum
550 1795 765 1852 Christi
779 1811 902 1852 non
931 1796 1296 1852 revertentis.
1334 1797 1627 1852 Columba
1647 1812 1810 1868 vero,

169 1906 291 1963 quae
328 1893 419 1944 est
465 1902 729 1953 reversa,
757 1884 970 1950 Adam,
1018 1885 1172 1940 sicut
1194 1885 1467 1940 nonnulli
1492 1885 1701 1942 volunt
1727 1885 1815 1940 in-

171 1977 357 2048 telligi,
386 1975 688 2046 signiﬁcat
736 1973 815 2030 ad
865 1973 1218 2046 paradisum
1268 1978 1663 2030 revertentem
1705 1990 1812 2046 per

169 2066 476 2128 Christum,
511 2063 560 2118 si
602 2063 786 2119 lector
835 2063 1104 2134 accipere
1146 2062 1430 2130 voluerit;
1471 2063 1563 2118 vel
1612 2063 1811 2135 potius

169 2168 652 2226 unumquemque
677 2152 914 2222 justum
939 2151 1015 2207 ad
1039 2150 1382 2213 Ecclesium,
1403 2152 1573 2221 cujus
1604 2151 1806 2223 pes,id

169 2249 251 2298 est
273 2258 499 2306 sensus,
531 2241 590 2296 in
620 2241 738 2296 hoc
786 2239 972 2295 modo
1019 2254 1144 2294 non
1200 2238 1534 2312 requiescit.
1583 2242 1805 2294 Ramus

166 2331 334 2388 oliva:
362 2331 423 2386 in
447 2347 542 2386 ore
565 2329 865 2385 columbae
892 2327 1332 2384 confessionem
1358 2327 1654 2399 significat
1682 2327 1802 2384 Tri-

165 2422 360 2476 nitatis
377 2421 435 2475 iu
461 2435 557 2475 ore
578 2419 1059 2490 uniuscujusque
1089 2417 1456 2474 sancti.Cum
1479 2417 1804 2474 virentibus

159 2511 341 2579 loliis,
369 2509 427 2564 id
450 2514 538 2564 est
563 2508 850 2582 operibus
878 2506 1170 2580 perfectis.

225 2601 401 2655 Vens.
427 2598 490 2653 21
501 2639 524 2686 θ
550 2601 713 2652 22.——
738 2597 878 2652 Non
908 2598 1098 2666 igitur
1126 2596 1295 2652 ultra
1316 2596 1653 2665 percutiam
1679 2611 1803 2652 om-

158 2704 279 2745 nem
331 2684 619 2753 animam,
645 2687 800 2742 sicut
827 2685 952 2755 feci
977 2685 1208 2740 cunctis
1239 2684 1441 2740 diebus
1473 2689 1668 2740 terra.
1701 2686 1800 2742 Se-

153 2780 358 2834 mentis
389 2784 444 2834 et
495 2777 712 2843 messis,
758 2775 960 2845 frigus
998 2781 1053 2830 et
1083 2779 1278 2843 ustus,
1311 2780 1482 2830 wstas
1511 2781 1566 2830 et
1597 2775 1800 2846 hiems,

151 2884 268 2924 nos:
295 2874 352 2923 et
384 2867 509 2922 dies
536 2881 653 2921 non
680 2865 1067 2935 requiescent.
1099 2863 1388 2919 Sementis
1416 2869 1469 2920 et
1494 2865 1715 2933 messis,
1740 2863 1801 2918 id

1928 381 2142 470 iterum
2175 384 2396 442 diluvio
2449 403 2511 443 se
2541 388 2722 446 deleri
2778 392 3104 461 crederent,
3159 395 3309 453 dum
3360 398 3582 470 saepius

1927 469 2350 530 inundationes
2371 475 2715 547 pluviarum
2743 487 3069 538 cernerent.
3097 485 3165 540 Et
3208 484 3363 541 bene
3418 469 3579 542 idem

1929 557 2168 628 signum
2200 563 2528 620 securitatis
2551 566 2613 621 in
2643 568 2794 623 ccelo
2843 569 3104 640 positum
3135 575 3242 642 est,
3272 572 3490 630 scilicet
3516 578 3582 630 ut

1929 645 2008 702 ab
2038 649 2320 706 omnibus
2344 651 2555 726 inspici
2575 655 2884 727 potuisset,
2906 662 2963 714 et
2983 663 3048 714 ut
3075 675 3186 731 pro
3214 676 3579 735 quacunque

1928 735 2309 795 tribulatione
2335 741 2542 797 oculos
2568 744 2762 799 cordis
2807 744 2884 800 ad
2909 761 3048 802 eum
3077 745 3439 817 attollamus,
3469 751 3575 822 qui

1927 823 2159 883 habitat
2203 827 2263 883 in
2293 830 2478 886 caelis.
2534 831 2646 888 Sed
2671 833 2956 905 quaeritur
2987 851 3092 890 cur
3119 835 3334 892 diversi
3363 839 3577 894 coloris

1929 913 2104 970 datur
2133 917 2479 974 hominibus
2495 919 2522 974 ‘I
2536 923 2776 993 Propter
2797 923 3172 979 securitatem
3196 929 3252 980 et
3281 925 3573 982 timorem.

1931 1004 2096 1060 Unde
2123 1010 2179 1060 et
2208 1005 2268 1061 in
2301 1023 2441 1063 arcu
2474 1008 2638 1065 color
2667 1026 2841 1082 aquae
2884 1015 2940 1066 et
2963 1011 3116 1082 ignis
3147 1013 3326 1070 simul
3377 1019 3576 1071 osten-

1927 1091 2107 1161 ditur,
2135 1093 2279 1165 quia
2308 1110 2379 1151 ex
2409 1101 2578 1169 parte
2607 1103 2696 1154 est
2721 1099 3030 1168 caeruleus,
3059 1105 3116 1156 et
3135 1108 3389 1174 exparte
3416 1103 3574 1160 rubi-

1929 1181 2183 1247 cundus,
2226 1189 2288 1239 ut
2320 1185 2628 1259 utriusque
2670 1188 2880 1258 judicii
2932 1190 3092 1246 testis
3137 1191 3254 1247 sint
3307 1194 3427 1263 [Z.,
3457 1194 3572 1265 sit],

1927 1270 2108 1325 unius
2138 1271 2409 1330 videlicet
2452 1275 2610 1344 facti,
2667 1281 2725 1333 et
2763 1278 3002 1334 alterius
3055 1280 3332 1350 faciendi,
3381 1281 3442 1337 id
3488 1287 3577 1338 est

1926 1359 2032 1431 qui
2063 1361 2329 1416 mundus
2383 1364 2593 1434 judicii
2622 1365 2758 1435 igne
2799 1368 3180 1424 cremabitur.
3215 1373 3361 1426 Nam
3415 1387 3576 1443 aqua

1925 1447 2129 1503 diluvii
2159 1465 2283 1506 non
2313 1451 2624 1508 delebitur.
2659 1455 2759 1509 Hic
2811 1455 2971 1511 enim
3000 1457 3324 1514 nonnullos
3372 1465 3578 1516 movet

1927 1551 2005 1591 an
2034 1537 2250 1608 pluviae
2293 1544 2429 1595 ante
2477 1540 2772 1597 diluvium
2829 1543 3088 1600 fuerint?
3143 1545 3256 1602 Sed
3299 1547 3576 1604 videntur

1925 1627 2036 1697 [Z.,
2061 1626 2318 1698 videtur]
2357 1643 2482 1684 non
2534 1630 2741 1698 fuisse,
2771 1632 2916 1704 quia
2963 1649 3139 1689 arcus
3171 1650 3296 1691 non
3323 1636 3575 1694 edicitur

1925 1714 2036 1770 nisi
2068 1731 2139 1771 ex
2165 1716 2347 1772 radiis
2378 1717 2518 1773 solis
2543 1724 2600 1774 et
2646 1720 2898 1777 humida
2938 1722 3119 1778 nube.
3151 1727 3385 1782 Poterat
3411 1727 3572 1782 enim

1922 1803 2052 1859 ﬁeri
2073 1809 2138 1860 ut
2166 1821 2239 1860 ex
2266 1806 2418 1862 roris
2447 1813 2505 1862 et
2533 1807 2811 1880 fontium,
2845 1810 2996 1866 sicut
3016 1813 3337 1885 1Egyptus,
3369 1814 3572 1886 irriga-

1922 1892 2082 1949 tione
2113 1899 2267 1949 terra
2297 1895 2738 1952 fecundaretur.

1994 1983 2162 2038 Vens.
2188 1982 2444 2040 18-19.—
2471 1986 2670 2042 Erant
2691 1989 2881 2056 igitur
2905 1990 3026 2057 ﬁlii
3044 1991 3172 2047 Noe
3195 1991 3354 2062 Sem,
3378 1993 3567 2049 Cham

1920 2076 1974 2126 et
1999 2072 2286 2141 Japheth,
2319 2077 2376 2128 et
2395 2073 2627 2147 reliqua
2654 2092 2867 2148 usque,
2898 2079 2976 2133 ab
3003 2078 3094 2134 his
3120 2080 3568 2136 disseminatum

1919 2165 2003 2215 est
2033 2176 2203 2217 omne
2249 2162 2552 2218 hominum
2601 2180 2788 2233 genus
2839 2181 3020 2235 super
3069 2169 3408 2224 universam
3454 2175 3568 2224 ter-

1917 2263 2070 2304 ram.
2100 2247 2190 2304 Ab
2213 2249 2307 2304 his
2355 2250 2516 2306 enim
2547 2257 2603 2306 et
2626 2253 2948 2324 nepotibus
2971 2269 3180 2310 eorum
3207 2255 3435 2312 divisus
3476 2260 3575 2312 est

1916 2336 2098 2392 orbis.
2134 2339 2290 2404 Sem,
2320 2344 2380 2394 ut
2409 2340 2758 2410 aestimatur,
2789 2341 3011 2398 Asiam.
3038 2343 3335 2413 Dicamus,
3391 2345 3566 2400 inter-

1915 2425 2276 2497 pretationes
2307 2426 2682 2497 singulorum
2732 2429 3128 2486 historialiter.
3161 2433 3297 2489 Sem
3352 2432 3568 2488 dicitur

1914 2515 2278 2582 nominatus,
2302 2515 2470 2588 quod
2498 2531 2722 2572 nomen
2754 2519 3050 2590 praesagio
3081 2520 3439 2592 posteritatis
3462 2537 3563 2577 ac-

1914 2603 2087 2675 cepit.
2119 2606 2200 2658 Ex
2221 2603 2350 2676 ipso
2378 2603 2537 2660 enim
2567 2606 2919 2678 patriarchae
2975 2613 3031 2664 et
3069 2609 3345 2681 apostoli,
3377 2614 3434 2666 et
3461 2626 3568 2684 po-

1912 2692 2092 2765 pulus
2123 2693 2244 2763 Dei,
2267 2708 2339 2748 ex
2367 2693 2496 2764 ejus
2525 2710 2769 2768 quoque
2795 2697 2974 2770 stirpe
2999 2701 3056 2753 et
3075 2698 3359 2767 Christus,
3391 2700 3566 2771 cujus

1912 2782 1992 2837 ab
2014 2786 2147 2837 ortu
2177 2781 2317 2837 solis
2341 2798 2530 2854 usque
2568 2783 2646 2838 ad
2699 2800 2985 2841 occasum
3014 2801 3310 2857 magnum
3337 2804 3563 2846 nomen

1910 2869 2040 2940 ejus
2070 2869 2130 2923 in
2159 2869 2454 2939 gentibus.
2489 2870 2676 2926 Cham
2726 2871 2985 2929 Africam
3019 2873 3296 2943 calidam,
3350 2880 3408 2932 et
3435 2876 3562 2949 ipse

148 2963 230 3012 est
255 2955 546 3012 doctrina:
573 2954 1039 3027 Scripturarum.
1072 2954 1176 3008 Per
1204 2951 1391 3022 frigus
1439 2956 1497 3007 et
1532 2955 1798 3007 aestatem
1829 2979 1870 3034 ρ
1909 2973 1982 3014 ex
2009 2957 2306 3030 praesagio
2335 2956 2517 3013 futuri
2545 2961 3024 3030 cognominatur.
3049 2963 3367 3019 Posteritas
3401 2964 3562 3020 enim

147 3045 470 3101 castitatem
499 3048 557 3099 et
584 3043 767 3098 ﬁdem
802 3041 1103 3111 designat;
1123 3056 1235 3112 per
1262 3045 1499 3096 noctem
1529 3045 1586 3095 et
1612 3040 1796 3110 diem,

149 3135 318 3189 Vetus
348 3141 406 3189 et
435 3137 675 3190 Novum
703 3134 1165 3188 Testamentum.
1199 3129 1397 3200 Aliter,
1437 3145 1544 3202 per
1565 3145 1800 3186 samen-

147 3227 252 3278 tem
281 3229 336 3278 et
366 3237 641 3278 messem
663 3221 953 3286 doctores,
979 3223 1035 3274 et
1050 3217 1374 3290 scripturas
1403 3219 1589 3288 [Petr.
1607 3219 1796 3290 scrip-

145 3318 313 3377 tores]
336 3313 665 3367 hmreseos
695 3308 944 3363 ostendit
961 3309 1076 3379 [Z.,
1110 3305 1414 3380 appellat];
1449 3321 1556 3378 per
1584 3306 1792 3377 frigus,

139 3406 188 3455 et
215 3405 527 3463 aestatem,
560 3395 966 3452 inﬁdelitatem
993 3400 1049 3451 et
1077 3394 1218 3450 ﬁdei
1266 3393 1656 3461 charitatem;
1689 3410 1798 3467 per

137 3495 368 3544 noctem
427 3491 486 3542 et
526 3485 689 3540 diem
721 3484 969 3539 haereses
1001 3483 1061 3539 in
1106 3489 1360 3556 utroque
1414 3481 1795 3540 Testamento

137 3577 342 3631 volunt
373 3572 652 3645 intelligi.
686 3571 1007 3629 Subditur:

809 3662 1033 3718 CAPUT
1062 3661 1128 3716 IX

212 3755 394 3804 Vnus.
420 3754 536 3805 3-4.
561 3782 619 3790 -
660 3752 847 3819 Quasi
875 3751 1041 3804 olera
1073 3750 1331 3804 virentia
1380 3750 1608 3804 tradidi
1633 3750 1792 3805 vobis

149 3839 380 3903 omnia,
405 3847 628 3908 excepto
643 3840 805 3910 quod
825 3853 1066 3895 carnem
1092 3853 1224 3894 cum
1245 3840 1538 3907 sanguine
1563 3855 1683 3895 non
1705 3855 1797 3895 co-

145 3927 416 3982 medatis.
463 3928 826 3998 Sanguinem
876 3927 1035 3983 enim
1065 3928 1408 3982 animarum
1456 3933 1793 3984 vestrarum

131 4018 447 4087 requiram
473 4016 545 4071 de
573 4032 756 4072 manu
782 4021 1142 4071 cunctarum
1161 4015 1482 4070 bestiarum
1499 4020 1557 4070 ct
1578 4015 1650 4070 de
1673 4031 1795 4072 ma-

127 4121 210 4160 nu
241 4091 530 4174 hominis,
573 4109 627 4160 et
675 4104 925 4177 reliqua.
976 4102 1194 4169 Quanti
1247 4103 1407 4158 enim
1457 4102 1795 4160 effuderunt

123 4195 518 4264 sanguinem,
551 4197 607 4248 et
635 4194 879 4263 sanguis
925 4209 1136 4249 eorum
1167 4191 1392 4247 effusus
1433 4207 1556 4248 non
1601 4196 1706 4261 est,
1740 4197 1797 4250 et

125 4282 218 4338 alii
238 4281 606 4338 occiderunt
630 4282 941 4337 hominem
970 4279 1334 4346 veneno,vel
1361 4279 1706 4352 suspendio,
1737 4287 1795 4338 et

124 4387 340 4426 eorum
373 4369 627 4439 sanguis
667 4385 792 4426 non
846 4373 935 4424 est
981 4368 1235 4424 effusus!
1284 4367 1599 4431 Quomodo
1650 4384 1792 4439 ergo

125 4459 425 4514 Dominus
458 4457 761 4513 effusurus
801 4462 888 4514 est
915 4456 1272 4526 sanguinem
1302 4471 1532 4524 eorum,
1565 4473 1702 4512 cum
1729 4457 1794 4512 il-

119 4545 235 4602 lius
265 4549 470 4619 [Petr.
503 4546 608 4618 illi,
637 4548 728 4604 vel
747 4547 863 4619 ille]
888 4546 993 4619 qui
1023 4545 1257 4615 occidit,
1271 4545 1628 4616 sanguinem
1653 4546 1796 4603 eﬁ‘u-

122 4635 324 4691 derit?
355 4637 430 4692 Et
457 4635 520 4690 in
559 4636 993 4692 resurrectione
1021 4633 1341 4690 ridiculum
1367 4637 1477 4702 est,
1504 4638 1562 4689 et
1587 4633 1648 4689 in
1679 4634 1794 4691 hac

124 4724 266 4791 vita,
300 4731 363 4780 et
410 4723 552 4780 ideo
579 4725 827 4795 sanguis
856 4723 1120 4780 hominis
1154 4722 1329 4780 vitale
1390 4721 1507 4793 [Z.,
1559 4721 1792 4795 vitalis],

117 4828 249 4885 quo
267 4817 612 4884 vegetatur,
638 4819 695 4870 et
725 4817 1112 4884 sustentatur,
1144 4816 1201 4867 et
1237 4811 1397 4880 vivit,
1429 4809 1608 4866 debet
1634 4811 1794 4867 intel-

112 4900 262 4971 ligi;
302 4901 480 4974 quod
526 4901 631 4975 qui
674 4902 950 4958 effuderit
976 4901 1095 4956 sive
1121 4916 1228 4973 per
1258 4898 1636 4966 scandalum,
1671 4899 1792 4956 sive

107 4991 523 5062 perversitate
549 4990 861 5056 doctrinae,
883 4991 945 5046 in
975 4989 1072 5045 die
1113 4988 1320 5060 judicii
1365 4987 1661 5043 effudetur
1714 4987 1792 5044 ab

105 5093 204 5146 eo,
239 5079 364 5152 qui
391 5077 607 5152 [Petr.,
640 5079 828 5154 quod]
853 5078 965 5134 sibi
984 5077 1302 5134 videbatur
1340 5075 1564 5132 habere
1593 5075 1791 5132 vitale.
1844 5123 1852 5130 .

103 5170 446 5236 Caeterum,
465 5168 866 5238 historialiter,
892 5172 1030 5241 post
1053 5167 1345 5224 diluvium
1367 5165 1634 5239 primum
1655 5181 1793 5221 esus

104 5257 406 5313 carnium
431 5257 666 5315 homini
687 5257 1054 5326 conceditur,
1082 5255 1354 5312 videlicet
1383 5259 1627 5327 propter
1650 5254 1794 5310 infe-

100 5346 500 5402 cunditatem
531 5351 726 5415 terrae,
759 5350 826 5401 ut
853 5345 1201 5414 aestimatur,
1233 5347 1290 5400 et
1317 5342 1579 5399 hominis
1616 5342 1794 5412 fragi-

96 5431 376 5492 litatem.

175 5527 368 5582 Vsus.
401 5525 485 5582 l3.
515 5557 588 5566 —
611 5527 843 5581 Arcum
874 5539 1066 5579 meum
1087 5537 1313 5592 ponam
1335 5522 1398 5577 in
1428 5521 1705 5588 nubibus,
1737 5523 1795 5577 et

103 5611 373 5688 reliqua.
407 5619 596 5673 Datur
617 5615 826 5687 itaque
852 5612 1093 5685 signum
1110 5609 1626 5684 securitatis,quia
1642 5625 1792 5682 prie-

1909 3045 2038 3116 ejus
2059 3060 2193 3100 eam
2225 3049 2391 3100 terrae
2421 3049 2653 3117 partem
2682 3047 2947 3118 possidet
2975 3049 3051 3119 [Ζ
3058 3091 3092 3116 .,
3134 3048 3562 3122 obsidet],qua3

1905 3132 2099 3188 vicino
2129 3133 2251 3188 sole
2281 3133 2564 3189 calentior
2596 3139 2703 3190 est.
2735 3135 2899 3191 Unde
2930 3141 2986 3191 et
3030 3139 3317 3209 Egyptus
3364 3152 3561 3208 usque

1907 3221 2084 3277 hodie
2114 3225 2504 3293 Egyptorum
2533 3221 2740 3292 lingua
2771 3223 2915 3279 0am
2937 3223 3171 3278 dicitur.
3209 3226 3276 3278 Et
3303 3223 3558 3296 Japheth

1908 3313 2207 3383 Europam
2244 3310 2482 3366 sortitus
2533 3315 2641 3367 est.
2691 3312 2966 3384 Japheth,
3023 3313 3301 3368 latitudo.
3354 3314 3437 3368 Ex
3486 3328 3558 3368 eo

1906 3397 2068 3453 enim
2092 3397 2354 3470 populus
2379 3397 2644 3469 gentium
2666 3398 2948 3467 nascitur,
2982 3403 3037 3454 et
3066 3398 3211 3472 quia
3232 3398 3355 3456 lata
3382 3403 3558 3456 estex

1907 3485 2186 3557 gentibus
2218 3485 2539 3542 multitudo
2571 3485 2958 3549 credentium,
2993 3485 3072 3542 ab
3116 3486 3328 3543 eadem
3359 3486 3558 3543 latitu-

1904 3574 2043 3630 dine
2072 3574 2325 3646 Japheth
2353 3573 2547 3629 dictus
2571 3578 2678 3630 est.
2707 3575 2785 3631 De
2812 3574 3066 3646 Japheth
3090 3575 3212 3630 nati
3230 3573 3557 3648 suntquin-

1905 3661 2120 3728 decim,
2148 3661 2222 3717 de
2252 3661 2440 3718 Cham
2472 3661 2728 3733 triginta,
2757 3661 2831 3718 de
2875 3664 3011 3719 Sem
3039 3662 3248 3733 viginti
3294 3666 3553 3734 septem;

1907 3750 2086 3805 simul
2117 3750 2496 3822 septuaginta
2523 3751 2645 3806 duo
2672 3750 2823 3805 ﬁunt
2854 3769 2865 3804 :
2893 3749 2966 3805 de
2995 3750 3216 3822 quibus
3243 3755 3386 3807 ortae
3417 3752 3560 3805 sunt

1903 3843 2109 3908 gentes
2128 3837 2506 3910 septuaginta
2533 3838 2692 3905 duae,
2717 3837 2869 3894 inter
2891 3853 3045 3910 quas
3074 3838 3235 3894 misit
3269 3837 3557 3893 Dominus

1903 3926 2150 3982 totidem
2187 3925 2512 3997 discipulos
2543 3925 2622 3981 ad
2649 3925 3126 3998 praedicandum.

1977 4015 2146 4068 Vsus.
2170 4015 2355 4068 20-22.
2386 4042 2458 4051 —
2483 4012 2792 4083 vomitque
2815 4013 2940 4071 Noe
2968 4014 3064 4070 vir
3085 4013 3355 4083 agricola
3384 4027 3552 4069 exer-

1904 4116 2034 4158 cere
2066 4107 2381 4169 terram,et
2407 4101 2715 4170 plantavit
2742 4103 2995 4171 vineam,
3020 4102 3335 4174 bibensque
3350 4103 3554 4158 vinum

1904 4189 2236 4245 inebriatus
2261 4193 2368 4260 est,
2401 4193 2457 4244 et
2488 4188 2753 4250 nudatus
2784 4189 2847 4245 in
2875 4190 3182 4247 taberculo
3214 4205 3340 4246 suo.
3374 4192 3441 4246 Et
3467 4205 3557 4245 re-

1905 4277 2091 4350 liqua.
2141 4278 2337 4343 Quare
2379 4280 2580 4333 tantus
2625 4277 2716 4333 vir
2743 4277 3070 4335 inebriatus
3116 4293 3246 4335 esse
3283 4277 3497 4348 legitur
3530 4276 3555 4330 ‘I

1906 4367 2093 4432 Forte,
2127 4365 2424 4422 utbeatus
2456 4365 2870 4437 Hieronymus,
2901 4365 3158 4422 caelestis
3178 4365 3554 4422 Bibliotheca:

1901 4455 2212 4526 interpres,
2254 4453 2416 4520 dicit,
2438 4454 2583 4526 quia
2607 4453 2887 4510 inebriari
2906 4455 3048 4511 vino
3078 4454 3404 4512 nesciebat.
3439 4458 3553 4510 Nec

1902 4545 2062 4601 enim
2091 4548 2227 4600 ante
2270 4543 2560 4600 diluvium
2607 4542 2887 4613 leguntur
2939 4544 3215 4600 homines
3269 4544 3410 4599 vino
3460 4540 3552 4596 usi

1901 4633 2082 4689 fuisse
2114 4633 2323 4705 [Petr.,
2354 4633 2568 4703 legitur
2596 4631 2736 4688 vino
2783 4632 3057 4688 homines
3099 4631 3228 4700 uti].
3257 4631 3395 4686 Ideo
3424 4643 3553 4700 spe-

1904 4721 2128 4778 cialiter
2149 4721 2225 4777 de
2253 4726 2373 4776 Noe
2401 4720 2643 4779 (ﬁcitur:
2679 4721 2996 4776 Plantavit
3039 4725 3238 4775 autem
3294 4721 3547 4777 vineam.

1904 4812 1975 4867 Ut
1998 4808 2298 4881 aliquibus
2316 4807 2567 4875 videtur,
2597 4807 2848 4864 nudatio
2875 4806 3173 4863 femorum
3202 4811 3340 4880 post
3366 4807 3554 4865 ebrie-

1902 4901 2084 4955 tatem
2141 4899 2344 4952 secuta
2397 4899 2503 4961 est,
2562 4895 2706 4967 quia
2749 4893 2968 4966 saepius
3005 4895 3335 4952 satietatem
3363 4895 3551 4954 libido

1905 4985 2193 5058 sequitur.
2225 4983 2339 5041 Sed
2368 4983 2533 5057 quod
2559 4983 2676 5053 ﬁlii
2703 4983 2828 5040 Noe
2856 4984 3190 5042 incedentes
3220 4991 3552 5043 retrorsum

1901 5079 2264 5145 operuerunt
2295 5073 2552 5131 verenda
2575 5077 2796 5144 patris,
2818 5073 3121 5147 faciesque
3143 5091 3347 5132 eorum
3379 5092 3550 5134 aver-

1899 5179 1979 5220 sae
2007 5169 2206 5229 erant,
2234 5167 2292 5218 et
2309 5162 2558 5234 reliqua,
2591 5162 3152 5234 moraliterintelligi
3178 5164 3353 5221 valet.
3377 5170 3552 5222 Aver-

1899 5251 2016 5308 sari
2033 5251 2288 5307 dicimus
2316 5249 2478 5325 quod
2501 5249 3079 5324 reprobamus.Quid
3107 5255 3196 5308 est
3222 5268 3365 5324 ergo
3385 5253 3552 5326 quod

1899 5339 2003 5396 ﬁlii
2031 5339 2294 5396 verenda
2322 5339 2506 5412 patris
2556 5339 2872 5411 superjecti
2903 5338 3094 5395 dorsis
3131 5340 3314 5413 pallio
3357 5342 3550 5399 aversi

1898 5428 2204 5484 venientes
2253 5428 2548 5500 operiunt,
2584 5427 2697 5482 nisi
2741 5426 2908 5500 quod
2950 5427 3126 5484 bonis
3180 5429 3434 5487 subditis
3465 5431 3551 5487 sic

1898 5521 2335 5591 praeceptorum
2365 5531 2614 5572 suorum
2664 5515 2829 5572 mala
2865 5515 3203 5588 displicent,
3237 5523 3301 5574 ut
3348 5523 3551 5575 tamen

1902 5607 2031 5664 haec
2050 5605 2180 5664 aliis
2209 5604 2546 5662 occultent?
2568 5604 3016 5684 Operimentum
3032 5607 3226 5679 aversi
3253 5606 3550 5678 deferunt,
