4160 6182
518 178 621 240 NB

514 297 662 371 quia
688 293 1280 368 dijucantesisotum,
1297 294 1354 349 et
1375 293 1731 351 venerantes
1758 285 2169 357 magisterium

516 387 730 452 nolunt
757 384 958 445 videre
984 381 1152 454 quod
1178 384 1401 449 tegunt.
1432 378 1739 451 Sequitur:

589 475 763 533 Vsus.
795 474 885 535 24.
907 502 977 513 -—
1018 469 1336 539 Evigilans
1362 472 1560 525 autem
1591 466 1718 523 Noe
1743 480 1819 521 ea;
1842 466 2002 529 uino,
2035 478 2169 519 cum

517 563 818 621 didicisset
849 576 981 632 qum
997 558 1294 628 [ειδέναισὶ
1320 557 1485 624 ﬁlius
1514 548 1659 612 suus
1682 557 1881 611 minor
1900 555 1983 610 ait
2009 554 2172 608 :Ma-

519 654 769 709 ledietus
798 650 1113 709 Chanaan.
1146 646 1433 703 Chanaan
1464 645 1593 717 ipse
1638 649 1728 701 est
1763 643 1920 699 ﬁlius
1957 642 2169 710 Oham,

518 745 584 796 ut
610 739 911 810 Scriptura
951 735 1149 797 refert,
1206 735 1402 793 Porro
1452 734 1663 803 Citam,
1689 732 1902 805 inquit,
1934 732 2059 801 ipse
2087 734 2171 785 est

515 836 693 898 pater
746 826 1064 885 Chanaan.
1111 826 1333 882 Servus
1392 839 1699 880 servorum
1750 827 1862 879 erit
1907 820 2173 891 fratibus

515 920 657 977 suis.
690 917 791 975 Hie
818 932 857 973 a
884 915 1087 974 multis
1109 915 1429 987 requiritur
1447 930 1556 969 cur
1583 912 1771 968 Cham
1801 912 1863 967 in
1888 910 2022 966 ﬁliis
2046 924 2174 965 ma-

514 1006 895 1064 ledictionem
925 1004 1195 1077 recepit?
1242 1003 1543 1074 Videlicet,
1590 1002 1738 1075 quia
1783 999 2175 1075 peccantibus

516 1099 572 1151 et
613 1111 737 1152 non
767 1093 1197 1168 paenitentibus
1227 1092 1425 1149 futura
1451 1092 1727 1148 imminet
1750 1106 1954 1164 pmna.
2006 1090 2175 1161 Saepe

515 1186 764 1257 quidem
794 1184 1192 1257 reproborum
1222 1183 1501 1255 nequitias
1531 1182 1628 1238 hie
1673 1180 1917 1254 quidem
1971 1178 2174 1235 inultm

515 1275 858 1347 proﬁciunt.
893 1273 999 1329 sed
1023 1273 1086 1328 in
1107 1276 1413 1344 posterum
1436 1271 1744 1327 feriuntur.
1777 1274 2173 1341 Nequaquam

518 1364 679 1425 enim
736 1362 941 1420 divina
990 1352 1271 1418 severitas
1321 1360 1511 1418 inulta
1565 1375 1873 1419 remanere
1925 1359 2176 1431 peccata

518 1451 820 1524 permittit,
844 1451 952 1507 sed
978 1451 1068 1507 ira
1112 1450 1321 1521 judicii
1353 1465 1389 1504 a
1438 1453 1645 1505 nostra
1674 1448 1770 1503 hic
1800 1445 2175 1518 correptione

518 1540 780 1607 inchoat,
810 1544 875 1596 ut
924 1540 983 1596 in
1015 1538 1413 1611 reproborum
1436 1537 1825 1593 damnatione
1854 1533 2175 1606 conquies-

521 1635 635 1686 cat.
688 1629 805 1686 Sed
853 1629 1027 1699 juxta
1082 1627 1393 1683 historiam
1444 1626 1875 1698 prophetarum
1929 1636 2175 1695 quoque

520 1722 627 1785 est,
648 1719 792 1791 quia
808 1722 1023 1775 terram
1047 1719 1166 1788 [Z.,
1199 1733 1236 1773 a
1265 1716 1439 1787 um]
1468 1715 1774 1783 Chanaan,
1802 1712 2001 1784 ejectis
2023 1711 2176 1768 Cha-

520 1806 752 1866 nanmis
781 1811 840 1863 et
866 1805 1198 1875 debellatis,
1228 1809 1578 1877 accepturos
1599 1802 1781 1858 fuisse
1799 1800 1955 1857 ﬁlios
1974 1797 2173 1865 Israel,

521 1895 627 1967 qui
655 1894 927 1951 venirent
967 1894 1042 1949 de
1101 1893 1329 1949 semine
1362 1893 1517 1960 Sem,
1550 1891 1702 1948 sicut
1725 1889 1974 1946 historia
2002 1902 2177 1944 sacra

520 1983 910 2056 postmodum
935 1987 1138 2041 actum
1162 1986 1384 2039 narrat.
1418 1982 1585 2041 Unde
1613 1983 1673 2037 et
1696 1980 1942 2035 dicitur:

591 2076 759 2130 Vnus.
790 2077 880 2129 28.
908 2104 981 2123 —-.-
1007 2072 1365 2130 Benedictus
1393 2072 1684 2129 Dominus
1704 2071 1861 2125 Deus
1891 2067 2051 2123 Sena.
2081 2065 2174 2122 Sit

526 2161 822 2219 Chanaan
851 2177 1057 2220 servus
1084 2165 1235 2231 ejus.
1265 2160 1575 2221 Chanaan,
1620 2158 1781 2225 ﬁlius
1821 2157 2030 2225 Cham,
2082 2154 2174 2209 in.

524 2253 881 2322 terpretatur
908 2256 1103 2307 motus
1132 2265 1358 2317 eorum,
1390 2248 1556 2320 quod
1585 2246 1735 2320 quid
1773 2250 1866 2301 est
1893 2242 2059 2300 aliud
2082 2242 2175 2299 niv-

525 2336 573 2392 si
600 2352 755 2409 opus
784 2353 994 2397 eorum
1019 2338 1047 2394 ?
1076 2340 1183 2395 Pro
1210 2340 1378 2393 motu
1407 2337 1565 2393 enim
1618 2335 1821 2408 patris,
1858 2333 1920 2389 id
1950 2335 2038 2389 est
2063 2344 2175 2404 pro

524 2440 704 2496 opere
731 2425 883 2495 ejus,
910 2424 1262 2482 maledictus
1282 2427 1390 2480 est.

597 2514 766 2569 Vens.
787 2515 955 2569 17c—
982 2514 1210 2569 Dilatet
1239 2515 1396 2571 Deus
1419 2510 1706 2580 Japbeth,
1759 2515 1817 2565 et
1855 2509 2079 2565 habitet
2110 2508 2174 2562 in

526 2600 935 2658 tabernaculis
961 2601 1122 2665 Sam,
1164 2602 1357 2670 sitque
1407 2600 1699 2656 Chanaan
1762 2612 1967 2653 servus
2022 2598 2173 2665 ejus.

527 2691 642 2745 Cur
668 2688 784 2746 hoc
807 2688 1048 2746 intulit?
1074 2691 1153 2745 De
1184 2689 1321 2749 Sem
1350 2686 1597 2753 Hebraei,
1638 2685 1713 2741 de
1747 2684 2001 2757 Japheth
2030 2700 2175 2755 gen-

528 2778 678 2836 tium
700 2777 964 2850 populus
1001 2776 1283 2833 nascitur.
1317 2776 1469 2840 Quia
1516 2774 1695 2843 igitur
1717 2774 1839 2829 lata
1867 2777 1957 2828 est
1982 2771 2177 2828 multi-

527 2866 673 2921 tudo
698 2865 1090 2931 credentium,
1140 2880 1181 2921 a
1207 2864 1550 2925 latitudine,
1578 2862 1748 2934 quod
1797 2861 2054 2932 Japheth
2083 2861 2177 2916 in-

527 2958 903 3026 terpretatur,
932 2967 1155 3010 nomen
1185 2952 1434 3025 accepit.
1466 2950 1642 3017 Quod
1668 2955 1868 3007 autem
1890 2948 1988 3018 ait,
2015 2949 2180 3006 habi-

529 3050 609 3101 tet
637 3046 702 3099 in
731 3045 1137 3102 tabernaculis
1192 3044 1348 3111 Sam,
1400 3043 1475 3099 de
1534 3040 1708 3097 nobis
1765 3040 2176 3112 prophetatur,

527 3133 631 3205 qui
654 3133 718 3197 in
747 3133 1079 3189 eruditione
1111 3132 1372 3188 scientia
1404 3131 1843 3203 Scripturarum
1883 3129 2069 3199 ejecto
2101 3132 2178 3183 ls-

526 3221 685 3277 raele
704 3237 1036 3278 versamur.
1085 3220 1201 3277 Bed
1221 3227 1362 3278 tunc
1392 3219 1757 3291 completum
1788 3222 1878 3273 est
1904 3217 2180 3281 historia-

525 3307 655 3365 liter
672 3311 919 3381 quando
948 3310 1200 3365 Romani
1229 3310 1484 3365 Judeam
1516 3311 1819 3381 ceperunt.

597 3400 769 3453 Vens.
804 3401 970 3453 28,-,
1014 3400 1176 3453 Via-it
1208 3404 1405 3453 autem
1426 3399 1554 3453 Noe
1572 3402 1705 3466 post
1735 3396 2033 3451 diluvium
2064 3399 2182 3451 tre-

527 3486 711 3541 centis
742 3487 1181 3556 quinquaginta
1212 3488 1409 3555 annis,
1453 3491 1509 3541 et
1556 3485 1788 3554 impleti
1813 3490 1952 3539 sunt
1981 3497 2179 3540 omnes

527 3574 651 3629 dies
678 3575 807 3641 ejus
834 3580 1271 3644 nongentarum
1295 3574 1739 3645 quinquaginta
1769 3586 2090 3639 annorum,
2123 3580 2179 3627 et

526 3667 799 3721 mortuus
827 3668 933 3718 est.
966 3662 1115 3718 Cum
1143 3662 1304 3717 enim
1332 3661 1475 3717 dicit
1510 3676 1649 3716 eum
1682 3659 1902 3715 vixisse
1930 3664 2065 3731 post
2087 3658 2178 3714 di-

524 3749 756 3806 luvium
785 3751 1060 3807 trecentis
1085 3750 1526 3824 quinquaginta
1569 3748 1762 3816 annis,
1794 3748 2179 3821 perspicuum

526 3840 785 3897 ostendit
812 3843 1054 3897 centum
1101 3839 1327 3910 viginti,
1369 3854 1564 3896 annos
1591 3836 1958 3909 generationi
1982 3837 2082 3904 illi,
2116 3842 2180 3893 ut

525 3944 711 4001 supra
734 3928 1018 4000 diximus,
1050 3929 1128 3985 ad
1149 3928 1563 4001 pmuitentiam
1591 3928 1787 4000 datos,
1819 3931 1877 3983 et
1903 3940 2026 3981 non
2046 3926 2179 3981 vitae

524 4018 872 4074 mortalium
901 4018 1277 4075 constitutos.

1168 4196 1402 4252 CAPUT
1440 4198 1503 4253 X.

594 4373 764 4428 Vnus.
792 4377 843 4443 l,
866 4373 995 4429 2.-—
1010 4373 1124 4427 Ha:
1147 4380 1284 4427 sunt
1310 4374 1718 4443 generationes
1741 4372 2005 4441 ﬁliorum
2023 4373 2171 4444 Noe,

522 4460 676 4527 Sem,
710 4462 901 4519 Cham
951 4466 1006 4519 et
1043 4460 1328 4529 Japheth.
1368 4462 1519 4517 Filii
1546 4461 1811 4530 Japheth
1854 4460 2088 4531 Gcmer,
2120 4467 2173 4517 et

521 4553 762 4625 Magog,
796 4557 852 4609 et
898 4550 1127 4617 Aladai,
1171 4550 1392 4618 Jaban,
1443 4555 1498 4605 et
1560 4549 1769 4615 Tubal,
1821 4553 1879 4606 et
1941 4555 2171 4607 caetera.

520 4645 649 4699 Jam
675 4641 882 4716 incipit
904 4638 1262 4706 describere,
1313 4636 1567 4711 qualiter
1604 4654 1639 4695 a
1668 4637 1803 4694 ﬁliis
1860 4648 1914 4695 et
1951 4640 2181 4713 nepoti-

520 4730 638 4787 bus
666 4736 786 4789 Noe
812 4736 1019 4802 gentes
1052 4732 1272 4787 exortes
1300 4727 1557 4784 fuerunt.
1591 4727 1707 4783 Sed
1736 4728 2047 4784 sciendum
2086 4733 2176 4784 est

521 4822 666 4890 quia
693 4835 816 4876 non
859 4820 1039 4877 hodie
1067 4820 1147 4876 ita
1170 4818 1546 4892 reperiuntur
1566 4818 1717 4875 sicut
1740 4818 1801 4874 in
1823 4818 2068 4875 exordio
2097 4818 2175 4875 ab

522 4907 606 4963 eis
633 4909 958 4981 progenitas
988 4910 1238 4979 singulas
1269 4909 1506 4966 fuerunt
1532 4913 1589 4966 et
1630 4911 1879 4966 nomina
1927 4924 2174 4982 accepe-

521 5002 679 5053 runt.
710 4998 1029 5064 Quoniam,
1062 5002 1128 5052 ut
1154 4998 1368 5054 beatus
1399 5000 1767 5069 Augustinus
1796 5001 1897 5069 ait,
1935 5004 2038 5055 aut
2094 4998 2174 5055 ab

521 5086 796 5143 hostibus
826 5089 1197 5160 interemptus
1247 5087 1484 5160 penitus
1535 5088 1794 5157 fuerunt,
1827 5094 1931 5145 aut
1968 5104 2005 5143 a
2042 5103 2178 5159 pro-

522 5175 668 5250 priis
710 5176 954 5233 sedibus
985 5175 1064 5232 ad
1104 5175 1222 5232 alia
1268 5176 1402 5232 loca
1458 5178 1819 5234 transierunt
1841 5182 1897 5233 et
1926 5176 2173 5249 antiqua

521 5280 765 5338 quoque
795 5265 1088 5322 vocabula
1109 5265 1516 5339 perdiderunt.
1537 5269 1958 5323 Verumtamen
1983 5279 2058 5319 ne
2088 5265 2173 5320 in-

520 5352 787 5411 discussa
816 5355 1147 5428 praeterisse
1200 5355 1556 5423 videremur,
1586 5356 1776 5412 multa
1830 5371 1904 5410 ex
1947 5353 2051 5423 eis,
2099 5354 2172 5411 si-

520 5448 622 5500 cut
674 5444 737 5501 in
786 5443 1132 5501 doctoribus
1188 5445 1540 5517 reperimus,
1606 5450 1663 5501 et
1726 5442 1902 5499 nobis
1956 5443 2173 5500 tradita

521 5534 702 5591 etiam
761 5532 1019 5599 fuerunt,
1098 5533 1353 5607 qualiter
1431 5535 1509 5592 ab
1584 5532 1934 5590 hominibus
1997 5548 2171 5589 voca-

519 5621 668 5685 bula
713 5625 1115 5697 sumpserunt,
1192 5623 1452 5682 inserere
1524 5621 1721 5681 conati
1786 5637 2015 5681 sumus.
2072 5625 2166 5680 Ja-

1619 162 1979 223 ANGELOII
2020 159 2472 220 LUXOVIBNSIS
2509 166 2829 225 MONACHI

3838 174 3953 235 164

2275 286 2481 358 pbeth,
2520 287 2623 344 ﬁlii
2682 293 2818 357 Noe,
2875 294 3054 363 prout
3107 290 3385 363 superius
3432 295 3762 369 innuimus,
3814 302 3955 359 nati

2277 379 2417 431 sunt
2444 382 2671 448 septem
2700 378 2822 446 ﬁlii,
2852 379 2955 451 qui
2984 380 3384 451 possederunt
3425 386 3647 441 terram
3692 387 3754 443 in
3798 391 3954 447 Asia

2281 462 2360 517 ab
2375 467 2627 531 Amano,
2656 470 2713 520 et
2730 469 2943 538 Tauro,
2970 468 3396 540 Syriae-Omles,
3429 476 3486 527 et
3516 474 3728 532 Ciliciae
3770 493 3955 535 mon-

2280 550 2439 606 tibus
2470 567 2661 625 usque
2686 554 2765 609 ad
2786 555 3036 611 ﬂuvium
3076 558 3323 628 Tanain,
3357 560 3508 617 sicut
3550 563 3610 618 iu
3638 564 3809 621 libris
3842 570 3955 625 Lo-

2280 655 2488 696 corum
2512 641 2673 697 beati
2702 644 3044 716 Hieronymi
3082 648 3367 719 comperi.
3404 653 3467 704 In
3508 653 3745 727 Europa
3794 672 3951 713 vero

2279 743 2471 799 usque
2509 728 2588 784 ad
2619 730 2834 786 Gadira
2866 732 3117 788 nomina
3171 733 3318 789 locis
3351 740 3409 791 et
3448 739 3728 807 gentibus
3757 744 3950 800 relin-

2280 820 2553 886 quentes,
2587 832 2617 871 e
2642 818 2864 889 quibus
2894 824 3103 891 postea
3132 821 3453 881 immutata
3485 833 3625 883 sunt
3650 830 3945 905 plurima,

2282 906 2339 957 et
2361 907 2573 960 caetera
2604 911 2957 977 permanent
2986 912 3050 964 ut
3088 908 3345 967 fuerunt.
3396 913 3545 970 Sunt
3596 923 3798 975 autem
3834 923 3947 977 Go-

2282 1005 2410 1045 mer
2439 991 2677 1062 Galatas,
2713 996 2924 1065 Magog
2965 996 3217 1068 Scythae,
3275 999 3469 1056 Madai
3515 1003 3693 1071 Medi,
3739 1007 3947 1065 Jaban

2284 1079 2613 1151 lones,,qui
2667 1085 2724 1137 et
2754 1082 2937 1137 Graeci
2990 1084 3152 1139 unde
3189 1090 3246 1140 et
3274 1088 3427 1142 Mare
3459 1090 3724 1147 Ionicum
3757 1112 3771 1161 ;
3830 1099 3947 1151 Tu-

2282 1163 2383 1254 bal
2414 1165 2584 1236 lberi,
2614 1169 2719 1240 qui
2748 1174 2806 1224 et
2844 1169 3106 1242 Hispani,
3135 1172 3239 1244 qui
3266 1179 3325 1229 et
3353 1174 3641 1241 Celtiberi,
3660 1180 3947 1254 licetqui-

2281 1251 2428 1309 dam
2457 1255 2628 1311 Italos
2646 1257 3283 1330 suspicentur,Mosoeh
3312 1263 3724 1335 Cappadoces.
3746 1251 3937 1327 Porro

2285 1343 2672 1415 Septuaginta
2695 1346 3045 1419 interpretes
3079 1350 3384 1421 Capturim
3416 1354 3812 1426 Cappadocas
3835 1374 3939 1416 ar-

2283 1431 2597 1491 britantur.
2629 1438 2751 1491 lras
2797 1435 3068 1492 Thraces.
3110 1438 3385 1495 Nonnulli
3442 1442 3690 1513 quidem
3723 1448 3853 1517 Gog
3880 1454 3939 1505 et

2282 1523 2493 1593 Magog
2537 1522 2616 1579 ad
2647 1524 2971 1580 Gothorum
3020 1531 3258 1596 gentem
3315 1530 3760 1602 transtulerunt,
3793 1537 3941 1609 quia

2284 1609 2507 1666 Gothos
2529 1627 2740 1668 omnes
2759 1617 2915 1669 retro
2936 1614 3146 1669 eruditi
3173 1616 3368 1687 magis
3393 1619 3568 1676 Getas
3598 1636 3786 1693 quam
3815 1627 3945 1696 Gog

2285 1699 2587 1771 appellem
2608 1707 3069 1759 consueverunt.

2356 1790 2527 1844 Vsus.
2559 1794 2688 1845 3.—-
2717 1791 2866 1847 Filii
2901 1792 3116 1848 Camer
3159 1794 3435 1863 Ascenes,
3469 1804 3526 1852 et
3553 1799 3848 1871 Riphath,
3880 1808 3936 1859 et

2286 1878 2597 1948 Togorma.
2626 1882 2886 1936 Ascenez
2914 1881 3097 1937 δι’ωοὶ
3134 1885 3373 1953 Regnos
3416 1886 3524 1950 [Z.,
3560 1889 3938 1965 Rennos]vo-

2283 1971 2441 2036 cant,
2537 1969 2793 2041 Riphath
2878 1970 3315 2045 Paphlagones,
3380 1977 3677 2046 Togorma
3758 1982 3939 2056 Phry.

2281 2069 2408 2125 gas.

2353 2143 2531 2202 Vsus.
2562 2150 2616 2210 4,
2650 2152 2781 2204 5.-
2803 2150 2952 2206 Filii
2970 2151 3170 2208 Jaban
3210 2153 3403 2225 Elisa,
3432 2161 3487 2211 et
3539 2156 3798 2223 Titanis,
3833 2161 3939 2217 Ce-

2285 2234 2435 2291 thim
2473 2242 2526 2291 et
2557 2237 2873 2295 Dodanim.
2906 2240 2999 2295 Ab
3054 2239 3145 2295 his
3176 2242 3387 2299 divisit
3418 2252 3555 2299 sunt
3586 2246 3796 2303 insula?
3824 2263 3932 2305 na-

2288 2325 2513 2383 tionum
2542 2329 2606 2383 in
2638 2330 2814 2385 terris
2833 2331 2976 2399 suis,
2992 2331 3084 2386 vir
3101 2332 3423 2388 secundum
3444 2335 3711 2405 linguam
3739 2352 3929 2407 suam,

2284 2421 2337 2471 et
2365 2419 2778 2489 cognitionem,
2812 2426 2865 2476 et
2895 2425 3127 2491 gentem
3156 2436 3346 2478 suam.
3370 2423 3451 2478 De
3476 2424 3736 2496 lenibus,
3767 2427 3934 2483 idest

2285 2504 2521 2576 Graecis,
2552 2512 2882 2563 nascuntur
2908 2507 3151 2579 Helesei,
3182 2510 3285 2582 qui
3316 2517 3608 2569 vocantur
3657 2515 3926 2585 thdes,

2281 2592 2444 2648 unde
2481 2598 2539 2650 et
2564 2596 2773 2668 quinta
2809 2596 3017 2667 lingua
3074 2599 3309 2655 Graeciae
3355 2600 3532 2656 .Eolis
3581 2604 3932 2675 appellatur.

2280 2681 2591 2754 Denique"
2605 2685 2842 2741 That-sis
2919 2686 3217 2759 Josephus
3291 2687 3518 2746 Cilicias
3590 2692 3929 2749 arbitratur.

2288 2771 2450 2827 Unde
2475 2777 2532 2828 et
2560 2774 2905 2846 metropolis
2925 2775 3136 2832 civitas
3169 2788 3378 2855 eorum
3403 2779 3640 2836 Tharsis
3671 2781 3938 2854 appella-

2284 2862 2379 2914 tur
2425 2860 2611 2916 Paulo
2658 2862 2934 2935 apostolo
2991 2863 3267 2935 gloriosa.
3322 2867 3547 2922 Cethim
3595 2867 3766 2924 Cithii
3809 2870 3933 2940 [Z.,

2286 2948 2489 3019 8citii,]
2512 2965 2548 3006 a
2576 2950 2797 3023 quibus
2827 2952 3127 3025 hodieque
3178 2954 3321 3009 urbs
3346 2954 3518 3027 Cypri
3561 2955 3932 3014 nominatur.

2221 3029 2247 3052 ³
2288 3038 2859 3105 Dodanim,-Hhodii.
2904 3041 3185 3114 Denique,
3210 3042 3361 3097 sicut
3388 3042 3446 3096 in
3473 3041 3931 3113 Antiquitatum,

2285 3127 2451 3183 libris
2469 3128 2787 3200 invenitur,
2816 3145 3027 3185 omnes
3053 3144 3205 3201 pene
3217 3129 3444 3185 insulas
3471 3134 3526 3186 et
3553 3129 3731 3186 totius
3761 3131 3940 3189 orbis

2285 3216 2502 3285 littora,
2537 3221 2841 3290 terrasque
2870 3218 3021 3274 mari
3058 3218 3302 3281 vicinas,
3336 3233 3372 3274 a
3412 3218 3625 3275 Graecis
3671 3234 3940 3293 oecupa-

2286 3310 2378 3361 tas
2407 3323 2597 3379 usque
2625 3309 2929 3363 Oceanum
2960 3306 3278 3380 possedere
3327 3308 3748 3379 Britannicum,
3773 3308 3944 3367 vide-

2287 3394 2423 3451 licet
2450 3411 2479 3453 s
2517 3395 2718 3452 Tauro
2741 3402 2800 3453 et
2825 3401 3061 3454 Amano
3095 3395 3422 3466 montibus,
3473 3400 3538 3453 ut
3579 3412 3762 3470 supra
3789 3397 3939 3454 dixi-

2286 3500 2446 3539 IDUS.

2363 3577 2529 3629 Vsus.
2556 3578 2683 3628 6.—
2711 3577 2860 3631 Filii
2898 3573 3291 3642 Cham,Chus
3320 3579 3374 3630 et
3400 3573 3703 3645 Mesraim,
3736 3582 3789 3632 et
3814 3576 3939 3633 Fut

2288 3668 2341 3720 et
2377 3663 2691 3720 Chanaan.
2728 3665 2887 3719 Chus
2917 3663 3214 3735 hodieque
3253 3662 3332 3718 ab
3358 3662 3619 3719 Hebraeis
3644 3664 3941 3737 Ethiopia

2285 3757 2689 3831 nuncupatur,
2724 3753 3015 3819 Mesraim,
3033 3755 3344 3824 Egyptus,
3363 3753 3475 3808 Fut
3502 3752 3736 3825 Libyes,
3756 3769 3792 3809 a
3812 3769 3939 3826 quo

2286 3846 2342 3898 et
2369 3841 2727 3899 Mauritaniae
2756 3841 2975 3897 ﬂuvius
3003 3856 3193 3913 usque
3222 3840 3284 3896 in
3323 3856 3588 3914 praesens
3640 3843 3748 3898 Fut
3797 3841 3943 3899 dici-

2285 3936 2396 3989 tur.
2433 3935 2607 3988 Porro
2662 3932 2946 3989 Chanaan
2978 3929 3234 3986 obtinuit
3258 3934 3476 3987 terram
3526 3946 3714 4003 quam
3743 3930 3943 3988 Judmi

2285 4021 2567 4094 deinceps
2590 4020 3008 4093 possederunt.

2356 4114 2524 4166 Vens.
2557 4115 2686 4165 7.—
2712 4110 2863 4165 Filii
2889 4108 3054 4164 Chus
3078 4124 3099 4164 .·
3127 4108 3309 4175 Saba,
3344 4112 3400 4165 et
3437 4107 3640 4176 Evila,
3671 4113 3727 4164 et
3748 4107 3942 4165 Saba-

2289 4200 2415 4269 tha,
2442 4203 2499 4255 et
2526 4199 2769 4268 Regma,
2796 4202 2852 4251 et
2881 4197 3245 4253 Sabathaca.
3282 4195 3458 4267 Saba,
3491 4210 3528 4252 a
3572 4209 3697 4269 quo
3723 4194 3943 4266 Sabaei,

2288 4287 2362 4355 de
2392 4287 2614 4360 quibus
2644 4286 2917 4358 Virgilius
2942 4303 2954 4341 :

2620 4432 2777 4488 Solis
2807 4437 2890 4488 est
2922 4429 3138 4489 thurea
3168 4429 3342 4499 uirga
3370 4429 3617 4487 Sabaeis.

2287 4555 2470 4621 Evila,
2497 4554 2683 4611 Getuli
2708 4556 2769 4611 in
2790 4560 2957 4628 parte
2978 4553 3311 4610 remotioris
3348 4552 3577 4620 Africae,
3601 4567 3803 4609 eremo
3833 4568 3943 4611 co-

2284 4645 2595 4701 haerentes.
2628 4644 2913 4712 Sabatha,
2941 4642 3283 4710 Sabathem,
3307 4642 3412 4715 qui
3455 4657 3616 4698 nunc
3664 4642 3947 4699 Astabari

2285 4736 2688 4807 nuncupatur.
2742 4736 2967 4804 Regma
3005 4747 3148 4787 vero
3179 4735 3236 4786 et
3276 4730 3613 4787 Sabathaca
3643 4730 3945 4804 paulatim

2285 4823 2533 4896 antiqua
2570 4821 2871 4879 vocabula
2890 4819 3303 4895 perdiderunt,
3334 4825 3391 4876 et
3417 4835 3554 4895 quae
3612 4834 3773 4876 nunc
3822 4835 3945 4892 pro

2282 4912 2582 4969 veteribus
2611 4911 2896 4979 habeant,
2924 4912 3257 4981 ignoratur.

2353 5002 2502 5059 Filii
2527 5001 2707 5062 Saba.
2760 5007 2810 5058 et
2839 5000 3060 5057 Dadan
3099 4999 3210 5071 [Z.,
3262 4998 3427 5068 ﬁlius
3473 4996 3653 5068 Saba,
3696 4996 3948 5055 Dadan.

2281 5090 2468 5160 vulg.,
2493 5092 2644 5146 Filii
2667 5092 2927 5160 Regma;
2947 5088 3104 5145 Saba
3135 5093 3188 5144 et
3212 5086 3471 5159 Dadan].
3506 5086 3609 5142 Hic
3640 5084 3797 5143 Saba
3832 5101 3954 5158 per

2282 5180 2375 5234 sin
2403 5177 2657 5234 litteram
2688 5177 2985 5244 scribitur,
3033 5190 3218 5247 supra
3269 5190 3412 5232 vero
3450 5190 3559 5248 per
3598 5174 3858 5237 sameeh,
3910 5190 3955 5231 δ.

2283 5280 2405 5338 quo
2431 5266 2692 5322 diximus
2723 5264 3057 5338 appellatos
3074 5263 3338 5320 Sabaeos.
3356 5267 3782 5338 Interpretatur
3798 5277 3953 5334 ergo

2282 5355 2439 5412 Saba
2466 5356 2715 5412 Arabia.
2737 5358 2884 5413 Nam
2913 5353 2975 5408 in
2994 5353 3441 5426 septuagesimo
3464 5354 3659 5427 primo
3678 5351 3951 5427 psalmo,

2279 5444 2385 5500 ubi
2413 5460 2526 5500 nos
2552 5446 2877 5500 habemus:
2906 5445 3090 5513 Reges
3132 5443 3398 5500 Arabum
3429 5451 3483 5501 et
3508 5444 3668 5501 Saba
3689 5457 3957 5501 munera

2279 5535 2552 5605 offerent,
2574 5533 2637 5589 in
2665 5533 2912 5590 Hebraeo
2942 5533 3233 5607 scriptum
3260 5536 3349 5589 est
3372 5551 3384 5589 :
3418 5534 3603 5605 Reges
3631 5533 3809 5597 Saba,
3832 5531 3955 5605 pri-

2275 5639 2449 5681 mum
2463 5638 2688 5682 nomen
2705 5638 2813 5698 per
2837 5624 2949 5695 sin,
2969 5629 3036 5682 ut
3059 5624 3461 5695 Hieronymus
3482 5624 3581 5693 ait,
3603 5620 3953 5680 secundum
