4180 6186
1534 159 1885 220 COMMENT.
1926 160 1999 218 IN
2038 163 2194 221 GEN.

3468 174 3567 230 166

148 302 259 361 per
283 283 540 345 coniecit.
576 283 789 341 Dadan
816 283 1041 356 quippe
1090 298 1238 354 gens
1279 288 1371 341 est
1398 285 1711 358 Ethiopiee
1740 286 1801 341 in
1830 290 1880 343 Α
1916 287 2081 343 niam
2109 290 2346 343 vocant.
2381 286 2656 343 Nonnulli
2685 286 3060 346 Antiochiam
3090 290 3172 347 ita
3204 292 3567 365 appellatam

148 373 502 432 occidentali
530 372 736 445 plaga.

218 468 383 521 Vsus.
406 467 460 519 8.
490 494 563 502 —
588 464 784 517 Porro
814 461 976 519 Ultus
1004 464 1211 532 genuit
1230 463 1514 519 Nemrod.
1546 465 1662 519 Iste
1692 480 1805 520 €09-

142 556 234 625 pit
259 568 381 610 esse
405 558 616 622 potens
646 552 710 606 in
742 556 927 620 terra,
955 556 1010 606 et
1063 557 1195 607 erat
1242 552 1520 607 robustus
1562 558 1810 607 venator

147 659 353 700 coram
406 643 677 707 Domino,
711 646 768 696 et
816 640 1066 713 reliqua.
1098 630 1362 697 Nemrod'
1405 642 1511 698 iste
1561 643 1810 713 arripuit

146 734 456 788 insuetam
480 730 641 803 prius
685 730 748 784 in
783 730 1044 801 populos
1086 732 1196 800 [Z.,
1226 731 1517 804 populis,]
1546 732 1810 803 tyranni-

151 822 318 885 dem,
350 819 737 891 regnavitque
768 818 827 873 in
856 818 1123 891 Babylon
1154 821 1265 891 [Z.,
1290 820 1643 893 Babylone,]
1665 821 1811 892 quia

153 910 233 966 ab
264 926 335 965 eo
362 908 445 964 ibi
489 908 758 963 confusae
809 913 948 964 sunt
994 908 1210 979 linguae
1247 914 1473 965 turrem
1511 910 1809 964 aediﬁcan-

152 1000 323 1067 tium,
355 1003 415 1053 et
459 998 655 1054 Babel
699 997 1001 1069 appellata
1056 1003 1166 1065 est,
1215 1015 1350 1070 quae
1394 999 1812 1071 interpretatur

156 1088 447 1156 confusio.
470 1087 767 1155 Regnavit
796 1093 997 1143 autem
1043 1092 1101 1143 et
1129 1088 1188 1143 in
1216 1088 1442 1151 Arach,
1476 1088 1590 1143 hoc
1620 1093 1707 1142 est
1748 1087 1810 1142 in

156 1177 381 1241 Edissa,
421 1180 484 1231 et
528 1175 588 1230 in
631 1176 903 1244 Archad,
942 1191 1078 1248 quin
1131 1192 1292 1232 nunc
1337 1177 1550 1231 dicitur
1598 1176 1811 1232 Nibisis

155 1267 262 1337 [Z.,
291 1264 540 1321 Nobilis.
582 1266 717 1335 Leg.
770 1264 1028 1336 Nisibis],
1092 1271 1148 1321 et
1210 1266 1273 1321 in
1318 1265 1640 1331 Chalanne,
1674 1281 1810 1337 quae

156 1358 361 1428 postea
387 1371 425 1411 a
453 1354 701 1411 Seleuco
728 1368 868 1424 rege
897 1355 1057 1411 dicta
1085 1359 1176 1411 est
1216 1355 1500 1413 Seleucia.
1528 1356 1638 1422 Qui
1668 1371 1808 1411 con-

157 1461 296 1515 grue
325 1446 609 1500 robustus
640 1451 891 1500 venator
913 1461 1113 1501 coram
1147 1447 1390 1501 Domino
1416 1444 1649 1516 dicitur,
1681 1462 1810 1509 seu,

160 1535 307 1590 sicut
324 1535 389 1589 in
421 1533 800 1605 quibusdam
829 1534 1135 1589 codicibus
1161 1535 1476 1601 invenitur,
1503 1535 1669 1608 quod
1695 1551 1814 1589 me-

1915 381 2145 449 putant.

1990 467 2152 520 Vsus.
2192 468 2367 520 19-21.
2395 495 2463 504 ——
2487 465 2565 519 Et
2598 466 2723 535 fuit
2766 467 3055 524 terminus
3088 470 3568 529 Chananaeorum

1918 555 2283 610 venientibus
2330 569 2367 610 a
2404 555 2626 611 Sidone
2649 557 2937 613 Geraram
2970 573 3153 629 usque
3198 561 3440 629 Gazam,
3472 562 3571 617 do-

1918 659 2024 700 nec
2055 644 2381 713 egrediaris
2421 644 2762 709 Sodomam,
2796 653 2850 702 et
2881 647 3296 720 Gomorrham,
3329 658 3384 708 et
3413 652 3573 707 Ada-

1920 749 2100 797 mam,
2143 739 2196 789 et
2240 734 2488 799 Seboim,
2538 750 2723 805 usque
2770 739 2996 792 Lesam.
3048 738 3282 794 Caeterae
3327 740 3572 812 propria

1918 821 2166 877 nomina
2192 821 2461 877 retinent.
2492 825 2608 877 Hoc
2634 827 2865 878 tantum
2896 824 3312 882 adnotandum
3338 828 3573 883 videtur

1918 909 2085 980 quod
2137 911 2277 965 Lesa
2321 909 2454 980 ipsa
2492 911 2564 964 sit
2612 926 2746 982 quae
2792 927 2952 968 nunc
3000 915 3309 972 Callirhoe
3335 915 3569 981 dicitur,

1920 998 2025 1052 ubi
2054 1014 2225 1069 aquae
2266 996 2473 1053 calidae
2504 1006 2964 1073 prorumpentes
2994 1003 3053 1057 in
3081 1019 3248 1059 mare
3280 1006 3570 1060 Mortuum

1919 1086 2209 1141 deﬂuunt.

1990 1178 2152 1230 Vsus.
2184 1179 2275 1231 22.
2311 1206 2376 1215 —-
2405 1176 2552 1231 Filii
2577 1178 2750 1233 Sem:
2792 1178 2989 1249 Elam,
3021 1186 3073 1235 et
3117 1182 3327 1251 Assur,
3360 1187 3415 1238 et
3457 1182 3571 1237 Ar—
3644 1186 3647 1189 ’

1918 1265 2191 1334 pharad,
2220 1270 2275 1321 et
2324 1267 2476 1331 Lud,
2506 1272 2561 1321 et
2595 1268 2798 1322 Aram.
2838 1267 2900 1322 Hi
2940 1268 3017 1323 ab
3063 1270 3362 1341 Euphrate
3394 1270 3574 1327 ﬂuvio

1921 1360 2150 1427 partem
2186 1354 2335 1409 Asiaa
2380 1372 2570 1427 usque
2603 1356 2681 1412 ad
2732 1357 2999 1413 Indicum
3031 1376 3329 1417 oceanum
3356 1366 3572 1417 tenent.

1922 1446 2237 1499 Estautem
2262 1443 2445 1509 Elam,
2472 1460 2499 1495 εδ
2527 1462 2650 1519 quo
2678 1445 2960 1516 Elamitae,
2984 1449 3282 1521 principes
3307 1450 3572 1505 Persidis.

1925 1536 2002 1588 De
2036 1536 2219 1588 Assur
2241 1533 2371 1603 jam
2392 1533 2616 1589 dictum
2642 1540 2750 1601 est,
2774 1537 2937 1607 quod
2961 1538 3174 1593 Ninum
3207 1539 3417 1595 urbem
3440 1555 3577 1595 con-

157 1622 267 1678 lius
288 1622 468 1678 nobis
494 1621 748 1688 videtur,
784 1623 1059 1678 robustus
1089 1629 1339 1679 venator
1371 1629 1581 1680 contra
1620 1624 1817 1679 Domi.
1854 1637 1894 1691 Β
1922 1621 2518 1693 diderit.Arphaxad,
2539 1639 2707 1695 aquo
2720 1624 3000 1693 Chaldaei,
3020 1626 3162 1698 Lud,
3184 1643 3352 1698 aquo
3372 1628 3578 1700 Lydia.

157 1730 320 1783 num,
352 1712 416 1767 id
460 1716 552 1767 est
594 1711 916 1767 hominum
954 1717 1326 1769 terrenorum
1371 1730 1731 1786 suppressor
1761 1720 1816 1769 et

162 1802 466 1857 extinctor.
500 1800 779 1871 Erigebat
802 1816 946 1871 ergo
974 1802 1087 1872 [Z.,
1119 1801 1227 1857 iste
1259 1801 1437 1873 igitur
1475 1803 1645 1874 erig.]
1677 1821 1814 1859 cum

163 1893 281 1946 suis
305 1889 556 1963 populis
602 1896 828 1945 turrem
876 1895 1085 1946 contra
1115 1892 1459 1960 Dominum,
1491 1894 1552 1948 in
1577 1909 1700 1965 qua
1731 1897 1818 1948 est

164 1980 342 2053 impia
392 1979 731 2050 signiﬁcata
775 1980 1088 2053 superbia;
1136 1982 1428 2053 quoniam
1487 1983 1815 2039 dominatio

166 2065 513 2141 imperantis
559 2068 625 2124 in
652 2068 861 2139 lingua
885 2074 991 2135 est,
1014 2073 1069 2125 et
1093 2069 1176 2124 ibi
1198 2075 1285 2126 est
1304 2071 1591 2127 damnata
1617 2088 1818 2144 super-

167 2158 286 2224 bia,
310 2163 374 2213 ut
402 2174 523 2214 non
569 2158 990 2229 intelligeretur
1014 2159 1238 2229 jubens
1265 2160 1514 2227 homini,
1549 2177 1683 2232 qua:
1715 2177 1818 2216 no-

169 2245 278 2301 luit
320 2246 659 2316 intelligere,
692 2252 760 2301 ut
808 2246 1078 2302 obediret
1132 2251 1250 2302 Deo
1290 2248 1540 2318 jubenti.
1587 2250 1678 2304 Sic
1716 2249 1817 2305 illa

171 2336 505 2405 conjuratio
525 2336 813 2393 dissoluta
844 2340 950 2403 est,
980 2352 1118 2392 cum
1148 2337 1403 2408 quisque
1433 2337 1511 2393 ab
1538 2354 1608 2394 eo
1634 2355 1818 2411 quem

170 2423 551 2493 intelligebat,
579 2425 949 2495 abscederet,
969 2441 1078 2480 nec
1110 2441 1174 2479 se
1202 2425 1321 2480 nisi
1349 2426 1401 2480 ei
1432 2442 1571 2481 cum
1592 2444 1714 2499 quo
1743 2427 1820 2482 lo-

169 2514 269 2585 qui
296 2519 530 2586 poterat
558 2520 934 2585 aggregaret,
966 2521 1022 2570 et
1048 2530 1157 2586 per
1176 2514 1411 2583 linguas
1442 2515 1649 2572 divisae
1684 2521 1822 2572 sunt

171 2609 371 2673 gentes
394 2603 811 2676 dispersasque
850 2619 957 2676 per
984 2608 1191 2660 terras.
1221 2604 1496 2675 Sequitur
1521 2621 1534 2659 :

238 2695 405 2749 Vens.
446 2699 529 2749 Η.
555 2725 624 2734 -
655 2700 735 2750 De
771 2700 938 2750 terra
964 2695 1076 2750 illa
1102 2708 1361 2764 egressus
1407 2701 1490 2749 est
1529 2694 1742 2763 Assur,
1771 2700 1826 2751 et

173 2784 487 2853 aediﬁcavit
534 2786 814 2854 Niniven,
848 2790 903 2840 et
955 2784 1173 2840 Roboot
1215 2785 1536 2854 civitatem,
1571 2786 1721 2840 sicut
1766 2785 1827 2839 in

172 2873 550 2946 quibusdam
572 2874 882 2930 codicibus
914 2873 1233 2929 invenitur.
1268 2874 1346 2928 De
1385 2874 1499 2930 hac
1529 2879 1683 2930 terra
1713 2876 1828 2930 As-

1924 1714 2168 1777 Aram,a
2179 1727 2302 1783 quo
2318 1711 2466 1783 Syri,
2487 1726 2747 1783 quorum
2765 1715 3109 1786 metropolis
3122 1721 3210 1771 est
3229 1717 3574 1774 Damascus.

1995 1803 2159 1855 Vens.
2189 1804 2276 1855 23.
2311 1831 2380 1839 —
2423 1801 2574 1855 Filii
2598 1802 2786 1858 Aram
2832 1803 2986 1870 Has,
3014 1810 3069 1860 et
3098 1806 3247 1867 Hul,
3279 1812 3333 1862 et
3364 1806 3582 1863 Gether

1922 1895 1979 1945 et
2006 1890 2149 1945 Mes.
2175 1890 2315 1956 Hus,
2348 1888 2787 1946 Trachonitidis
2808 1897 2865 1947 et
2897 1894 3173 1949 Damasci
3199 1894 3470 1951 conditor
3490 1897 3579 1951 in-

1924 1980 2011 2032 ter
2032 1977 2408 2032 Palaestinam
2435 1983 2492 2032 et
2511 1978 2666 2033 Caele
2696 1981 2926 2051 Syriam
2951 1982 3136 2036 tenuit
3154 1982 3578 2065 principatum,

1926 2081 1961 2120 a
1987 2080 2110 2137 quo
2143 2066 2529 2137 Septuaginta
2578 2067 2926 2139 interpretes
2958 2071 3019 2123 in
3043 2066 3196 2125 libro
3224 2071 3354 2139 .lob,
3388 2071 3490 2125 ubi
3522 2070 3580 2125 in

1928 2155 2170 2209 Hebraeo
2212 2154 2504 2221 scribitur,
2537 2162 2759 2213 terram
2809 2159 2961 2228 Has,
3006 2160 3313 2227 regionem
3363 2158 3581 2215 Ausiti-

1925 2243 2063 2298 dem
2098 2242 2541 2299 transtulerunt.
2578 2245 2706 2312 Hul,
2742 2262 2776 2300 a
2804 2262 2927 2317 quo
2966 2247 3246 2302 Armenii.
3282 2248 3511 2313 Getber,
3546 2262 3583 2303 a

1924 2347 2048 2404 quo
2070 2331 2305 2386 Arcanii
2337 2332 2459 2388 sive
2491 2333 2659 2389 Carii.
2681 2334 2863 2389 Porro
2895 2337 3027 2402 Mes,
3052 2352 3163 2408 pro
3192 2352 3314 2408 quo
3344 2338 3582 2409 Septua-

1929 2421 2093 2491 ginta
2147 2421 2496 2493 interpretes
2554 2423 2795 2480 Mosoch
2842 2423 3140 2490 dixerunt,
3180 2426 3241 2481 hi
3296 2431 3434 2482 sunt
3479 2424 3582 2498 qui

1929 2524 2091 2564 nunc
2116 2514 2409 2565 vocantur
2432 2513 2703 2566 Marones.

2002 2598 2177 2675 Vsus;
2203 2600 2292 2664 24,
2324 2602 2412 2654 25.
2447 2630 2511 2638 —
2543 2600 2623 2654 At
2656 2615 2791 2655 vero
2821 2601 3165 2669 Arphaa'ad
3199 2604 3407 2673 genuit
3437 2603 3587 2660 Sala

1933 2688 2052 2757 [Z.,
2084 2688 2269 2757 Sela],
2302 2693 2360 2743 et
2404 2689 2549 2744 Sala
2579 2691 2785 2759 genuit
2832 2689 3046 2746 Heber.
3098 2694 3175 2746 Et
3219 2692 3416 2749 Heber
3458 2694 3592 2748 nati

1934 2780 2073 2830 sunt
2103 2776 2220 2830 duo
2269 2777 2427 2845 ﬁlii;
2467 2792 2679 2833 nomen
2727 2779 2836 2833 uni
2860 2779 3094 2849 Phaleg
3124 2786 3177 2836 et
3209 2795 3420 2837 nomen
3458 2783 3563 2856 fra

1938 2865 2046 2919 tris
2092 2867 2219 2933 ejus
2265 2867 2495 2921 Jectan.
2531 2866 2741 2933 Heber,
2778 2883 2814 2922 a
2859 2884 2982 2949 quo
3030 2868 3279 2936 Hebraei,
3312 2870 3591 2927 vaticinia

176 2965 475 3035 syriorum
496 2964 814 3037 pulullavit
842 2964 1291 3037 imperium,qui
1308 2980 1381 3019 ex
1410 2964 1653 3021 nomine
1680 2965 1828 3033 Nini,
1872 2992 1912 3051 ρ
1940 2953 2208 3026 (ΙΠΟάἂῐΙι
2234 2952 2492 3051 ﬁmi-51.19
2536 2953 2755 3051 thﬂeg
2783 2971 3005 3051 110m?“
3030 2956 3335 3028 imPOSUit;
3367 2956 3471 3029 (Ιυί
3509 2958 3594 3012 ῘΠ-

176 3052 321 3108 Belis
368 3052 500 3121 ﬁlii,
535 3053 753 3108 Ninum
801 3051 1215 3121 condiderunt,
1263 3052 1475 3108 urbem
1522 3069 1831 3124 magnam,

182 3158 360 3214 quam
396 3142 639 3197 Hebraei
664 3142 967 3214 appellant
996 3141 1260 3198 Niniven.
1294 3143 1467 3208 Quod
1499 3148 1700 3199 autem
1731 3143 1833 3212 ait,

182 3233 503 3299 edi/ienuit
551 3232 808 3288 Niniven
839 3239 889 3288 et
924 3233 1145 3288 Roboot
1171 3233 1490 3297 civitatem,
1524 3249 1647 3289 non
1674 3239 1839 3309 pute-

180 3337 307 3376 mus
338 3322 512 3377 duas
544 3334 681 3374 esse
702 3319 914 3388 urbes;
946 3322 1042 3376 sed
1068 3321 1213 3397 quia
1242 3320 1474 3377 Roboot
1503 3323 1720 3392 platea:
1746 3322 1837 3375 in-

179 3413 612 3484 temretantur,
641 3409 719 3463 it-i
746 3408 1053 3479 legendum
1085 3416 1191 3478 est,
1227 3416 1281 3467 et
1322 3412 1641 3480 wdiﬁcavit
1672 3412 1838 3466 Nini-

182 3515 285 3555 ven
315 3507 370 3556 et
394 3501 647 3569 plateas
675 3500 946 3554 civitatis.

253 3587 422 3639 Vnus.
459 3588 546 3653 t3,
582 3584 663 3639 14.
688 3615 760 3623 -
782 3585 862 3638 At
894 3600 1030 3641 vero
1057 3584 1337 3641 Mesraim
1365 3585 1570 3654 genuit
1600 3585 1837 3653 Ludim,

190 3680 242 3727 et
276 3675 547 3728 .tnanrim
589 3674 699 3744 [Z.,
731 3673 1033 3745 Ananim],
1068 3680 1123 3730 et
1150 3674 1420 3738 Laabim,
1450 3674 1752 3744 Neptuim,
1786 3679 1839 3730 et

199 3760 516 3825 Petrosim,
549 3767 593 3814 et
622 3762 894 3831 Cesloim,
929 3763 1003 3817 tle
1026 3762 1237 3833 quibus
1291 3762 1512 3831 egressi
1536 3768 1675 3816 sunt
1702 3762 1843 3817 Phi-

210 3847 438 3912 listiim,
469 3852 522 3902 et
561 3853 881 3919 Captumm.
924 3851 1195 3922 Exceptis
1234 3850 1507 3919 Laabim,
1542 3866 1578 3904 a
1621 3850 1842 3922 quibus

200 3934 413 4006 Libyes
436 3943 639 4008 postea
668 3938 963 3995 nominati
994 3943 1150 4005 sunt,
1176 3938 1280 4011 qui
1302 3937 1467 4010 prius
1492 3937 1649 3993 Futei
1670 3954 1847 3993 voca-

192 4024 433 4093 bantur,
456 4032 513 4082 et
543 4028 813 4098 Cesloim,
850 4028 957 4100 qui
986 4028 1267 4100 deinceps
1306 4026 1612 4082 Philistiim
1645 4028 1847 4101 appel-

184 4114 289 4171 lati
334 4121 495 4181 sunt,
529 4132 682 4188 quos
726 4133 851 4172 non
882 4122 1157 4189 corrupte
1187 4116 1537 4172 Palaestinos
1567 4116 1845 4188 dicimus,

186 4208 419 4260 caetera;
449 4209 656 4274 gentes
675 4221 778 4261 sex
801 4206 1020 4276 ignotae
1048 4204 1357 4277 sunt,quia
1384 4204 1543 4260 bello
1570 4205 1847 4277 Ethiopi-

186 4308 256 4347 co
286 4294 607 4348 subversae
644 4309 836 4365 usque
890 4293 967 4349 ad
1010 4293 1375 4349 oblivionem
1418 4298 1847 4365 praetentorum

187 4382 296 4451 [Z.,
329 4381 796 4453 praeteritorum]
828 4383 1164 4438 nominum.
1197 4381 1602 4438 Possederunt
1646 4387 1847 4438 autem

189 4475 410 4527 terram
437 4486 476 4526 θ.
505 4473 663 4527 Gaza
693 4487 885 4544 usque
916 4470 995 4527 ad
1021 4477 1317 4527 extremos
1344 4470 1495 4525 ﬁnes
1522 4472 1775 4543 Egypti.

258 4558 428 4611 Vens.
464 4557 649 4610 {548.
682 4586 749 4595 -—
795 4556 1092 4612 Chanaan
1149 4556 1357 4626 genuit
1411 4554 1694 4610 Sidonem
1725 4556 1851 4623 pri—

192 4646 559 4715 mogenitum
604 4660 797 4713 suum,
829 4651 884 4701 et
921 4645 1256 4714 Hei/laeum,
1298 4650 1353 4700 et
1401 4644 1764 4713 Gebusaeum,
1797 4649 1853 4700 et

114 4781 119 4783 _
190 4734 640 4796 Amorrhwum,
666 4741 722 4790 et
753 4736 1140 4805 Gergesaeum,
1170 4738 1225 4790 et
1273 4734 1575 4802 Hevamm,
1609 4739 1664 4790 et
1693 4735 1851 4789 Ara-

192 4839 396 4892 catum,
446 4824 777 4891 Asina’um,
828 4830 882 4880 et
929 4824 1246 4892 Aradium,
1298 4830 1353 4879 et
1393 4823 1754 4892 Samariten,
1798 4831 1854 4879 et

186 4912 596 4969 Amathaeum.
630 4915 706 4968 De
732 4913 1024 4968 Chanaan
1053 4912 1282 4986 primus
1310 4917 1484 4968 natus
1539 4916 1627 4967 est
1671 4912 1853 4967 Sidon

187 5000 303 5072 [Z.,
339 5001 612 5073 Sidona],
645 5018 682 5058 a
717 5018 840 5075 quo
887 5002 1031 5057 urbs
1084 5001 1400 5057 Phoenicia:
1445 5002 1627 5057 Sidon
1674 5017 1854 5057 voca-

187 5095 305 5147 tur.
335 5091 485 5147 Dein
536 5096 838 5163 Aracaeus,
870 5092 974 5164 qui
1019 5096 1203 5147 Arcas
1242 5091 1531 5163 condidit,
1562 5086 1856 5164 oppidum

185 5186 403 5238 contra
472 5180 785 5256 Tripolim'
844 5182 903 5237 in
980 5180 1285 5237 radicibus
1362 5181 1587 5237 Libani.
1656 5181 1858 5237 Aradii

120 5324 131 5331 .
187 5274 331 5326 sunt
389 5270 495 5343 qui
537 5270 812 5327 Aradum
868 5270 1131 5325 insulam
1177 5270 1592 5342 possederunt,
1634 5274 1858 5339 a‘ngus-

184 5363 249 5416 to
304 5359 461 5416 freto
535 5377 572 5416 a
632 5359 926 5416 Phcenicis
978 5359 1170 5415 littore
1230 5364 1595 5432 separatam.
1650 5361 1859 5416 Sama-

1945 3047 2295 3113 terpretatur
2319 3041 2553 3111 divisio,
2586 3043 2663 3097 ab
2694 3058 2765 3097 eo
2790 3043 2955 3116 quod
2990 3045 3050 3099 in
3088 3045 3301 3099 diebus
3331 3046 3459 3116 ejus
3486 3044 3593 3099 lin-

1945 3146 2077 3201 gute
2103 3131 2163 3184 in
2201 3130 2501 3202 Babylone
2527 3131 2732 3186 divisae
2762 3137 2916 3187 sunt.

2019 3222 2182 3274 Vens.
2210 3222 2300 3286 26,
2331 3235 2448 3289 seq.
2475 3251 2540 3259 -——
2561 3220 2787 3275 Jectam
2818 3222 3025 3290 genuit
3050 3220 3369 3286 Elmodad,
3405 3225 3456 3275 et
3488 3220 3598 3275 Sa-

1950 3309 2107 3377 leph,
2138 3312 2193 3363 et
2220 3308 2564 3377 Asarmoth,
2594 3310 2759 3376 Jare,
2800 3316 2855 3365 et
2900 3310 3196 3375 Act-uram,
3230 3316 3285 3365 et
3331 3311 3478 3366 Uzal
3527 3311 3599 3365 de

1948 3397 2178 3453 Daebal
2205 3398 2313 3467 [Z.,
2346 3397 2659 3468 Dedabal],
2693 3404 2748 3454 et
2776 3400 3149 3469 Abimalech,
3180 3399 3350 3466 Seba,
3386 3400 3597 3471 Ophir,

1947 3488 2149 3551 Evila,
2180 3487 2391 3542 Jobab.
2425 3486 2648 3542 Harum
2698 3488 2964 3556 gentium
2998 3488 3326 3563 posteriora
3353 3488 3603 3544 nomina

1948 3576 2211 3631 invenire
2242 3591 2363 3632 non
2393 3576 2561 3647 potui
2588 3593 2600 3643 ;
2646 3576 2739 3631 vel
2782 3578 2864 3633 ita
2905 3582 3197 3638 vocantur
3222 3583 3287 3632 ut
3317 3578 3601 3650 primum,

1947 3665 2042 3719 vel
2084 3681 2220 3737 quze
2268 3666 2585 3720 immutata
2637 3665 2770 3733 sint,
2822 3666 3154 3735 ignoratur.
3204 3667 3606 3723 Possederunt

1950 3758 2150 3810 autem
2199 3770 2236 3809 a
2267 3753 2480 3810 Cofene
2532 3752 2716 3810 ﬂuvio
2769 3770 3012 3810 omnem
3065 3756 3240 3810 Indiae
3298 3756 3604 3826 regionem

1952 3859 2087 3914 quas
2113 3847 2365 3897 vocatur
2393 3842 2581 3898 Heria.

2604 3931 2834 3988 CAPUT
2868 3933 2957 3988 XI.

2028 4022 2196 4076 Vens.
2231 4020 2411 4075 l-4.——
2432 4020 2583 4077 Erat
2605 4027 2803 4077 autem
2828 4027 2991 4078 terra
3022 4021 3170 4078 (abii
3188 4024 3387 4089 unius,
3411 4028 3467 4078 et
3486 4037 3611 4078 ser-

1956 4126 2194 4165 monum
2223 4110 2580 4179 earumdem,
2613 4113 2669 4165 et
2698 4110 2947 4199 reliqua,
2970 4126 3160 4184 usque
3191 4116 3247 4166 et
3281 4111 3610 4167 dixerunt:

1970 4199 2187 4266 Venite,
2218 4199 2517 4268 faciamus
2545 4197 2713 4254 nobis
2743 4197 3063 4269 civitatem,
3082 4205 3137 4255 et
3167 4203 3613 4270 turrem,cujus

1963 4289 2195 4343 culmen
2228 4288 2534 4357 pertingat
2564 4287 2646 4343 ad
2672 4288 2905 4354 caelum,
2935 4292 3045 4343 etc.
3077 4288 3216 4344 Ideo
3246 4293 3470 4345 turrem
3503 4304 3617 4347 sua

1964 4376 2246 4449 superbia
2276 4381 2617 4432 construere
2646 4376 2984 4442 voluerunt,
3017 4383 3082 4434 ut
3109 4377 3478 4435 celebrarent
3507 4393 3616 4433 no-

1961 4482 2100 4521 men
2132 4481 2309 4520 suum
2337 4470 2664 4536 antequam
2692 4465 3116 4536 dividerentur,
3138 4467 3287 4522 sicut
3318 4467 3619 4539 Scriptura

1962 4561 2224 4622 testatur,
2242 4572 2347 4611 seu
2369 4560 2434 4611 ut
2448 4555 2827 4630 explorarent
2848 4556 2996 4629 quid
3017 4561 3170 4612 esset
3186 4572 3365 4628 super
3377 4553 3614 4619 coelum,

1963 4645 2107 4714 sive,
2141 4648 2204 4699 ut
2233 4644 2601 4717 quibusdam
2626 4644 2875 4712 videtur,
2908 4649 2972 4699 ut
2999 4644 3291 4699 haberent
3321 4641 3422 4696 ubi
3458 4640 3620 4709 fuge-

1959 4736 2109 4798 rent,
2141 4732 2285 4804 quia
2314 4732 2611 4805 putabant
2640 4733 2855 4788 iterum
2905 4730 3274 4805 cataclysmo
3319 4728 3619 4785 mundum

1962 4820 2145 4878 deleri
2174 4820 2355 4875 secuti
2385 4821 2572 4891 prius.
2605 4822 2717 4877 Sed
2765 4821 3050 4895 quaeritur
3098 4824 3299 4874 utrum
3341 4816 3620 4884 credibile

1965 4911 2038 4967 sit
2068 4914 2244 4965 tantae
2285 4908 2543 4963 stultitiae
2574 4925 2705 4964 esse
2734 4909 3030 4979 homines,
3064 4912 3129 4964 ut
3151 4907 3213 4964 in
3245 4908 3464 4965 ccelum
3497 4906 3624 4964 alti-

1965 5000 2233 5056 tudinem
2285 4996 2518 5052 aaditicii
2561 4997 2878 5073 cujuslibet
2928 4997 3161 5068 exigere
3194 5015 3257 5055 se
3296 5014 3475 5072 posse
3515 5013 3624 5073 pu-.

1966 5088 2207 5145 tarent?
2255 5086 2405 5152 Quia
2459 5087 2606 5143 solet
2653 5087 2997 5162 superbiam
3048 5087 3292 5145 stultitia
3348 5086 3539 5160 sequi,
3570 5090 3629 5143 et

1967 5177 2361 5234 humilitatem
2412 5176 2722 5250 sapientia,
2760 5177 2896 5233 ideo
2946 5178 3122 5234 turris
3179 5177 3274 5233 hic
3328 5176 3624 5253 superbire

1968 5269 2100 5324 loco
2140 5266 2337 5340 posita
2367 5271 2472 5335 est,
2507 5272 2561 5324 et
2592 5268 2736 5347 quia
2781 5284 2892 5323 sua
2932 5267 3179 5323 stultitia
3207 5272 3385 5340 atque
3417 5282 3627 5340 super-

1968 5358 2070 5414 bia
2113 5357 2234 5414 alta
2261 5363 2571 5432 penetrare
2625 5359 3002 5430 studuerunt,
3029 5356 3165 5421 ideo
3204 5357 3437 5414 confusi
3465 5361 3626 5414 sunt.

185 5449 366 5514 titan,
391 5448 618 5505 emissa
665 5448 886 5506 nobilis
921 5449 1103 5520 Syriae
1147 5447 1334 5503 Cocles
1384 5448 1609 5504 civitas.
1643 5448 1862 5504 Amath
1973 5447 2127 5504 Fecit
2150 5463 2292 5518 ergo
2324 5448 2606 5522 superbia
2631 5449 2999 5507 diversitates
3021 5448 3402 5525 linguarum;
3434 5447 3631 5504 humi-

191 5541 311 5594 tam
350 5555 387 5595 a
414 5540 579 5613 Syris
611 5554 803 5613 quam
836 5537 914 5593 ab
940 5537 1222 5605 Hebraeis,
1249 5536 1332 5593 ita
1355 5542 1421 5592 ut
1444 5536 1609 5609 apud
1632 5543 1861 5594 veteres

195 5626 355 5686 dicta
376 5629 593 5702 fuerat,
623 5627 985 5703 appellatur.
1020 5629 1184 5685 Hanc
1221 5626 1569 5685 Macedones
1599 5628 1859 5701 Epipha-

1971 5536 2105 5593 litas
2153 5537 2362 5593 Christi
2409 5539 2791 5610 congregavit
2838 5539 3212 5597 diversitates
3261 5538 3627 5609 linguarum,

1974 5628 2042 5683 ut
2070 5641 2225 5698 quos
2252 5627 2429 5684 turris
2448 5629 2893 5699 dissociaverat,
2913 5629 3174 5688 Ecclesia
3188 5628 3527 5699 colligeret;
3555 5624 3631 5679 de
