4160 6182
550 147 649 206 167

1628 139 1982 198 ANGELOM]
2022 134 2479 193 LUXOVIENSIS
2518 138 2854 196 MONACHI.

3871 150 3980 204 108

545 287 670 345 qua
713 267 1101 327 dissolutione
1147 265 1422 337 superius
1468 263 1938 337 prmlibavimus,
1970 259 2072 316 ubi
2117 261 2190 313 de
2221 263 2266 315 A
2309 260 2635 330 generibus
2657 261 2873 318 divisit.
2891 261 3312 320 Undeeasdem
3331 264 3598 338 syllabas
3619 269 3978 341 etejusdem

548 360 831 417 Nembrot
862 356 1225 412 mentionem
1270 353 1544 424 fecimus,
1585 353 1690 424 qui
1729 353 1838 423 [Z.,
1871 350 2035 424 quia]
2065 349 2190 421 ipse

549 450 794 523 quidem
826 449 1037 501 auctor
1059 444 1238 513 hujus
1283 443 1458 498 turris
1487 441 1724 512 exstitit,
1757 446 1812 497 et
1833 441 2029 512 primo
2059 455 2190 494 om-

545 538 714 593 nium
744 534 1089 592 hominibus
1107 530 1406 587 dominari
1433 535 1490 586 et
1518 546 1774 600 regnum
1799 529 2048 585 dilatare
2076 532 2193 582 stu-

547 627 692 683 duit.
729 625 884 682 Solet
913 623 1071 678 enim
1110 620 1331 676 multos
1374 635 1636 687 movere,
1673 635 1752 675 an
1800 634 1988 674 unum
2035 631 2190 688 opus

545 715 721 771 fuerit
750 711 944 772 turris,
975 715 1031 765 et
1077 708 1346 776 civitatis,
1380 707 1474 764 vel
1499 707 1620 764 duo
1640 709 1668 764 ?
1713 711 1760 762 A
1790 705 1990 762 multis
2027 704 2188 760 enim

548 805 875 858 aestimatur
924 813 1124 854 arcem
1156 813 1284 853 esse
1314 802 1371 852 et
1399 797 1652 852 civitatis
1697 794 2040 868 Babyloniae
2073 798 2188 848 tur-

544 905 670 945 rem
719 887 905 943 illam.
943 887 1131 958 Hujus
1180 886 1341 942 enim
1388 885 1634 941 civitatis
1681 883 2016 940 mirabilem
2045 898 2187 938 con-

547 977 934 1034 structionem
981 975 1247 1046 gentium
1302 974 1689 1030 commendat
1715 972 1984 1040 historia,
2017 972 2189 1040 cujus

542 1065 730 1121 nimia
758 1064 1195 1136 disponebatur
1221 1063 1490 1131 altitudo,
1509 1080 1644 1135 qua:
1669 1064 1729 1117 in
1751 1060 2188 1133 campestribus

539 1170 645 1227 per
671 1155 851 1209 situm
883 1152 1251 1225 quadratum
1303 1151 1382 1208 ab
1412 1150 1636 1222 angulo
1677 1166 1865 1222 usque
1893 1149 1971 1206 ad
2001 1164 2187 1217 angu-

536 1244 661 1300 lum
693 1241 849 1297 muri
882 1241 1142 1296 sedecim
1173 1239 1359 1296 millia
1387 1241 1642 1296 tenuisse
1666 1254 1983 1312 passuum,
2008 1237 2188 1293 simul

537 1347 644 1404 per
691 1330 1004 1386 circuitum
1053 1328 1358 1398 sexaginta
1411 1333 1674 1401 quatuor
1722 1330 1832 1399 [Z.,
1873 1327 2188 1396 sexaginta

538 1420 700 1490 tres],
735 1423 797 1473 ut
845 1417 1177 1473 Herodotus
1223 1416 1745 1488 historiographus
1795 1414 1954 1471 dicit.
1988 1413 2186 1486 Aliqui

537 1523 680 1564 vero
730 1511 950 1563 turrem
1001 1522 1185 1561 unam
1216 1504 1424 1560 volunt
1467 1504 1730 1575 intelligi,
1761 1519 1947 1577 quam
1980 1502 2183 1575 praeci-

536 1611 723 1669 puam
753 1597 860 1666 [Z.,
893 1593 1217 1666 prmcipue]
1246 1593 1397 1648 inter
1423 1593 1573 1649 alias
1603 1593 1826 1664 erigere
1858 1591 2184 1648 molieban-
2212 1611 2252 1664 Β

537 1689 652 1752 tur,
677 1701 812 1757 quae
829 1683 890 1738 in
917 1682 1224 1739 altitudine
1251 1686 1512 1754 quatuor
1527 1681 1710 1738 millia
1735 1681 1949 1738 dicitur
1968 1681 2181 1737 tenuis-

535 1789 597 1829 se
627 1788 942 1844 passuum,
972 1770 1142 1843 quod
1172 1769 1540 1842 capitolium,
1583 1775 1647 1826 ut
1673 1769 1836 1826 idem
1864 1769 2075 1826 doctor
2099 1770 2183 1824 di-

533 1862 630 1929 cit,
659 1861 733 1918 de
758 1860 878 1917 lato
905 1861 967 1915 in
997 1860 1305 1930 angustias
1329 1863 1684 1930 coarctatur,
1707 1863 1771 1914 ut
1799 1859 2040 1931 pondus
2072 1859 2180 1914 im-

531 1951 766 2007 minens
797 1950 1028 2006 facilius
1080 1967 1114 2005 a
1144 1949 1454 2004 latioribus
1491 1953 1936 2017 sustentaretur,
1965 1950 2026 2005 in
2057 1965 2180 2022 qua

530 2039 875 2095 describunt
900 2039 1124 2110 templa
1145 2053 1506 2105 marmorea,
1532 2053 1746 2094 aureas
1772 2043 2020 2109 statuas,
2053 2039 2180 2111 pla-

531 2133 653 2184 teas
679 2128 952 2200 lapideas
977 2143 1244 2199 auroque
1273 2126 1662 2197 fulgentes,et
1676 2126 1864 2182 multa
1890 2126 2174 2199 alia,quaa

528 2232 679 2288 pene
715 2215 994 2272 videntur
1021 2214 1426 2271 incredebilia.
1463 2214 1624 2270 Unde
1651 2215 1732 2270 ait
1763 2215 2100 2288 Scriptura:

599 2307 765 2361 Vens.
798 2310 848 2360 5.
882 2337 950 2345 —-
979 2304 1289 2361 Descendit
1314 2310 1512 2360 autem
1535 2305 1822 2359 Dominus
1854 2310 1917 2359 ut
1951 2305 2172 2361 videret

527 2395 823 2450 civitatem
871 2400 925 2450 et
969 2400 1197 2450 turrem
1236 2409 1416 2464 quam
1465 2394 1864 2462 aediﬁcabant.
1898 2393 2174 2449 Nonnulli

525 2487 727 2538 autem
774 2498 984 2538 omnes
1016 2488 1203 2537 turres
1234 2480 1389 2536 illius
1415 2481 1668 2537 civitatis
1709 2481 2004 2549 dixerunt,
2036 2499 2171 2554 quae

524 2586 630 2643 per
660 2586 978 2625 numerum
1013 2568 1382 2638 singularem
1411 2569 1492 2625 ita
1542 2569 1890 2639 signiﬁcata:
1921 2574 2081 2640 sunt,
2109 2575 2174 2626 ut

523 2658 737 2714 dicitur
791 2658 1026 2724 millies,
1085 2662 1139 2713 et
1192 2657 1605 2726 intelliguntur
1659 2657 1846 2713 millia
1892 2657 2166 2714 millium.

522 2746 666 2802 Hinc
698 2746 997 2819 Scriptura
1025 2745 1351 2801 subinfert:
1382 2752 1436 2802 et
1468 2752 1849 2802 cessaverunt
1875 2747 2171 2816 xdiﬁcare

520 2836 839 2892 civitatem.
869 2836 1182 2908 Sequitur:

593 2923 768 2981 Vens.
793 2931 845 2979 7.
867 2956 933 2963 —
971 2926 1172 2980 Venite
1199 2925 1390 2994 igitur
1408 2929 1464 2980 et
1489 2923 1932 3014 descendamus,
1956 2931 2010 2980 et
2033 2940 2165 3014 eon-
2196 2957 2237 3014 ρ

515 3012 849 3080 fundamus
882 3012 965 3067 ibi
992 3014 1262 3082 linguam
1298 3027 1523 3068 eorum.
1558 3011 1923 3068 Descendere
1951 3012 2049 3068 Dei
2080 3017 2168 3068 est

514 3099 817 3156 humanos
849 3105 1016 3156 actus
1047 3101 1361 3173 inspicere,
1377 3099 1471 3156 vel
1502 3116 1710 3156 eorum
1729 3100 2004 3156 sensibus
2024 3117 2164 3174 pro-

513 3187 807 3260 pinquare
838 3189 899 3260 [Ζ
909 3231 945 3259 .,
980 3189 1512 3262 appropinquare].
1537 3189 1669 3244 Sive
1697 3188 2059 3245 descendere
2081 3190 2165 3245 di-

510 3277 660 3332 citur
689 3282 812 3332 tam
844 3279 921 3332 ad
953 3278 1243 3333 auxilium
1269 3293 1456 3350 quam
1481 3277 1560 3332 ad
1588 3277 1937 3344 vindictam,
1967 3294 2161 3351 quan-

510 3364 590 3420 do
621 3381 827 3420 curam
881 3366 1148 3420 humano
1199 3367 1399 3434 generi
1453 3370 1695 3436 priestat
1738 3382 1845 3437 per
1869 3367 2163 3438 obsequia

509 3451 881 3520 angelorum.
917 3452 1156 3522 Angelis
1202 3453 1362 3507 enim
1405 3454 1508 3524 qui
1556 3453 1824 3520 aderant,
1854 3459 1918 3509 ut
1947 3453 2160 3509 beatus

509 3539 825 3608 Gregorius
869 3539 1028 3609 dicit,
1083 3539 1369 3594 Dominus
1422 3540 1536 3594 ait:
1590 3541 1808 3606 Venite,
1841 3542 2134 3598 descenda

506 3645 657 3694 mus,
679 3632 735 3683 et
764 3627 1014 3700 reliqua.
1037 3627 1146 3693 Qui
1176 3627 1510 3683 ascendunt
1539 3629 1600 3683 in
1626 3644 1697 3684 eo
1721 3629 1887 3702 quod
1918 3633 2155 3686 Creato-

501 3732 627 3772 rem
661 3716 1056 3790 conspiciunt,
1089 3715 1468 3772 descendunt
1519 3717 1580 3772 in
1629 3733 1700 3773 eo
1731 3717 1896 3789 quod
1928 3723 2157 3774 creatu-

501 3820 633 3861 ram
666 3821 793 3862 sese
821 3804 1034 3861 illicitis
1075 3805 1400 3874 erigentem
1454 3805 1729 3861 examine
1769 3805 2152 3863 districtionis

498 3900 798 3968 premunt.
834 3895 1034 3950 Dicere
1083 3909 1224 3965 ergo
1273 3898 1397 3949 est:
1453 3896 1890 3952 Descendamus
1930 3902 1985 3953 et
2015 3913 2154 3953 con-

495 3984 826 4052 fundamus
855 3985 1122 4052 linguam
1155 3998 1381 4052 eorum,
1405 3982 1467 4038 in
1498 3983 1696 4056 seipso
1721 3984 1806 4040 eis
1837 3986 1952 4041 hoc
1981 3985 2150 4058 quod

496 4077 650 4126 recte
683 4075 917 4140 agatur,
948 4070 1282 4135 ostendere,
1314 4076 1371 4126 et
1395 4088 1502 4144 per
1540 4073 1659 4127 vim
1700 4073 1947 4130 internae
1976 4073 2146 4128 visio-

495 4157 588 4213 nis
637 4174 844 4213 eorum
904 4159 1203 4214 mentibus
1251 4159 1596 4217 exhibenda
1641 4162 1867 4231 judicia
1897 4161 2143 4218 occultis

494 4246 758 4302 motibus
796 4247 1107 4320 inspirare.
1143 4248 1316 4313 Quod
1347 4265 1488 4304 vero
1525 4249 1740 4321 plurali
1772 4266 2026 4306 numero
2055 4250 2140 4304 di-

491 4334 593 4404 xit,
635 4335 1080 4407 descendamus,
1131 4343 1188 4392 et
1237 4338 1451 4392 iterum
1504 4337 1813 4408 singulari,
1866 4340 2136 4408 confudit

491 4423 780 4479 Dominus
809 4423 1040 4481 labium
1069 4425 1357 4480 universae
1389 4431 1576 4492 terrae,
1600 4425 1976 4482 distinctione
2007 4444 2137 4499 per-

487 4529 775 4570 sonarum
815 4519 1086 4570 sanctam
1117 4515 1481 4578 Trinitatem,
1513 4519 1570 4568 et
1617 4515 1982 4584 operationis
2011 4517 2137 4572 uni-

483 4605 667 4660 tatem
709 4603 770 4660 in
801 4604 1116 4675 majestate
1154 4601 1362 4658 divina
1400 4601 1586 4657 voluit
1614 4601 1949 4673 ostendere,
1982 4603 2136 4661 sicut

481 4688 544 4745 in
573 4692 817 4748 exordio
848 4693 1131 4749 humanae
1163 4689 1478 4746 creationis
1504 4689 1731 4744 dictum
1762 4693 1888 4744 est:
1921 4691 2135 4750 Facia-

481 4792 611 4833 mus
637 4781 930 4836 homznem
962 4781 1043 4836 ad
1088 4780 1407 4850 imaginem
1443 4783 1498 4835 et
1537 4779 1996 4836 similitudinem
2029 4797 2130 4838 no-

480 4867 671 4918 stram
691 4877 716 4933 ,'
745 4869 808 4917 ut
839 4865 1067 4920 trinitas
1098 4866 1161 4921 in
1193 4865 1486 4937 personis,
1513 4871 1570 4922 et
1593 4866 1790 4923 unitas
1827 4867 1884 4922 in
1917 4874 2127 4941 poten-

480 4948 561 5004 tia
589 4948 906 5004 divinitatis
937 4967 1069 5006 esse
1099 4953 1394 5010 credatur.

2304 349 2610 419 potestatis
2659 350 2882 408 litteras
2913 350 3080 407 aliter
3118 353 3494 424 conjunctas,
3525 371 3563 412 a
3599 355 3855 415 diversis
3887 361 3955 416 in

2303 435 2578 492 venimus
2609 440 2874 509 gentium
2923 439 3181 510 linguis;
3236 457 3398 514 saepe
3446 443 3628 500 etiam
3661 453 3720 504 et
3746 449 3974 505 eadem

2303 524 2572 594 nomina,
2603 525 2697 582 vel
2737 527 2923 583 verba
2965 527 3131 583 aliud
3173 529 3403 602 aliquid
3453 531 3858 602 significantia
3907 538 3971 593 in

2301 610 2420 668 alia
2448 612 2678 684 lingua,
2711 620 2890 688 atque
2938 615 3102 671 aliud
3149 617 3212 672 in
3269 617 3404 675 alia.
3437 621 3545 676 Ubi
3593 622 3858 680 dicimus
3903 626 3970 683 in

2298 699 2535 773 psalmo
2561 720 2572 756 :
2599 703 2672 758 In
2700 705 2878 774 virga
2902 705 3108 773 ferrea
3127 705 3317 776 (Psal.
3343 723 3404 777 ιι,
3437 710 3514 780 9),
3538 709 3600 765 in
3625 714 3833 769 Graeco
3855 714 3966 771 ha-

2296 787 2502 844 betur:
2536 805 2606 847 en
2643 791 2830 848 rabdo
2860 794 3059 850 sidera
3089 792 3163 864 [ἐν
3191 792 3387 868 ’ράϐδω
3419 794 3662 872 σιδηρᾶ].
3688 801 3877 871 Igitur
3905 803 3967 859 in

2300 877 2504 934 Latino
2532 879 2732 936 sidera
2759 896 2879 936 non
2907 883 3112 952 ferrea
3140 882 3442 952 significat
3464 886 3616 942 sicut
3635 888 3696 944 in
3725 891 3963 962 Grmco,

2299 965 2406 1020 sed
2427 973 2614 1024 astra.
2638 968 2748 1026 Sed
2773 970 3113 1026 notandum
3131 977 3223 1027 est
3246 973 3392 1046 quia
3408 973 3510 1030 illa
3533 973 3741 1046 lingua
3771 979 3830 1034 in
3853 995 3961 1036 so-

2295 1053 2354 1108 la
2400 1054 2628 1112 familia
2676 1056 2865 1114 Heber
2909 1060 3218 1128 remansit,
3252 1077 3325 1117 ex
3375 1078 3499 1135 quo
3551 1064 3780 1122 Hebraei
3810 1067 3959 1124 dicti

2298 1146 2458 1211 sunt,
2490 1143 2551 1198 in
2601 1160 2672 1200 ea
2724 1151 2889 1217 parte
2924 1147 3242 1204 hominum
3292 1166 3429 1222 quae
3464 1151 3563 1208 Dei
3593 1154 3786 1225 portio
3818 1173 3958 1228 per-

2297 1231 2535 1302 mansit,
2564 1232 2624 1286 in
2650 1249 2772 1305 qua
2798 1239 2854 1290 et
2883 1235 3146 1291 Christus
3169 1238 3508 1294 nasciturus
3532 1246 3676 1296 erat.
3705 1244 3955 1316 Oporte-

2294 1317 2400 1374 bat
2428 1319 2587 1375 enim
2620 1325 2680 1376 ut
2705 1321 2765 1377 in
2791 1338 2861 1378 ea
2889 1322 3096 1393 lingua
3125 1325 3286 1380 salus
3308 1327 3540 1384 mundo
3572 1330 3768 1402 primo
3798 1348 3952 1404 prae-

2294 1405 2611 1475 dicaretur,
2635 1423 2742 1481 per
2761 1425 2946 1482 quam
2964 1412 3228 1482 primum
3251 1430 3414 1470 mors
3433 1415 3677 1474 intravit
3690 1418 3753 1474 in
3775 1436 3951 1478 mun-

2293 1493 2460 1551 dum.
2493 1496 2760 1552 Ostendit
2801 1515 3044 1571 quoque
3074 1500 3278 1557 titulus
3321 1503 3383 1558 in
3413 1519 3588 1562 cruce
3622 1506 3948 1566 Salvatoris

2296 1583 2571 1655 scriptus,
2604 1586 2760 1641 hanc
2789 1601 2920 1641 esse
2956 1589 3229 1645 omnium
3268 1589 3613 1660 linguarum
3659 1595 3944 1666 primam.

2365 1673 2530 1728 Vens.
2551 1677 2635 1728 10.
2670 1705 2738 1712 -
2767 1675 2880 1730 Hae
2898 1680 3309 1745 generationes
3335 1679 3471 1736 Sem
3491 1696 3516 1737 .·
3542 1682 3677 1739 Sem
3709 1691 3946 1742 centum

2291 1765 2420 1816 erat
2471 1775 2792 1829 annorum,
2824 1765 3067 1833 quando
3097 1769 3303 1836 genuit
3331 1769 3700 1843 Arphaxad,
3729 1777 3788 1828 et
3813 1775 3944 1831 reli-

2289 1863 2430 1920 qua.
2467 1849 2690 1906 Idcirco
2732 1852 2868 1907 Sem
2906 1853 3135 1925 repetit,
3168 1859 3232 1911 ut
3261 1847 3600 1916 ostenderet
3629 1860 3937 1919 Abraham

2287 1952 2361 1992 ex
2407 1938 2632 1994 semine
2687 1939 2818 2009 ejus
2869 1940 3118 1998 duxisse
3148 1943 3462 2014 originem,
3496 1947 3643 2020 quia
3670 1949 3940 2008 Hebraeo-

2287 2040 2422 2080 rum
2465 2027 2836 2084 consuetudo
2881 2035 2972 2086 est
3010 2036 3076 2086 ut
3116 2033 3537 2092 tantummodo
3580 2037 3939 2117 primogeni:

2287 2117 2377 2170 tos
2407 2115 2740 2172 nominent.

2357 2207 2523 2260 Vnas.
2565 2208 2746 2262 14-28.
2779 2239 2848 2247 —
2874 2208 3020 2266 Sale
3047 2226 3281 2282 quoque
3298 2215 3506 2283 genuit
3537 2215 3732 2272 Heber
3759 2221 3819 2273 et
3843 2233 3932 2273 re-

2281 2291 2470 2364 liqua,
2504 2310 2819 2368 usquequo
2849 2296 2969 2352 ait:
3014 2305 3405 2373 mortuusque
3444 2309 3529 2359 est
3573 2304 3747 2360 Aran
3795 2312 3934 2362 ante

2289 2381 2484 2437 Thare
2501 2388 2740 2451 patrem
2761 2400 2933 2440 suum
2957 2386 3020 2441 in
3042 2393 3208 2445 terra
3235 2392 3572 2446 nativitatis
3601 2408 3724 2448 sua
3749 2393 3814 2448 in
3857 2397 3934 2450 Ur

2281 2469 2722 2527 Chaldaeorum.
2752 2473 2942 2528 Heber
2970 2473 3394 2547 interpretatur
3421 2483 3739 2551 transitor,
3765 2481 3930 2554 quod

2278 2556 2658 2626 signiﬁcabat
2682 2559 3006 2618 Ecclesiam
3036 2563 3320 2632 futuram,
3339 2584 3472 2639 quae
3495 2569 3728 2632 transiit
3751 2569 3831 2627 ab
3851 2571 3932 2626 in-

2276 2644 2555 2702 ﬁdelitate
2585 2646 2664 2702 ad
2692 2648 2896 2716 fidem,
2931 2666 2967 2706 a
2996 2651 3149 2707 vitiis
3192 2653 3269 2709 ad
3301 2655 3564 2712 virtutes.
3600 2658 3711 2714 Sed
3740 2659 3935 2732 requi-

2275 2732 2533 2789 rendum
2580 2740 2671 2792 est
2700 2737 2846 2808 quid
2895 2743 2984 2794 est
3007 2741 3174 2812 quod
3212 2741 3287 2798 de
3319 2749 3476 2800 Aran
3504 2745 3721 2814 legitur
3751 2745 3931 2804 fratre

2275 2821 2618 2891 Abraham;
2651 2832 3040 2898 mortuusque
3077 2837 3160 2884 est
3203 2831 3378 2887 Aran
3420 2840 3559 2890 ante
3586 2835 3785 2891 Thare
3817 2851 3932 2904 pa-

2276 2915 2424 2966 trem
2453 2927 2625 2968 suum
2656 2914 2718 2968 in
2743 2915 2825 2970 Ur
2853 2915 3272 2974 (Thaldxorum
3290 2932 3316 2989 ,'
3356 2922 3430 2974 Ur
3458 2920 3613 2975 enim
3647 2923 3805 2990 ignis
3834 2923 3926 2978 di-

2275 2997 2444 3054 citur.
2475 2999 2639 3055 Unde
2667 3005 2722 3056 et
2742 3001 2801 3057 in
2831 3003 3073 3059 Hebraeo
3100 3005 3341 3073 legitur:
3376 3009 3438 3061 in
3476 3007 3559 3062 Ur
3581 3007 3800 3063 Chesdi
3827 3009 3921 3078 (F.

2276 3089 2522 3144 casdim.
2549 3091 2634 3157 Z.,
2667 3092 2851 3160 cesi),
2883 3092 2943 3146 id
2973 3097 3094 3146 est:
3128 3093 3186 3159 in
3214 3091 3352 3161 igne
3383 3093 3822 3151 Chaldaeorum.
3858 3099 3930 3154 Et

2271 3175 2530 3231 Chaldaei
2578 3177 2779 3248 ignem
2831 3179 3030 3235 colunt
3080 3195 3188 3252 pro
3234 3183 3373 3236 Deo.
3415 3182 3600 3237 Thare
3642 3197 3804 3250 vero,
3864 3190 3931 3242 ut

2271 3263 2526 3320 Chaldaei
2550 3266 2792 3322 tradunt
2809 3268 2915 3340 (Z.,
2933 3268 3119 3324 Thare
3131 3285 3374 3342 quoque
3398 3275 3461 3325 ut
3475 3270 3704 3326 Hebraei
3721 3272 3924 3344 trad.),

2269 3367 2407 3407 cum
2459 3353 2592 3409 filiis
2642 3356 2764 3410 suis
2815 3356 3038 3412 missus
3077 3363 3165 3413 est
3209 3374 3245 3413 a
3285 3358 3578 3414 Chaldaeis
3608 3358 3669 3415 in
3694 3360 3923 3431 ignem,

2267 3441 2410 3512 quia
2458 3442 2659 3510 ignem
2720 3444 2972 3500 adorare
3029 3445 3292 3516 nolebat,
3322 3447 3382 3500 in
3437 3463 3558 3519 quo
3597 3447 3736 3517 igne
3762 3453 3921 3505 Aran

2267 3537 2663 3602 consumptus
2709 3537 2822 3589 est.
2865 3537 2929 3590 Et
2974 3535 3090 3590 hoc
3136 3539 3225 3590 est
3266 3536 3433 3608 quod
3477 3536 3559 3592 ait
3610 3547 3919 3594 mortuum

2265 3633 2406 3674 eum
2433 3637 2560 3676 esse
2592 3627 2729 3678 ante
2759 3630 3148 3696 conspectum
3178 3625 3367 3680 Thare
3397 3626 3582 3698 patris
3613 3626 3726 3697 sui,
3751 3627 3918 3699 quod

2262 3707 2324 3764 in
2355 3711 2742 3781 sequentibus
2772 3712 3006 3785 plenius
3037 3713 3328 3770 dicemus.

2334 3797 2507 3853 Vens.
2531 3803 2620 3856 29.
2653 3832 2722 3841 —
2756 3805 3070 3858 Duxerunt
3101 3808 3300 3859 autem
3330 3803 3556 3860 Abram
3585 3810 3637 3860 et
3665 3805 3918 3862 Nae/tor

2260 3902 2495 3944 uxores.
2519 3891 2747 3947 Nomen
2781 3898 2978 3948 autem
3011 3893 3219 3948 uxoris
3245 3893 3470 3949 Abram
3495 3893 3693 3960 Sarai,
3727 3900 3781 3951 et
3813 3911 3916 3952 no-

2257 3993 2389 4034 men
2413 3981 2621 4035 uxoris
2642 3981 2887 4037 Nae/tor
2905 3982 3146 4038 Melo/ia
3170 3983 3301 4051 ﬁlia
3328 3985 3521 4047 Aran,
3545 3985 3744 4052 patris
3763 3985 3915 4041 Mel-

2255 4069 2381 4123 cha:
2409 4075 2461 4124 et
2492 4071 2690 4138 patris
2718 4071 2964 4126 Jeschae.
2992 4073 3207 4128 Jescha
3222 4072 3355 4144 ipsa
3386 4077 3473 4128 est
3513 4073 3701 4129 Sarai.
3736 4075 3912 4130 Deni-

2253 4170 2371 4226 que
2417 4161 2575 4212 Aran
2622 4157 2779 4212 ﬁlius
2818 4159 3024 4214 Tharae
3069 4160 3250 4216 frater
3296 4160 3539 4228 Abram,
3576 4166 3634 4217 et
3677 4163 3912 4220 Nachor

2252 4243 2405 4300 duas
2435 4246 2638 4316 genuit
2661 4246 2846 4302 ﬁlias:
2879 4247 3184 4318 Melcham,
3216 4254 3272 4304 et
3305 4249 3474 4305 Sarai
3504 4255 3907 4320 cognomento

2248 4335 2544 4401 Jescham,
2579 4351 2610 4390 e
2639 4335 2861 4408 quibus
2908 4336 3194 4393 Melcham
3237 4339 3463 4410 accepit
3503 4355 3750 4395 uxorem
3783 4341 3902 4395 Na-

2248 4421 2412 4488 chor,
2446 4427 2502 4478 et
2533 4424 2697 4480 Sarai
2748 4424 2991 4481 Abram.
3026 4427 3290 4482 Necdum
3339 4429 3562 4499 quippe
3606 4428 3758 4484 inter
3797 4443 3906 4500 pa-

2246 4514 2432 4577 truos,
2466 4516 2523 4567 et
2553 4512 2805 4570 fratrum
2834 4515 2988 4570 filios
3019 4515 3243 4588 nuptiae
3277 4515 3516 4572 fuerant
3542 4515 3673 4586 lege
3703 4517 3906 4589 prohi-

2241 4598 2399 4667 bitae,
2431 4617 2566 4672 quae
2590 4601 2650 4656 in
2678 4603 2888 4674 primis
2915 4605 3266 4661 hominibus
3295 4606 3475 4661 etiam
3505 4606 3658 4661 inter
3687 4605 3904 4662 fratres

2241 4692 2298 4745 et
2328 4705 2565 4745 sorores
2595 4691 2753 4748 initae
2786 4706 2946 4749 sunt.

2864 4782 3093 4837 CAPUT
3140 4782 3263 4837 XII.

2309 4868 2480 4925 Vens.
2517 4874 2566 4926 1.
2592 4901 2661 4910 -
2702 4871 2872 4928 Dixit
2923 4878 3119 4928 autem
3168 4872 3456 4927 Dominus
3500 4873 3582 4928 ad
3623 4872 3901 4929 Abram:

2233 4955 2533 5026 Egredere
2587 4959 2659 5015 de
2709 4966 2875 5017 terra
2935 4966 3062 5022 tua,
3121 4966 3175 5014 et
3236 4960 3309 5016 de
3359 4961 3713 5030 cognatione
3763 4966 3898 5031 tua,

2233 5051 2289 5100 et
2333 5046 2406 5102 de
2453 5048 2624 5102 domo
2669 5050 2867 5116 patris
2922 5051 3032 5113 tui,
3064 5053 3120 5104 et
3175 5048 3426 5121 reliqua.
3463 5047 3757 5114 Quaeritur
3787 5064 3900 5105 cur

2231 5147 2371 5188 eum
2422 5135 2706 5205 praecepit
2764 5135 2839 5190 de
2898 5141 3054 5192 terra
3114 5154 3226 5194 sua
3283 5137 3506 5208 egredi,
3557 5153 3698 5193 cum
3763 5137 3897 5209 ipse

2231 5219 2305 5276 de
2335 5224 2492 5276 terra
2519 5220 2641 5276 nati
2696 5223 2913 5290 vitatis,
2972 5224 3033 5278 id
3089 5229 3177 5281 est
3238 5225 3312 5281 de
3373 5231 3526 5283 terra
3579 5225 3898 5282 Chaldaeo-

2228 5324 2386 5370 rum,
2435 5325 2712 5378 egressus
2761 5312 2957 5369 fuerat
3005 5329 3145 5368 cum
3202 5317 3415 5386 patre?
3468 5315 3606 5386 Nisi,
3649 5321 3713 5372 ut
3763 5317 3896 5388 qui-

2227 5397 2488 5453 busdam
2510 5397 2764 5469 videtur,
2782 5401 2912 5457 haec
2943 5403 3210 5473 egressio
3231 5420 3354 5462 non
3378 5406 3456 5461 ad
3481 5405 3893 5477 egressionem

2227 5487 2494 5558 corporis
2524 5478 2798 5558 pertinet,
2827 5491 2934 5547 sed
2979 5491 3059 5549 ad
3089 5509 3399 5564 egressum
3444 5494 3684 5562 mentis,
3715 5510 3793 5550 ne
3827 5494 3894 5550 il-

2224 5573 2322 5632 luc
2338 5573 2709 5633 voluntatem
2734 5581 2954 5638 mentis
2977 5582 3229 5642 haberet
3252 5582 3548 5640 redeundi
3576 5582 3741 5640 unde
3759 5598 3890 5640 cor-

547 5038 713 5093 Vsns.
738 5043 868 5093 9.—
885 5038 961 5093 Et
991 5039 1213 5095 idcirco
1235 5047 1511 5097 vocatum
1533 5059 1742 5100 nomen
1766 5046 1894 5112 ejus
1912 5047 2120 5112 Babel,

475 5124 618 5194 quia
632 5125 715 5180 ibi
728 5127 1040 5196 confusum
1059 5131 1142 5183 est
1162 5127 1384 5185 labium
1407 5131 1698 5188 universa
1716 5138 1908 5197 terrze,
1927 5137 1982 5186 et
1998 5133 2124 5187 reli-

475 5227 615 5284 qua.
640 5214 694 5270 Si
723 5215 872 5270 Deus
896 5215 1184 5288 requievit
1206 5219 1283 5274 ab
1295 5218 1579 5275 omnibus
1595 5218 1878 5292 operibus
1894 5218 2014 5272 suis
2026 5219 2121 5274 die

473 5303 746 5374 septimo,
775 5305 936 5360 unde
959 5306 1155 5362 subito
1185 5312 1347 5366 tanta
1373 5309 1654 5382 apparuit
1683 5305 1996 5361 diversitas
2016 5306 2122 5362 lin-

471 5395 768 5464 guarum?
805 5394 918 5451 Sed
949 5395 1257 5453 sciendum
1289 5403 1378 5454 est
1402 5397 1549 5470 quia
1579 5410 1702 5452 non
1731 5394 1789 5448 in
1821 5394 1936 5449 hac
1966 5394 2118 5450 divi-

469 5479 634 5537 sione
665 5480 1008 5551 linguarum
1045 5501 1274 5542 novum
1305 5483 1533 5557 aliquid
1564 5479 1831 5538 condidit
1855 5483 2114 5555 Creator,

467 5568 573 5626 sed
589 5569 826 5629 dicendi
845 5573 1132 5647 modosLet
1145 5574 1373 5631 formas
1387 5572 1450 5628 in
1463 5570 1716 5628 diversis
1731 5569 2113 5644 loquelarum
