4180 6186
258 188 358 238 m9

1624 183 1973 241 COMMENT.
2015 185 2081 238 IN
2123 188 2162 239 Ε
2174 189 2277 242 ΕΝ.

3565 203 3668 261 170

256 307 535 381 poraliter
549 322 681 375 jam
714 307 952 362 exierat.
968 306 1254 362 Moraliter
1279 307 1358 364 ad
1386 309 1730 381 exemplum
1751 306 1904 363 illius
1933 316 1977 368 Α
2012 305 2207 365 fessus
2237 316 2323 368 est
2352 313 2694 385 Dominum,
2714 332 3005 391 spernens
3037 318 3199 375 idola
3225 322 3666 385 Chaldaeorum.

262 396 427 452 nobis
472 395 821 451 exeundum
854 402 941 450 est
963 396 1037 450 de
1069 401 1225 451 terra
1252 402 1479 469 nostra,
1511 398 1571 453 id
1598 402 1688 453 est
1711 396 1785 452 de
1816 395 1904 451 fa-

2016 399 2205 455 Potest
2234 406 2435 459 autem
2461 404 2588 461 ﬁeri
2619 410 2701 474 ut,
2724 406 2867 479 quia
2901 407 3200 479 Scriptura
3220 411 3458 485 reliquit
3484 414 3673 473 incer'

260 485 450 541 cultati
462 484 574 539 bus
603 484 786 554 hujus
817 484 1045 549 mundi,
1076 484 1171 541 vel
1200 484 1274 541 de
1304 491 1533 543 terreno
1558 486 1821 552 homine,
1854 488 1911 540 et
2012 500 2162 553 tum,
2196 494 2332 546 ante
2361 507 2589 563 paucos
2618 511 2811 552 annos
2857 496 3048 553 Thara
3077 497 3151 552 de
3178 484 3440 557 Chaldea
3475 504 3671 577 profe-

256 575 329 632 de
358 573 717 646 cognatione
746 577 951 630 nostra
990 575 1063 629 dc
1094 575 1545 632 conversatione
1565 576 1905 648 (Z.,nostra,

254 664 320 721 id
370 668 485 731 est,
516 663 584 719 de
615 666 816 733 conv.)
847 667 904 719 et
947 663 1236 731 moribus,
1279 665 1559 738 vitiisque
1588 663 1909 739 prioribus,

259 771 403 828 quae
430 752 597 808 nobis
625 768 661 808 a
690 751 996 808 nativitate
1026 752 1188 808 velut
1217 753 1732 823 consanguinitate
1772 768 1912 809 con-

254 845 464 915 juncta
491 844 648 897 sunt.
683 843 743 896 Et
775 840 850 896 de
882 841 1066 897 domo
1096 841 1281 914 patris
1300 842 1510 908 nostri,
1539 842 1811 899 videlicet
1840 840 1915 897 de

257 933 424 989 omni
452 929 746 987 memoria
776 929 989 985 mundi
1026 930 1227 1001 hujus,
1260 946 1398 1003 quae
1443 931 1662 987 domus
1692 928 1917 988 diaboli

254 1021 492 1087 dicitur,
530 1024 589 1075 ut
619 1020 678 1074 in
710 1019 980 1091 psalmo:
1018 1019 1376 1076 Obliviscere
1420 1022 1709 1091 populum
1750 1026 1917 1077 tuum

255 1119 309 1168 et
348 1110 591 1165 domum
617 1110 813 1178 patris
841 1110 932 1164 tui
951 1109 1137 1177 (Psat.
1164 1125 1322 1179 κων,
1354 1109 1459 1177 lt),
1483 1109 1663 1165 veluti
1693 1109 1920 1180 gentili-

255 1206 373 1257 tate
407 1197 814 1254 renuntiantes
840 1197 1143 1269 possimus
1192 1197 1424 1254 dilatari
1456 1199 1518 1256 in
1549 1203 1704 1255 terra
1732 1216 1918 1272 quam

260 1291 557 1345 monstrat
604 1286 777 1343 nobis
807 1285 967 1342 idem
998 1286 1057 1342 in
1083 1287 1310 1360 populo
1342 1288 1462 1359 Dei,
1495 1292 1552 1344 et
1580 1288 1640 1344 in
1666 1304 1917 1359 congre-

258 1380 497 1451 gatione
530 1375 820 1442 ﬁdelium,
853 1381 912 1432 et
938 1375 997 1431 in
1036 1380 1190 1432 terra
1219 1376 1472 1433 cmlestis
1504 1379 1905 1450 repromissio-

258 1468 370 1534 nis,
403 1482 546 1522 cum
576 1465 885 1521 advenerit
913 1469 1150 1538 tempus
1179 1465 1493 1522 introduci.
1532 1467 1644 1523 Sed
1700 1472 1917 1525 notau-

260 1558 409 1613 dum
433 1560 524 1611 est
550 1555 693 1628 quia
720 1554 856 1610 dum
872 1554 1364 1628 repromissiones
1382 1556 1459 1612 ad
1478 1557 1778 1613 Abraham
1796 1558 1915 1615 fac-

2016 578 2163 641 ctus,
2188 580 2415 637 venerit
2442 581 2503 637 in
2545 584 2828 654 Charran,
2863 601 3051 658 quam
3106 592 3296 644 morte
3339 590 3549 664 obiret,
3575 592 3672 650 vel

2018 668 2173 721 certe
2198 668 2396 725 statim
2428 675 2567 743 post
2593 674 3069 745 persecutionem
3103 676 3393 735 Charram
3422 681 3668 750 veniret,

2021 757 2077 807 et
2104 753 2186 810 ibi
2206 755 2430 814 diutius
2462 760 2537 816 sit
2559 766 2845 819 moratus.
2864 763 2920 821 Si
2939 762 3074 836 quis
3104 779 3245 836 ergo
3268 767 3406 824 huic
3434 769 3674 827 solutio-
3764 806 3769 809 ι

2020 841 2083 897 ni
2109 846 2438 903 contrarius
2458 854 2565 917 est,
2592 856 2823 923 quaerat
2851 851 3033 908 aliam
3059 853 3435 928 solutionem,
3453 864 3513 916 et
3530 862 3673 916 tunc

2022 937 2177 989 recte
2196 949 2266 990 ea
2297 951 2430 1007 quae
2459 953 2495 995 a
2520 939 2695 995 nobis
2725 939 2882 997 dicta
2901 946 3058 1010 sunt,
3087 943 3474 1016 improbabit.

2096 1021 2268 1077 Vnus.
2292 1029 2344 1094 ὅ,
2365 1029 2414 1080 6.
2441 1058 2508 1067 -—
2536 1028 2613 1083 Et
2643 1045 2909 1100 egressus
2938 1036 3003 1085 ut
3029 1032 3143 1087 iret
3173 1034 3231 1088 in
3262 1040 3485 1092 terram
3517 1036 3674 1093 Cha-

2026 1125 2211 1179 naan,
2239 1117 2296 1169 et
2324 1113 2573 1189 reliqua.
2609 1119 2725 1174 Hoc
2756 1118 2916 1174 enim
2941 1120 3002 1175 in
3026 1120 3221 1191 ﬁgura
3249 1122 3478 1191 Christi,
3500 1126 3674 1197 cujus

2025 1203 2240 1273 typum
2272 1204 2475 1267 tenuit,
2508 1209 2708 1262 actum
2736 1213 2841 1277 est,
2861 1209 2963 1281 qui
2981 1209 3268 1267 obediens
3294 1213 3451 1270 Patri
3478 1231 3675 1288 usque

2026 1290 2104 1346 ad
2136 1297 2388 1349 mortem
2417 1297 2703 1367 pervenit.
2739 1298 3031 1372 Quodque
3057 1300 3302 1358 dicitur:
3335 1304 3676 1361 Pertransi-

2025 1381 2107 1437 vit
2138 1381 2363 1440 Abram
2396 1400 2580 1458 usque
2608 1388 2689 1442 ad
2720 1389 2910 1445 locum
2942 1392 3042 1462 (Z.,
3080 1392 3302 1463 lucum)
3334 1392 3589 1467 Sichem,
3622 1399 3679 1451 et

2024 1486 2210 1542 usque
2236 1472 2319 1528 ad
2346 1477 2677 1532 convallem
2703 1478 3018 1549 illustrem,
3038 1479 3238 1552 ipsum
3268 1482 3560 1540 Christum
3592 1500 3682 1540 os-

2024 1560 2211 1615 tendit
2261 1577 2368 1634 per
2400 1564 2767 1635 patriarchas
2798 1571 2854 1622 et
2893 1569 3218 1640 prophetas
3247 1571 3327 1627 ad
3358 1572 3681 1631 Ecclesium

260 1652 334 1702 tae
365 1650 545 1711 sunt;
589 1659 730 1713 una,
764 1643 929 1716 quod
962 1649 1179 1700 terram
1211 1645 1495 1702 Chanaan
1530 1662 1917 1719 possessurus
1948 1673 1990 1727 Β
2026 1650 2387 1720 pervenisse,
2420 1668 2557 1724 quae
2586 1653 2756 1710 vallis
2787 1660 2873 1711 est
2894 1656 3154 1724 illustris,
3188 1659 3459 1717 videlicet
3479 1662 3681 1719 fertilis

260 1739 415 1791 esset
444 1734 508 1789 in
561 1732 787 1789 semine
818 1748 951 1795 suo,
978 1732 1145 1805 quod
1170 1732 1537 1804 significatur
1565 1735 1666 1791 ubi
1692 1736 1918 1792 dictum

259 1828 377 1880 est:
426 1822 590 1879 Vade
613 1823 673 1878 in
707 1828 933 1878 terram
971 1838 1151 1893 quam
1193 1828 1604 1880 monstravero
1649 1825 1775 1895 tibi,
1807 1829 1915 1881 etc.

260 1914 391 1969 Alia
414 1929 577 1979 vero,
610 1912 787 1982 longe
816 1911 1212 1984 praestantior,
1235 1913 1402 1984 quod
1427 1918 1596 1986 pater
1626 1920 1778 1971 esset
1797 1930 1919 1971 non

262 2002 441 2059 unius
467 2000 660 2071 gentis
686 2000 1033 2071 Israeliticae,
1067 2001 1173 2057 sed
1197 2002 1467 2058 omnium
1500 2003 1765 2072 gentium
1784 2020 1921 2077 quae

267 2093 404 2147 ﬁdei
429 2092 558 2163 ejus
585 2090 838 2162 vestigia
868 2095 1220 2164 sequuntur,
1247 2091 1412 2164 quod
1435 2091 1526 2148 his
1556 2093 1753 2149 verbis
1781 2110 1920 2167 pro-

270 2182 552 2237 mittitur:
600 2182 677 2235 Et
725 2180 1147 2237 benedicentur
1178 2182 1240 2236 in
1279 2186 1335 2238 te
1363 2197 1562 2239 omnes
1584 2188 1806 2254 gentes.
1840 2182 1922 2239 llli

274 2270 554 2326 scilicetin
571 2270 799 2325 semine
823 2268 1126 2325 Abraham
1152 2269 1599 2339 benedicentur,
1619 2271 1722 2345 qui
1739 2271 1924 2328 Abra-

278 2359 371 2414 hae
401 2358 570 2413 ﬁdem
601 2358 931 2414 imitantur.
968 2357 1082 2414 Sed
1115 2359 1286 2429 juxta
1315 2359 1626 2417 historiam
1665 2362 1924 2417 ostendi-

274 2452 370 2504 tur
394 2447 553 2520 quod
582 2447 754 2504 multi
811 2447 873 2503 in
927 2446 1212 2520 exemplis
1267 2452 1611 2505 sanctorum
1640 2449 1922 2506 benedic-

266 2537 483 2593 tionem
516 2539 986 2609 consequuntur.
1021 2538 1309 2593 Caeterum
1335 2537 1502 2610 quod
1534 2538 1640 2594 ait:
1670 2539 1925 2608 faciam-

260 2642 376 2699 que
401 2632 458 2683 te
479 2627 542 2682 in
567 2632 798 2696 gentem
816 2640 1123 2696 magnam,
1144 2626 1390 2683 virtutes
1414 2627 1688 2684 ostendit.
1711 2631 1923 2699 Magna

261 2731 410 2785 gens
465 2720 553 2771 est
597 2730 887 2770 numerus
945 2714 1251 2770 virtutum.
1304 2718 1727 2774 Verumtamen
1758 2718 1919 2792 quod

259 2805 512 2860 dicitur:
547 2805 848 2877 Egredere
873 2805 946 2860 de
994 2809 1154 2861 terra
1185 2811 1310 2872 tua,
1343 2810 1476 2868 etc.,
1509 2805 1570 2861 in
1602 2807 1923 2878 cujusdam

258 2894 441 2950 dictis
468 2896 551 2951 ita
576 2895 803 2967 reperi:
830 2893 1135 2961 Egredere
1173 2894 1245 2950 de
1275 2901 1442 2951 terra
1474 2900 1600 2966 tua,
1651 2896 1710 2952 id
1733 2902 1820 2954 est
1848 2897 1922 2954 de

256 2984 391 3055 lege
415 2990 666 3054 naturae,
695 2984 769 3039 de
819 2984 1174 3054 cognatione
1217 2999 1379 3052 vero,
1413 2984 1488 3040 de
1512 2984 1641 3055 lege
1671 2985 1877 3042 litterae
1907 3006 1918 3054 ;

256 3076 331 3130 de
348 3075 527 3130 domo
556 3073 780 3147 quippe
802 3073 1022 3143 patris,
1052 3072 1166 3128 hoc
1196 3077 1282 3128 est
1307 3072 1380 3128 de
1401 3073 1529 3144 lege
1553 3076 1698 3131 Novi
1723 3078 1920 3131 Testa-

254 3163 477 3231 menti;
499 3164 566 3218 in
599 3168 825 3219 terram
856 3177 1031 3234 quam
1062 3167 1471 3219 monstravero
1502 3164 1628 3232 tibi,
1660 3164 1721 3219 id
1749 3164 1919 3220 estin

254 3252 508 3318 coelum,
531 3251 608 3306 de
636 3266 759 3323 qua
779 3253 959 3307 Isaias
982 3251 1090 3307 ait:
1122 3252 1297 3308 Oculi
1321 3253 1414 3308 tui
1429 3261 1670 3310 cernent
1695 3260 1919 3310 terram

252 3345 327 3399 de
361 3345 553 3412 longe
573 3341 712 3412 (Isa.
745 3357 935 3411 χχχιιι,
968 3345 1074 3412 t7).

322 3429 951 3489 Animadvertendum
987 3434 1076 3487 est
1103 3431 1269 3504 quod
1304 3430 1706 3488 instabilitatis
1749 3431 1920 3488 Abrae

252 3520 715 3579 instabilitatem
748 3520 935 3590 gentis
965 3520 1122 3576 illius
1151 3519 1449 3591 signiﬁcat
1490 3521 1594 3591 (2.,
1626 3520 1920 3589 significa-

256 3612 407 3680 bat).
441 3613 597 3667 Gens
631 3608 790 3664 enim
818 3608 1008 3681 ipsius
1037 3609 1234 3681 major
1264 3609 1464 3666 futura
1488 3615 1614 3666 erat
1640 3610 1715 3666 de
1741 3610 1921 3667 insta-

263 3699 492 3754 bilitate
511 3714 616 3753 sua
668 3713 857 3770 quam
889 3697 1137 3770 quando
1165 3697 1454 3755 habitavit
1481 3697 1545 3754 in
1586 3702 1743 3755 terra
1786 3715 1915 3756 sua.

278 3788 369 3839 ita
396 3790 455 3839 et
477 3785 719 3843 Ecclesia
758 3786 835 3841 de
860 3785 1067 3842 itinere
1112 3802 1241 3854 suo,
1270 3785 1543 3842 videlicet
1588 3786 1663 3843 de
1694 3786 1919 3844 carnali

276 3871 627 3932 habitatione
656 3880 711 3932 et
738 3875 1195 3947 resurrectione,
1224 3880 1289 3931 ut
1320 3874 1623 3948 aliquibus
1660 3875 1916 3949 videtur,

265 3965 501 4033 majora
530 3966 778 4035 praemia
804 3963 1072 4020 habebit.

336 4053 506 4106 Vens.
538 4055 593 4107 4.
617 4083 687 4093 -
723 4054 1122 4124 Septuaginta
1153 4053 1412 4126 quinque
1450 4068 1750 4110 annorum
1788 4061 1918 4111 erat

250 4141 489 4197 Abram
528 4157 661 4197 cum
689 4142 1073 4213 egrederetur
1100 4142 1173 4198 de
1194 4143 1498 4199 Charran.
1526 4142 1629 4198 Hic
1667 4142 1918 4199 indisso-

249 4229 463 4286 lubilis
524 4230 789 4287 nascitur
840 4231 1131 4304 quaestio:
1184 4230 1232 4285 si
1279 4231 1437 4286 enim
1481 4231 1694 4300 Thara,
1750 4235 1921 4306 pater

162 4346 171 4358 ·
249 4318 512 4388 Abram,
545 4334 685 4375 cum
719 4326 877 4376 esset
904 4319 965 4375 in
990 4319 1233 4390 regione
1255 4319 1552 4392 Chaldaaa,
1578 4322 1917 4394 septuagin-

250 4415 315 4465 ta
363 4423 676 4465 annorum
725 4409 928 4479 genuit
969 4408 1214 4479 Abram,
1248 4413 1305 4466 et
1326 4413 1538 4482 postea
1564 4410 1627 4466 in
1683 4411 1917 4468 Chai-an

254 4499 454 4563 (Petr.
483 4512 736 4568 semper,
768 4496 1075 4569 Charram)
1090 4496 1501 4554 ducentesimo
1540 4500 1750 4572 quinto
1784 4505 1920 4557 aeta-

253 4586 331 4642 tis
375 4602 507 4641 suae
550 4601 715 4642 anno
769 4591 1040 4642 mortuus
1093 4588 1201 4658 est,
1230 4586 1541 4659 quomodo
1580 4604 1741 4644 nunc
1784 4592 1923 4662 post

251 4680 521 4732 mortem
551 4673 759 4732 Tharre
787 4675 1010 4733 Abram
1035 4674 1237 4732 exiens
1257 4674 1332 4732 de
1363 4674 1553 4733 Chara
1577 4677 1922 4749 septuagin-

254 4769 320 4820 ta
365 4764 647 4838 quinque
703 4779 1002 4821 annorum
1059 4764 1241 4821 fuisse
1295 4770 1688 4836 memoratur,
1716 4783 1854 4823 cum
1888 4783 1924 4823 a

253 4853 577 4910 nativitate
597 4852 824 4910 Abram
841 4869 1035 4927 usque
1051 4856 1129 4911 ad
1144 4858 1401 4911 mortem
1418 4854 1602 4927 patris
1633 4855 1762 4927 ejus
1792 4872 1923 4913 cen-

258 4945 392 4998 tum
423 4942 668 5013 triginta
719 4942 987 5017 quinque
1017 4958 1316 5000 annorum
1364 4942 1551 5000 fuisse
1597 4944 1927 5001 doceantur

255 5033 372 5102 (2.,
404 5030 759 5102 doceatur)?
807 5031 924 5087 Nisi
962 5031 1107 5105 quia
1134 5047 1273 5089 vera
1310 5036 1400 5089 est
1426 5032 1527 5089 illa
1555 5033 1790 5091 traditio
1822 5037 1925 5090 He-

252 5118 596 5185 braeorum,
628 5135 815 5192 quam
872 5136 1056 5193 supra
1110 5120 1397 5192 diximus,
1430 5122 1597 5195 quod
1650 5138 1925 5195 egressus

256 5207 345 5263 sit
398 5208 604 5265 Thara
649 5225 789 5265 cum
840 5209 977 5265 ﬁliis
1008 5209 1133 5265 suis
1186 5209 1262 5266 de
1307 5210 1446 5280 igne
1486 5211 1924 5285 Chaldaeorum,

253 5302 320 5354 et
345 5297 514 5372 quod
543 5298 770 5354 Abram
817 5296 1150 5371 Babylonio
1173 5298 1431 5355 vallatus
1455 5296 1754 5373 incendio,
1782 5301 1929 5374 quia

252 5386 415 5443 illud
457 5386 714 5444 adorare
769 5386 1030 5455 nolebat,
1076 5387 1176 5443 Dei
1233 5388 1306 5444 sit
1356 5388 1576 5446 auxilio
1616 5388 1921 5446 liberatus.

256 5476 438 5533 Unde
492 5480 549 5532 et
601 5476 891 5533 Dominus
917 5480 1128 5549 postea
1178 5476 1278 5533 ait.
1304 5478 1435 5549 Ego
1466 5480 1771 5548 Dominus,
1823 5480 1928 5553 qui

254 5566 457 5623 eduxi
488 5572 542 5622 te
565 5565 638 5623 de
678 5567 757 5621 Ur
789 5565 1227 5634 Chaldaeorum,
1262 5570 1320 5623 et
1347 5582 1420 5623 ex
1448 5567 1548 5623 illo
1579 5570 1845 5641 tempore
1873 5568 1927 5624 ei

255 5655 397 5712 dies
430 5655 569 5713 vitae
589 5660 646 5712 et
674 5659 915 5728 tempus
940 5660 1251 5728 reputatur
1278 5656 1486 5726 aetatis,
1517 5672 1590 5713 ex
1637 5673 1759 5729 quo
1789 5673 1928 5715 con-

556 5748 805 5803 PATROL.
847 5747 998 5801 CXV.

2026 1737 2121 1793 vel
2168 1740 2405 1809 egregia
2452 1741 2788 1810 virtutibus,
2836 1749 3015 1817 atque
3072 1747 3131 1803 in
3183 1748 3516 1807 humilitate
3547 1750 3677 1807 sita.

2029 1826 2193 1883 Unde
2246 1832 2302 1884 et
2343 1845 2604 1903 congrue
2634 1832 3042 1903 subjungitur:
3081 1837 3457 1895 Chananaeus
3484 1846 3682 1897 autem

2031 1920 2174 1972 tunc
2192 1923 2323 1973 erat
2353 1919 2415 1974 in
2453 1926 2635 1987 terra,
2664 1922 3001 1979 mundiales
3030 1924 3301 1983 videlicet
3332 1931 3511 2001 atque
3537 1944 3682 1999 gen-

2031 2004 2190 2073 tiles;
2252 2022 2604 2080 quanquam
2651 2026 2832 2081 super
2875 2012 3118 2070 diabolo
3175 2015 3365 2081 possit
3415 2016 3680 2087 intelligi.

2032 2093 2317 2151 Chanaan
2342 2112 2585 2168 quoque
2615 2105 2805 2156 motus
2837 2116 3037 2157 eorum
3064 2103 3501 2176 interpretatur.

2103 2182 2275 2239 Vnus.
2304 2190 2489 2241 7-9.——
2518 2187 2748 2242 Semini
2776 2194 2875 2244 tuo
2902 2189 3059 2246 daba
3081 2197 3305 2247 terram
3327 2192 3685 2249 ham-Juxta

2030 2270 2175 2327 illud
2205 2271 2654 2347 l’salmographi
2677 2277 3246 2351 [Z.Psalmigraphl]:
3268 2280 3519 2336 Postula
3539 2296 3576 2336 a
3591 2296 3684 2337 me

2031 2367 2084 2417 et
2116 2360 2268 2416 dabo
2292 2362 2401 2417 tibi
2426 2368 2649 2435 gentes,
2672 2369 2729 2420 et
2756 2364 2984 2438 reliqua
3013 2366 3199 2438 (Psal.
3226 2384 3284 2434 ll,
3309 2369 3383 2440 8),
3416 2367 3520 2424 ubi
3545 2368 3686 2424 redi-

2030 2448 2229 2505 ﬁcavit
2257 2448 2463 2522 altare,
2490 2452 2774 2508 unitatem
2806 2454 3026 2511 scilicet
3052 2455 3191 2511 ﬁdei
3210 2456 3273 2511 in
3295 2455 3687 2513 Ecclesia.Te-

2032 2538 2217 2595 tendit
2269 2538 2448 2610 igitur
2500 2540 2957 2598 tabernaculum
3006 2560 3204 2611 suum,
3252 2544 3331 2601 ab
3379 2545 3685 2602 occidente

2029 2627 2262 2684 habens
2291 2628 2505 2695 Bethel,
2526 2633 2582 2686 et
2610 2629 2689 2686 ab
2714 2630 2937 2687 oriente
2960 2632 3084 2687 Hai.
3108 2632 3306 2689 Bethel
3337 2632 3685 2707 interpreta-

2032 2722 2125 2774 tur
2172 2718 2379 2774 domus
2410 2719 2537 2775 Dei.
2575 2720 2881 2789 Significat
2918 2721 3180 2790 Judaeos,
3212 2721 3317 2795 qui
3358 2722 3687 2796 aliquando

2032 2807 2267 2864 fuerant
2295 2808 2516 2865 domus
2565 2810 2666 2866 Dei
2693 2825 2800 2883 per
2830 2810 3253 2882 cognitionem,
3301 2816 3358 2869 et
3399 2812 3579 2886 quasi
3623 2812 3687 2868 in

2032 2896 2276 2966 oriente,
2310 2898 2456 2954 dum
2501 2898 2614 2955 sub
2668 2899 2798 2970 lege
2824 2900 3081 2969 fuerant,
3104 2901 3220 2957 hoc
3250 2906 3338 2958 est
3366 2917 3558 2975 usque
3607 2901 3689 2958 ad

2030 2986 2358 3044 adventum
2391 2987 2618 3058 Christi,
2649 2989 2753 3044 sed
2783 2991 2887 3061 [Z.,
2938 2991 3017 3060 et]
3046 2995 3288 3064 propter
3314 2990 3690 3049 incredulita-

2031 3080 2150 3132 tem
2196 3091 2369 3132 suam
2400 3075 2750 3132 deciderunt
2780 3078 2857 3133 ad
2887 3079 3260 3135 occidentem
3292 3095 3414 3136 non
3442 3080 3686 3136 creden-

2030 3163 2111 3219 do
2140 3164 2203 3218 in
2235 3164 2553 3220 Christum.
2591 3165 2692 3219 Hai
2715 3164 3135 3237 interpretatur
3166 3168 3365 3236 chaos,
3383 3166 3446 3223 id
3470 3172 3558 3223 est
3586 3183 3687 3224 vo-

2028 3268 2176 3321 rago
2205 3252 2734 3308 intransmeabilis.
2766 3252 3069 3321 Significat
3100 3258 3307 3325 gentes
3336 3270 3473 3327 qua:
3502 3255 3563 3310 in
3589 3271 3687 3311 vo-

2028 3340 2236 3410 ragine
2283 3344 2341 3395 et
2390 3339 2796 3412 profunditate
2833 3346 3220 3414 peccatorum
3265 3343 3686 3401 detinebantur

2026 3444 2222 3502 usque
2252 3428 2330 3486 ad
2384 3428 2708 3486 adventum
2764 3429 2995 3497 Christi,
3051 3447 3188 3504 quae
3237 3431 3439 3489 relicto
3486 3448 3685 3489 errore

2028 3518 2408 3575 crediderunt
2462 3517 2520 3573 in
2581 3518 2874 3576 Christum
2935 3524 3039 3590 [Z.,
3072 3521 3131 3575 in
3179 3520 3410 3592 Deum],
3442 3520 3547 3594 qui
3597 3524 3688 3578 est

2033 3624 2205 3663 verus
2234 3608 2459 3665 Oriens.

2096 3698 2264 3753 Vens.
2304 3696 2485 3751 10-20.
2508 3728 2579 3736 —
2620 3698 3050 3769 Descenditque
3092 3698 3319 3754 Abram
3353 3700 3415 3754 in
3448 3700 3685 3771 (Egyp-

2029 3792 2172 3842 tum.
2229 3785 2498 3841 Christus
2554 3786 2824 3842 videlicet
2871 3786 2930 3841 id
2962 3786 3123 3842 hunc
3162 3787 3485 3854 mundum,
3514 3790 3688 3859 juxta

2025 3873 2191 3948 quod
2229 3872 2517 3946 scriptum
2542 3877 2661 3929 est:
2692 3875 2844 3931 Ecce
2872 3877 3025 3932 enim
3069 3877 3359 3932 Dominus
3405 3878 3684 3940 ascendet

2024 3978 2204 4033 super
2222 3962 2435 4018 nubem
2464 3963 2666 4026 levem,
2702 3969 2757 4019 et
2785 3964 3155 4034 ingredietur
3177 3966 3523 4038 zEgyptum
3544 3966 3679 4035 (Isa.

2024 4053 2166 4123 xxx),
2180 4056 2327 4106 —ut
2342 4052 2843 4123 peregrinaretur
2862 4052 2963 4109 ibi.
2989 4053 3148 4110 Sicut
3169 4054 3297 4127 ipse
3315 4052 3398 4110 ait
3412 4052 3474 4109 in
3497 4056 3685 4111 Evan-

2027 4140 2181 4213 gelio
2201 4158 2213 4196 :
2234 4141 2448 4211 Vulpes
2471 4142 2675 4211 foveas
2706 4142 2945 4209 habent,
2965 4148 3017 4198 et
3036 4143 3306 4199 volucres
3323 4143 3462 4200 caeli
3481 4142 3686 4216 nidos;

2025 4232 2219 4287 Filius
2250 4235 2447 4287 autem
2479 4230 2734 4286 hominis
2764 4246 2882 4286 non
2915 4232 3090 4288 habet
3112 4232 3216 4287 ubi
3229 4237 3413 4303 caput
3434 4234 3682 4290 reclinet

2028 4320 2269 4392 (Matth.
2317 4335 2437 4386 Vlll,
2481 4321 2598 4377 20).
2644 4320 3155 4377 —Praavaluerat
3187 4323 3343 4377 enim
3371 4322 3564 4392 fames
3615 4324 3681 4379 in

2029 4415 2193 4467 terra
2218 4409 2352 4478 illa,
2379 4407 2453 4463 de
2474 4422 2597 4480 qua
2627 4407 2869 4465 dicitur:
2899 4410 3136 4467 Mittam
3166 4412 3230 4467 in
3264 4410 3426 4467 vobis
3453 4412 3677 4480 famem

2027 4515 2147 4556 non
2173 4498 2378 4569 famen
2401 4498 2603 4568 panis,
2636 4513 2824 4569 neque
2849 4499 3005 4553 sitim
3035 4514 3226 4570 aquae,
3254 4499 3357 4555 sed
3393 4499 3688 4562 audiendi

2027 4587 2269 4645 verbum
2319 4588 2555 4643 Domini
2598 4586 2816 4657 (Amos.
2869 4602 2985 4655 vni,
3034 4587 3108 4656 8).
3162 4586 3383 4641 Deinde
3414 4585 3683 4657 sequitur

2027 4674 2280 4749 qualiter
2326 4674 2548 4729 Abram
2591 4672 2965 4729 descendens
3021 4673 3082 4727 in
3135 4675 3457 4743 tEgyptum
3513 4673 3683 4729 Sarai

2032 4780 2279 4820 uxorem
2309 4777 2574 4817 sororem
2606 4778 2783 4818 suam
2826 4775 2958 4816 esse
3002 4761 3177 4827 dixit;
3218 4763 3332 4817 Nec
3376 4761 3679 4831 mentitus,

2029 4851 2175 4926 quia
2188 4849 2530 4923 propinqua
2560 4854 2686 4905 erat
2711 4848 3027 4919 sanguine,
3048 4848 3201 4905 sicut
3218 4849 3347 4923 ipse
3369 4849 3467 4907 ait.
3489 4851 3684 4917 Quam

2031 4945 2233 4997 tamen
2261 4939 2510 5009 Pharao,
2534 4952 2637 4993 rex
2675 4937 2912 5010 Egipti,
2944 4953 3197 4994 uxorem
3225 4938 3434 4996 volens
3455 4939 3687 5014 accipe-

2031 5045 2115 5102 re,
2146 5028 2254 5085 sed
2281 5026 2515 5085 territus
2542 5026 2740 5095 nimis,
2772 5026 2875 5084 ubi
2915 5028 3045 5099 ejus
3072 5043 3205 5084 esse
3235 5029 3517 5099 cognovit
3532 5047 3685 5087 uxo-

2029 5135 2180 5192 rem,
2228 5117 2478 5174 illaesum
2510 5115 2786 5173 reddidit.
2834 5115 2938 5173 Hic
2982 5117 3145 5174 enim
3191 5118 3569 5176 innuendum
3600 5123 3690 5176 est

2031 5214 2233 5266 utrum
2291 5206 2628 5264 conveniret
2674 5205 2920 5274 Abram,
2970 5212 3095 5263 tam
3156 5212 3364 5266 sancto
3417 5208 3565 5278 viro,
3625 5214 3690 5266 ut

2034 5298 2249 5355 celaret
2280 5297 2446 5355 Sarai
2467 5312 2719 5352 uxorem
2751 5311 2926 5352 suam
2948 5313 3098 5367 esse,
3126 5301 3185 5352 et
3213 5313 3319 5353 cur
3343 5313 3467 5353 non
3491 5299 3690 5370 magis

2032 5391 2281 5461 poneret
2305 5386 2367 5443 in
2399 5388 2516 5443 Deo
2542 5401 2712 5459 spem
2743 5401 2919 5441 suam
2947 5401 3023 5442 ne
3044 5384 3416 5442 occideretur
3445 5401 3482 5441 a
3511 5388 3693 5458 rege?

2035 5475 2374 5535 Ostenditur
2399 5475 2601 5550 itaque
2647 5474 2710 5531 in
2752 5475 2868 5532 hoc
2919 5476 3047 5547 ejus
3099 5475 3258 5533 facto
3306 5475 3474 5549 quod
3506 5475 3692 5533 homo

2034 5583 2158 5624 non
2186 5566 2365 5622 debet
2388 5569 2612 5623 tentare
2636 5564 2959 5621 Dominum
2991 5568 3178 5623 Deum
3210 5581 3411 5634 suum,
3443 5565 3691 5637 quando

2033 5655 2218 5713 habet
2265 5654 2432 5727 quod
2462 5655 2639 5712 faciat
2664 5671 2739 5712 ex
2782 5653 3125 5713 rationabili
3156 5656 3368 5725 [Petr.,
3398 5651 3694 5724 rationali]

3379 5746 3410 5795 6
