4180 6186
225 173 325 239 173

1581 171 1959 247 ΩΟΜΜΕΝΤ.
2002 175 2071 239 ΙΝ
2114 174 2271 237 (SEN.

3544 183 3647 245 174

221 295 489 355 additum
516 299 625 360 est,
653 312 856 354 coram
889 298 1150 365 Domino,
1173 297 1326 363 sicut
1350 298 1410 355 in
1442 302 1566 359 LXX
1586 300 1764 359 etiam
1779 298 1867 354 in-
1896 300 1944 373 4
1980 299 2269 359 silvestris
2291 300 2549 359 habebat
2570 305 2782 369 puteos
2813 300 3117 357 bituminis
3159 301 3398 358 multos.
3435 303 3647 373 Itaque

226 386 463 453 venitur;
499 385 799 458 siquidem
835 386 1231 443 Sodomorum
1262 386 1456 443 coloni
1486 389 1647 461 apud
1674 386 1867 447 homi—

221 491 321 530 nes
348 473 491 529 mali
522 479 577 528 et
603 480 948 546 peccatores
978 480 1164 531 erant.
1204 476 1295 532 Ille
1326 482 1527 533 autem
1566 476 1781 533 dicitur
1810 476 1869 532 in

215 568 536 635 conspectu
566 563 666 617 Dei
692 569 986 635 peccator.
1020 565 1124 636 qui
1156 570 1351 636 potest
1390 567 1553 638 apud
1596 566 1871 622 homines

204 653 412 723 justus
441 651 642 719 videri,
665 651 977 723 quomodo
1000 653 1073 708 de
1099 654 1381 717 Zacharia
1410 662 1465 710 et
1488 656 1784 715 Elisabeth
1810 654 1871 709 in

211 740 519 812 praeconio
548 740 807 811 ponitur,
836 741 999 812 quod
1028 741 1243 799 fuerint
1267 744 1411 813 justi
1442 744 1625 805 ambo
1650 744 1707 801 in
1737 759 1873 798 con-

209 836 425 902 spectu
446 829 564 897 Dei,
587 834 642 884 et
667 829 727 883 in
754 829 993 901 psalmo
1018 830 1263 891 dicitur:
1287 833 1423 888 Non
1435 833 1873 903 justi/imbitur

206 919 269 973 in
302 923 621 988 conspectu
655 924 754 972 tuo
781 920 973 975 omnis
998 921 1196 975 vivens
1226 922 1416 988 (l’sal.
1450 938 1617 989 CXLII,
1650 922 1725 994 ἲ).

275 1008 452 1064 Vens.
492 1007 676 1061 14-17.
699 1008 956 1064 —Dia'it
982 1024 1120 1079 ergo
1149 1011 1303 1065 Deus
1329 1010 1411 1067 ad
1428 1012 1694 1067 Abram:
1714 1012 1871 1068 Leva

201 1097 410 1151 oculos
439 1100 591 1161 tuos,
628 1102 680 1150 et
714 1095 846 1151 vide
876 1111 912 1152 a
954 1097 1078 1153 loco
1114 1100 1176 1153 in
1228 1116 1341 1170 quo
1373 1105 1437 1155 tu
1468 1115 1630 1155 nunc
1680 1115 1759 1169 es,
1791 1098 1873 1155 ad

199 1186 575 1254 aquilonem,
610 1190 663 1241 et
695 1186 777 1240 ad
806 1191 1101 1265 austrum,
1127 1188 1207 1243 ad
1233 1188 1542 1257 orientem,
1567 1196 1618 1245 et
1652 1189 1732 1244 ad
1754 1205 1872 1244 ma-

201 1290 279 1341 re,
309 1274 465 1346 quia
498 1289 730 1329 onmem
759 1281 979 1330 terram
1010 1291 1187 1347 quam
1208 1284 1270 1331 tu
1303 1279 1484 1349 vides,
1506 1278 1615 1332 tibi
1640 1278 1793 1333 dabo
1815 1283 1869 1334 et

199 1365 417 1419 semini
441 1369 566 1417 tuo.
598 1363 654 1419 Si
685 1362 846 1418 enim
881 1369 1030 1419 terra
1065 1368 1291 1420 tantum
1314 1366 1774 1438 promittebatur
1794 1366 1868 1438 ei,

198 1468 383 1525 quam
444 1457 587 1506 tunc
634 1452 692 1506 in
745 1467 865 1506 uno
918 1451 1049 1509 loco
1101 1458 1264 1510 stans
1314 1454 1513 1511 videre
1543 1456 1736 1528 potuit
1764 1471 1871 1528 per

199 1548 467 1613 quatuor
482 1540 732 1597 climata
760 1541 996 1613 mundi,
1022 1549 1280 1612 angusta
1304 1544 1536 1599 videtur
1555 1560 1683 1599 esse
1714 1550 1869 1601 terra

1979 402 2089 443 rex
2136 388 2546 449 Sodomorum,
2578 396 2633 445 et
2683 389 3031 446 Gomorrhae
3077 394 3248 460 terga
3301 396 3644 465 verterunt,

1980 477 2437 549 cecideruntque
2460 478 2558 545 ibi,
2579 483 2635 534 et
2659 479 2764 549 qui
2782 485 3221 547 remanserunt,
3238 479 3537 550 fugerunt
3560 481 3647 547 ad

1978 571 2201 623 montes
2220 567 2603 638 tuleruntque
2620 582 2847 627 omnem
2864 567 3261 624 substantiam
3281 584 3507 640 eorum,
3530 584 3639 626 nec

1980 670 2097 710 non
2129 660 2183 710 et
2211 656 2340 717 Lot,
2370 661 2425 711 et
2453 657 2849 715 substantiam
2889 658 3036 725 ejus,
3061 661 3117 713 et
3148 656 3401 739 reliqua.
3429 661 3644 715 Notan-

1980 742 2127 799 dum
2175 749 2263 800 est
2312 744 2477 819 quod
2525 746 2721 815 Βαίας,
2752 761 2886 817 quae
2919 750 2974 801 et
3006 746 3209 815 Segor,
3242 746 3488 817 tradunt
3539 750 3643 803 He-

1978 830 2143 899 braei,
2178 833 2320 906 quia
2348 833 2498 889 sicut
2526 834 2588 890 in
2618 834 2735 890 alio
2764 833 2896 890 loco
2928 833 3260 891 ostenditur
3318 834 3640 907 Scriptura:

1978 921 2134 977 hanc
2163 922 2439 978 eamdem
2470 938 2602 979 esse
2633 924 2854 991 Salisa,
2888 926 2947 978 6t
2973 923 3438 996 interpretantur
3486 926 3638 980 vitu-

1982 1010 2099 1066 lam
2134 1017 2634 1082 consternantem,
2658 1012 2823 1085 quod
2847 1011 3067 1069 scilicet
3086 1012 3255 1068 tertio
3278 1017 3445 1067 motu
3466 1016 3636 1069 terra;

1981 1099 2265 1173 absorpta
2288 1100 2379 1170 sit,
2407 1105 2461 1156 et
2486 1118 2559 1157 ex
2588 1118 2658 1157 eo
2689 1105 2959 1174 tempore
2989 1117 3111 1173 quo
3145 1100 3405 1157 Sodoma
3431 1106 3488 1157 et
3521 1104 3635 1158 Go-

1977 1189 2244 1255 morrha,
2274 1190 2525 1258 Adama,
2560 1194 2618 1246 et
2671 1180 2889 1247 Seboin
2928 1189 3128 1246 divino
3177 1190 3301 1260 igni
3329 1190 3634 1247 subversas

1980 1283 2137 1349 sunt,
2172 1277 2269 1334 illa
2310 1278 2564 1350 parvula
2607 1283 3029 1350 nuncupatur;
3066 1278 3113 1334 si
3159 1278 3404 1352 quidem
3454 1281 3636 1351 Segor

1981 1366 2298 1423 tranfertur
2326 1368 2385 1422 in
2434 1370 2783 1437 parvulam.
2816 1367 2995 1424 Vallis
3037 1373 3239 1425 autem
3273 1368 3630 1437 Sulinarum,

1977 1473 2113 1529 quae
2144 1460 2200 1512 et
2232 1456 2399 1512 vallis
2432 1457 2714 1513 silvestris
2744 1457 2979 1523 dicitur,
3009 1458 3159 1513 sicut
3187 1457 3248 1512 in
3272 1457 3387 1513 hoc
3417 1457 3630 1514 eodem

1975 1544 2128 1601 libro
2148 1545 2435 1607 scribitur,
2454 1546 2516 1601 in
2533 1563 2654 1619 qua
2670 1546 2910 1602 fuerunt
2926 1550 3102 1602 antea
3122 1546 3285 1619 putei
3299 1545 3630 1615 bituminis,

194 1629 708 1705 repromissionis.
746 1633 872 1685 Non
902 1631 1014 1686 hoc
1062 1632 1257 1687 solum
1308 1638 1472 1691 terra:
1500 1634 1865 1705 promissum
1896 1654 1940 1715 Β
1978 1639 2114 1706 post
2142 1635 2243 1689 Dci
2273 1635 2424 1691 iram
2452 1638 2509 1690 et
2552 1635 2858 1709 sulphuris
2888 1634 3157 1707 pluviam
3186 1635 3248 1690 in
3294 1651 3461 1691 mare
3491 1638 3637 1691 Mor-

200 1726 282 1774 est
311 1735 508 1792 quam
531 1718 726 1775 :idere
752 1719 964 1792 potuit.
985 1723 1109 1776 Non
1134 1721 1293 1776 enim
1316 1722 1541 1777 dictum
1569 1728 1691 1778 est:
1724 1726 1869 1778 Tan-

202 1814 320 1863 tum
344 1814 526 1868 terrae
558 1807 659 1864 tibi
679 1808 839 1863 dabo
862 1812 1159 1880 quantum
1194 1810 1391 1877 vides;
1417 1811 1542 1877 sed,
1562 1810 1686 1866 Tibi
1706 1811 1867 1867 dabo

204 1901 419 1953 terram
442 1913 636 1969 quam
662 1897 849 1963 vides,
871 1914 1010 1953 cum
1033 1904 1089 1953 et
1114 1898 1355 1954 ulterior
1388 1900 1651 1972 undique
1684 1899 1867 1955 daba-

207 1993 312 2042 tur.
348 1989 418 2041 Et
442 1986 671 2042 idcirco
703 1986 1049 2057 subjunxit:
1085 1987 1278 2059 Surge
1308 1994 1363 2044 et
1378 1990 1738 2058 perambula
1759 1995 1869 2045 ter-

213 2090 333 2131 ram
357 2078 423 2130 in
459 2075 786 2137 latitudine
804 2081 861 2131 et
889 2077 1281 2146 longitudine,
1302 2082 1365 2132 ut
1385 2077 1866 2149 pcrambulando

216 2165 545 2237 perveniret
574 2164 653 2220 ad
684 2180 756 2220 ea
777 2180 913 2237 quae
944 2164 1131 2220 oculis
1162 2182 1283 2221 uno
1314 2164 1447 2221 loco
1471 2171 1635 2223 stans
1666 2167 1866 2222 videre

222 2269 338 2307 non
362 2258 583 2326 posset.
630 2252 1091 2323 Signiﬁcabatur
1126 2258 1327 2309 autem
1360 2271 1430 2310 ea
1461 2262 1632 2323 terra,
1680 2272 1867 2328 quam

231 2341 457 2396 carnale
498 2358 698 2397 semen
741 2341 874 2413 ejus
927 2348 1313 2415 accepturum
1366 2349 1508 2399 erat.
1542 2348 1689 2400 Nam
1721 2344 1867 2401 illud

227 2429 477 2502 spiritale
524 2430 702 2486 totius
745 2431 962 2486 mundi
1014 2431 1388 2488 latitudinem
1445 2449 1866 2505 possessurum

217 2524 353 2574 erat.
387 2522 539 2577 Dum
562 2520 731 2587 dixit,
766 2521 848 2589 ad
872 2522 1155 2577 orientem
1187 2526 1239 2577 et
1271 2522 1352 2578 ad
1370 2538 1555 2589 mare,
1580 2522 1725 2596 quid
1748 2522 1867 2577 dic-

214 2611 333 2663 tum
366 2610 504 2664 est?
538 2608 693 2665 Solet
747 2608 909 2664 enim
965 2609 1267 2682 Scriptura
1320 2616 1547 2680 sancta,
1596 2611 1743 2666 dum
1792 2612 1865 2667 de

210 2696 399 2770 plagis
443 2703 615 2753 terra:
668 2698 1155 2770 repromissionis
1206 2699 1488 2771 loquitur,
1537 2716 1703 2755 mare
1756 2717 1866 2773 pro

207 2787 514 2843 occidente
546 2803 790 2859 ponere,
811 2786 890 2843 ab
911 2804 982 2842 eo
1014 2787 1181 2860 quod
1206 2787 1515 2844 Palaestina
1542 2789 1705 2859 regio
1738 2806 1865 2845 ma~

205 2892 264 2931 re
295 2875 625 2931 occidentis
654 2876 849 2949 plagae
881 2875 1121 2931 habeat.
1157 2875 1608 2948 Verumtamen,
1643 2883 1704 2933 ut
1732 2878 1866 2951 qui-

202 2964 467 3020 busdam
526 2965 741 3037 placet,
777 2965 1115 3038 spiritaliter
1145 2965 1408 3021 Christus
1439 2983 1577 3021 cum
1614 2967 1867 3023 Ecclesia
1899 3007 1938 3062 Ο

205 3053 421 3109 dicitur
449 3053 653 3109 levare
683 3054 889 3110 oculos
938 3070 973 3109 a
1012 3054 1243 3109 mundo
1280 3055 1355 3110 ad
1386 3061 1643 3129 quatuor
1668 3061 1867 3128 partes
1904 3053 1925 3065 "

206 3147 398 3212 terrae,
426 3158 540 3215 per
570 3159 725 3215 quas
751 3149 1008 3215 quatuor
1023 3142 1346 3212 Evangelia
1367 3143 1719 3213 ﬁgurantur,
1750 3145 1868 3199 cui-

203 3248 318 3305 que
349 3232 565 3288 omnis
609 3240 767 3287 terra
805 3231 998 3300 datur,
1030 3236 1094 3288 ut
1125 3231 1263 3287 alibi
1295 3249 1308 3287 :
1339 3234 1591 3289 Postuta
1613 3248 1648 3288 a
1679 3249 1789 3300 me,
1813 3239 1871 3289 et

200 3320 357 3376 dabo
405 3320 523 3377 tibi
580 3324 801 3390 gentes,
833 3324 888 3375 et
914 3326 1118 3377 caetera
1152 3322 1336 3392 (Psal.
1364 3338 1423 3389 ιι,
1455 3326 1532 3390 8),
1565 3323 1758 3393 Usque
1806 3324 1868 3377 in

200 3410 669 3480 smpiternam,
698 3406 761 3463 id
785 3413 869 3463 est
889 3408 1252 3479 longitudine
1278 3409 1580 3483 temporis.

825 3497 1052 3554 CAPUT
1095 3501 1224 3555 XIV.

282 3588 455 3642 Vens.
510 3591 618 3643 1-6.
669 3618 735 3626 -
791 3586 1015 3643 Deinde
1074 3588 1342 3661 sequitur
1394 3587 1645 3660 qualiter
1700 3604 1869 3659 reges

224 3676 484 3744 gentium
528 3681 956 3748 percusserunt
1001 3677 1292 3749 Raphaim
1341 3676 1399 3732 in
1459 3678 1867 3733 Astarothcar—

230 3761 406 3815 naim
450 3778 694 3836 quoque,
724 3769 782 3821 et
826 3765 1025 3821 Zozim
1058 3782 1196 3821 cum
1247 3765 1351 3831 eis,
1379 3770 1436 3821 et
1464 3765 1712 3839 reliqua.
1758 3769 1869 3823 Ra-

238 3849 440 3925 phaim
465 3852 724 3922 gigantes
754 3854 1252 3927 interpretantur;
1276 3855 1465 3910 Zozim
1492 3856 1787 3911 terribiles
1817 3861 1871 3912 et

234 3937 513 3995 [terrendi
532 3959 545 4009 ;
577 3944 856 3999 Astaroth
891 3944 1118 4008 civitas,
1147 3960 1283 4017 quae
1337 3960 1529 4017 usque
1558 3944 1737 4000 hodie
1789 3944 1873 4001 sic

221 4033 487 4097 vocatur,
520 4031 814 4102 signiﬁcat
858 4033 1025 4106 quod
1072 4038 1332 4107 quatuor
1358 4049 1528 4103 reges
1574 4035 1876 4090 interfece-

210 4123 353 4175 runt
378 4119 679 4191 gigantes,
711 4126 768 4178 et
794 4122 1081 4180 robustos
1112 4140 1355 4197 quoque
1399 4124 1633 4180 Arabiae.
1659 4142 1671 4191 ;
1702 4126 1873 4181 Asta-

206 4208 647 4281 rothcarnaim,
679 4214 900 4268 terram
944 4212 1253 4285 gigantum
1280 4213 1613 4285 quamdam
1660 4212 1722 4268 in
1772 4229 1873 4269 su-

206 4298 459 4372 percilio
491 4299 917 4357 Sodomorum.

271 4390 456 4444 Vens.
490 4394 546 4443 7.
576 4420 641 4430 —
670 4390 748 4446 Et
780 4392 1005 4447 reversi
1033 4398 1322 4448 venerunt
1352 4393 1434 4448 ad
1458 4393 1686 4463 fontem
1727 4393 1876 4450 Mes-

201 4476 295 4544 fat
343 4479 493 4549 ipsa
525 4484 612 4534 est
661 4478 870 4536 Cades.
906 4481 1064 4535 Fons
1114 4480 1316 4537 Mesfat
1344 4481 1477 4537 fons
1523 4487 1611 4536 est
1642 4481 1875 4563 judicii,

202 4565 311 4622 hoc
358 4570 467 4623 est.
519 4566 747 4636 Cades;
780 4584 887 4643 per
934 4568 1416 4641 anticipationem
1468 4569 1683 4626 dicitur
1713 4570 1880 4644 quod

204 4662 417 4728 postea
475 4656 564 4711 sic
605 4660 889 4713 vocatum
932 4663 1038 4714 est.
1088 4658 1391 4730 Signiﬁcat
1429 4664 1631 4715 autem
1678 4658 1879 4715 locum

204 4746 368 4817 apud
397 4749 675 4819 petram,
707 4746 812 4818 qui
841 4746 978 4802 fons
1001 4745 1211 4818 judicii
1246 4748 1607 4811 nominatur,
1632 4748 1777 4820 quia
1798 4746 1882 4802 ibi

201 4833 359 4889 Deus
393 4832 711 4907 populum
737 4834 1114 4906 judicaverit.
1161 4836 1239 4891 Et
1280 4843 1701 4906 percusserunt
1760 4854 1882 4893 om-

199 4938 333 4979 nem
360 4924 686 4993 regionem
716 4924 1215 4994 Amaleeitarum,
1248 4930 1303 4981 et
1348 4926 1764 4981 Amorrharum
1796 4941 1883 4981 se-

196 5013 450 5069 dentem
487 5013 552 5067 in
584 5012 1114 5069 Assasonthamar.
1144 5017 1261 5069 Hoc
1288 5018 1376 5070 est
1397 5015 1689 5087 oppidum
1720 5013 1886 5087 quod

193 5117 366 5158 nunc
418 5106 684 5157 vocatur
714 5101 1006 5174 Engaddi,
1040 5101 1294 5159 balsami
1323 5107 1380 5160 et
1406 5103 1750 5176 palmarum
1780 5103 1889 5160 fer-

194 5190 319 5260 tile,
359 5190 531 5247 sicut
554 5190 619 5246 in
645 5190 816 5247 libris
848 5194 1141 5247 Locorum
1164 5192 1378 5265 reperi.
1406 5198 1665 5249 Assason
1687 5198 1889 5250 autem

1979 1728 2145 1779 tuum
2178 1741 2351 1779 versa
2375 1728 2484 1795 est,
2519 1724 2686 1797 quod
2715 1742 2751 1780 a
2774 1723 2986 1779 Graecis
3018 1728 3299 1792 stagnum
3324 1723 3633 1780 bituminis

1976 1812 2329 1886 appellatur.
2351 1813 2619 1886 Idipsum
2636 1818 2723 1869 est
2743 1812 3107 1887 asphaltum.
3124 1816 3417 1869 Mortuum
3433 1816 3635 1881 autem

1975 1902 2313 1974 appellatur
2336 1919 2523 1970 mare,
2542 1903 2708 1975 quod
2731 1902 2879 1958 nihil
2896 1902 3104 1975 recipit
3124 1917 3413 1972 generum
3433 1890 3636 1958 viven-

1976 1991 2145 2059 tium,
2173 2007 2369 2064 neque
2397 1996 2668 2048 assuetas
2698 1993 2871 2065 aquis
2922 2008 3085 2061 aves,
3119 1991 3272 2047 tauri
3302 1991 3635 2071 camelique

1974 2079 2222 2136 fluitent.
2244 2080 2507 2152 Denique
2525 2081 2573 2135 si
2594 2080 2868 2136 Jordanis
2890 2086 3102 2136 auctus
3124 2080 3420 2136 imbribus
3440 2079 3635 2152 pisces

1972 2167 2110 2224 illuc
2138 2167 2397 2223 inﬂuens
2421 2168 2704 2240 rapuerit.
2739 2168 2935 2224 statim
2964 2168 3300 2223 moriuntur
3324 2172 3381 2223 et
3400 2166 3636 2239 pingui-

1973 2256 2089 2311 bus
2119 2256 2291 2327 aquis
2321 2255 2665 2311 subnatant.
2698 2259 3027 2311 Lucernam
3081 2270 3401 2310 accensam
3452 2254 3636 2309 fertur

1977 2349 2361 2416 supernatare
2385 2342 2509 2398 sine
2535 2342 2657 2398 ulla
2674 2343 3082 2410 conversione,
3098 2343 3387 2398 exstincto
3406 2341 3637 2398 demer-

1976 2432 2033 2503 gi
2061 2432 2307 2497 lumine,
2325 2436 2382 2488 et
2412 2448 2519 2487 vas
2547 2432 2889 2487 demersum
2915 2433 3058 2495 arte,
3085 2431 3251 2504 quod
3274 2430 3464 2503 bibat,
3482 2429 3633 2485 difﬁ-

1976 2522 2083 2577 cile
2112 2521 2335 2576 haerere
2391 2519 2449 2575 in
2479 2519 2804 2593 profundo,
2850 2520 3178 2592 omniaque
3228 2518 3503 2585 viventia,
3533 2518 3635 2575 de-

1974 2628 2172 2667 mersa
2220 2611 2356 2666 licet
2401 2616 2458 2666 et
2504 2611 2886 2666 vehementer
2932 2609 3107 2681 illisa,
3141 2608 3340 2664 statim
3387 2606 3632 2664 resilire.

1978 2700 2239 2773 Denique
2268 2699 2697 2773 Vespasianum
2728 2698 3082 2772 praecepisse
3110 2697 3359 2753 natandi
3386 2698 3631 2767 ignaros

1974 2789 2253 2845 revinctis
2297 2788 2578 2845 manibus
2624 2788 2686 2843 in
2732 2787 3106 2861 profundum
3161 2786 3357 2857 dejici,
3411 2801 3636 2859 eosque

1976 2894 2187 2934 omnes
2234 2877 2390 2933 illico
2445 2881 2889 2949 supernatasse.
2918 2880 3091 2949 Aqua
3133 2877 3264 2949 ipsa
3316 2874 3526 2931 sterilis
3578 2878 3636 2931 et

1978 2983 2205 3036 amara,
2240 2967 2585 3038 caeterisquc
2614 2966 2785 3038 aquis
2816 2965 3150 3035 obscurior,
3183 2968 3240 3020 et
3287 2964 3462 3036 quasi
3492 2963 3639 3020 adu-

1979 3062 2081 3112 sue
2113 3058 2215 3127 [Z.,
2251 3056 2549 3125 adustam]
2595 3054 2918 3125 praeferens
2963 3052 3368 3109 similitudem.
3426 3050 3638 3126 Vagari

1978 3161 2159 3216 super
2191 3160 2382 3216 aquas
2407 3142 2717 3198 bituminis
2766 3142 2973 3212 glebas
3004 3146 3231 3197 certum
3276 3144 3364 3196 est
3387 3143 3516 3196 atro
3563 3140 3635 3195 li-

1977 3249 2185 3306 quore,
2232 3247 2385 3299 quas
2437 3231 2676 3303 scaphis
2724 3231 3282 3303 appropinquantes
3327 3227 3634 3300 colligunt,

1976 3322 2203 3376 haerere
2231 3320 2525 3383 bitumen,
2556 3323 2614 3375 et
2646 3333 3037 3391 nequaquam
3068 3317 3223 3373 ferro
3253 3315 3497 3390 praecidi
3529 3315 3640 3373 fer-

1978 3415 2092 3467 tur.
2127 3408 2429 3480 Sanguine
2463 3411 2690 3465 tantum
2724 3406 3046 3464 mulierum
3069 3411 3377 3463 menstruo
3404 3405 3501 3462 vel
3519 3405 3635 3462 uri-

1979 3516 2059 3557 na
2085 3498 2317 3570 cedere,
2351 3497 2505 3554 utilis
2549 3496 2627 3554 ad
2676 3511 3032 3569 compagem
3064 3495 3333 3563 navium,
3361 3494 3459 3551 vel
3511 3510 3641 3551 cor-

1978 3588 2228 3662 poribus
2275 3586 2593 3643 hominum
2642 3584 2977 3642 medendis.
3013 3586 3216 3642 Servat
3244 3584 3444 3641 adhuc
3470 3583 3638 3655 regio

1981 3677 2246 3752 speciem
2268 3692 2484 3751 pcenae.
2517 3678 2856 3733 Nascuntur
2884 3674 3046 3731 enim
3091 3690 3278 3746 poma
3305 3672 3637 3746 pulcherri-

1979 3783 2104 3836 ma,
2126 3783 2263 3841 quin
2286 3770 2342 3822 et
2364 3765 2580 3823 edendi
2611 3764 3002 3838 cupiditatem
3031 3761 3513 3835 exspectantibus
3543 3775 3643 3830 ge-

1980 3859 2228 3925 nerent;
2263 3855 2313 3911 si
2342 3871 2580 3927 carpas,
2602 3854 2887 3911 fatiscunt
2909 3868 2981 3909 ac
3006 3850 3381 3908 resolvuntur
3408 3850 3470 3905 in
3487 3848 3643 3904 cine-

1980 3962 2129 4015 rem,
2158 3944 2516 4018 fumumque
2546 3943 2806 3999 excitant
2846 3940 3024 4015 quasi
3080 3938 3318 3996 assidue
3366 3936 3638 3994 ardeant.

1982 4035 2135 4091 Sane
2162 4033 2223 4089 in
2253 4032 2468 4089 diebus
2499 4031 2718 4088 aestatis
2746 4030 3111 4087 immodicus
3162 4029 3264 4099 [Z.,
3295 4042 3420 4083 non
3444 4023 3641 4082 modi-

1984 4124 2112 4196 cus]
2160 4138 2267 4195 per
2311 4122 2504 4195 spatia
2545 4120 2746 4187 campi
2798 4123 3084 4175 exaestuat
3129 4132 3343 4189 vapor,
3376 4115 3538 4187 unde
3567 4114 3644 4171 de

1960 4211 2352 4269 coalescente
2397 4210 2538 4267 vitio
2568 4208 2770 4269 nimiae
2792 4208 3088 4273 siccitatis,
3120 4210 3301 4279 atque
3330 4204 3502 4261 humi
3525 4202 3643 4260 ari-

1986 4301 2066 4357 do
2096 4302 2201 4373 [Z.,
2232 4301 2419 4356 humo
2451 4298 2641 4370 arida]
2663 4298 2997 4371 corruptior
3021 4312 3124 4353 aer
3147 4294 3525 4351 miserandas
3554 4293 3645 4349 in-

1988 4389 2132 4446 colis
2162 4388 2401 4445 conﬁcit
2428 4386 2832 4458 aagritudines.
2854 4386 3116 4459 Denique
3138 4384 3407 4457 quinque
3434 4382 3532 4439 isti
3557 4397 3647 4439 re-

1988 4494 2112 4551 ges,
2130 4477 2468 4547 allegorice,
2487 4492 2523 4533 a
2548 4482 2809 4549 quatuor
2825 4474 3070 4545 regibus
3094 4472 3309 4528 devicti
3339 4471 3443 4543 qui
3466 4485 3645 4526 vene-

1986 4571 2126 4624 runt
2154 4565 2227 4621 de
2258 4565 2582 4639 Babylone,
2616 4564 2953 4636 signiﬁcant
2976 4562 3244 4635 quinque
3276 4574 3488 4614 sensus
3519 4572 3646 4611 cor-

1986 4655 2172 4731 poris,
2191 4654 2465 4712 videlicet
2489 4654 2709 4724 visum,
2728 4653 3022 4720 auditum,
3042 4655 3305 4719 gustum,
3324 4646 3646 4701 odoratum

1991 4749 2049 4800 et
2072 4747 2314 4799 tactum.
2353 4745 2620 4809 Quatuor
2646 4757 2816 4812 reges
2837 4743 3097 4813 quatuor
3122 4734 3267 4791 vitia
3292 4732 3650 4808 principalia

1991 4831 2422 4899 intelliguntur,
2445 4830 2507 4885 id
2555 4833 2647 4885 est
2694 4827 3009 4901 cupiditas,
3039 4823 3354 4895 gaudium,
3390 4822 3566 4879 timor
3593 4824 3652 4878 et

1992 4919 2248 4977 tristitia.
2268 4921 2373 4974 Per
2394 4919 2525 4974 hth
2543 4921 2804 4990 quatuor
2825 4915 2967 4972 vitia
2985 4912 3357 4989 expugnavit
3375 4911 3653 4968 diabolus

1994 5024 2117 5065 non
2135 5007 2330 5064 solum
2351 5005 2820 5078 Sodomitas,per
2831 5020 2985 5078 quos
3004 5002 3501 5075 signiﬁcabantur
3512 5014 3655 5077 gen-

1996 5098 2150 5169 tiles,
2171 5097 2277 5153 sed
2301 5096 2482 5153 etiam
2505 5100 2562 5153 et
2591 5097 2717 5165 Lot,
2742 5095 2847 5169 qui
2867 5094 3286 5167 interpretatur
3315 5092 3651 5160 declinans,

1997 5204 2104 5261 per
2131 5203 2313 5261 quem
2366 5184 2777 5257 signiﬁcantur
2803 5183 3011 5251 Judaei,
3044 5182 3150 5256 qui
3201 5180 3657 5239 declinaverunt

192 5280 458 5337 thamar
511 5279 939 5354 interpretatur
993 5281 1135 5337 urbs
1197 5283 1564 5351 palmarum.
1634 5283 1892 5339 Thamar
2000 5296 2036 5336 a
2064 5277 2415 5335 rectitudine
2446 5277 2608 5333 ﬁdei.
2643 5280 2747 5333 Per
2774 5273 2994 5331 vallem
3024 5272 3350 5330 silvestrem
3394 5284 3658 5345 praesen-

199 5369 449 5444 quippe
474 5370 695 5440 palma
725 5369 960 5425 dicitur.
997 5370 1290 5443 Sequitur.

2002 5371 2121 5424 tem
2149 5367 2451 5423 mundum
2479 5366 2943 5438 interpretantur
2973 5363 3076 5434 [X.,
3100 5376 3362 5435 praesens
3387 5357 3657 5417 mundus

270 5458 473 5515 ναις.
505 5462 655 5515 8-13.
686 5460 856 5514 —Et
880 5462 1097 5530 egressi
1116 5466 1253 5516 sunt
1276 5475 1388 5516 rex
1406 5459 1815 5531 Sodomorum,
1838 5465 1895 5517 et
2002 5457 2439 5531 interpretatur]
2466 5474 2480 5525 ;
2511 5472 2619 5531 per
2661 5460 2875 5529 puteos
2922 5452 3198 5510 homines
3245 5451 3305 5508 in
3350 5448 3661 5525 profundi-

200 5564 312 5604 rer
371 5548 766 5618 Gomorrhte,
818 5563 1043 5619 rexque
1084 5550 1349 5619 Adamce,
1384 5554 1515 5613 etc.,
1573 5566 1894 5624 usquequo

2006 5552 2121 5605 tate
2148 5547 2425 5603 vitiorum
2455 5546 2798 5611 demersos;
2829 5559 2937 5616 per
2961 5542 3233 5598 bitumen
3284 5539 3656 5611 conglutina-

203 5637 321 5695 ait:
346 5639 640 5707 Quatuor
662 5652 833 5709 reges
850 5638 1136 5695 adversus
1167 5640 1451 5709 quinque.
1483 5639 1668 5695 Vallis
1697 5644 1897 5697 autem
2009 5636 2232 5693 tionem
2261 5640 2668 5708 peccatorum,
2694 5649 2818 5706 qua
2846 5635 2985 5690 sunt
3026 5632 3176 5689 uniti
3221 5631 3281 5687 in
3328 5626 3654 5699 iniquitate.
