4130 6182
544 206 642 258 175

1628 192 1983 251 ANGELOMI
2024 190 2491 259 LUXOVIENSIS
2530 190 2844 248 MONACHI

3842 193 3944 247 176

612 330 806 383 Potest
828 328 886 380 et
905 323 1072 379 aliter
1099 320 1372 391 intelligi:
1401 323 1660 393 quatuor
1688 333 1858 387 reges
1882 317 1987 389 qui
2016 314 2186 387 quin-
2213 318 2260 371 A
2298 317 2518 380 Aaron,
2549 319 2606 370 et
2628 314 2777 385 legis
2807 312 3202 382 caerimonias,
3233 317 3291 368 et
3314 312 3443 368 haec
3491 329 3625 370 esse
3654 314 3955 387 primoge-

540 433 659 490 que
686 415 1138 486 superaverunt,
1155 414 1412 482 possunt
1431 406 1714 463 nimirum
1734 405 2030 462 contraria
2050 404 2189 459 vitia

540 503 856 561 virtutibus
886 498 1219 571 signiﬁcare
1252 516 1263 552 :
1297 497 1573 553 haeresim
1630 495 1866 557 scilicet,
1902 491 2191 564 gentilita-

539 598 681 661 tem,
712 588 1078 664 hypocrisin,
1106 585 1440 654 avaritiam,
1465 601 1598 657 quaz
1627 588 1711 640 est
1737 583 2036 640 idolorum
2067 596 2189 636 ser-

538 682 715 737 vitus.
752 682 893 744 Quas
921 691 1092 744 reges
1122 679 1568 747 nuncupantur,
1599 672 1741 746 quia
1785 672 1846 727 in
1876 670 2065 726 multo
2090 670 2190 741 jus

539 769 706 837 regni
736 768 836 838 [Z.,
868 763 1047 834 regis]
1096 768 1388 819 exercent.
1445 763 1719 835 Quinque
1764 765 1964 817 autem
2021 773 2191 828 reges

538 857 638 929 qui
668 857 1027 927 superantur
1074 852 1151 909 ab
1208 853 1325 923 his,
1356 852 1625 925 quinque
1684 867 1896 907 sensus
1939 850 2194 922 possunt

538 944 800 1013 intelligi,
834 948 899 999 ut
943 942 1247 1009 diximus;
1278 942 1422 1015 quia
1472 947 1528 997 et
1574 941 1688 1013 ipsi
1716 956 1906 1010 reges,
1946 937 2089 1011 quia
2119 952 2193 993 ex

536 1034 628 1089 bis
658 1033 843 1089 homo
872 1035 1074 1087 noster
1104 1031 1356 1087 exterior
1387 1031 1626 1099 regitur,
1656 1034 1821 1098 terga
1858 1030 2189 1090 vertuntur,

539 1123 733 1178 donec
762 1120 1006 1190 Abram,
1039 1125 1209 1193 pater
1233 1119 1524 1189 excelsus,
1554 1119 1722 1175 victis
1754 1122 2014 1191 quatuor
2041 1115 2193 1185 regi-

538 1212 656 1267 bus
684 1210 1064 1282 supradictis,
1094 1209 1286 1282 spolia
1306 1213 1561 1277 revocet,
1582 1213 1638 1264 et
1659 1210 1763 1263 Lot
1781 1207 2192 1280 propinquum

541 1317 740 1367 suum,
774 1299 1170 1355 declinantem
1197 1299 1401 1370 utique
1432 1314 1469 1353 a
1498 1297 1679 1366 malo,
1710 1313 1783 1353 ex
1821 1312 2029 1352 eorum
2087 1309 2192 1368 po-

538 1394 744 1446 testate
774 1388 1003 1462 eripiat.

613 1479 785 1545 Quod
815 1483 1015 1535 autem
1046 1478 1321 1535 recedere
1351 1478 1617 1551 quinque
1661 1491 1831 1547 reges
1872 1492 1907 1531 a
1935 1479 2194 1548 quatuor

544 1569 843 1638 dicuntur,
872 1568 1165 1638 signiﬁcat
1185 1568 1351 1641 quod
1371 1567 1503 1623 illos
1536 1567 1796 1621 maxime
1817 1564 2194 1638 persequitur

2298 405 2421 460 uita
2444 422 2581 477 qua:
2610 404 2878 460 vendidit
2908 405 3063 459 Esau
3088 402 3251 458 fratri
3275 419 3384 458 suo
3400 403 3610 474 Jacob,
3639 405 3745 478 qui
3775 407 3954 463 etiam

2297 493 2721 550 Melchisedech
2747 495 2880 566 jure
2911 494 2984 549 de
3026 492 3345 567 triumphis
3389 492 3705 567 abnepotis
3733 497 3828 552 sui
3860 498 3956 554 de-

2296 584 2483 641 cimas
2510 585 2852 658 accepisset.
3351 581 3363 594 ⁸

2368 674 2550 730 Porro
2576 675 2769 731 Salem
2791 675 2989 747 ipsam
3013 688 3141 729 esse
3161 671 3368 729 volunt
3386 689 3522 747 quae
3536 679 3746 748 postea
3758 676 3958 734 Hieru-

2299 763 2485 820 salem
2513 762 2843 820 dicebatur.
2875 765 3008 819 Haec
3064 763 3244 818 etiam
3305 762 3502 836 primo
3542 763 3744 837 Jebus,
3776 771 3847 823 ut
3876 766 3955 824 fe-

2296 858 2455 924 runt,
2487 857 2696 926 postea
2729 852 2945 922 Salem,
2964 851 3181 908 deinde
3205 850 3597 925 Hierusalem,
3617 854 3723 910 sed
3742 861 3957 928 postea

2298 958 2335 999 a
2393 942 2710 999 Salomone
2764 941 2999 1015 plenius
3047 941 3381 997 instaurata
3424 942 3811 1016 Jerosolymis
3869 951 3957 1003 est

2297 1031 2474 1099 dicta,
2506 1032 2683 1104 quasi
2716 1031 3243 1103 Hierosolymonia.
3276 1032 3589 1099 Caeterum,
3617 1038 3683 1090 ut
3700 1034 3956 1107 quidam

2298 1122 2524 1189 dicunt,
2559 1121 2753 1179 Salem
2779 1137 2903 1177 non
2929 1120 3322 1189 Hierusalem,
3351 1120 3457 1177 sed
3516 1121 3808 1194 oppidum
3852 1127 3954 1182 Sa-

2299 1211 2569 1285 tophoim
2600 1209 2701 1285 [Z.,
2738 1210 3141 1285 Socaphoim],
3175 1211 3340 1284 quod
3373 1227 3566 1285 usque
3613 1228 3772 1269 nunc
3800 1212 3954 1271 dici-

2300 1306 2393 1359 tur
2421 1301 2637 1367 Salem,
2668 1306 2725 1358 et
2752 1299 2986 1357 videtur
3009 1300 3093 1357 ibi
3122 1300 3415 1373 palatium
3468 1316 3600 1358 esse
3651 1301 3952 1360 Melchise-

2299 1391 2471 1447 dech.
2507 1390 2670 1447 Unde
2698 1390 2893 1461 agitur
2922 1408 2934 1446 :
2967 1391 3240 1447 transivit
3265 1389 3449 1447 Jacob
3478 1392 3540 1447 in
3566 1390 3782 1460 Salem,
3815 1392 3956 1449 civi-

2298 1485 2483 1537 tatem
2512 1480 2770 1550 regionis
2806 1479 3061 1551 Sichem,
3084 1496 3222 1553 quae
3250 1484 3337 1536 est
3364 1479 3427 1535 in
3453 1484 3609 1536 terra
3639 1481 3948 1539 Chanaan.

2304 1569 2442 1626 Inde
2468 1569 2610 1625 dicit
2632 1570 2893 1625 Joannes
2917 1569 3315 1640 evangelista:
3347 1570 3503 1626 Erat
3521 1571 3784 1629 Joannes
3815 1572 3955 1642 bap-

543 1659 841 1715 contraria
869 1662 1153 1731 potestas,
1185 1674 1339 1731 quos
1386 1663 1520 1714 ante
1566 1656 1625 1713 in
1674 1655 2015 1712 servitutem
2065 1654 2261 1725 reti-B
2301 1661 2490 1717 tizans
2542 1662 2604 1715 in
2666 1660 2883 1715 Ennon
2922 1662 3107 1729 juxta
3157 1659 3366 1729 Salim,
3395 1661 3537 1730 quia
3579 1661 3784 1716 multae
3812 1667 3950 1717 sunt

538 1748 688 1807 nuit.
719 1748 891 1814 Quod
920 1752 1119 1804 autem
1149 1748 1209 1803 in
1240 1748 1497 1803 tricentis
1547 1746 1755 1802 decem
1785 1749 1841 1801 et
1864 1748 1999 1800 octo
2030 1746 2195 1800 Pater

540 1837 635 1894 ille
665 1837 955 1904 excelsus,
998 1837 1090 1893 cui
1138 1837 1200 1892 in
1249 1837 1525 1894 Oratione
1575 1833 1883 1891 Dominica
1912 1832 2188 1889 dicimus.

537 1930 726 1986 Pater
754 1934 973 1999 noster,
1006 1926 1301 1996 signiﬁcat
1341 1925 1506 1999 quod
1553 1941 1660 1998 per
1707 1923 1947 1991 electos,
1978 1921 2084 1995 qui
2128 1923 2190 1978 in

537 2019 950 2092 persecutione
975 2017 1261 2073 virtutum
1293 2014 1593 2073 constituti
1623 2017 1779 2081 sunt,
1809 2010 2044 2068 fundati
2071 2010 2190 2067 ﬁde

536 2108 850 2180 Trinitatis,
880 2111 937 2163 et
974 2106 1266 2162 habentes
1304 2103 1738 2178 plenitudinem
1779 2100 2058 2171 Decalogi
2097 2116 2193 2157 oc-

536 2202 677 2255 tava
705 2198 801 2254 die
827 2215 961 2271 quae
982 2195 1236 2253 sabbato
1264 2194 1550 2268 sequitur,
1575 2209 1713 2249 cum
1737 2190 1968 2248 Christo
1996 2206 2189 2247 resur-

534 2294 739 2360 gentes
767 2298 810 2343 ⁸.

604 2382 771 2435 Vens.
804 2382 887 2434 14.
922 2410 989 2417 -
1017 2377 1186 2444 Quod
1213 2390 1345 2432 cum
1372 2375 1633 2431 audisset
1661 2372 1913 2443 Abram,
1944 2376 2185 2440 captum

535 2469 805 2524 videlicet
838 2469 949 2523 Lot
968 2468 1225 2536 fratrem
1256 2481 1452 2529 suum,
1483 2464 1821 2520 numeravit
1881 2461 2186 2530 expeditos

532 2557 887 2612 vernaculos
946 2548 1234 2611 trecentOs
1287 2555 1483 2610 decem
1550 2558 1603 2609 et
1657 2558 1805 2608 octo.
1869 2549 2185 2623 Expeditos

532 2645 679 2702 dixit
693 2646 966 2716 juvenes,
996 2644 1074 2700 ad
1098 2642 1322 2699 bellum
1350 2647 1684 2714 promptos,
1710 2644 1767 2697 et
1785 2639 1891 2713 qui
1911 2655 2035 2695 non
2057 2638 2185 2695 fue-

527 2738 669 2790 runt
700 2733 951 2799 uxorati,
985 2732 1059 2788 de
1081 2731 1301 2805 quibus
1330 2732 1392 2787 in
1424 2729 1812 2803 sequentibus
1861 2728 2029 2798 dixit,
2078 2743 2178 2785 ea:-

529 2825 712 2893 cept'is
745 2824 835 2878 his
865 2838 996 2894 quae
1026 2822 1405 2878 comederunt
1428 2823 1700 2889 juvenes.
1730 2819 1809 2874 Et
1832 2823 2180 2887 persecutus

526 2917 613 2968 est
644 2929 828 2984 usque
854 2913 1007 2968 Dan.
1038 2913 1164 2966 Dan
1190 2909 1483 2965 thnicis
1532 2908 1824 2981 oppidum
1878 2911 1968 2963 est
2015 2907 2180 2979 quod

525 3019 687 3059 nunc
718 3005 946 3059 Paneas
976 3000 1209 3067 dicitur,
1244 2998 1348 3055 ubi
1378 3014 1536 3054 unus
1561 2998 1635 3054 de
1680 2996 1947 3053 fontibus
1972 2996 2178 3053 Jorda-
2208 3027 2246 3081 ρ

522 3092 616 3148 nis
647 3091 853 3161 oritur,
885 3090 989 3163 qui
1020 3089 1236 3147 dicitur
1266 3091 1414 3157 Dan,
1446 3087 1592 3143 alter
1617 3102 1760 3142 vero
1788 3087 1911 3141 Jor.
1955 3089 2036 3141 Ex
2085 3085 2177 3141 his

520 3180 761 3237 duobus
791 3178 1056 3235 fontibus
1087 3178 1191 3251 qui
1220 3176 1386 3234 haud
1411 3175 1621 3249 procul
1651 3192 1686 3231 a
1734 3190 1795 3229 se
1839 3173 2086 3239 distant,
2114 3172 2174 3229 in

519 3287 709 3327 unum
731 3269 992 3326 rivulum
1012 3266 1333 3333 foederatis,
1353 3265 1631 3322 Jordanis
1654 3263 2008 3337 appellatur,
2026 3264 2178 3320 sicut

518 3375 592 3417 ex
620 3360 861 3416 duobus
892 3358 1155 3413 fontibus
1176 3373 1333 3412 unus
1362 3355 1597 3421 ﬂuvius,
1621 3354 1703 3410 ita
1733 3370 1805 3409 ex
1824 3353 2173 3410 nominibus

518 3464 642 3504 una
672 3446 992 3520 appellatio
1015 3450 1253 3501 creatur
1281 3446 1382 3515 [Z.,
1416 3444 1804 3517 procreatur].

590 3538 755 3591 Vrsas.
796 3535 877 3590 18.
912 3566 980 3575 —-
1003 3532 1224 3588 Deinde
1253 3532 1466 3601 legitur
1518 3531 1771 3604 qualiter
1820 3531 2042 3586 Abram
2074 3546 2172 3586 oc-

517 3625 698 3681 currit
750 3622 1179 3681 Melchisedech
1234 3638 1338 3677 rex
1393 3619 1588 3678 Salem
1619 3622 1723 3691 [Z.,
1756 3620 1881 3690 regi
1927 3618 2166 3691 Salem].

515 3717 744 3770 Movere
782 3711 931 3767 solet
972 3710 1273 3783 quosdam
1327 3709 1463 3782 quis
1518 3710 1690 3765 fuerit
1741 3709 1845 3764 iste
1878 3707 2169 3765 Melchise-

513 3802 686 3873 dech,
712 3818 814 3857 rex
839 3800 1054 3865 Salem,
1089 3815 1269 3872 quem
1304 3798 1623 3871 Apostolus
1656 3798 1795 3853 dicit
1824 3797 2026 3868 (Hebr.
2060 3814 2166 3863 vn,

511 3893 566 3959 3)
596 3892 722 3947 sine
748 3896 923 3960 patre
947 3895 1000 3945 et
1032 3894 1244 3957 matre,
1274 3888 1482 3943 esset?
1516 3886 1649 3943 Ideo
1680 3885 2001 3958 Apostolus
2027 3902 2165 3942 eum

509 3980 657 4036 dixit
681 3980 911 4052 absque
940 3983 1108 4051 patre
1138 3982 1194 4035 et
1221 3977 1451 4050 absque
1478 3981 1666 4032 matre
1689 3991 1841 4046 esse,
1875 3975 2017 4048 quia
2071 3991 2168 4046 ge-

509 4068 850 4140 nealogiam
898 4068 1027 4139 ejus
1060 4082 1233 4123 sacra
1293 4066 1593 4139 Scriptura
1622 4082 1745 4121 non
1800 4070 2021 4121 narrat.
2057 4066 2167 4120 Ve-

506 4161 868 4225 rumtamen,
902 4161 969 4211 ut
1014 4157 1076 4211 in
1129 4155 1447 4227 cujusdam
1498 4158 1601 4222 [Z.,
1631 4154 1918 4228 quodam]
1970 4154 2162 4226 reperi

505 4251 739 4303 vetusto
768 4246 1091 4311 volumine,
1123 4247 1366 4302 tradunt
1390 4245 1616 4303 llebrtei
1645 4262 1768 4301 non
1799 4244 2027 4316 absque
2057 4261 2160 4316 pa-

2300 1750 2383 1807 ibi
2419 1766 2590 1822 aqua:
2624 1751 2821 1818 (Joan.
2872 1765 2951 1820 ui,
2978 1748 3089 1822 23).
3131 1752 3244 1805 Nec
3297 1748 3493 1805 differt
3521 1752 3723 1805 utrum
3756 1750 3950 1808 Salem

2299 1855 2379 1896 an
2411 1838 2590 1897 Salim
2625 1838 2879 1907 dicatur,
2907 1854 3045 1894 cum
3075 1836 3386 1894 vocalibus
3416 1838 3477 1893 in
3523 1838 3791 1894 medium
3821 1855 3951 1912 per-

2295 1946 2433 1988 raro
2457 1932 2705 1986 utuntur
2734 1928 2980 1995 Hebrtri,
3009 1932 3066 1983 et
3093 1943 3202 2001 pro
3230 1926 3537 1984 voluntate
3564 1927 3855 1985 lectorum
3878 1944 3947 1985 ac

2296 2020 2631 2078 diversitate
2658 2019 2975 2089 regionum
3007 2018 3221 2075 eadem
3250 2018 3432 2076 verba
3474 2018 3724 2076 diversis
3780 2018 3943 2076 sonis

2296 2112 2353 2165 et
2378 2108 2722 2165 accentibus
2743 2106 3054 2181 proferunt
3075 2104 3178 2180 [Z.,
3197 2107 3623 2180 proferuntur].
3646 2111 3760 2164 Nos
3780 2108 3943 2164 enim

2293 2197 2609 2271 opiniones
2636 2197 3009 2253 diversorum
3042 2196 3327 2269 ponimus
3351 2214 3366 2265 ;
3398 2195 3505 2252 sed
3532 2196 3806 2269 prudenti
3824 2195 3944 2251 lec-

2292 2287 2425 2359 tori,
2451 2287 2600 2361 quid
2645 2287 2864 2343 horum
2908 2286 3106 2342 verius
3149 2285 3408 2355 elegerit,
3451 2285 3938 2359 derelinquimus.

2295 2376 2410 2433 Sed
2433 2379 2731 2449 quantum
2780 2375 2858 2431 ad
2906 2374 3165 2445 ﬁguram
3212 2374 3487 2447 pertinet,
3513 2374 3621 2431 iste
3650 2373 3942 2433 Melchise-

2291 2465 2445 2522 dech
2492 2464 2787 2521 Christum
2831 2462 3127 2533 signiﬁcat
3178 2463 3513 2520 secundum
3569 2463 3928 2537 Apostolum,

2290 2554 2435 2628 quia
2483 2552 2745 2610 Christus
2801 2552 2925 2608 sine
2975 2556 3165 2609 matre
3194 2553 3257 2609 in
3313 2553 3499 2619 coelis,
3532 2553 3660 2611 sine
3688 2558 3850 2628 patre
3872 2551 3933 2607 in

2290 2643 2480 2710 terris,
2512 2642 2768 2699 offerens
2796 2642 2915 2698 Deo
2940 2657 3051 2715 pro
3078 2642 3252 2698 nobis
3277 2642 3338 2698 in
3368 2642 3538 2699 terris
3568 2643 3691 2699 suis
3736 2657 3940 2716 corpo«

2290 2732 2369 2788 ris
2397 2747 2620 2804 panem
2650 2736 2707 2787 et
2746 2731 2837 2787 sui
2868 2731 3178 2801 sanguinis
3216 2732 3447 2800 vinum,
3475 2732 3555 2790 ad
3584 2749 3767 2806 quem
3793 2731 3939 2788 dici-

2289 2826 2383 2879 tur
2415 2841 2427 2878 :
2469 2824 2555 2877 Tu
2584 2838 2641 2879 es
2662 2823 2936 2880 sacerdos
2965 2823 3026 2879 in
3072 2832 3358 2879 aeternum
3404 2823 3728 2880 secundum
3775 2823 3937 2878 ordi-

2288 2928 2420 2969 nem
2451 2912 2882 2969 Melchisedech
2902 2912 3090 2982 (Psal.
3122 2928 3233 2975 cxx,
3259 2913 3335 2982 4).
3362 2910 3531 2977 Quod
3562 2911 3609 2966 si
3638 2911 3773 2983 quis
3816 2912 3943 2984 ple-

2286 3002 2422 3057 nius
2468 3017 2646 3057 nosse
2689 3001 3009 3063 desiderat,
3058 3000 3213 3057 beati
3255 2999 3588 3071 Hieronymi
3635 3003 3692 3053 et
3723 2999 3941 3061 lsidori

2285 3090 2444 3147 dicta
2464 3089 2801 3163 perlustret.
2838 3089 3110 3162 Sequitur
3139 3106 3152 3142 :

2907 3176 3145 3232 CAPUT
3185 3177 3295 3232 XV.

2352 3271 2526 3333 Vnus,
2561 3272 2673 3325 2-4.
2707 3302 2774 3309 -
2800 3267 3081 3338 Dixitque
3130 3266 3358 3324 Abram
3387 3281 3409 3322 .·
3456 3266 3707 3322 Domine
3752 3266 3933 3339 Deus,

2281 3360 2428 3432 quid
2472 3359 2643 3416 dabis
2687 3358 2881 3416 mihi?
2910 3373 3015 3429 ego
3065 3358 3281 3415 vadum
3330 3357 3551 3427 absque
3601 3356 3823 3427 liberis,
3877 3362 3936 3413 et

2278 3450 2441 3517 ﬁlius
2490 3448 2906 3518 procuratoris
2962 3449 3171 3503 domus
3225 3461 3366 3502 mea:
3431 3447 3538 3503 iste
3604 3447 3933 3507 Domascus

2279 3540 2532 3609 Etiezer,
2565 3542 2621 3594 et
2663 3537 2915 3611 reliqua.
2975 3540 3101 3593 Non
3153 3535 3329 3608 quasi
3359 3533 3602 3603 dubius,
3637 3552 3713 3592 an
3741 3535 3927 3608 ﬁeret,

2278 3627 2352 3683 de
2382 3626 2783 3700 promissione
2812 3625 2934 3695 Dei,
2959 3641 3097 3680 cum
3128 3624 3243 3680 ait:
3280 3625 3529 3680 Domine
3556 3625 3733 3693 Deus,
3784 3628 3932 3697 quid

2278 3716 2446 3772 dabis
2476 3715 2667 3772 mihi?
2693 3714 2795 3771 sed
2827 3712 3137 3787 quomodo
3167 3711 3435 3768 futurum
3463 3709 3562 3786 [Z.,
3587 3713 3923 3788 venturum]

2276 3808 2448 3871 esset,
2484 3804 2822 3877 exquirens.
2856 3802 2968 3858 Sed
2995 3800 3423 3875 requirendum
3454 3803 3541 3856 est
3586 3801 3723 3873 quis
3753 3801 3928 3858 fuerit

2274 3892 2380 3949 iste
2412 3892 2625 3949 Eliezer
2655 3896 3010 3953 Damascus,
3044 3890 3119 3946 de
3154 3906 3276 3963 quo
3303 3889 3449 3945 dixit
3472 3889 3718 3952 Abram,
3740 3889 3926 3947 haeres

2274 3998 2434 4040 meus
2459 3983 2617 4039 erit?
2641 3980 2736 4037 llle
2769 3981 2969 4053 utique
2992 3978 3100 4034 fuit
3128 3978 3284 4033 ﬁlius
3313 3977 3716 4052 procuratoris
3742 3978 3928 4036 Abra-

2270 4071 2385 4141 hae,
2419 4070 2525 4144 qui
2551 4074 2781 4143 postea,
2816 4072 2878 4124 ut
2907 4067 3075 4125 aiunt
3102 4066 3352 4135 Hebraei,
3387 4070 3747 4123 Damascum
3779 4085 3925 4125 con-

2270 4159 2439 4225 didit,
2470 4162 2526 4214 et
2564 4173 2786 4213 nomen
2835 4156 3084 4213 civitatis
3137 4155 3301 4212 dedit
3329 4172 3705 4229 regnumque
3736 4156 3798 4212 in
3850 4174 3925 4214 ea

2269 4247 2542 4304 obtinuit.
2576 4250 2849 4302 Attamen
2898 4244 3254 4316 notandum,
3293 4244 3397 4300 ubi
3442 4260 3555 4299 nos
3598 4244 3919 4317 habemus,

506 4341 592 4393 tre
624 4340 679 4392 et
707 4340 898 4392 matre
928 4335 1138 4401 fuisse;
1159 4336 1263 4391 sed
1285 4336 1429 4408 quia
1451 4350 1672 4391 nomen
1699 4334 1828 4404 ejus
1844 4348 1967 4387 non
1990 4348 2153 4389 com-
2186 4379 2227 4433 Β
2266 4339 2429 4407 ﬁlius
2483 4336 2921 4407 procuratoris,
2948 4332 3221 4390 nonnulli
3252 4333 3679 4391 transtulerunt
3713 4336 3921 4403 :ﬁlius

504 4431 891 4488 memoratur,
924 4424 1035 4480 nisi
1068 4425 1312 4498 quando
1343 4423 1662 4481 occurrerit
1688 4421 1933 4491 Abram,
1961 4425 2018 4477 et
2046 4438 2156 4477 nec
2186 4421 2225 4433 "
2265 4426 2508 4484 Masech
2529 4426 2845 4484 vernaculi
2882 4426 3015 4482 mei.
3054 4424 3267 4496 Aquila
3309 4440 3472 4494 vero,
3500 4425 3665 4493 ﬁlius
3703 4430 3921 4495 potum

502 4521 669 4589 patre
700 4532 808 4571 nec
837 4518 1026 4572 matre
1046 4514 1261 4585 legitur
1288 4515 1347 4569 in
1378 4513 1595 4569 divinis
1643 4510 1977 4585 Scripturis.
2009 4512 2155 4568 Mel-

502 4606 603 4663 chi
629 4604 900 4660 videlicet
927 4608 1114 4677 pater,
1148 4609 1205 4659 et
1228 4603 1451 4660 Sedech
1476 4604 1686 4657 mater.
1722 4603 1787 4656 Et
1833 4600 2149 4672 inquiunt;

499 4695 643 4769 quia
684 4699 852 4767 pater
899 4695 1029 4765 ejus
1083 4691 1286 4749 Melchi
1337 4694 1609 4747 mortuus
1664 4688 1790 4759 fuit,
1823 4692 2151 4762 antequam

500 4784 708 4839 fuisset
729 4782 1152 4839 Melchisedech
1174 4785 1372 4837 natus.
1399 4784 1540 4836 ltem
1560 4784 1752 4837 mater
1773 4779 1902 4851 ejus
1924 4779 2151 4836 Sedech

498 4878 734 4929 mortua
760 4873 867 4929 fuit
896 4873 970 4929 de
1002 4869 1389 4945 parturiendo
1436 4869 1669 4927 habens
1719 4870 1780 4926 in
1824 4873 1992 4925 utero
2023 4869 2151 4927 Mel-

498 4960 837 5034 chisedecb,
870 4966 927 5019 et
954 4979 1026 5017 ex
1078 4961 1170 5016 his
1202 4960 1442 5016 duobus
1471 4961 1819 5017 nominibus
1850 4959 2146 5017 Melchise-

494 5052 647 5109 dech
678 5053 834 5109 ﬁlius
864 5068 1075 5110 eorum
1105 5050 1177 5106 sit
1201 5049 1412 5105 dictus.
1447 5049 1787 5121 Propterea,
1820 5053 1885 5104 ut
1924 5048 2147 5105 Hebraei

494 5142 679 5213 aiunt,
712 5143 838 5198 sine
868 5144 1035 5213 patre
1062 5144 1118 5196 et
1141 5141 1332 5194 matre
1378 5137 1572 5199 fuerit,
1600 5137 1744 5209 quia
1774 5136 1994 5191 mortui
2024 5136 2145 5191 fue-

490 5238 628 5289 runt
657 5234 985 5303 antequam
1010 5234 1188 5284 natus
1236 5230 1408 5283 esset.
1441 5224 1704 5281 Tradunt
1747 5223 1924 5279 etiam
1957 5223 2138 5291 hunc,

490 5325 719 5377 mutato
768 5317 1033 5380 nomine,
1065 5318 1199 5371 Sem
1239 5330 1368 5369 esse
1424 5311 1617 5367 ﬁlium
1672 5315 1810 5377 Noe,
1841 5314 1897 5366 et
1918 5326 2141 5382 suppu-

488 5414 680 5464 tantes
705 5420 900 5461 annos
922 5404 1051 5459 vitae
1083 5403 1295 5475 ipsius,
1319 5400 1643 5457 ostendunt
1674 5416 1813 5456 eum
1863 5400 1941 5455 ad
1972 5401 2138 5457 Isaac

488 5509 677 5564 usque
706 5491 947 5555 vixisse,
983 5506 1314 5562 omnesque
1342 5489 1772 5562 primogenitos
1826 5489 2137 5562 pontiﬁces

484 5582 685 5647 fuisse,
716 5578 941 5659 hostias
974 5584 1091 5637 Deo
1120 5579 1467 5637 immolasse
1517 5594 1707 5651 usque
1756 5578 1835 5635 ad
1866 5582 2136 5652 tempora

553 5683 580 5709 ι
612 5674 799 5727 Locus
829 5670 890 5728 in
922 5676 1174 5745 utroque
1204 5670 1409 5728 codice
1441 5674 1776 5743 corruptus.

2264 4517 2439 4573 danti
2459 4517 2664 4574 domui
2690 4531 2852 4573 meae.
2880 4512 3267 4577 Theodotion,
3311 4513 3478 4581 ﬁlius
3508 4514 3637 4583 ejus
3685 4515 3790 4587 qui
3815 4530 3921 4571 su-

2254 4621 2369 4677 per
2416 4607 2653 4662 domum
2686 4620 2875 4661 meam
2916 4608 3019 4672 est,
3051 4601 3113 4657 id
3142 4606 3229 4657 est
3256 4600 3450 4669 villici,
3481 4601 3586 4674 qui
3640 4602 3923 4661 universa

2260 4693 2592 4768 dispensat,
2638 4698 2693 4749 et
2743 4689 3042 4748 distribuit
3089 4689 3311 4746 cibaria
3342 4689 3614 4758 familiis;
3644 4694 3921 4749 vocatur-

2259 4799 2376 4857 que
2426 4785 2755 4841 Damascus
2802 4782 3056 4838 Eliezer.
3089 4783 3265 4836 Porro
3307 4779 3521 4835 Eliezer
3566 4781 3724 4837 Deus
3749 4796 3919 4838 meus

2258 4875 2506 4944 adjutor
2533 4873 2972 4945 interpretatur,
2991 4868 3115 4941 qui,
3139 4872 3203 4924 ut
3232 4867 3515 4935 diximus,
3549 4869 3921 4927 Damascum

2256 4963 2540 5020 condidit.
2574 4962 2852 5035 Sequitur
2882 4978 2894 5016 :

2324 5054 2489 5108 Vens.
2522 5056 2635 5107 5-6.
2671 5083 2738 5091 —-
2768 5049 3017 5118 Suscipe
3047 5049 3281 5116 caelum,
3315 5053 3368 5104 et
3398 5062 3649 5105 numera
3680 5049 3919 5123 stellas,

2251 5141 2304 5194 si
2324 5147 2506 5209 potes.
2540 5140 2619 5193 Et
2642 5140 2798 5195 dixit
2972 5138 3073 5193 Sic
3117 5138 3231 5193 erit
3274 5151 3467 5193 semen
3518 5142 3711 5193 tuum.
3745 5139 3920 5196 Unde

2250 5226 2310 5281 in
2337 5226 2844 5298 consequentibus
2873 5224 3015 5282 dicit
3040 5242 3051 5279 :
3076 5225 3243 5281 Sicut
3273 5227 3460 5283 stella:
3489 5228 3644 5293 caeli,
3675 5234 3731 5284 et
3756 5229 3922 5285 sicut

2249 5331 2437 5372 arena
2467 5330 2598 5387 quae
2628 5320 2709 5371 est
2759 5315 2959 5370 littore
3002 5316 3207 5381 maris,
3238 5318 3302 5371 In
3352 5315 3533 5371 stellis
3576 5315 3710 5372 caeli
3755 5332 3918 5389 pau-

2247 5404 2458 5475 ciores,
2500 5403 2814 5473 ﬁrmiores,
2846 5402 3127 5461 clariores
3147 5403 3594 5476 intelliguntur;
3629 5405 3690 5461 in
3723 5421 3918 5465 arena

2245 5498 2447 5549 autem
2472 5492 2753 5549 maritimi
2779 5493 2993 5551 littoris
3026 5511 3249 5567 magna
3272 5495 3594 5557 multitudo
3640 5494 3916 5555 inﬁrmo-

2243 5598 2377 5639 rum
2405 5586 2583 5656 atque
2614 5585 2972 5643 carnalium.
