4136 6176
213 224 316 275 177

1530 214 1883 271 COMMENT.
1926 215 1992 269 IN
2038 215 2194 270 GEN.

3525 225 3623 277 l78

284 342 522 397 VensJ.
546 374 604 381 —
635 343 766 413 Ego
789 344 1068 399 Dominus
1088 343 1191 413 qui
1206 342 1392 398 eduxi
1405 347 1460 397 te
1478 341 1551 397 de
1576 340 1655 394 Ur
1682 336 1862 394 Chal-
1890 336 1944 391 Α
1973 336 2161 393 tiones
2183 317 2245 394 se
2267 330 2565 411 ingerunt,
2594 356 2730 412 quae
2757 340 2869 396 hoc
2926 356 3139 412 rapere
3190 340 3285 397 vel
3314 342 3625 399 maculare

212 433 495 489 deorum.
528 434 649 486 Hoc
680 436 768 487 est
794 432 957 504 quod
986 430 1168 504 paulo
1191 436 1326 487 ante
1352 429 1636 495 diximus,
1664 427 1725 482 in
1759 426 1865 479 He-

204 522 366 577 braeo
396 520 628 591 haberi,
658 523 767 593 qui
801 523 986 578 eduxi
1012 527 1069 578 te
1096 522 1169 578 de
1214 521 1504 591 Chesdim,
1553 518 1615 575 id
1645 520 1733 575 est
1787 514 1862 572 de

199 610 486 667 incendio
508 610 947 679 Chaldaeorum,

275 702 453 757 Vens.
483 703 534 768 8,
563 704 615 756 9.
647 731 713 741 -—
738 700 822 755 At
872 701 979 757 ille
1008 701 1095 756 ait
1124 717 1136 755 :
1164 700 1418 755 Domine
1473 701 1650 765 Deus,
1702 698 1862 754 unde

197 791 365 846 scire
377 804 611 859 possum
638 789 799 861 quod
826 804 1200 859 possessqu
1247 790 1357 845 sim
1385 804 1514 846 eam
1544 792 1572 843 ?
1600 789 1858 857 Respon-

194 880 349 935 dens
376 879 665 933 Dominus
692 896 706 934 :
767 880 967 946 Sume,
1001 880 1196 950 inquit
1239 880 1390 935 mihi
1406 892 1649 935 vaccam
1680 880 1860 933 trien-

190 982 353 1032 nem,
384 973 442 1023 et
464 981 711 1036 capram
739 968 979 1024 trimam
1010 966 1201 1037 [Cod.,
1230 968 1498 1033 trinam],
1531 973 1584 1023 et
1615 966 1859 1022 arietem

190 1071 501 1111 annorum
520 1055 702 1111 trium
714 1071 738 1111 .·
755 1062 921 1111 turtu
929 1071 1167 1128 remque
1180 1071 1412 1128 quoque
1428 1064 1481 1112 et
1499 1056 1692 1111 colum
1702 1055 1852 1109 bam.

190 1143 307 1212 Qui
332 1145 562 1200 tollens
592 1144 873 1201 universa
905 1145 1052 1211 liceo,
1092 1146 1294 1201 divisit
1335 1160 1403 1202 ea
1434 1160 1545 1215 per
1574 1144 1856 1210 medium,

190 1238 244 1289 et
268 1232 536 1305 reliqua.
571 1232 725 1300 Quid
775 1234 953 1305 igitur
999 1234 1062 1290 in
1110 1233 1208 1291 illo
1239 1234 1498 1308 mystico
1556 1234 1728 1303 signo
1785 1231 1859 1287 de

190 1321 543 1394 posteritate
574 1322 808 1393 generis
839 1322 928 1377 sui
960 1322 1210 1379 Abrahae
1234 1321 1684 1393 intelligendum
1712 1327 1858 1385 erat,

189 1410 278 1467 vel
295 1426 416 1467 cur
428 1410 613 1467 trium
631 1427 930 1468 annorum
948 1412 1233 1469 animalia
1247 1411 1326 1468 illi
1344 1417 1514 1468 erant
1534 1410 1861 1467 sumenda?

190 1499 281 1555 vel
306 1515 428 1556 cur
453 1500 744 1556 animalia
772 1500 996 1569 dividit,
1056 1506 1113 1557 et
1138 1501 1412 1557 volucres
1441 1516 1564 1556 non
1611 1498 1860 1555 dividit?

187 1589 390 1645 Trium
434 1590 598 1645 enim
649 1605 948 1645 annorum
1005 1590 1293 1646 animalia
1346 1595 1463 1646 tres
1518 1594 1859 1661 temporum

1971 426 2229 494 valeant,
2260 428 2428 500 quod
2477 427 2537 483 in
2595 428 2768 484 nobis
2814 431 2930 483 Deo
2978 427 3185 485 ﬂentes
3214 428 3622 488 immolamus.

1973 514 2136 571 Unde
2160 520 2216 572 et
2245 516 2491 583 Abram,
2524 534 2661 573 cum
2689 518 2767 573 ad
2789 533 3072 574 occasum
3094 517 3234 573 solis
3263 519 3626 576 sacrificium

1969 603 2224 674 offerret,
2254 605 2599 663 insistentes
2641 623 2782 664 aves
2822 606 3078 681 pertulit,
3128 624 3285 680 quas
3335 609 3624 678 studiose,

1968 710 2043 750 ne
2073 694 2346 752 oblatum
2373 697 2730 752 sacriﬁcium
2782 702 3081 769 raperent,
3115 697 3331 767 abegit.
3368 698 3458 755 Sic
3489 715 3623 771 nos,

1968 784 2116 841 dum
2164 786 2224 842 in
2255 801 2362 842 ara
2391 787 2584 843 cordis
2614 786 2968 843 holocausta
3018 790 3133 842 Deo
3161 787 3487 855 offerimus,
3545 788 3625 845 ab

1967 873 2300 931 immundis
2329 876 2458 932 haec
2483 876 2827 933 volucribus
2853 876 3244 944 custodimus,
3271 891 3345 931 ne
3376 876 3625 947 maligni

1968 963 2213 1036 spiritus
2235 969 2291 1021 et
2304 980 2597 1038 perversae
2616 965 3001 1036 cogitationes
3022 964 3258 1038 rapiant
3271 965 3437 1038 quod
3455 982 3628 1022 mens

1966 1058 2171 1110 nostra
2195 1053 2405 1111 offerre
2437 1055 2690 1111 Domino
2721 1054 2936 1111 utiliter
2963 1058 3214 1126 poterat.

2039 1145 2210 1200 Vens.
2241 1147 2420 1200 13-17.
2445 1177 2513 1185 —
2536 1146 2826 1217 Dixitque
2848 1145 3135 1200 Dominus
3156 1144 3237 1199 ad
3256 1160 3428 1200 eum:
3464 1144 3623 1201 Scito

1961 1248 2341 1302 praenoscens
2377 1236 2536 1307 quod
2570 1237 2952 1306 peregrinum
2988 1237 3272 1306 futurum
3310 1236 3385 1290 sit
3428 1251 3621 1291 semen

1970 1328 2138 1378 tuum
2164 1324 2226 1378 in
2249 1328 2413 1380 terra
2435 1340 2553 1380 non
2575 1340 2705 1391 sua,
2743 1331 2798 1381 et
2823 1324 3139 1395 subjicient
3165 1339 3257 1380 eos
3277 1326 3553 1380 servituti
3571 1330 3626 1381 et

1969 1414 2245 1483 afﬂigent
2291 1413 2748 1484 quadringentis
2797 1415 2995 1479 annis,
3029 1418 3085 1469 et
3103 1413 3353 1486 reliqua.
3385 1417 3509 1470 Non
3543 1414 3628 1469 sic

1969 1500 2385 1573 accipiendum
2430 1507 2516 1559 est
2544 1508 2837 1576 tanquam
2861 1503 2922 1559 in
2961 1502 3063 1559 illa
3091 1503 3418 1559 durissima
3448 1504 3628 1558 servi-

1975 1595 2096 1647 tute
2126 1591 2578 1663 quadringentis
2605 1592 2778 1648 annis
2834 1593 2931 1648 Dei
2960 1592 3223 1665 populus
3271 1592 3445 1648 fuerit
3477 1610 3490 1661 ;
3520 1592 3627 1649 sed

190 1678 478 1734 articulos
525 1678 868 1748 designant,
898 1678 1120 1751 quibus
1146 1679 1411 1753 populus
1442 1678 1520 1734 ad
1548 1693 1856 1733 summum
1893 1693 1937 1746 Β
1966 1680 2111 1752 quia
2141 1680 2427 1754 scriptum
2447 1687 2573 1737 est:
2610 1683 2677 1737 In
2707 1683 2880 1738 Isaae
2928 1682 3242 1738 vocabitur
3268 1682 3378 1737 tibi
3403 1697 3621 1749 semen,

190 1768 442 1824 honoris
461 1767 705 1823 culmen
728 1767 1000 1824 adolevit.
1055 1774 1095 1823 A
1129 1767 1503 1841 temporibus
1555 1782 1699 1823 vero
1754 1782 1857 1839 pa-

190 1856 466 1913 triarchae
514 1856 769 1913 Abrahae
825 1872 931 1929 per
981 1856 1477 1930 repromissiones
1529 1871 1724 1928 usque
1776 1855 1855 1911 ad

190 1951 465 2019 tempora
482 1945 667 2018 Moysi
693 1946 1049 2017 conjunctus
1079 1950 1166 2002 est
1193 1949 1344 2002 Deo:
1375 1963 1410 2002 a
1439 1950 1705 2018 tempore
1744 1961 1853 2001 au-

194 2042 306 2091 tem
334 2035 529 2107 Moysi
552 2034 927 2103 legislatoris,
973 2052 1009 2091 a
1037 2036 1158 2091 Deo
1211 2035 1358 2105 legis
1380 2034 1747 2108 acceptione,
1795 2037 1853 2091 et

198 2124 623 2180 miraculorum
657 2124 1344 2197 ostensione,triumphis
1369 2128 1425 2180 et
1454 2129 1622 2180 terrm
1650 2138 1851 2196 repro-

204 2213 499 2269 missionis
540 2213 911 2284 ingressione
960 2213 1362 2283 gloriﬁcatus;
1412 2229 1449 2269 a
1477 2212 1849 2286 temporibus

208 2316 346 2357 vero
395 2302 574 2358 David
628 2301 794 2373 regio
849 2303 1078 2358 honore
1125 2307 1184 2359 et
1224 2301 1427 2375 templi
1478 2300 1849 2373 civitatisque

210 2390 561 2447 Hierusalem
609 2390 1002 2447 instructione
1028 2391 1291 2448 elevatus
1320 2395 1424 2447 est.
1456 2391 1621 2447 Aries
1648 2394 1848 2447 autem

200 2478 421 2549 regiam
441 2486 497 2536 et
525 2480 960 2536 sacerdotalem
989 2479 1337 2550 dignitatem
1372 2499 1385 2548 ;
1414 2496 1600 2536 vacca
1629 2478 1742 2535 sub
1772 2478 1845 2535 1e-

194 2568 283 2638 gis
312 2567 509 2625 littera
566 2570 919 2625 servientem
953 2588 965 2637 ;
993 2584 1177 2642 capra
1210 2569 1391 2626 etiam
1421 2568 1703 2625 eumdem
1742 2584 1849 2641 po-

192 2657 402 2729 pulum
437 2664 814 2730 peccatorem
844 2674 977 2714 esse
1023 2658 1321 2728 designat.
1374 2664 1528 2714 Aves
1561 2674 1703 2713 vero
1734 2658 1849 2730 spi-

188 2745 388 2803 ritales
440 2750 500 2803 et
555 2748 673 2803 Deo
725 2747 947 2803 electos
974 2747 1463 2821 prreﬁgurabant.
1519 2747 1849 2804 Divisiones

189 2850 459 2909 namque
490 2836 843 2893 animalium
870 2836 1196 2893 schismata
1225 2835 1377 2893 inter
1404 2837 1677 2893 carnales
1699 2852 1851 2893 sem-

186 2938 291 2997 per
335 2941 472 2981 esse
522 2925 867 2982 ostendunt.
912 2926 1050 2983 Ideo
1081 2942 1222 2982 vero
1252 2925 1419 2999 quod
1443 2942 1585 2982 aves
1612 2941 1735 2981 non
1761 2924 1849 2981 di-

1966 1786 2037 1825 ex
2069 1786 2230 1827 anno
2260 1771 2578 1827 nativitatis
2610 1772 2781 1828 Isaac
2808 1787 2999 1844 usque
3032 1772 3109 1827 ad
3165 1788 3395 1828 annum
3428 1787 3625 1842 egres-

1965 1859 2147 1915 sionis
2178 1876 2250 1916 ex
2279 1862 2539 1934 [Egypto
2570 1865 2996 1933 computantur
3031 1860 3171 1917 anni
3198 1860 3625 1934 quadringenti

1962 1948 2250 2022 quinque.
2280 1953 2426 2007 Cum
2449 1965 2592 2020 ergo
2640 1950 2715 2006 de
2741 1950 3203 2023 quadringentis
3234 1951 3474 2021 triginta
3522 1951 3624 2007 de-

1962 2039 2212 2095 traxeris
2255 2039 2465 2108 viginti
2519 2040 2806 2112 quinque,
2839 2040 2942 2112 qui
2993 2044 3129 2095 sunt
3160 2055 3195 2094 a
3222 2040 3622 2112 promissione

1960 2142 2151 2199 usque
2178 2128 2257 2183 ad
2271 2132 2481 2184 natum
2505 2132 2607 2196 [Z.,
2632 2128 3020 2190 nativitatem]
3046 2132 3232 2198 Isaac,
3254 2144 3379 2183 non
3400 2127 3621 2183 mirum

1959 2218 2046 2271 est
2075 2219 2123 2270 si
2151 2215 2587 2288 quadragintos
2620 2221 2677 2273 et
2705 2217 2973 2289 quinque
3014 2232 3207 2273 annos
3257 2232 3498 2271 summa
3527 2232 3620 2271 so-

1956 2304 2078 2361 lida
2109 2308 2214 2371 [Z.,
2246 2304 2519 2374 solidate]
2550 2305 3023 2378 quadringentos
3062 2304 3253 2361 voluit
3310 2304 3619 2377 appellare

1960 2394 2280 2467 Scriptura,
2340 2411 2474 2468 quas
2508 2395 2659 2451 solet
2700 2399 2974 2468 tempora
3002 2395 3083 2451 ita
3124 2409 3496 2466 nuncupare,
3554 2397 3621 2450 ut

1956 2483 2122 2555 quod
2159 2483 2234 2540 de
2293 2500 2534 2541 summa
2575 2484 2956 2557 perfectionis
3015 2484 3250 2540 numeri
3300 2483 3618 2557 paululum

1956 2574 2258 2640 excrescit,
2289 2577 2394 2630 aut
2442 2574 2598 2630 intra
2628 2579 2739 2644 est,
2770 2590 2893 2629 non
2921 2578 3321 2647 computetur.
3356 2577 3481 2630 Non
3514 2572 3620 2629 ita-

1956 2678 2073 2734 que
2103 2662 2270 2735 quod
2304 2663 2403 2721 ait.
2433 2664 2494 2719 in
2526 2664 2866 2720 servitutem
2906 2664 3177 2734 redigent
3204 2679 3328 2726 eos,
3366 2667 3421 2718 et
3442 2677 3619 2718 noce-

1955 2752 2108 2810 bunt
2157 2753 2294 2825 illis,
2344 2754 2421 2810 ad
2470 2752 2946 2827 quadringentos
2992 2770 3185 2811 annos
3235 2752 3618 2810 referendum

1957 2847 2067 2911 est,
2099 2848 2414 2917 tamquam
2436 2859 2542 2917 per
2573 2848 2655 2900 tot
2703 2860 2897 2900 annos
2923 2860 3026 2901 eos
3058 2844 3380 2901 habuerint
3408 2843 3469 2899 in
3500 2858 3618 2898 ser-

1956 2934 2226 3003 vitutem,
2258 2932 2364 2989 sed
2388 2933 2680 2989 referendi
2708 2937 2846 2989 sunt
2887 2932 3311 3006 quadringenti
3336 2933 3479 2989 anni
3537 2931 3617 2987 ad

184 3014 337 3104 visit,
372 3030 494 3088 pax
528 3020 586 3071 et
617 3015 814 3071 unitas
874 3015 1228 3089 spiritalium
1283 3014 1643 3086 intelligitur.
1677 3016 1849 3078 Quod
1880 3047 1920 3104 ρ
1957 3023 2017 3079 id
2046 3022 2212 3095 quod
2237 3021 2463 3079 dictum
2494 3027 2605 3090 est,
2653 3025 3042 3092 peregrinum
3091 3024 3203 3079 erit
3229 3037 3424 3079 semen
3447 3027 3612 3077 tuum

184 3103 340 3160 circa
351 3120 676 3178 vesperam
692 3121 883 3178 pavor
896 3105 1066 3162 irruit
1086 3121 1268 3177 super
1288 3105 1535 3175 Abram,
1564 3109 1849 3161 terrorem

182 3192 237 3247 in
264 3193 364 3249 die
389 3193 633 3265 judicii,
663 3195 767 3266 qui
817 3195 1118 3268 separabit
1160 3194 1238 3250 ab
1270 3194 1528 3250 invicem
1560 3194 1851 3266 spiritales

181 3287 233 3337 et
284 3281 602 3345 carnales,
664 3282 810 3337 alios
839 3289 1097 3340 statuens
1153 3283 1213 3339 in
1245 3284 1575 3349 dexteram,
1611 3283 1757 3338 alios
1791 3284 1852 3339 in

181 3373 525 3429 sinistram.
544 3377 695 3427 Aves
715 3389 873 3440 vero,
889 3390 1017 3447 quae
1040 3391 1223 3447 super
1258 3374 1555 3429 cadavera
1580 3373 1853 3447 volitant,

181 3462 584 3520 daemoniacze
615 3467 754 3517 sunt
780 3468 1122 3536 potestates,
1154 3482 1288 3538 quae
1334 3464 1680 3521 carnalibus
1713 3463 1854 3520 insi-

185 3556 326 3611 dere
350 3558 652 3627 quaerunt,
685 3569 839 3626 quas
875 3553 1127 3611 devotus
1157 3555 1367 3611 doctor
1398 3554 1607 3611 sedula
1639 3553 1853 3611 admo-

198 3644 418 3699 nitione
446 3642 683 3714 abigere
710 3643 908 3700 debet.

206 3730 209 3731 ⁷
277 3730 604 3800 intelligitur
638 3736 696 3788 et
726 3732 896 3789 aliter
922 3733 1031 3790 iste
1058 3733 1277 3790 modus
1308 3733 1536 3804 ﬁgurae.
1572 3736 1680 3790 Per
1712 3750 1849 3791 vac-

215 3833 350 3873 cam
384 3818 525 3875 enim
552 3820 882 3891 signiﬁcata
921 3827 1011 3879 est
1040 3823 1210 3896 plebs
1244 3823 1439 3895 posita
1495 3823 1611 3878 sub
1659 3823 1846 3894 jugo;

203 3922 315 3982 per
336 3922 566 3981 capram
612 3912 982 3967 criminatrix
1026 3912 1345 3968 multitudo
1403 3912 1671 3981 gentium
1705 3927 1850 3984 ;per

198 3997 435 4053 arietem
469 3997 654 4054 duces
683 4000 895 4072 populi
937 4000 1234 4071 gentium.
1273 4001 1472 4057 Trium
1524 4001 1684 4056 enim
1743 4016 1848 4055 an-

184 4102 405 4143 norum
429 4087 721 4144 animalia
757 4089 871 4145 tria
918 4094 1191 4163 tempora
1220 4089 1575 4159 signiﬁcant,
1613 4089 1757 4161 quia
1786 4089 1845 4145 in

185 4176 421 4231 tertium
453 4180 698 4249 tempus
730 4179 832 4245 [Ζ,,
887 4180 1057 4235 tertio
1109 4183 1401 4251 tempore]
1462 4178 1576 4234 ista
1632 4178 1845 4235 divisio

180 4264 334 4321 facta
365 4269 478 4325 est.
511 4266 848 4336 segregatio
903 4267 1174 4323 videlicet
1217 4266 1485 4322 ﬁdelium
1530 4266 1609 4321 ab
1641 4266 1845 4322 intide-

1958 3114 2021 3168 in
2054 3117 2217 3168 terra
2247 3128 2365 3167 non
2386 3114 2658 3181 propria.
2693 3112 2842 3175 Quia
2883 3112 3003 3167 sive
3035 3112 3096 3166 in
3122 3116 3278 3167 terra
3300 3113 3611 3175 Chanaan,

1961 3201 2081 3257 sive
2099 3200 2162 3255 in
2194 3201 2450 3271 [Egypto
2478 3200 2858 3272 peregrinum
2879 3204 3005 3255 erat
3023 3200 3171 3255 illud
3195 3216 3421 3268 semen,
3454 3202 3616 3254 ante-

1961 3305 2149 3362 quam
2180 3289 2585 3344 haereditatem
2607 3293 2911 3344 sumerent
2939 3289 3000 3343 in
3035 3293 3208 3357 terra,
3242 3304 3315 3343 ex
3357 3288 3613 3360 promis-

1965 3378 2131 3434 sione
2160 3376 2279 3439 Dei,
2299 3377 2463 3449 quod
2489 3376 2716 3432 factum
2744 3381 2834 3432 est
2855 3382 3249 3449 posteaquam
3263 3392 3336 3432 ex
3350 3379 3611 3448 zEgypto

1961 3467 2194 3523 liberati
2239 3472 2395 3533 sunt,
2448 3472 2509 3521 ut
2556 3466 2932 3538 hyperbaton
2985 3466 3080 3522 hic
3123 3465 3501 3537 intelligatur,
3548 3468 3614 3521 ut

1962 3556 2111 3612 ordo
2131 3555 2453 3611 verborum
2477 3554 2547 3609 sit
2571 3571 2584 3609 :
2616 3553 2870 3612 Seiendo
2893 3556 3038 3611 scies
3063 3555 3207 3626 quia
3222 3555 3610 3625 peregrinum

1961 3649 2073 3702 emt
2092 3660 2282 3701 semen
2300 3650 2465 3699 tuum
2482 3643 2547 3700 in
2569 3649 2731 3701 terra
2750 3661 2866 3700 non
2888 3645 3141 3713 propria
3157 3643 3610 3715 quadringentis

1960 3735 2167 3800 annis;
2201 3731 2346 3787 illud
2376 3737 2578 3787 autem
2601 3730 3018 3805 interpositum
3042 3731 3422 3801 intelligatur,
3456 3738 3510 3788 et
3546 3732 3609 3786 in

1956 3823 2299 3879 servitutem
2319 3821 2591 3890 redigent
2617 3835 2736 3887 eas,
2769 3827 2821 3875 et
2851 3821 3144 3876 nocebunt
3170 3821 3316 3889 illis,
3343 3820 3426 3875 ita
3458 3825 3520 3875 ut
3545 3820 3608 3875 in

1956 3910 2429 3984 quadringentos
2475 3925 2668 3965 annos
2722 3910 2836 3966 ista
2863 3909 3233 3981 interpositio
3282 3924 3405 3964 non
3435 3908 3610 3980 perti-

1955 4005 2112 4057 neat.
2138 4000 2203 4055 In
2232 4003 2497 4055 extrema
2525 3999 2684 4055 enim
2733 4004 2900 4072 parte
2931 4015 3183 4055 summie
3239 3999 3439 4070 hujus,
3493 3999 3609 4055 hoc

1955 4095 2043 4146 est
2070 4094 2211 4162 post
2240 4094 2492 4145 mortem
2524 4089 2763 4161 Joseph,
2793 4088 3016 4145 factum
3040 4093 3128 4144 est
3154 4094 3218 4144 ut
3244 4088 3306 4144 in
3348 4089 3608 4161 Egypto

1954 4177 2217 4251 populus
2266 4179 2366 4233 Dei
2424 4177 2639 4233 duram
2706 4183 3018 4250 perageret
3083 4178 3443 4235 servitutem.
3495 4177 3610 4236 Sed

1953 4284 2141 4341 quare
2184 4267 2412 4323 dictum
2466 4272 2553 4323 est
2601 4268 2675 4324 de
2721 4267 2857 4324 ﬁliis
2901 4267 3158 4324 Abram:
3203 4268 3434 4336 Quarta
3471 4283 3611 4337 pro-

178 4354 350 4410 libus.
391 4357 502 4410 Per
558 4358 847 4410 turturem
877 4356 1035 4411 enim
1082 4360 1138 4412 et
1169 4355 1516 4412 columbam
1553 4354 1845 4428 spiritales
1879 4397 1920 4451 υ
1954 4359 2122 4430 genie
2168 4363 2544 4414 revertentur
2600 4359 2717 4413 huc
2753 4363 2780 4414 ε)
2828 4362 2885 4413 et
2960 4358 3019 4413 in
3089 4358 3290 4414 Exodo
3347 4357 3559 4427 legitur
3593 4374 3604 4411 :

177 4442 537 4499 ethmredes
568 4458 639 4498 ex
671 4448 922 4516 utroque
954 4444 1179 4518 populo
1224 4444 1391 4515 regni
1418 4444 1595 4499 futuri
1627 4447 1729 4511 [Z.,
1759 4459 1847 4499 re-
1881 4442 1916 4451 ’⁷
1957 4447 2176 4514 Quinta
2226 4448 2610 4515 generatione
2678 4448 3073 4504 ascenderunt
3120 4447 3239 4514 ﬁlii
3305 4447 3494 4501 Israel
3537 4445 3610 4501 de

174 4532 268 4601 gni
297 4532 410 4589 Dei
446 4531 655 4594 futuri]
707 4532 1070 4604 praeﬁgurati
1117 4538 1272 4589 sunt.
1319 4532 1597 4588 Volucres
1643 4537 1844 4589 autem

174 4618 619 4677 descendentes
647 4636 828 4694 super
857 4621 1163 4678 cadavera
1206 4621 1506 4678 immundi
1558 4626 1697 4677 sunt
1724 4621 1844 4695 spi-

172 4708 329 4783 ritus,
386 4725 507 4783 qui
562 4709 862 4766 mentibus
901 4711 1234 4767 carnalium
1308 4726 1543 4783 semper
1590 4710 1845 4766 insidere

167 4802 476 4870 quaerunt,
520 4814 681 4871 quos
734 4799 987 4857 devotus
1041 4800 1254 4857 doctor
1307 4800 1517 4856 sedula
1575 4799 1847 4855 admoni-

164 4887 319 4948 tione
340 4889 607 4955 abigere
638 4887 835 4960 debet,
885 4896 949 4946 ut
1004 4907 1187 4963 supra
1233 4890 1624 4946 ostendimus.
1683 4888 1845 4945 [inde

161 4981 215 5032 et
233 4979 414 5051 sequi
426 4981 548 5043 tur,

227 5069 410 5123 Vens.
452 5070 632 5121 10-12.
658 5098 724 5106 -—
737 5067 811 5122 Et
837 5067 1114 5137 abigebat
1133 5083 1230 5123 eos
1253 5068 1500 5124 Abram.
1528 5066 1701 5132 Quod
1732 5067 1844 5122 hoc

158 5155 487 5211 moraliter
543 5153 789 5225 intelligi
821 5154 1048 5210 volunt.
1106 5156 1272 5227 Stepe
1306 5155 1490 5211 corda
1540 5156 1844 5227 justorum

155 5244 431 5301 subortre
457 5244 852 5313 cogitationes
868 5244 1164 5316 polluunt,
1186 5249 1241 5300 et
1259 5249 1627 5300 terrenarum
1646 5261 1844 5301 rerum

157 5333 681 5391 delectationibus
698 5337 976 5404 tangunt;
992 5335 1091 5390 sed
1112 5335 1256 5389 dum
1281 5333 1450 5389 citius
1470 5350 1658 5390 manu
1674 5351 1845 5391 sanc-

161 5428 230 5478 ta:
250 5423 653 5480 discretionis
670 5424 767 5479 abi
776 5429 1015 5493 guntur,
1029 5423 1203 5497 quasi
1219 5439 1359 5479 aves
1376 5423 1840 5496 repelluntur.ne

161 5513 363 5569 cordis
398 5512 625 5568 faciem
655 5512 853 5583 caligo
884 5513 1224 5569 tentationis
1249 5513 1496 5585 operiat,
1530 5528 1665 5584 quae
1690 5513 1849 5569 hanc

160 5600 286 5671 jam
310 5618 391 5659 ex
428 5601 639 5658 illicita
667 5601 1062 5659 delectatione
1092 5605 1395 5674 tangebat.
1430 5606 1578 5658 Nam
1605 5618 1763 5671 saepe
1788 5603 1848 5658 in

169 5691 303 5763 ipso
338 5690 648 5747 orationis
679 5696 900 5747 nostras
931 5690 1224 5748 sacriﬁcio
1250 5692 1607 5763 importunae
1630 5692 1852 5759 cogita-

1955 4542 2120 4592 terra
2146 4537 2418 4606 (Egypti
2444 4537 2470 4591 ζ)
2499 4535 2737 4607 Replica
2796 4535 3213 4603 genealogiam
3260 4533 3413 4589 Levi.
3478 4532 3608 4586 Levi

1954 4624 2157 4695 genuit
2183 4626 2347 4691 Cath,
2383 4625 2527 4680 Cath
2560 4624 2763 4693 genuit
2791 4628 3058 4684 Amram,
3108 4628 3352 4677 Amram
3405 4619 3610 4689 genuit

1953 4717 2172 4780 Aaron,
2229 4714 2428 4767 Aaron
2504 4712 2708 4780 genuit
2780 4711 3037 4779 Eleazar,
3117 4708 3355 4764 Eleazar
3405 4706 3609 4776 genuit

1956 4801 2221 4857 Phinees.
2252 4802 2396 4856 Cath
2427 4817 2566 4856 eum
2610 4805 2777 4873 patre
2824 4815 2934 4854 suo
2994 4798 3125 4853 Levi
3181 4797 3490 4867 ingressus
3521 4801 3609 4853 est

1953 4892 2303 4961 [Egyptunn
2331 4892 2587 4944 Rursum
2624 4889 2858 4944 Eleazar
2898 4904 3032 4943 cum
3067 4892 3233 4959 patre
3268 4903 3379 4943 suo
3410 4892 3606 4942 Aaron

1955 4994 2232 5050 egressus
2263 4976 2447 5033 estab
2483 4978 2761 5049 .irlgypto.
2797 4982 2842 5031 A
2874 4978 3019 5033 Cath
3049 4992 3235 5049 usque
3265 4977 3341 5033 ad
3372 4976 3608 5033 Eleazar

1955 5071 2381 5141 computantur
2438 5072 2715 5137 quatuor.
2767 5067 2935 5132 Quod
3014 5072 3212 5123 autem
3272 5067 3608 5122 secundum

1956 5157 2227 5215 Exodum
2257 5157 2466 5228 quinta
2493 5157 2871 5224 generatione
2896 5158 3268 5226 egressisunt
3298 5156 3399 5211 lilii
3431 5156 3609 5212 israel

1955 5249 2029 5305 de
2078 5251 2250 5310 terra,
2294 5245 2480 5300 tribus
2535 5244 2636 5300 tibi
2665 5244 2830 5299 Judae
2886 5244 3034 5300 ordo
3065 5250 3427 5300 numeretur.
3456 5244 3610 5299 Juda

1956 5337 2162 5409 genuit
2232 5337 2471 5407 Phares,
2548 5337 2764 5391 Phares
2847 5335 3050 5404 genuit
3118 5337 3349 5405 Esrom,
3403 5338 3609 5390 Esrom

1958 5428 2161 5496 genuit
2230 5432 2411 5491 Arau,
2488 5432 2644 5482 Aran
2706 5425 2907 5492 genuit
2964 5424 3322 5490 Aminadab,
3372 5425 3610 5480 Amina-

1957 5516 2077 5571 dab
2141 5516 2344 5585 genuit
2438 5520 2692 5576 Naason,
2788 5518 3019 5570 Naason
3087 5514 3290 5584 genuit
3342 5515 3606 5570 Salmon.

1958 5605 2177 5659 Phares
2209 5621 2345 5660 cum
2372 5609 2541 5676 patre
2572 5621 2681 5658 suo
2715 5603 2885 5659 .luda
2934 5602 3251 5674 ingressus
3294 5608 3385 5658 est
3432 5604 3610 5672 Egy-

1960 5696 2150 5764 ptum.
2186 5694 2426 5748 Naason
2467 5693 2768 5767 principes
2795 5694 2951 5748 Juda
2998 5693 3054 5747 in
3114 5692 3346 5747 deserto
3395 5688 3608 5744 descri-
