4130 6182
505 208 606 271 1Ἶ9

1504 172 1507 173 ί
1596 208 1949 265 ANGELOMI
1993 194 2447 263 LUXOVIENSIS
2486 206 2807 265 nomem

3839 206 3948 269 180

499 320 684 387 bitur,
716 321 888 391 cujus
942 318 1098 374 ﬁlius
1144 318 1385 375 Salmon
1429 322 1648 373 terram
1676 311 2156 388 repromissionis
2191 316 2234 368 A
2268 311 2838 380 illustrati.'0uidam
2859 315 3097 371 codices
3123 315 3370 383 habent,
3420 316 3673 373 bibentis
3722 324 3780 375 et
3840 321 3938 375 vi-

501 398 782 468 introivit.
807 408 1103 479 Computa
1132 422 1168 461 a
1217 406 1434 481 Phares
1463 420 1654 478 usque
1685 404 1763 459 ad
1810 407 2071 463 Naason,
2104 405 2159 455 et
2269 404 2483 472 dentis,
2516 404 2660 477 quia
2687 406 3104 477 unusquisque
3154 410 3384 477 quanto
3414 407 3609 473 magis
3641 408 3951 465 sorbuerit

502 496 770 556 invenies
796 495 1208 567 generationes
1232 495 1524 566 quinque.
1698 548 1716 570 ,

574 587 749 643 Vens.
782 588 861 642 18.
894 617 962 626 —-
991 584 1221 641 Semini
1248 588 1350 639 tuo
1380 583 1533 640 dabo
1557 580 1971 639 terram'hanc
1993 595 2031 635 a
2052 580 2164 647 ﬂu-

504 678 666 733 mine
693 674 962 745 zEgypti
990 687 1174 743 usque
1230 672 1311 728 ad
1358 674 1583 742 ﬂumen
1630 671 2026 741 Euphratem.
2082 668 2163 722 De

505 780 629 838 quo
657 762 904 819 ﬂumine
946 761 1181 833 Egypti
1210 761 1403 817 dixit?
1455 764 1580 817 Non
1630 775 1771 829 ergo
1825 774 1862 814 a
1917 756 2165 812 ﬂumine

506 867 730 921 magno
760 850 1012 923 .Egypti,
1045 851 1159 906 hoc
1188 854 1295 920 est,
1330 850 1475 919 Nilo,
1522 850 1624 905 sed
1676 866 1710 905 a
1739 863 1949 921 parvo,
1999 843 2165 917 quod

504 940 711 997 dividit
762 939 918 995 inter
948 943 1269 1012 Egyptum
1313 944 1369 995 et
1398 940 1778 996 Palaestinam
1827 934 2164 999 [Z..dividit

508 1031 751 1102 Egypt.
811 1035 866 1085 et
914 1029 1087 1101 PaL],
1148 1030 1252 1085 ubi
1298 1034 1385 1085 est
1437 1030 1640 1084 civitas
1705 1026 2167 1083 Rhina'curura

506 1118 1027 1189 [Rhinnocorura].
1103 1117 1277 1185 Quod
1350 1134 1493 1174 vero
1560 1117 1943 1188 adjungitur:
2020 1114 2167 1171 Cum

506 1209 599 1265 sol
670 1209 1054 1276 occubuisset,
1110 1208 1280 1277 facta
1352 1212 1435 1263 est
1485 1208 1680 1276 caligo
1737 1206 2066 1277 tenebrosa,
2113 1215 2167 1263 et

509 1300 799 1368 apparuit
826 1297 1099 1353 clibanus
1134 1297 1403 1366 fumans,
1439 1300 1493 1351 et
1525 1296 1758 1365 lampas
1792 1296 1969 1366 ignis,
2003 1302 2168 1353 tran-

506 1386 663 1444 siens
687 1387 845 1442 inter
881 1386 1076 1442 media
1105 1386 1238 1450 illa,
1270 1399 1399 1456 qua:
1428 1384 1620 1438 divisa
1651 1390 1845 1444 erant,
1876 1383 2174 1452 signiﬁcat

509 1479 649 1551 post
671 1474 857 1531 ﬁnem
891 1473 1092 1530 saeculi
1134 1472 1401 1529 futurum
1433 1472 1592 1528 diem
1646 1472 1872 1543 judicii,
1923 1474 2172 1546 quando

510 1580 619 1640 per
667 1564 872 1637 ignem
924 1563 1403 1634 segregabuntur
1451 1566 1796 1618 sanctorum
1849 1563 2060 1635 populi
2116 1568 2173 1621 et

512 1653 880 1726 iniquorum.

1177 1741 1407 1796 CAPUT
1443 1741 1573 1795 XVI.

584 1830 808 1887 Deinde
827 1830 1041 1900 legitur
1061 1829 1314 1903 qualiter
1342 1828 1562 1885 Abram
1591 1827 1669 1883 ad
1694 1833 1851 1899 Agar
1890 1830 2171 1887 ancillam

515 1921 855 1993 Egyptiam
906 1919 1214 1990 ingressus
1253 1923 1358 1974 est.
1406 1920 1464 1972 et
1511 1918 1715 1986 genuit
1745 1933 1817 1973 ex
1843 1933 1914 1973 ea
1956 1908 2171 1988 ﬁlium,

515 2009 873 2081 vocavitque
902 2022 1146 2065 nomem
1178 2007 1306 2079 ejus
1344 2006 1578 2074 Ismael,
1623 2006 1698 2063 de
1742 2022 1866 2079 quo
1916 2007 2170 2064 dicitur:

513 2100 631 2155 Hic
654 2099 769 2155 erit
785 2100 953 2166 ferus
993 2098 1164 2154 homo
1197 2113 1210 2152 :
1243 2111 1457 2153 manus
1509 2097 1640 2165 ejus
1691 2101 1902 2152 contra
1951 2111 2171 2168 omnes,

516 2191 574 2243 et
598 2186 848 2259 reliqua.

586 2275 904 2341 Quomodo
929 2273 1269 2330 defenditur
1297 2272 1521 2329 Abram
1551 2272 1827 2328 adulterii
1873 2289 2010 2329 reus
2049 2290 2173 2330 non

516 2380 670 2430 esse,
718 2363 866 2419 dum
917 2363 1149 2418 vivente
1179 2362 1447 2431 legitima
1478 2377 1662 2417 uxore
1711 2362 2068 2433 conjunctus
2100 2363 2176 2418 sit

515 2452 743 2510 ancillas
772 2468 895 2507 sure
914 2453 941 2508 ‘I
971 2450 1239 2508 Necdum
1270 2450 1654 2523 promulgata
1676 2456 1802 2507 erat
1832 2452 2009 2506 unius
2032 2469 2175 2508 uxo-

443 2613 453 2623 η
514 2543 596 2599 ris
623 2541 979 2613 Evangelica
1006 2541 1120 2597 lex.
1144 2540 1417 2597 Habebat
1445 2556 1688 2612 quoque
1711 2541 2172 2611 promissionem

518 2647 555 2689 a
605 2633 726 2687 Deo
757 2630 1190 2704 multiplicandi
1252 2630 1464 2695 [Petr.,
1496 2630 1895 2702 multiplicati]
1928 2631 2173 2686 seminis

517 2721 638 2790 sui;
668 2721 775 2777 sed
800 2719 1064 2776 necdum
1108 2719 1332 2776 sciebat
1356 2735 1428 2775 ex
1457 2734 1581 2792 qua
1611 2734 1816 2785 uxore,
1861 2720 2005 2792 quia
2034 2736 2175 2793 pos-

515 2798 613 2867 tea
640 2810 868 2867 dictum
899 2811 953 2866 ei
978 2809 1054 2866 de
1088 2813 1234 2867 Sara
1258 2810 1479 2866 habere
1510 2808 1722 2865 ﬁlium.
1757 2813 1906 2866 Nam
1937 2815 2176 2883 propte-

513 2914 618 2957 rea
640 2899 723 2958 sic
742 2900 1123 2974 propagandi
1138 2899 1417 2955 voluntas
1449 2899 1549 2971 pia
1570 2898 1696 2966 fuit,
1730 2900 1875 2971 quia
1896 2916 2176 2956 concum-

513 2989 699 3047 bendi
724 2990 1005 3046 voluntas
1040 2988 1363 3045 libidinosa
1392 3002 1513 3043 non
1554 2988 1682 3055 fuit,
1714 2988 1893 3045 etiam
1925 2995 1982 3045 et
2008 2990 2175 3046 Sarai
2206 3018 2246 3073 ο
2287 2988 2421 3035 qua”
2454 2988 2560 3034 PC"
2590 2988 2626 3060 ξι
2663 2988 2944 3061 ,ιυῖέιδυΓχ
2970 2988 3023 3017 δι
3079 2988 3280 3016 “Nam
3305 2988 3391 3015 δδι
3418 2988 3578 3016 δάνει’
3612 2988 3808 3058 “au?”
3833 2988 3938 3015 αα·

513 3078 762 3122 ιπηιρτη
795 3094 981 3122 mnam
1011 3078 1086 3122 ΗΑ
1114 3093 1178 3122 ea
1210 3077 1429 3122 habere
1455 3092 1568 3122 mm
1603 3078 1814 3122 nntniL
1850 3077 1924 3122 de.
1956 3078 2168 3122 ancilla
2284 3055 2406 3107 tem
2446 3067 2708 3106 non-“ms
2739 3055 2947 3107 mnta“
2978 3051 3102 3105 hmc
3132 3054 3237 3117 θεῖν
3270 3049 3433 3122 (ΙΠΟά
3480 3053 3655 3104 antea
3696 3048 3938 3104 diceba'

511 3078 767 3153 prolem,
795 3094 985 3153 quam
1011 3078 1086 3135 de
1114 3093 1178 3134 se
1209 3077 1429 3134 habere
1455 3092 1572 3133 nen
1603 3078 1816 3149 potuit,
1850 3077 1924 3132 de
1956 3078 2174 3135 ancilla

512 3167 739 3226 habere
767 3168 973 3239 voluit,
1000 3167 1409 3225 consentiebat
1439 3172 1687 3239 uterque
1735 3167 1797 3222 in
1822 3167 2001 3237 facto,
2032 3168 2175 3241 quia

513 3262 765 3330 uterque
792 3258 954 3314 Sarai
1002 3257 1259 3314 sterilem
1291 3272 1420 3312 esse
1448 3255 1687 3311 sciebat.
1726 3256 1839 3313 Sed
1866 3257 2177 3329 quomodo

513 3360 729 3402 manus
750 3347 1013 3401 omnium
1035 3353 1246 3402 contra
1278 3345 1509 3409 Ismael,
1535 3346 1625 3400 vel
1644 3362 1858 3401 manus
1883 3349 2010 3415 ejus
2039 3363 2178 3403 con-

521 3438 617 3489 tra
639 3448 836 3489 omnes
867 3437 896 3487 ?
920 3433 1149 3489 Invenit
1176 3434 1336 3488 enim
1360 3433 1610 3502 angelus
1636 3434 1870 3490 Domini
1895 3440 2052 3503 Agar
2075 3452 2175 3492 su-

514 3534 625 3593 per
651 3520 879 3576 fontem
928 3536 1104 3592 aqua;
1156 3520 1218 3576 in
1278 3521 1513 3575 deserto
1568 3522 1648 3576 ad
1693 3521 1918 3577 fontem
1967 3524 2029 3578 iu
2080 3525 2177 3581 via

514 3612 719 3677 Assur,
796 3624 932 3682 quae
990 3624 1099 3682 per
1169 3624 1439 3665 eremum
1508 3609 1692 3681 ducit,
1749 3612 1995 3682 quando
2099 3614 2176 3668 ad

515 3701 837 3772 Egyptum
866 3698 951 3755 ire
978 3698 1318 3765 festinabat,
1351 3698 1656 3755 etvocabit
1700 3715 1921 3755 nomen
1951 3702 2079 3772 ejus
2104 3707 2177 3757 ls-

513 3786 709 3856 mael;
742 3786 886 3860 quia
934 3788 1236 3844 exaudivit
1266 3788 1552 3844 Dominus
1582 3787 1979 3846 humilitatem
2024 3792 2174 3863 ejus.

513 3876 728 3934 lsmael
764 3877 1185 3950 interpretatur
1226 3878 1532 3935 exauditio
1554 3880 1683 3935 Dei.
1706 3880 1823 3935 Hic
1863 3881 1976 3935 erit
2009 3882 2179 3950 ferus

519 3968 691 4024 homo
710 3982 735 4038 ;
758 3983 974 4025 manus
1002 3972 1130 4039 ejus
1150 3984 1331 4038 super
1351 3984 1571 4038 omnes,
1605 3974 1659 4024 et
1682 3985 1897 4025 manus
1914 3972 2176 4027 omnium

519 4070 701 4124 super
724 4071 877 4123 eum,
905 4064 959 4113 et
989 4064 1201 4113 contra
1225 4058 1443 4127 faciem
1461 4060 1724 4115 omnium
1752 4060 2019 4128 fratrum
2046 4076 2177 4115 suo-

520 4159 658 4200 rum
702 4144 1016 4201 habitabit.
1076 4144 1461 4213 Signiﬁcabat
1524 4151 1728 4202 autem
1776 4163 1981 4204 semen
2043 4150 2174 4219 ejus

516 4231 928 4289 habitaturum
958 4234 1020 4289 in
1076 4248 1297 4301 eremo,
1337 4233 1399 4289 id
1448 4239 1553 4303 est,
1602 4238 1932 4292 Saracenos
1986 4253 2172 4305 vagos

518 4322 878 4395 incertisque
909 4321 1174 4390 sedibus,
1201 4323 1303 4395 qui
1349 4324 1657 4380 universas
1703 4330 1906 4395 gentes
1954 4327 2174 4399 quibus

519 4409 822 4467 desertum
874 4427 946 4467 ex
984 4409 1165 4467 latere
1209 4412 1499 4483 jungitur,
1530 4413 1858 4479 incursant,
1891 4420 1947 4469 et
1974 4414 2174 4488 impu-

519 4504 783 4571 gnantur
811 4500 890 4557 ab
919 4500 1221 4557 omnibus.
1252 4503 1451 4557 Potest
1479 4505 1537 4557 et
1580 4501 1641 4557 in
1671 4502 1805 4559 loco
1829 4502 2172 4560 Judseorum

519 4593 577 4647 et
631 4590 1049 4649 haereticorum
1101 4605 1133 4645 e
1171 4590 1413 4661 regione
1464 4590 1735 4647 Ecclesiae
1788 4591 2178 4650 tabernacula

519 4678 853 4751 ﬁgentium,
931 4681 1095 4738 ferox
1166 4685 1224 4737 et
1305 4694 1462 4750 vaga
1502 4679 1866 4737 inﬁdelitatis
1915 4680 2178 4739 incursio

520 4768 789 4840 intelligi.

592 4858 760 4913 Vens.
798 4862 883 4914 13.
908 4862 1282 4933 -Dixitque
1333 4862 1507 4932 Agar
1524 4876 1548 4917 .'
1597 4861 1880 4933 Profecto
1931 4862 2028 4919 hic
2054 4861 2183 4919 vidi

515 4947 854 5013 posteriora
896 4947 1150 5003 videntis
1181 4965 1288 5005 me.
1327 4950 1505 5006 ld‘est
1534 4951 1750 5020 angeli.
1784 4966 1890 5024 per
1918 4967 2056 5023 quas
2089 4952 2178 5005 iu-

523 5031 753 5089 tellecta
800 5035 903 5104 [Z.,
933 5035 1298 5105 intelligitur]
1343 5042 1434 5091 est
1454 5038 1785 5095 incarnatio
1820 5040 2076 5108 Domini,
2110 5039 2182 5093 si-

524 5124 624 5177 ent
643 5125 700 5178 et
727 5122 913 5194 Moysi
956 5122 1183 5179 dictum
1213 5129 1301 5180 est
1332 5141 1346 5179 :
1377 5126 1722 5182 Posteriora
1773 5141 1903 5181 mea
1932 5126 2177 5181 videbis.

595 5231 758 5285 Vens.
800 5232 879 5287 14.
913 5232 1327 5301 —Propterea
1356 5234 1692 5304 appellavit
1728 5239 1977 5301 puteum
2000 5232 2177 5288 illum

526 5317 795 5385 viventis,
828 5323 886 5375 et
936 5319 1209 5381 videntis,
1270 5324 1327 5376 et
1364 5319 1615 5391 reliqua.
1652 5320 1751 5375 Hic
1770 5319 1931 5375 enim
1964 5323 2179 5391 puteus

524 5405 821 5476 signiﬁcat
845 5409 1098 5479 gratiam
1118 5408 1425 5481 baptismi,
1445 5409 1563 5463 sive
1590 5409 1897 5464 scientiam
1924 5409 2177 5481 Scriptu-

522 5510 749 5552 rarum.
808 5496 1179 5570 Quicumque
1209 5495 1370 5553 enim
1419 5503 1848 5566 regenerantur
1869 5497 1945 5553 ad
1970 5499 2175 5566 vitam,

524 5584 899 5659 pergratiam
918 5584 1300 5659 baptismatis
1326 5588 1600 5644 Vivuntet
1620 5585 1821 5645 vident
1849 5587 2038 5660 gratia
2078 5588 2179 5645 Dei

599 5692 636 5734 a
656 5676 825 5733 Forte
844 5673 958 5747 leg.
990 5678 1110 5747 Jor,
1142 5680 1221 5735 He
1250 5677 1389 5748 Vw,
1414 5678 1512 5733 Hs.

2272 492 2581 548 scientiam
2610 494 3053 567 Scripturarum
3092 494 3382 563 bibendo,
3412 498 3578 551 tanto
3610 498 3813 565 magis
3867 498 3949 554 vi-

2272 582 2373 638 det
2396 583 2799 653 intelligendo.

2899 710 3132 765 CAPUT
3158 711 3311 765 XVII.

2346 818 2521 872 Vnus.
2554 817 2697 873 1-14.
2731 849 2800 857 -
2844 818 3130 888 Dixitque
3184 819 3474 875 Dominus
3530 820 3612 875 ad
3656 820 3894 879 Abram
3935 841 3947 879 :

2276 907 2430 963 Ecce
2448 912 2859 964 testamentum
2889 923 3081 963 meum
3113 914 3327 979 tecum,
3355 915 3411 966 et
3437 912 3553 965 eris
3579 917 3765 980 pater
3796 913 3952 968 mul-

2272 996 2554 1051 titudinis
2584 997 2870 1067 gentium,
2901 1002 2955 1051 et
2986 1012 3105 1050 non
3140 998 3452 1053 vocabitur
3495 1015 3709 1056 nomen
3775 1007 3946 1057 tuum

2278 1085 2530 1153 Abram,
2548 1085 2648 1141 sed
2673 1085 2784 1140 erit
2814 1100 3027 1141 nomen
3073 1091 3240 1141 tuum
3271 1087 3608 1157 Abraham,
3643 1091 3790 1161 quia
3840 1106 3951 1160 pa-

2281 1180 2426 1231 trem
2458 1176 2787 1230 multarum
2824 1176 3091 1244 gentium
3138 1177 3313 1244 posui
3357 1181 3430 1231 te.
3475 1176 3687 1233 Dicunt
3739 1185 3946 1236 autem

2282 1264 2512 1319 Hebraei
2560 1263 2725 1336 quod
2773 1280 2848 1319 ex
2876 1265 3117 1320 nomine
3143 1281 3253 1320 suo
3286 1267 3461 1332 Deus,
3492 1266 3661 1339 quod
3683 1269 3855 1340 apud
3884 1268 3946 1324 il-

2280 1353 2371 1408 los
2397 1357 2892 1421 tetragrammum
2926 1358 3037 1419 est,
3068 1353 3127 1408 id
3161 1358 3254 1409 est
3281 1370 3293 1408 :
3326 1356 3448 1420 Jot,
3476 1363 3530 1411 et
3561 1355 3652 1422 he,
3688 1372 3839 1416 vau.
3868 1365 3885 1387 '
3915 1375 3947 1414 e

2282 1441 2535 1497 litteram
2562 1441 2732 1496 Abrae
2762 1446 2817 1497 et
2849 1443 3005 1498 Sarae
3048 1442 3379 1498 addiderat.
3434 1443 3755 1502 Dicebatur
3783 1446 3947 1503 enim

2282 1531 2546 1604 primum
2571 1531 2821 1597 Abram,
2870 1529 3039 1603 quod
3087 1530 3509 1603 interpretatur
3543 1541 3720 1602 pater
3751 1538 3947 1593 excel-

2283 1637 2402 1686 sus,
2432 1626 2489 1675 et
2506 1624 2714 1692 postea
2744 1625 2991 1676 vocatus
3024 1623 3115 1676 est
3135 1621 3468 1688 Abraham,
3501 1629 3681 1691 pater
3723 1628 3944 1682 multa-

2284 1726 2416 1766 rum
2442 1723 2463 1779 ;
2488 1725 2631 1765 nam
2651 1709 2815 1782 quod
2846 1712 3113 1780 gentium
3146 1725 3269 1765 non
3292 1709 3571 1778 habetur,
3600 1712 3661 1767 in
3693 1714 3941 1770 nomine

2284 1798 2669 1854 subauditur.
2730 1801 2845 1853 Nec
2928 1798 3272 1854 mirandum
3334 1815 3542 1872 quare,
3600 1818 3741 1858 cum
3778 1803 3944 1875 apud

2284 1891 2514 1945 Graecos
2550 1893 2607 1944 et
2633 1888 2932 1960 quosdam
2963 1904 3000 1943 a
3033 1888 3224 1945 littera
3259 1888 3529 1945 videatur
3555 1890 3780 1959 addita,
3831 1908 3942 1949 nos

2283 1994 2314 2035 e
2351 1977 2604 2033 litteram
2660 1977 2967 2033 Hebraeum
3019 1978 3293 2033 additam
3320 1977 3673 2035 dixerimus.
3710 1981 3943 2038 ldioma

2284 2068 2442 2123 enim
2520 2066 2741 2136 linguae
2820 2072 2908 2122 est
2966 2084 3072 2140 per
3119 2084 3149 2124 e
3201 2067 3449 2141 quidem
3504 2069 3776 2135 scribere,
3831 2072 3941 2127 sed

2284 2172 2389 2229 per
2413 2172 2451 2213 a
2484 2156 2678 2227 legere
2704 2174 2717 2224 ;
2741 2156 2892 2212 sicut
2922 2172 2953 2212 e
2979 2162 3189 2213 contra
3216 2173 3324 2230 per
3349 2173 3386 2214 a
3419 2157 3666 2214 scribere
3696 2163 3751 2215 et
3772 2175 3880 2231 per
3905 2176 3940 2216 e

2282 2245 2495 2317 legere.

2359 2337 2524 2391 Vens.
2583 2339 2645 2390 15
2705 2335 2878 2390 -Ει
2928 2335 3081 2392 dixit
3138 2337 3292 2391 Deus
3334 2335 3691 2392 Abraham:
3737 2338 3935 2408 Sarai,

2284 2440 2441 2480 uxor
2461 2430 2588 2494 tua,
2614 2440 2733 2479 non
2762 2425 2995 2480 vocabis
3028 2441 3155 2481 eam
3185 2427 3386 2494 Sarai,
3406 2426 3567 2481 Sara
3598 2428 3712 2483 erit
3732 2441 3927 2481 nomen

2285 2516 2429 2584 ejus.
2475 2516 2650 2570 Erant
2693 2514 2799 2586 qui
2826 2520 3038 2586 putant
3070 2515 3330 2586 primum
3360 2517 3589 2582 Saram,
3618 2533 3725 2589 per
3755 2532 3931 2571 unum

2285 2620 2319 2659 r
2368 2604 2653 2675 scriptum
2686 2604 2888 2673 fuisse,
2917 2609 2973 2659 et
3003 2609 3209 2677 postea
3226 2606 3275 2659 ei
3298 2604 3552 2660 alterum
3584 2622 3618 2660 r
3647 2606 3934 2676 additum,

2286 2694 2431 2766 quia
2462 2709 2496 2748 r
2538 2692 2705 2766 apud
2757 2694 2991 2749 Graecos
3049 2693 3429 2750 contenarius
3497 2710 3787 2751 numerus
3832 2699 3937 2750 est.

2289 2784 2415 2841 Sari
2446 2784 2626 2853 igitur
2656 2783 2920 2857 primum
2950 2789 3230 2840 vocatum
3256 2789 3343 2840 est
3370 2800 3477 2856 per
3507 2786 3619 2853 sin,
3649 2801 3767 2850 res,
3782 2783 3890 2856 jod
3924 2802 3938 2851 ;

2291 2873 2526 2929 sublato
2574 2873 2704 2944 jod,
2752 2872 2811 2928 id
2866 2878 2953 2928 est
3009 2875 3032 2928 i
3101 2873 3413 2937 elemento,
3464 2873 3668 2928 addita
3738 2879 3824 2928 est
3885 2888 3940 2939 e,

2287 2978 2421 3035 quae
2454 2978 2560 3034 per
2590 2979 2626 3018 a
2683 2961 2916 3029 legitur,
2970 2967 3023 3017 et
3072 2970 3280 3016 vocata
3305 2965 3391 3015 est
3418 2962 3578 3016 Sara.
3612 2960 3808 3015 Causa
3833 2977 3941 3015 au-

2288 3145 2403 3206 tur,
2424 3142 2708 3209 princeps
2738 3156 2885 3207 mea,
2914 3138 3085 3193 unius
3116 3136 3534 3194 tantummodo
3556 3138 3781 3192 domus
3815 3154 3940 3192 ma-

2289 3229 2649 3298 terfamiliee;
2682 3234 2890 3301 postea
2922 3244 3059 3283 vero
3098 3228 3311 3284 dicitur
3343 3226 3616 3283 absolute
3637 3228 3940 3298 princeps.

2289 3318 2403 3376 Sed
2432 3318 2767 3374 notandum
2809 3322 2897 3374 est
2927 3318 3070 3390 quia
3101 3317 3174 3373 de
3204 3315 3500 3373 vocabulo
3541 3315 3711 3371 istius
3744 3317 3939 3371 nomi-

2285 3410 2378 3464 nis
2413 3412 2568 3466 Sarai
2592 3409 2808 3464 diversi
2824 3409 3058 3464 diverse
3080 3408 3303 3477 legunt.
3329 3406 3605 3463 Nonnulli
3634 3406 3760 3462 Sari
3778 3407 3941 3479 prius

2284 3502 2583 3569 vocatam,
2606 3503 2662 3553 et
2691 3496 3078 3570 postmodum
3113 3499 3320 3553 Saram
3376 3495 3603 3555 dicunt.
3658 3512 3729 3551 eo
3774 3486 3936 3567 quod

2284 3604 2391 3661 per
2422 3586 2533 3653 sin,
2596 3604 2711 3651 res,
2760 3594 2816 3643 et
2868 3588 2997 3659 jod,
3058 3586 3208 3642 sicut
3257 3602 3442 3658 supra
3486 3584 3935 3659 descripsimus,

2284 3677 2460 3734 beato
2491 3678 2850 3750 Hieronymo
2877 3676 3247 3750 propalaute,
3290 3675 3455 3748 apud
3488 3674 3766 3731 Hebraeos
3814 3673 3941 3729 des-

2286 3767 2565 3834 cribatur,
2595 3768 2772 3840 quasi
2806 3768 2930 3823 sine
2966 3784 3085 3823 uno
3116 3784 3169 3833 r,
3194 3766 3338 3840 quia
3365 3781 3489 3822 non
3509 3765 3651 3821 dicit
3676 3764 3799 3821 duo
3820 3780 3938 3834 res,

2286 3856 2392 3913 sed
2425 3860 2727 3923 unum;et
2752 3856 2847 3912 ide
2902 3856 3229 3926 legendum
3281 3860 3497 3928 putant
3551 3854 3698 3923 Sari,
3759 3859 3941 3926 atque

2286 3952 2422 4020 post
2477 3947 2871 4003 mutationem
2921 3948 3148 4002 Seram.
3184 3945 3346 4001 Unde
3388 3944 3751 4014 existimant,
3784 3944 3833 3999 si
3864 3944 3945 3999 ita

2286 4036 2480 4107 fuerit,
2531 4036 2839 4109 antiquam
2872 4039 2950 4101 [Ζ.
3002 4052 3115 4091 om.
3169 4035 3503 4106 antiquam]
3534 4033 3943 4106 permansisse

2287 4125 2783 4183 consuetudinem
2821 4126 2881 4181 in
2912 4126 3187 4191 Ecclesia,
3219 4130 3282 4180 ut
3320 4127 3513 4181 Sarra
3566 4125 3706 4179 vitio
3762 4124 3946 4194 scrip-

2286 4220 2484 4272 torum
2514 4232 2704 4271 unum
2730 4232 2764 4271 r
2793 4215 3066 4271 additum
3095 4215 3406 4279 diceretur,
3430 4214 3599 4288 quod
3626 4220 3681 4270 et
3707 4215 3769 4269 in
3821 4228 3937 4268 au—

2285 4306 2560 4362 thenticis
2579 4304 2743 4362 libris
2775 4321 3011 4377 semper
3039 4305 3120 4360 ita
3152 4305 3438 4376 scriptum
3469 4305 3748 4377 reperies.
3796 4302 3947 4358 Hinc

2202 4370 2245 4426 D
2285 4399 2374 4451 est
2394 4394 2576 4452 etiam
2619 4394 2785 4467 quod
2811 4370 3053 4449 sedulus
3083 4370 3352 4465 poeta-in
3375 4370 3641 4450 carmine
3670 4390 3952 4449 Paschali

2284 4485 2365 4541 ait
2391 4503 2404 4541 :

2389 4592 2591 4647 Saucia
2621 4594 2742 4661 jam
2772 4590 2983 4647 vetulas
3024 4592 3356 4644 marcebant
3385 4591 3609 4645 viscera
3638 4590 3849 4645 Sarrae.

2354 4702 2425 4754 At
2439 4714 2577 4755 vero
2592 4699 2863 4755 nonnulli
2886 4698 3072 4765 Sarai,
3102 4696 3253 4752 sicut
3269 4697 3326 4752 in
3350 4695 3763 4753 vetustissimis
3785 4697 3953 4753 inve—

2282 4789 2409 4846 nies
2424 4789 2748 4858 tomis,non
2761 4794 2995 4845 tantum
3009 4787 3133 4844 Sari
3151 4786 3538 4860 pronuntiare
3551 4785 3949 4851 contendunt,

2285 4884 2342 4937 et
2362 4880 2568 4936 addita
2609 4879 2802 4936 littera
2826 4895 2875 4945 e,
2901 4895 3036 4951 quaa
3076 4893 3183 4951 per
3213 4893 3249 4932 a
3271 4876 3507 4945 legitur,
3554 4875 3952 4948 postmodum

2289 4973 2538 5027 Saraam
2552 4970 2927 5026 nominatam
2943 4971 3286 5034 autumant;
3309 4966 3453 5037 quia
3472 4965 3772 5037 inquiunt,
3795 4965 3955 5022 sicut

2288 5054 2543 5115 Abrahae
2558 5057 2905 5121 unalittera,
2931 5057 3009 5111 ita
3033 5058 3189 5112 Sarra
3211 5060 3298 5109 cst
3316 5053 3499 5110 altera
3521 5053 3748 5117 addita,
3767 5060 3955 5125 prout

2287 5154 2469 5215 supra
2490 5145 2839 5201 ostenditur.
2868 5145 3032 5199 Unde
3054 5144 3353 5215 siquidem
3373 5144 3569 5199 ferunt
3587 5144 3750 5216 quoii
3777 5145 3957 5200 Pater

2285 5232 2535 5289 Albinus
2557 5233 2618 5288 in
2656 5232 3015 5288 Bibliotheca
3048 5249 3234 5305 quam
3268 5233 3478 5289 Carolo
3508 5233 3766 5306 principi
3824 5246 3957 5289 cor-

2284 5320 2451 5387 rexit,
2465 5320 2632 5394 quod
2643 5336 2753 5375 nos
2765 5321 2947 5375 etiam
2964 5320 3151 5376 oculis
3186 5321 3499 5392 diligenter
3518 5321 3667 5377 inibi
3688 5322 3954 5395 inspexi-

2286 5424 2441 5479 mus,
2461 5409 2781 5466 emendare
2804 5411 3053 5479 curavit,
3075 5411 3344 5468 videlicet
3365 5412 3493 5467 sine
3508 5422 3630 5467 uno
3650 5428 3685 5467 r
3699 5414 3949 5468 Saraam

2285 5499 2473 5556 etduo
2503 5512 2580 5570 a;
2606 5504 2659 5555 et
2682 5500 2741 5555 in
2774 5501 2991 5557 nostris
3012 5501 3383 5575 quibusdam
3413 5501 3825 5557 voluminibus
3860 5502 3948 5557 ita

2283 5587 2514 5661 legitur.
2548 5588 2714 5663 quod
2744 5594 2800 5646 et
2830 5605 2942 5647 nos
2983 5591 3249 5648 similiter
3276 5588 3602 5661 legendum
3634 5593 3943 5664 putamus.
