4136 6176
250 222 348 276 181

1623 217 1980 277 COMMENT.
2023 222 2091 276 IN
2129 221 2286 278 GEN.

3562 216 3661 274 182

252 345 681 399 Verumtamen
705 341 1014 413 prudentis
1033 342 1270 398 lectoris
1287 344 1529 401 arbitrio
1549 343 1906 416 derelinqui-
1937 344 1984 399 A
2017 347 2081 400 Et
2110 346 2380 402 nationes
2402 349 2458 401 et
2483 359 2654 415 reges
2686 343 2950 414 gentium
2982 356 3056 398 ex
3079 341 3179 398 illo
3235 345 3406 398 erunt
3433 342 3463 398 ?
3517 341 3661 415 quia

247 449 387 488 mus
405 431 552 501 quid
583 430 804 484 horum
836 431 1028 501 magis
1050 432 1359 504 placuerit,
1392 434 1682 506 quoniam
1703 433 1903 506 potius

242 521 442 577 alieno
475 519 676 574 sensui
701 518 910 573 cedere
949 536 1136 592 quam
1193 523 1676 578 contentionibus
1733 521 1902 576 volu-

237 627 390 665 mus
417 607 712 664 deservire
767 609 1052 680 Dixitque
1080 611 1162 665 ad
1190 611 1533 667 Abraham:
1567 612 1646 666 Et
1669 617 1733 666 tu
1762 625 1902 681 ergo

241 700 543 754 custodies
581 703 851 766 pactum,
907 703 962 752 et
991 699 1220 772 reliqua
1249 717 1566 773 usquequo
1608 701 1689 755 ait
1724 717 1736 754 :
1773 700 1902 755 Cir-

240 788 618 844 cumcidetur
643 801 718 841 ea:
738 786 902 841 vobis
922 803 1093 844 omne
1123 790 1543 857 masculinum,
1572 795 1626 845 et
1648 791 1898 845 circum-

236 877 482 932 cidetur
507 877 710 944 infans
755 880 885 931 octo
914 877 1168 932 dierum.
1199 880 1393 943 Quare
1437 878 1739 933 Abraham
1792 878 1897 932 cir-

233 964 679 1020 cumcisionem
711 965 941 1035 accepit
968 967 996 1021 ?
1024 966 1246 1021 idcirco
1278 966 1533 1022 Abrahae
1586 967 1896 1022 circumci-

228 1055 318 1109 sio
347 1053 785 1108 commendata
809 1059 918 1123 est,
960 1059 1025 1108 ut
1053 1055 1167 1110 sub
1218 1055 1346 1124 lege
1405 1061 1580 1122 esset,
1634 1055 1786 1110 sicut
1840 1060 1897 1111 et

224 1142 453 1206 Adam,
489 1158 564 1196 ne
590 1142 664 1196 de
695 1141 859 1210 ligno
882 1142 1296 1214 manducaret,
1349 1150 1412 1199 ut
1439 1145 1796 1217 probaretur
1844 1143 1894 1199 si

224 1231 564 1303 compleret
593 1231 708 1286 hoc
729 1246 805 1284 an
839 1233 980 1286 non.
1015 1232 1276 1288 Credens
1301 1233 1459 1288 enim
1490 1233 1679 1288 ﬁlium
1704 1249 1764 1288 se
1789 1234 1892 1288 ha-

226 1320 530 1388 biturum,
561 1336 670 1392 per
691 1321 864 1390 cujus
895 1321 1342 1389 generationem
1383 1322 1666 1377 omnibus
1703 1322 1890 1391 genti-

218 1409 336 1464 bus
365 1408 715 1464 benedictio
746 1407 947 1464 futura
971 1414 1145 1481 esset,
1190 1416 1248 1465 et
1268 1410 1330 1464 in
1366 1412 1537 1481 cujus
1563 1411 1886 1482 nepotibus

219 1499 518 1553 castitatis
549 1502 607 1552 et
629 1496 964 1553 sobrietatis
994 1514 1181 1554 unum
1215 1500 1535 1555 mansisset
1558 1499 1882 1572 exemplar,

218 1587 384 1642 unde
417 1591 475 1641 et
505 1586 565 1641 in
597 1602 669 1641 ea
719 1592 886 1657 parte
908 1588 1173 1659 corporis
1203 1589 1439 1657 signum
1471 1588 1610 1644 ﬁdei
1636 1589 1884 1661 accepit,

2012 449 2134 489 non
2163 434 2437 508 provenit
2466 433 2800 489 secundum
2824 447 3012 501 regna
3042 436 3293 499 terrena,
3317 431 3422 486 sed
3453 445 3660 487 secun-

2012 523 2160 578 dum
2203 523 2518 579 Ecclesiam
2567 521 2744 578 debet
2792 519 3000 594 accipi.
3056 526 3142 575 An
3203 524 3447 593 propter
3503 523 3660 576 Esau

2011 611 2190 668 etiam
2219 612 2380 678 dicit,
2405 613 2553 684 quia
2585 611 2662 666 de
2694 626 2766 666 eo
2797 609 2874 666 ad
2896 609 3154 666 litteram
3197 609 3444 680 contigit
3491 608 3655 666 adim

2011 699 2234 773 pletum
2262 701 2290 757 ‘t
2319 701 2431 757 Sed
2463 699 2778 756 sciendum
2830 702 2924 754 est
2968 699 3114 770 quia
3151 713 3275 754 non
3336 697 3654 754 dubitandi

2009 791 2213 846 animo
2233 790 2381 846 dixit
2411 807 2425 845 :
2457 790 2743 856 Putasne,
2775 788 3118 845 centenario
3157 791 3438 844 nascetur
3465 788 3648 855 ﬁlius,

2007 883 2063 934 et
2091 879 2342 952 reliqua.
2376 883 2502 934 Non
2529 877 2689 935 enim
2720 879 2848 933 haec
2891 876 3075 933 verba
3117 875 3445 932 dubitantis
3499 874 3650 931 difﬂ-

2004 967 2268 1024 dentiam
2295 968 2634 1034 ostendunt,
2663 967 2770 1023 sed
2790 965 3139 1022 admirantis
3169 963 3479 1034 gaudium.
3511 964 3648 1019 Ideo

2005 1073 2113 1129 pro
2136 1057 2357 1125 gaudio
2378 1056 2625 1112 ridentis
2657 1055 2912 1111 Abrahae
2942 1054 3102 1109 ﬁlius
3123 1053 3432 1108 dicebatur
3460 1056 3643 1108 Isaac.

2004 1148 2153 1201 Nam
2188 1146 2341 1201 risus
2372 1146 2480 1201 iste
2511 1145 2570 1200 in
2596 1145 2760 1200 bono
2781 1143 2972 1216 accipi
3000 1143 3197 1212 debet,
3229 1142 3368 1197 utin
3386 1144 3648 1211 Evange-

1999 1234 2079 1289 lio
2114 1252 2125 1289 :
2160 1237 2334 1291 Beati
2359 1236 2464 1304 qui
2489 1237 2691 1303 lugent
2725 1249 2885 1290 nunc
2915 1233 3197 1304 quoniam
3228 1232 3346 1300 ipsi
3363 1231 3645 1288 ridebunt

2000 1325 2240 1391 (Matth.
2267 1342 2324 1390 v,
2351 1327 2424 1394 5).
2459 1328 2625 1379 Isaac
2652 1323 2811 1378 enim
2840 1322 3258 1394 interpretatur
3282 1321 3459 1376 risus.
3515 1322 3643 1376 Non

1999 1413 2156 1468 enim
2189 1428 2298 1484 pro
2327 1413 2448 1468 risu
2483 1414 2678 1468 Saraee
2699 1411 2893 1466 dictus
2923 1414 3011 1465 est
3032 1414 3217 1476 Isaac,
3257 1408 3409 1464 sicut
3461 1407 3643 1480 aliqui

1997 1501 2358 1571 existimant,
2388 1502 2491 1556 sed
2519 1517 2628 1574 pro
2660 1501 2785 1555 risu
2815 1499 3088 1567 Abrahae,
3109 1498 3276 1571 quod
3305 1502 3364 1554 et
3381 1513 3492 1554 nos
3506 1513 3643 1570 pro-

1995 1589 2232 1645 bamus.
2262 1594 2583 1663 Postquam
2613 1595 2813 1646 autem
2843 1588 2972 1643 risit
2993 1588 3320 1654 Abraham,
3348 1591 3405 1644 et
3459 1601 3642 1643 voca-

217 1676 384 1730 unde
414 1674 576 1731 ﬁlius
605 1675 764 1741 fidei,
797 1691 920 1730 non
950 1677 1168 1742 carnis,
1196 1677 1533 1732 nasciturus
1572 1682 1716 1744 erat,
1777 1694 1885 1734 nec
1916 1697 1957 1754 3
1997 1682 2089 1734 tus
2106 1684 2195 1735 est
2223 1683 2405 1743 Isaac,
2439 1687 2650 1752 postea
2676 1683 2733 1734 et
2749 1677 2950 1733 risisse
2972 1676 3226 1745 legimus
3255 1678 3522 1733 Saraam.
3555 1678 3643 1732 In-

219 1769 506 1819 truncata
539 1763 807 1834 corporis
857 1769 1025 1836 parte
1073 1765 1420 1837 deformior,
1472 1767 1576 1821 sed
1633 1766 1772 1822 ﬁdei
1823 1767 1886 1822 in

223 1856 414 1908 Deum
450 1853 627 1921 signo
657 1852 989 1922 gloriosior.
1020 1853 1198 1924 igitur
1219 1871 1327 1926 pro
1359 1856 1476 1911 Deo
1498 1855 1724 1928 aliquid
1752 1873 1884 1927 per-

224 1942 363 1998 dere
393 1941 634 1996 lucrum
662 1946 772 2009 est,
807 1957 930 1997 non
957 1942 1272 2000 damnum.
1305 1948 1386 1999 lta
1407 1945 1715 2001 Abraham
1744 1945 1885 2001 ﬁdei

233 2047 352 2085 suae
389 2031 634 2100 signum
664 2031 984 2102 accipiens,
1012 2047 1136 2088 non
1190 2032 1562 2089 deformatus
1621 2039 1729 2105 est,
1780 2034 1881 2089 sed

235 2120 598 2174 melioratus.
633 2121 688 2175 Si
715 2121 876 2174 enim
906 2120 1097 2176 Adam
1139 2126 1382 2192 pactum
1442 2123 1544 2178 Dei
1596 2123 1884 2178 custodis-

240 2215 339 2273 set,
364 2224 486 2263 non
528 2207 832 2264 Abraham
896 2208 1011 2264 hoc
1064 2216 1310 2282 pactum
1362 2212 1708 2284 accepisset.
1771 2212 1883 2267 Sed

251 2297 393 2367 quia
419 2296 508 2351 ille
526 2296 584 2351 in
615 2297 734 2352 hoc
757 2297 1035 2352 membro
1065 2298 1308 2370 culpam
1327 2299 1742 2356 inobedientite
1769 2300 1888 2372 pri-’

245 2400 345 2439 mo
372 2386 624 2453 agnovit,
655 2385 857 2441 decuit
879 2392 942 2442 ut
969 2386 1077 2443 iste
1104 2387 1164 2443 in
1197 2389 1310 2444 hoc
1334 2389 1610 2444 membro
1641 2389 1881 2459 signum

237 2472 582 2528 obedientiie
634 2474 902 2531 secundo
960 2477 1300 2548 accepisset,
1364 2482 1425 2532 ut
1473 2477 1881 2534 ostenderetur

234 2562 577 2618 obedientes
603 2565 975 2636 quandoque
995 2580 1312 2634 generasse
1339 2567 1494 2623 ﬁlios
1546 2568 1623 2624 ad
1671 2568 1875 2635 vitam,

229 2652 373 2707 dum
407 2653 550 2708 olim
579 2655 1063 2725 praevaricatores
1089 2662 1448 2725 generarunt
1477 2657 1556 2713 ad
1597 2663 1874 2715 mortem.

231 2741 396 2796 Unde
428 2741 608 2797 etiam
636 2741 953 2797 sciendum
979 2746 1068 2798 est
1095 2743 1239 2815 quia
1265 2743 1472 2813 religio
1502 2749 1554 2800 et
1595 2744 1741 2800 ritus
1770 2745 1877 2800 cir-

227 2831 640 2901 cumcisionis,
667 2849 803 2903 quae
832 2848 869 2886 a
885 2831 1063 2887 beato
1075 2834 1412 2904 patriarcha
1432 2833 1687 2904 sumpsit
1716 2850 1882 2890 exor-

225 2919 426 2991 dium,
454 2921 836 2976 multiformis
861 2926 987 2976 erat
1011 2927 1067 2976 et
1092 2927 1266 2994 typos
1297 2923 1542 2993 gerebat
1567 2939 1768 2979 rerum
1798 2923 1884 2979 fu-

552 3013 700 3104 Nam
719 3014 849 3104 erat
863 3009 1242 3104 signaculum
1266 3011 1408 3104 ﬁdei
1433 3011 1685 3068 Abrahae
1712 3016 1770 3067 et
1790 3029 1880 3067 sc—
1912 3049 1953 3104 ο

227 3099 371 3152 mini
406 3098 565 3167 ejus,
593 3102 650 3153 et
674 3097 960 3153 indicium
992 3099 1324 3167 castigandi
1351 3116 1454 3156 eos
1506 3100 1612 3172 qui
1643 3101 1719 3156 ad
1765 3101 1882 3157 hoc

226 3202 432 3241 semen
465 3192 528 3241 et
550 3186 710 3241 hanc
731 3186 910 3242 ﬁdem
937 3188 1300 3260 pertinerent
1319 3188 1397 3244 ab
1423 3189 1588 3244 omni
1609 3189 1884 3262 inquina-

225 3280 436 3330 mento
459 3274 666 3329 carnis
689 3279 747 3330 et
770 3276 1025 3346 spiritus,
1056 3281 1114 3332 et
1141 3277 1456 3349 prophetia
1485 3277 1770 3333 nascituri
1805 3278 1880 3333 de

224 3365 340 3420 hoc
364 3362 608 3418 semine
642 3363 966 3435 Salvatoris,
990 3365 1096 3438 qui
1125 3381 1236 3421 nos
1261 3371 1318 3420 et
1345 3366 1406 3420 in
1445 3366 1724 3439 praesenti
1776 3382 1882 3439 per

228 3451 608 3525 baptismum
636 3452 714 3507 ab
742 3453 904 3508 omni
930 3454 1246 3510 mortiferae
1277 3454 1526 3510 actionis
1554 3455 1880 3527 pollutione

236 3541 571 3608 mandaret,
600 3546 656 3596 et
681 3541 743 3597 in
774 3542 970 3599 futuro
998 3559 1106 3614 per
1135 3545 1632 3601 resurrectionem
1653 3545 1732 3600 ab
1754 3545 1882 3601 uni-

241 3645 407 3685 versa
434 3632 641 3686 mortis
670 3630 861 3702 ipsius
889 3632 1270 3704 corruptione
1307 3633 1368 3688 in
1415 3639 1774 3706 perpetuum
1817 3634 1882 3690 li-

248 3716 495 3784 beraret,
523 3724 573 3773 et
587 3719 894 3792 praecipue
917 3721 1149 3776 donum
1177 3721 1564 3786 remissionis,
1587 3723 1754 3795 quod
1769 3722 1880 3779 sol-

262 3810 410 3858 veret
437 3821 470 3859 a
492 3813 726 3878 peccato
754 3809 1262 3880 praevaricationis
1282 3810 1444 3880 Adae,
1495 3825 1601 3883 per
1634 3812 1791 3868 hanc
1821 3811 1881 3867 id

259 3894 518 3964 temporis
546 3897 870 3953 ministrari
901 3897 1095 3953 eidem
1137 3899 1339 3968 gratiae
1395 3899 1662 3972 legisque
1709 3900 1882 3956 latori

244 3983 611 4054 complacuit.
647 3988 756 4050 Qui
780 3986 941 4041 enim
967 4002 1128 4042 nunc
1159 3987 1298 4043 dicit
1331 4005 1342 4044 :
1376 3989 1513 4045 Nisi
1541 3991 1674 4060 quis
1713 4005 1877 4046 rena-

237 4076 325 4126 tus
342 4074 533 4140 fuerit
565 4090 640 4131 ex
659 4091 817 4145 aqua
845 4081 900 4132 et
919 4076 1150 4145 Spiritu
1183 4082 1410 4146 sancto,
1438 4093 1558 4133 non
1581 4083 1775 4147 potest
1791 4079 1882 4134 in-

233 4162 412 4217 troire
432 4163 494 4217 in
516 4178 768 4233 regnum
785 4166 893 4220 Dei
911 4166 1104 4233 (Joan.
1130 4182 1208 4228 ιιι,
1229 4171 1281 4224 3)
1302 4167 1426 4237 ipse
1447 4173 1584 4221 tunc
1605 4165 1876 4223 dicebat:

228 4249 536 4306 Masculus
556 4255 729 4321 cujus
742 4256 1031 4322 praeputii
1050 4270 1190 4311 caro
1223 4256 1577 4311 circumcisa
1606 4271 1725 4311 non
1747 4257 1857 4326 fue

225 4341 323 4406 rit,
341 4341 570 4408 peribit
595 4345 800 4398 anima
828 4344 940 4399 illa
960 4344 1034 4400 de
1056 4347 1283 4414 populo
1308 4360 1435 4415 suo,
1467 4346 1609 4416 quia
1629 4351 1876 4414 pactum

225 4445 420 4484 meum
451 4431 695 4487 irritum
722 4432 882 4501 fecit.
914 4437 1043 4488 Non
1070 4439 1313 4505 pactum
1346 4436 1547 4506 utique
1575 4434 1880 4490 circumci-

225 4517 436 4585 sionis,
469 4519 640 4590 quod
664 4535 788 4575 non
812 4522 1030 4587 infans,
1069 4523 1173 4594 qui
1228 4522 1563 4578 discernere
1619 4523 1880 4580 necdum

229 4607 437 4673 valuit,
472 4607 580 4662 sed
609 4610 892 4679 majores,
925 4611 1026 4683 qui
1053 4611 1114 4667 id
1144 4627 1381 4668 servare
1431 4616 1744 4680 noverant,
1777 4627 1882 4684 po-

226 4699 440 4763 terant,
467 4696 1069 4768 debuerant,irritum
1083 4700 1368 4770 fecerunt,
1391 4717 1595 4757 verum
1610 4705 1877 4774 pactum,

224 4785 390 4855 quod
419 4801 565 4841 cum
596 4786 790 4858 primo
819 4788 1060 4844 homine
1092 4792 1246 4844 Deus
1263 4789 1410 4857 iniit,
1437 4790 1635 4848 omnis
1660 4789 1766 4862 qui
1785 4789 1880 4846 vel

226 4877 407 4929 imius
432 4874 554 4930 diei
578 4875 763 4931 vitam
785 4878 967 4946 gessit
989 4878 1050 4934 in
1081 4882 1256 4948 terra,
1286 4879 1710 4950 praevaricasse
1738 4895 1878 4936 con-

221 4962 486 5018 vincitur
510 4968 690 5035 atque
717 4965 852 5021 ideo
893 4966 1160 5022 remedio
1210 4966 1416 5023 salutis
1473 4967 1676 5040 aliun
1725 4983 1878 5041 opus

219 5049 452 5106 habere
482 5067 606 5107 non
636 5053 963 5122 ignoratur.

298 5141 471 5195 Vsus.
507 5145 692 5196 16-!9.
726 5174 792 5182 ——
824 5143 1041 5199 Deinde
1067 5144 1334 5216 sequitur
1355 5145 1608 5218 qualiter
1626 5145 1879 5203 Abrahae

217 5229 659 5299 repromittitur
685 5231 864 5301 ﬁlius,
895 5232 970 5287 de
1001 5249 1123 5306 quo
1146 5233 1197 5288 ei
1227 5233 1442 5290 dicitur
1474 5252 1487 5291 :
1519 5237 1764 5307 Eritque
1817 5237 1879 5292 in

217 5319 519 5388 nationes,
553 5326 608 5376 et
641 5336 805 5391 reges
825 5323 1185 5390 populorum
1212 5324 1486 5380 orientur
1501 5340 1576 5382 ex
1596 5341 1680 5382 eo.
1719 5326 1876 5382 Ceci-

218 5408 312 5462 dit
342 5409 662 5468 Abraham
691 5411 754 5466 in
781 5410 1020 5479 faciem,
1051 5417 1107 5468 et
1157 5413 1290 5468 risit
1332 5413 1533 5471 dicens
1587 5416 1644 5470 in
1705 5415 1882 5472 corde

220 5514 328 5553 suo
347 5515 372 5554 .'
392 5499 685 5568 Putasne,
709 5501 1048 5556 centenario
1069 5507 1352 5558 nascetur
1369 5504 1551 5571 ﬁlius,
1571 5508 1629 5560 et
1649 5510 1880 5571 caetera,

229 5603 549 5661 usquequo
571 5588 674 5654 ait,
707 5593 762 5644 et
787 5589 1019 5646 vocabis
1048 5606 1262 5648 nomen
1283 5594 1410 5661 ejus
1439 5593 1629 5649 Isaac.
1665 5593 1881 5659 Quaeri-

229 5681 321 5734 tur
342 5678 663 5751 quomodo
684 5677 912 5736 dictum
939 5678 1014 5737 sit
1041 5679 1122 5738 ad
1144 5679 1450 5738 Abraham
1475 5681 1551 5738 de
1571 5680 1692 5739 lilio
1710 5683 1840 5752 ejus
1864 5700 1877 5739 :

1994 1768 2068 1823 de
2098 1773 2186 1823 est
2213 1769 2390 1824 etiam
2416 1767 2580 1840 quod
2612 1768 2673 1822 in
2702 1765 3208 1839 consequentibus
3263 1768 3511 1822 Saraam
3561 1765 3641 1820 ri-

1993 1856 2232 1913 dentem
2263 1857 2566 1928 redarguit
2589 1857 2894 1925 Dominus,
2924 1871 3064 1911 cum
3096 1859 3152 1910 et
3179 1855 3484 1911 Abraham
3502 1853 3641 1910 rise-

1993 1946 2083 2011 rit,
2117 1950 2174 2002 et
2203 1963 2341 2001 eum
2369 1962 2490 2001 non
2522 1945 2911 2015 redarguerit,
2971 1947 3115 2016 quia
3167 1943 3322 1998 illius
3369 1942 3644 2000 videlicet

1994 2034 2148 2089 risus
2181 2035 2596 2090 admirationis
2627 2039 2682 2090 et
2707 2033 2920 2089 laetitiae
2939 2033 3070 2099 fuit,
3085 2035 3281 2088 Saraa;
3307 2037 3508 2088 autem
3533 2033 3642 2088 du-

1991 2122 2294 2178 bitationis
2325 2129 2379 2178 et
2409 2122 2774 2190 difﬁdentiae,
2806 2121 2997 2193 ,quod
3046 2121 3124 2177 ab
3181 2120 3279 2176 illo
3324 2119 3640 2191 dijudicari

1991 2211 2203 2283 potuit,
2229 2211 2332 2283 qui
2357 2211 2539 2266 corda
2553 2211 2869 2266 hominum
2889 2209 3074 2265 novit.
3095 2208 3259 2265 Unde
3275 2208 3404 2264 haac
3423 2207 3638 2264 eadem

1995 2302 2178 2356 Saraa
2204 2299 2407 2354 ridens
2437 2298 2770 2371 corripitur,
2793 2301 3064 2369 correpta
3119 2296 3391 2368 protinus
3436 2296 3639 2352 fecun-

1992 2388 2187 2454 datur,
2221 2393 2278 2443 et
2308 2393 2515 2443 contra
2545 2403 2712 2460 spem
2743 2403 2815 2442 ex
2845 2385 3046 2442 divina
3097 2385 3495 2458 promissione
3542 2400 3638 2441 ac-

1993 2478 2330 2549 cepitquod
2364 2477 2704 2532 habituram
2739 2492 2799 2531 se
2829 2491 2903 2530 ex
2931 2475 3202 2531 humana
3235 2474 3468 2531 ratione
3523 2474 3637 2530 du-

1991 2564 2220 2621 bitavit.
2247 2566 2534 2620 Caeterum
2567 2565 2661 2619 hic
2691 2563 3027 2620 notandum
3047 2567 3137 2619 est
3162 2563 3307 2636 quia
3351 2562 3413 2618 in
3452 2563 3640 2618 Veteri

1991 2657 2366 2710 Testamento
2396 2659 2658 2725 quatuor
2687 2652 2943 2726 propriis
2971 2652 3319 2708 nominibus
3345 2651 3639 2708 nominati

1992 2747 2132 2799 sunt
2158 2747 2484 2813 antequam
2513 2746 2943 2798 nascerentur:
2997 2739 3209 2796 lsmael
3261 2739 3533 2796 videlicet
3583 2743 3641 2796 et

1992 2835 2175 2898 Isaac,
2209 2831 2493 2888 Salomon
2544 2835 2602 2885 et
2648 2831 2858 2900 Josias,
2918 2829 3090 2886 certis
3144 2829 3513 2902 quibusdam
3565 2845 3640 2885 ex

1993 2920 2210 2986 causis,
2241 2919 2477 2984 Quoties
2499 2919 2659 2974 enim
2690 2918 3038 2975 hominibus
3063 2934 3098 2974 a
3148 2921 3267 2974 Deo
3313 2918 3408 2974 vel
3445 2918 3639 2990 impo-

1992 3009 2151 3064 nitur
2180 3023 2425 3078 nomen,
2455 3007 2547 3062 vel
2576 3013 2861 3077 mutatur,
2892 3007 3212 3079 singularis
3241 3007 3433 3064 meriti
3481 3007 3637 3063 indi-

1991 3097 2150 3152 cium
2179 3097 2376 3163 datur,
2401 3112 2658 3165 magnos
2680 3112 2808 3152 esse
2837 3096 3086 3164 futuros,
3118 3095 3270 3152 sicut
3309 3095 3635 3162 Abraham,

1989 3185 2133 3258 quia
2163 3189 2330 3257 pater
2354 3184 2681 3240 multarum
2713 3185 2982 3254 gentium
3011 3189 3137 3240 erat
3167 3183 3424 3250 futurus,
3455 3182 3636 3238 Abra-

1989 3275 2133 3329 ham
2161 3277 2249 3328 est
2264 3277 2529 3328 vocatus.
2559 3273 2649 3328 Sic
2678 3272 2888 3339 Jacob,
2910 3273 3054 3344 quia
3067 3272 3251 3328 Deum
3277 3270 3442 3338 vidit,
3457 3270 3636 3328 Israel

1989 3361 2280 3434 appellari
2306 3361 2541 3417 meruit.
2569 3361 2685 3417 Sed
2711 3361 2901 3418 Josias
2923 3377 3026 3417 rex
3052 3360 3130 3417 ob
3154 3360 3384 3416 eximiae
3406 3359 3635 3416 virtutis

1989 3450 2228 3506 culmen
2241 3451 2586 3506 nominatus
2610 3455 2698 3506 est
2717 3451 2886 3507 aDeo
2908 3449 3096 3505 multo
3116 3454 3441 3521 antequam
3456 3453 3634 3505 natus

1989 3545 2099 3596 est.
2137 3539 2228 3597 Sic
2258 3540 2332 3596 de
2357 3539 2583 3595 caeteris
2612 3537 2994 3596 sentiendum
3014 3537 3292 3608 intelligo.
3317 3537 3630 3610 Sequitur:

2609 3630 2835 3686 CAPUT
2869 3627 3051 3684 XVIII.

2061 3718 2232 3775 Vsus.
2271 3719 2318 3786 l,
2343 3718 2742 3789 2.—Cumque
2768 3719 3050 3774 etevasset
3079 3717 3280 3773 oculos
3298 3715 3632 3787 Abraham,

1988 3810 2194 3866 sedens
2211 3811 2274 3866 in
2299 3809 2876 3878 convalteMambre,
2901 3809 3052 3865 vidit
3068 3815 3187 3864 tres
3208 3809 3385 3864 viros.
3408 3807 3635 3870 Quibus

1989 3899 2200 3965 tribus,
2229 3899 2382 3954 sicut
2411 3899 2534 3964 uni,
2560 3898 2795 3954 locutus
2824 3901 2932 3954 est.
2963 3897 3128 3954 Unde
3161 3896 3466 3969 quaeritur,
3493 3912 3634 3952 cum

1989 3991 2108 4043 tres
2140 3991 2362 4056 essent,
2391 3986 2700 4058 quomodo
2733 3985 3128 4056 singulariter.
3156 3984 3478 4041 Dominum
3525 3999 3634 4057 ap-

1990 4077 2173 4150 pellat
2202 4077 2406 4133 dicens
2435 4095 2448 4133 :
2483 4079 2750 4147 Domine,
2779 4077 2831 4133 si
2857 4077 3062 4133 inveni
3085 4078 3350 4146 gratiam
3371 4080 3514 4132 ante
3556 4081 3630 4141 te.

1990 4183 2064 4224 ne
2093 4173 2364 4224 transeas
2392 4183 2625 4224 servum
2657 4173 2826 4222 tuum
2855 4170 2884 4222 ?
2909 4170 2998 4222 An
3023 4165 3387 4236 intelligebat
3442 4180 3633 4221 unum

1989 4273 2062 4313 ex
2083 4256 2166 4312 eis
2199 4257 2541 4326 Dominum,
2565 4260 2621 4314 et
2649 4255 2798 4313 alios
2825 4255 3095 4325 angelos,
3119 4271 3197 4310 an
3217 4254 3415 4328 potius
3442 4253 3638 4310 Domi-

1990 4363 2136 4403 num
2163 4346 2223 4402 in
2249 4347 2478 4415 angelis
2502 4347 2763 4402 sentiens
2791 4345 2818 4402 i
2850 4346 3028 4417 Igitur
3055 4343 3510 4415 intelligendum
3549 4347 3638 4400 est

1989 4435 2136 4508 quia
2162 4434 2223 4490 in
2249 4434 2479 4504 angelis
2502 4435 2823 4491 Dominum
2852 4433 3132 4500 sentiens,
3166 4433 3416 4490 Domino
3436 4432 3637 4505 potius

1989 4539 2176 4596 quam
2205 4523 2437 4594 angelis
2472 4524 2632 4596 loqui
2665 4523 2874 4593 elegit,
2907 4523 3245 4596 Aliquando
3269 4521 3636 4591 imaginibus

1989 4617 2046 4669 et
2069 4617 2206 4669 ante
2232 4629 2552 4685 corporeos
2577 4614 2786 4670 oculus
2809 4612 2890 4668 ad
2932 4617 3173 4684 tempus
3226 4626 3298 4666 ex
3351 4623 3486 4666 aere
3537 4623 3635 4664 as-

1991 4701 2247 4774 sumptis
2279 4717 2386 4773 per
2414 4702 2661 4772 angelos
2719 4701 2983 4773 loquitur
3039 4703 3210 4760 Deus,
3267 4698 3420 4753 sicut
3473 4711 3636 4754 nunc

1989 4790 2316 4860 Abraham,
2346 4790 2453 4862 qui
2484 4806 2606 4847 non
2638 4790 2834 4846 solum
2855 4793 2975 4845 tres
3002 4787 3166 4843 viros
3192 4785 3395 4843 videre
3419 4787 3632 4860 potuit,

1991 4878 2096 4935 sed
2122 4878 2302 4934 etiam
2323 4878 2668 4935 habitaculo
2688 4883 2923 4934 terreno
2939 4878 3262 4950 suscipere,
3285 4892 3494 4933 eorum
3510 4876 3636 4933 usi-

1988 4967 2105 5023 bus
2129 4967 2307 5023 etiam
2331 4966 2499 5023 cibos
2529 4966 2832 5023 adhibere.
2866 4966 2984 5023 Nisi
3012 4967 3173 5023 enim
3227 4965 3444 5037 angeli,
3495 4982 3638 5024 cum

1988 5056 2271 5130 quaedam
2299 5056 2475 5113 nobis
2496 5056 2557 5112 in
2587 5061 2743 5113 terra
2789 5057 3088 5129 nuntiant,
3147 5057 3226 5114 ad
3279 5063 3521 5132 tempus
3575 5058 3639 5114 in

1990 5163 2124 5203 aere
2145 5163 2364 5220 corpus
2389 5152 2783 5211 assumerent,
2808 5147 3200 5204 exterioribus
3220 5147 3488 5221 profecto
3504 5164 3642 5205 nos-

1991 5237 2091 5293 tris
2139 5235 2445 5292 obtutibus
2486 5251 2611 5293 non
2663 5242 3041 5310 apparerent,
3115 5252 3227 5294 nec
3282 5237 3448 5294 cibos
3499 5254 3639 5295 cum

1989 5328 2294 5384 Abraham
2341 5333 2665 5398 sumerent,
2705 5327 2820 5383 nisi
2837 5332 3082 5401 propter
3107 5343 3221 5384 nos
3246 5327 3509 5386 solidum
3538 5329 3640 5385 ali-

1990 5417 2138 5489 quid
2168 5431 2240 5470 ex
2267 5415 2490 5471 caelesti
2535 5416 2830 5472 elemento
2878 5420 3198 5488 gestarent.
3251 5421 3366 5474 Nec
3418 5418 3640 5474 mirum

1990 5505 2155 5578 quod
2185 5504 2300 5561 illic
2355 5504 2468 5578 ipsi
2510 5506 2614 5579 qui
2659 5506 2921 5580 suscepti
2978 5510 3137 5577 sunt,
3183 5509 3368 5563 modo
3421 5507 3638 5578 angeli,

1992 5594 2176 5651 modo
2207 5595 2495 5651 Dominus
2523 5593 2625 5668 [Z.,
2654 5596 3118 5668 dominationes]
3146 5601 3462 5665 vocantur,
3498 5597 3642 5668 quia

1995 5682 2348 5753 angelorum
2377 5685 2679 5745 vocabulo
2702 5687 3118 5760 exprimuntur
3130 5686 3235 5757 qui
3260 5685 3518 5741 exterius
3537 5683 3642 5738 mi-
