4130 6182
432 192 539 248 188

1537 181 1890 238 ANGELOMI
1932 178 2376 241 LUXOVIENSIS
2416 186 2729 242 MONACHI

3746 175 3847 233 184

440 313 806 378 nistrabant;
839 314 895 366 et
914 306 1310 381 appellatione
1345 306 1577 363 Domini
1601 302 1953 371 ostenditur,
1978 302 2081 375 qui
2114 304 2161 357 A
2199 321 2361 362 mam
2393 308 2699 378 habuisse,
2729 307 2833 364 sed
2859 307 3114 364 cadaver
3143 303 3327 360 fuisse
3355 302 3599 372 intelligi
3646 300 3846 358 debet.

445 404 528 461 eis
552 401 794 459 interius
824 401 1095 471 praeerat,
1127 401 1191 451 ut
1218 411 1325 464 per
1352 398 1467 451 hoc
1497 394 1867 468 praesidentis
1896 393 2085 465 impe-

445 494 601 553 rium
618 495 676 548 et
686 505 792 562 per
806 487 952 544 illud
965 485 1587 543 claresceretoﬁicium
1602 482 2087 541 ministrantium.

517 578 863 655 Spiritaliter
892 593 998 649 per
1051 576 1163 631 hos
1213 580 1328 631 tres
1380 574 1538 631 viros
1586 574 1795 630 volunt
1848 572 2092 642 intelligi

449 672 700 747 quidam
726 668 1043 725 Dominum
1072 670 1367 736 nostrum,
1399 671 1455 722 et
1482 668 1744 739 Moysen,
1777 668 1834 722 et
1885 664 2090 720 Etiam.

454 761 710 828 Quidam
735 761 986 823 Patrem,
1019 759 1078 812 et
1106 754 1338 818 Filium,
1373 758 1429 811 et
1450 755 1739 826 Spiritum
1795 758 2094 820 sanctum,

453 850 604 906 sicut
628 849 691 903 in
717 843 1106 918 sequentibus
1132 844 1385 914 legitur:
1450 844 1596 900 Cum
1646 844 1957 900 deduceret
2003 857 2097 899 eos

452 936 786 1005 Abraham,
820 952 975 991 unus
1006 937 1290 991 remansit
1322 950 1455 991 cum
1514 951 1598 1003 eo,
1655 940 1709 992 et
1762 935 1880 990 duo
1934 934 2100 990 missi

455 1033 596 1084 sunt
620 1027 961 1082 Sodomam.
990 1023 1152 1081 Unde
1179 1040 1287 1097 per
1311 1041 1502 1080 unum
1528 1024 1631 1096 qui
1686 1023 1972 1080 remansit
2019 1024 2096 1093 [Ζ.

456 1116 627 1174 addit
651 1131 792 1171 cum
817 1115 931 1184 eo],
964 1112 1172 1170 volunt
1196 1113 1437 1183 intelligi
1469 1114 1697 1170 Patrem
1732 1132 1743 1181 ;
1792 1128 1897 1186 per
1946 1111 2101 1168 duos

458 1205 563 1279 qui
592 1202 762 1261 missi
791 1206 948 1272 sunt,
971 1201 1202 1271 Filium,
1235 1202 1513 1274 Spiritum
1539 1206 1837 1271 sanctum,
1867 1200 1969 1274 qui
1993 1200 2101 1257 fre-

438 1297 711 1367 'quenter
728 1291 1009 1362 leguntur
1036 1290 1199 1347 missi
1233 1307 1268 1347 a
1300 1294 1481 1347 Patre.

534 1386 750 1439 Fervor
763 1396 1007 1455 quoque
1024 1381 1140 1436 diei
1160 1384 1218 1436 et
1232 1396 1445 1436 cursus
1466 1380 1717 1436 Abrahae
1743 1379 2105 1435 desiderium

465 1474 807 1527 sanctorum
837 1468 1132 1538 significat
1160 1468 1264 1541 qui
1315 1468 1738 1525 desiderabant
1778 1467 2106 1524 adventum

464 1559 693 1628 Christi,
722 1559 872 1615 sicut
903 1558 1161 1627 Simeon,
1195 1562 1252 1613 et
1275 1557 1442 1614 multi
1468 1556 1586 1625 alii,
1618 1557 1692 1614 de
1722 1556 1943 1630 quibus
1995 1557 2106 1613 Do-

2273 399 2426 454 Vans
2456 400 2990 470 20-26.——Dicitque
3012 396 3296 452 Dominus
3317 409 3338 448 .·
3372 396 3619 449 Clamor
3663 394 3852 449 Sodo-

2198 504 2431 545 morum
2463 498 2515 546 et
2538 490 2888 546 Gomorrhte
2911 487 3354 556 multiplicatus
3397 489 3502 553 est,
3534 489 3591 540 et
3638 499 3855 554 pecca-

2202 584 2327 634 tum
2358 583 2990 650 eorum'aggravatum
3018 581 3105 631 est
3134 574 3329 630 nimis.
3372 573 3762 639 Descendam,
3795 580 3852 632 et

2206 667 2408 724 videbo
2439 673 2642 724 utrum
2671 668 2990 723 clamorem
3016 665 3123 735 qui
3163 664 3322 720 venit
3381 662 3462 719 ad
3507 678 3621 730 me,
3675 678 3867 743 opere

2205 758 2648 826 compleverint.
2680 755 2820 817 Quis
2847 758 2937 811 est
2988 754 3220 811 clamor
3245 751 3649 808 Sodomorum
3673 752 3702 807 ?
3759 752 3857 809 vel

2204 845 2352 918 quid
2383 850 2471 901 est
2497 845 2663 919 quod
2698 844 2983 901 Dominus
3010 841 3175 909 dixit,
3233 842 3607 909 descendam,
3664 848 3718 898 et
3773 842 3857 898 vi-

2205 935 2349 992 debo
2406 941 2609 992 utrum
2674 937 2995 991 clamorem
3034 934 3142 1005 qui
3194 933 3351 989 venit
3397 933 3479 987 ad
3518 947 3630 997 me,
3681 947 3861 1002 opere

2207 1025 2627 1095 compleverint
2657 1025 2685 1080 ?
2711 1026 3023 1080 Peccatum
3053 1037 3192 1077 cum
3214 1036 3363 1077 voce
3386 1026 3471 1077 est
3488 1021 3671 1093 culpa
3686 1021 3748 1076 in
3765 1037 3861 1076 ac-

2209 1114 2397 1182 tione;
2429 1117 2743 1186 peccatum
2755 1127 2893 1167 vero
2909 1110 3092 1167 etiam
3116 1126 3256 1166 cum
3278 1109 3542 1166 clamore
3565 1113 3655 1165 est
3677 1109 3863 1183 culpa

2211 1202 2625 1259 cumlibertate
2642 1207 2700 1259 et
2714 1200 3022 1274 jactantia.
3040 1199 3210 1280 Quod
3224 1198 3467 1256 autemd
3482 1198 3605 1266 ixit,
3622 1200 3861 1256 descen-

2211 1293 2347 1350 dam
2371 1300 2424 1349 et
2448 1293 2669 1358 videbo,
2700 1296 2757 1348 et
2775 1295 2987 1347 caetera
3006 1288 3329 1361 ejusmodi,
3348 1287 3732 1361 omnipotens
3758 1288 3864 1345 ita-

2212 1398 2330 1457 que
2358 1382 2668 1450 Dominus,
2700 1386 2758 1439 et
2785 1380 2990 1437 omnia
3020 1379 3230 1442 sciens,
3292 1395 3399 1433 cur
3446 1382 3582 1435 ante
3634 1377 3862 1451 proba-

2218 1474 2435 1530 tionem
2462 1472 2637 1544 quasi
2667 1471 2919 1536 dubitat,
2953 1468 3067 1525 nisi
3113 1473 3178 1524 ut
3203 1467 3513 1539 gravitatis
3553 1466 3730 1523 nobis
3759 1483 3864 1523 ex-

2216 1562 2483 1636 emplum
2512 1563 2829 1634 proponat,
2861 1575 2936 1615 ne
2968 1558 3126 1614 mala
3155 1557 3472 1613 hominum
3525 1561 3662 1613 ante
3708 1573 3865 1630 prae-

463 1650 667 1707 minus
695 1649 978 1722 apostolis
1003 1650 1085 1704 ait
1112 1667 1124 1704 :
1157 1650 1340 1704 Multi
1362 1648 1674 1718 praphetae
1712 1655 1766 1704 et
1806 1663 1970 1718 reges
2015 1663 2105 1703 vo-
2138 1657 2181 1711 Β
2218 1667 2534 1708 sumamus
2559 1649 2796 1706 credere
2822 1665 3004 1722 quam
3033 1646 3291 1720 probare
3314 1647 3341 1702 ?
3376 1649 3437 1702 Et
3457 1662 3593 1702 ecce
3622 1662 3731 1718 per
3764 1663 3869 1703 an-

468 1741 709 1796 luerunt
744 1739 944 1795 videre
973 1753 1105 1809 qua?
1127 1738 1360 1808 videtis,
1388 1742 1441 1792 et
1463 1736 1692 1809 reliqua
1716 1738 1877 1808 (Luc.
1906 1753 1964 1803 x,
1996 1738 2104 1806 24).

465 1827 776 1892 Moraliter,
799 1826 948 1899 quid
972 1842 1078 1898 per
1105 1827 1268 1883 hunc
1324 1825 1500 1882 nobis
1559 1841 1804 1881 cursum
1857 1824 2113 1881 Abrahae

468 1917 759 1988 innuitur,
779 1915 895 1972 nisi
923 1916 1067 1988 quia
1097 1915 1372 1973 videlicet
1397 1918 1460 1971 ut
1489 1915 1577 1971 vir
1597 1931 1666 1971 ac
1694 1914 1977 1971 dominus
2004 1914 2112 1970 do-

466 2023 626 2077 mus,
660 2005 937 2078 spiritalis
966 2010 1168 2062 noster
1192 2005 1412 2062 scilicet
1438 2004 1766 2061 intellectus
1823 2003 2002 2060 debet
2054 2004 2114 2060 in

468 2084 825 2166 cogitatione
853 2093 1146 2150 Trinitatis
1177 2094 1434 2151 claustra
1488 2094 1683 2150 carnis
1725 2092 2010 2149 excedere
2061 2096 2119 2149 et

469 2184 642 2259 quasi
673 2183 1060 2241 habitationis
1086 2183 1309 2239 inﬁmae
1329 2184 1585 2253 januam
1614 2183 1815 2239 exire?
1843 2184 1994 2240 Cura
2015 2198 2117 2238 au-

468 2278 589 2331 tem
620 2272 837 2337 carnis,
872 2276 934 2331 ut
962 2271 1206 2339 femina,
1240 2273 1400 2328 foras
1432 2288 1555 2328 non
1585 2277 1897 2346 appareat,
1919 2277 1975 2328 et
2029 2272 2145 2328 vi-‘

468 2362 594 2419 deri
619 2363 913 2435 jactanter
939 2361 1299 2429 erubescat;
1343 2368 1408 2419 ut
1459 2362 1635 2434 quasi
1692 2366 1832 2434 post
1885 2365 2119 2431 tergum

470 2451 580 2508 viri
606 2451 719 2507 sub
740 2451 1091 2508 discretione
1118 2451 1357 2524 spiritus
1389 2450 1531 2507 solis
1557 2450 1907 2507 necessariis
1931 2450 2120 2506 inten-

471 2544 551 2608 ta,
582 2555 972 2613 nequaquam
1003 2539 1150 2595 sciat
1173 2540 1501 2611 procaciter
1529 2540 1744 2609 detegi,
1806 2539 1910 2594 sed
1960 2554 2122 2595 vere-

472 2627 669 2685 cunde
696 2627 1011 2684 moderari.
1039 2627 1143 2684 Cui
1172 2632 1375 2684 tamen
1402 2644 1560 2701 szepe
1610 2644 1748 2685 cum
1802 2628 2015 2684 dicitur
2058 2632 2123 2685 ut

473 2717 549 2774 de
583 2733 646 2773 se
675 2717 921 2773 minime
954 2722 1300 2789 praesumat,
1331 2723 1387 2774 et
1434 2722 1620 2774 totam
1671 2734 1733 2773 se
1785 2719 1847 2774 in
1902 2718 2121 2774 divinae

474 2806 606 2879 spei
630 2806 916 2863 ﬁduciam
942 2806 1284 2877 transferat,
1317 2807 1587 2880 despicit,
1622 2812 1679 2864 et
1699 2813 1967 2864 cessante
1998 2812 2120 2864 stu-

473 2895 574 2951 dio
594 2895 806 2951 adesse
837 2895 950 2951 sibi
974 2894 1110 2950 vitae
1138 2895 1407 2951 subsidia
1460 2911 1636 2968 posse
1666 2894 1898 2952 difﬁdit.
1959 2896 2123 2952 Unde

2221 1740 2383 1811 gelos
2412 1739 2490 1796 ad
2512 1737 2933 1810 cognoscenda
2964 1735 3126 1793 mala
3154 1734 3481 1804 descendit,
3504 1739 3562 1790 et
3608 1750 3752 1791 mox
3776 1734 3866 1791 fa-

2221 1831 2529 1887 cinorosos
2558 1827 2826 1902 percutit,
2860 1830 3037 1899 atque
3076 1823 3172 1880 ille
3223 1824 3478 1897 patiens,
3535 1822 3629 1879 ille
3680 1824 3866 1892 mitis,

2221 1920 2315 1976 ille
2340 1920 2415 1976 de
2440 1934 2563 1992 quo
2595 1917 2884 1989 scriptum
2914 1919 3004 1972 est
3031 1933 3043 1970 :
3080 1916 3165 1971 Tu
3191 1919 3410 1979 autem,
3436 1914 3701 1981 Domine,
3730 1930 3867 1969 cum

2225 2010 2668 2081 tranquillitate
2682 2007 2928 2077 judicas
2949 2006 3109 2077 (Sap.
3137 2020 3239 2067 xu,
3266 2005 3336 2074 t),
3370 2002 3465 2058 ille
3490 2002 3564 2058 de
3592 2018 3714 2075 quo
3742 2018 3870 2058 rur-

2224 2115 2359 2155 sum
2377 2097 2665 2169 scriptum
2696 2101 2789 2151 est
2814 2113 2826 2150 :
2860 2096 3148 2151 Dominus
3171 2095 3407 2163 patiens
3427 2098 3530 2157 est,
3561 2108 3695 2147 cum
3730 2096 3866 2147 tan-

2225 2193 2284 2244 to
2315 2186 2561 2243 crimine
2589 2184 2885 2241 involutos
2914 2184 3240 2250 inveniens,
3291 2181 3464 2256 quasi
3513 2180 3862 2254 patientiam

2225 2276 2612 2351 praetermisit,
2632 2279 2688 2331 et
2711 2275 2869 2330 diem
2902 2272 3150 2329 extremi
3169 2272 3379 2344 judicii
3415 2274 3753 2344 exspectare
3788 2269 3871 2326 ad

2226 2368 2552 2424 vindictam
2576 2364 2783 2434 noluit,
2809 2362 2909 2419 sed
2944 2378 3046 2419 eos
3089 2363 3225 2432 igne
3271 2361 3479 2434 judicii
3523 2364 3658 2417 ante
3708 2358 3867 2416 diem

2222 2455 2427 2528 judicii
2458 2453 2745 2528 praevenit
2778 2454 2790 2508 !
2827 2455 2970 2508 Ecce
2997 2451 3226 2508 malum
3255 2456 3311 2506 et
3340 2450 3518 2523 quasi
3572 2465 3711 2505 cum
3760 2447 3863 2503 dif-

2227 2544 2486 2602 ﬁcultate
2517 2541 2785 2603 credidit,
2819 2557 2956 2597 cum
2987 2540 3155 2597 audit
3185 2559 3197 2609 ;
3229 2545 3286 2596 ct
3314 2544 3457 2594 tunc
3515 2540 3644 2594 sine
3696 2536 3871 2594 tardi-

2231 2641 2345 2694 tate
2375 2634 2684 2709 percussit,
2711 2648 2851 2688 cum
2874 2647 3085 2688 verum
3133 2628 3556 2703 cognoscendo
3612 2627 3827 2701 reperit
3856 2626 3870 2681 ι

2234 2728 2301 2781 Ut
2327 2723 2500 2780 nobis
2531 2721 2803 2778 videlicet
2831 2720 3001 2776 daret
3029 2718 3397 2792 exemplum,
3446 2717 3593 2791 quia
3641 2716 3876 2786 majora

2231 2814 2481 2870 crimina
2511 2815 2568 2868 et
2592 2810 2758 2867 tarde
2783 2808 3081 2865 credenda
3112 2811 3251 2864 sunt
3276 2823 3413 2863 cum
3436 2805 3784 2871 audiuntur,
3818 2807 3877 2859 et

2231 2902 2402 2958 citius
2431 2898 2738 2974 punienda
2768 2914 2904 2953 cum
2935 2897 3222 2954 veraciter
3264 2898 3690 2965 agnoscuntur.

474 2989 532 3041 et
551 2984 680 3041 haec
711 2984 925 3041 eadem
948 2984 1133 3041 Saraa
1158 2984 1585 3058 promissiones
1616 2985 1717 3042 Dei
1747 2985 1998 3041 audiens
2043 2985 2120 3041 ri-
2153 3013 2193 3070 ο
2302 2995 2470 3047 Vens.
2492 2989 2944 3059 27.—Dixitque
2983 2986 3326 3042 Abraham:
3354 2979 3501 3050 Quia
3552 2981 3729 3037 semel
3758 2995 3873 3036 coe-

475 3075 593 3144 det,
617 3075 722 3131 sed
742 3074 942 3131 ridens
966 3075 1299 3148 corripitur,
1332 3080 1602 3148 correpta
1623 3079 1822 3132 autem
1854 3075 2125 3147 protinus

477 3163 849 3232 fecundatur,
907 3169 963 3220 et
1007 3180 1144 3237 quae
1192 3164 1503 3235 juventute
1557 3164 1763 3235 vigens
1814 3164 2124 3221 fecundari

475 3270 599 3311 non
626 3254 837 3327 potuit,
871 3256 1046 3311 annis
1075 3256 1261 3310 fracta
1291 3255 1579 3311 senilibus
1610 3259 1773 3312 utero
1825 3260 2124 3311 marcente

476 3344 581 3415 [Z.,
607 3344 1033 3414 marcescente]
1065 3344 1356 3416 concepit.
1387 3344 1536 3409 Quia
1562 3360 1702 3399 cum
1732 3359 1876 3399 cura
1929 3343 2126 3400 carnis

478 3433 571 3487 sui
600 3429 1027 3486 conﬁdentiam
1055 3432 1278 3488 habere
1330 3432 1647 3500 desiderat,
1688 3437 1896 3487 contra
1953 3449 2125 3505 spem

479 3534 551 3574 ex
579 3517 785 3574 divina
813 3519 1210 3590 promissione
1238 3521 1456 3592 accipit
1483 3521 1648 3593 quod
1677 3521 2019 3578 habituram
2062 3538 2126 3578 se

479 3624 553 3664 ex
575 3607 848 3664 humana
878 3607 1106 3665 ratione
1144 3608 1457 3666 dubitavit.
1516 3611 1680 3666 Unde
1730 3610 1884 3667 bene
1942 3615 2125 3682 Isaac,

479 3697 541 3754 id
564 3701 656 3753 est
683 3698 860 3767 risus,
889 3696 1105 3755 dicitur
1133 3698 1237 3771 qui
1263 3705 1598 3771 generatur,
1643 3700 1786 3773 quia
1834 3700 1981 3757 dum
2035 3718 2129 3757 su-

479 3801 735 3860 pernam
766 3786 893 3860 spei
917 3784 1202 3844 ﬁduciam
1223 3789 1500 3861 concipit,
1523 3788 1671 3862 quid
1703 3806 1871 3845 mens
1926 3796 2129 3847 nostra

480 3874 642 3934 aliud
662 3892 849 3950 quam
881 3876 1171 3947 gaudium
1194 3877 1349 3950 parit
1375 3878 1403 3933 ?

550 3968 718 4033 Yens.
748 3970 831 4021 10.
857 3967 1224 4023 —Revertens
1268 3969 1463 4023 veniat
1494 3969 1576 4024 ad
1597 3975 1652 4025 te
1694 3975 1954 4039 tempore
1994 3972 2126 4038 istc,

479 4059 537 4111 et
559 4057 792 4110 caetera.
829 4053 894 4109 ld
923 4058 1033 4120 est,
1063 4060 1324 4112 revertar
1363 4056 1440 4112 ad
1465 4062 1522 4112 te
1546 4057 1607 4112 in
1665 4062 1930 4131 tempore
1977 4058 2125 4115 vitae.

481 4140 662 4208 Quasi
691 4140 921 4211 dixerit,
944 4141 1214 4199 humano
1245 4159 1411 4200 more
1461 4145 1715 4218 loquens
1749 4162 1762 4201 :
1797 4146 1855 4203 Si
1902 4146 2127 4217 vixero,

478 4229 529 4285 si
558 4228 734 4286 fuerit
754 4229 876 4286 vita
922 4230 1224 4288 comitata.
1277 4232 1541 4290 Tradunt
1594 4249 1860 4307 namque
1908 4235 2128 4293 medici

2228 3083 2313 3152 pi,
2348 3083 2562 3150 loquar
2590 3078 2672 3135 ad
2698 3078 3014 3133 Dominum
3041 3089 3251 3139 meum,
3284 3087 3412 3127 cum
3441 3073 3551 3126 sim
3580 3070 3781 3140 pulvis
3817 3074 3875 3125 et

2233 3172 2401 3235 cinis,
2436 3174 2493 3225 et
2522 3168 2753 3240 reliqua
2782 3179 3095 3239 usquequo
3124 3162 3206 3218 ait
3237 3180 3249 3217 :
3282 3177 3404 3217 non
3452 3159 3656 3216 delebo
3698 3173 3877 3228 prop-

2235 3268 2325 3318 ter
2351 3260 2567 3317 decem.
2600 3259 2794 3323 Quare
2820 3254 3122 3311 Abraham
3153 3268 3216 3307 se
3240 3250 3545 3324 pulverem
3574 3247 3724 3302 dixit
3749 3262 3879 3302 esse

2234 3355 2290 3406 et
2314 3349 2592 3412 cinerem,
2651 3346 2795 3401 dum
2849 3347 3043 3399 tantas
3093 3339 3525 3414 promissiones
3573 3336 3802 3408 accepit
3845 3351 3882 3390 a

2233 3438 2352 3492 Deo
2405 3438 2433 3493 ?
2485 3433 2916 3492 Sublimitatcm
2979 3428 3450 3504 promissionum
3533 3423 3880 3481 humilitatis

2236 3523 2588 3597 temperavit
2615 3522 3001 3594 subiectione.
3058 3523 3268 3592 Aperte
3322 3516 3483 3572 enim
3539 3512 3883 3583 intelligitur

2234 3615 2295 3670 in
2323 3630 2442 3687 quo
2471 3612 2603 3669 loco
2631 3627 2691 3667 se
2722 3613 3022 3683 posuerat,
3055 3607 3159 3681 qui
3187 3606 3495 3680 pulverem
3536 3619 3599 3660 se
3653 3617 3781 3659 esse
3811 3616 3882 3657 ac

2236 3704 2494 3759 cinerem
2519 3702 2696 3759 etiam
2722 3700 2869 3755 dum
2901 3715 3040 3755 cum
3074 3702 3190 3754 Deo
3219 3697 3581 3769 loqueretur,
3632 3693 3884 3749 aestima-

2237 3794 2357 3850 bat.
2386 3793 2441 3848 Si
2470 3791 2648 3861 igitur
2669 3806 2731 3846 se
2756 3791 2836 3846 ita
2856 3788 3127 3861 despicit,
3149 3786 3251 3860 qui
3278 3800 3468 3858 usque
3489 3783 3567 3839 ad
3590 3782 3884 3837 honorem

2236 3882 2451 3939 divinae
2483 3878 2891 3938 collocutionis
2923 3875 3208 3933 ascendit.
3255 3873 3503 3930 sollicita
3557 3868 3885 3925 intentione

2236 3970 2616 4047 pensandum
2646 3973 2736 4024 est
2764 3983 2886 4041 qua
2917 3980 3098 4043 poena
3118 3964 3204 4020 illi
3236 3960 3483 4019 feriendi
3503 3959 3640 4024 sint,
3672 3957 3779 4047 qui
3806 3956 3884 4013 ad

2238 4046 2541 4118 summam
2561 4073 2682 4114 non
2715 4056 3054 4130 proﬁciunt,
3081 4060 3138 4110 et
3160 4058 3356 4109 tamen
3380 4049 3454 4107 de
3484 4046 3750 4104 minimis
3783 4061 3886 4101 ex-

2236 4151 2541 4209 tolluntur.

2307 4239 2499 4307 Quaeri
2519 4238 2668 4295 solet
2687 4241 2886 4294 utrum
2917 4234 3084 4309 quod
3115 4233 3189 4289 de
3218 4229 3493 4287 Sodomis
3534 4226 3682 4285 dixit
3710 4228 3885 4291 Deus,

478 4316 752 4417 nonnfﬂli
778 4317 945 4419 (Ῑξλοά
990 4319 1162 4389 cujus
1205 4335 1422 4394 corpus
1463 4321 1571 4378 Viri
1623 4323 1958 4380 secundum
2012 4325 2127 4382 hoc
2153 4364 2195 4419 ο
2237 4346 2359 4387 non
2389 4344 2450 4385 se
2475 4327 2723 4401 perdere
2748 4326 2970 4392 locum,
3001 4323 3053 4379 si
3080 4321 3488 4378 invenirentur
3515 4317 3632 4373 illic
3660 4314 3750 4372 vel
3776 4312 3886 4369 deo

480 4422 619 4462 cum
645 4406 774 4477 jam
799 4405 1019 4474 deﬁcit,
1049 4412 1116 4464 ut
1138 4425 1277 4464 cum
1302 4409 1525 4467 femina
1551 4413 1935 4483 provectioris
1982 4419 2123 4472 aeta-

479 4494 574 4561 tis,
606 4495 888 4568 quamvis
918 4495 1118 4554 adhuc
1144 4502 1455 4556 menstrua
1502 4500 1782 4572 patiatur,
1840 4517 2125 4572 generare

475 4600 600 4641 non
628 4584 836 4659 possit,
863 4585 938 4642 de
961 4586 1288 4658 juvencula
1311 4593 1524 4661 potest.
1558 4592 1626 4647 Et
1651 4605 1860 4647 rursus
1912 4591 2128 4649 mulier

474 4690 613 4747 quae
670 4678 793 4731 tam
834 4678 1130 4748 provectae
1188 4677 1377 4734 astatis
1429 4681 1537 4747 est,
1591 4678 1870 4752 quamvis
1926 4675 2125 4739 adhuc

473 4770 783 4821 menstrua
808 4764 1017 4832 ﬂuant,
1051 4769 1107 4822 et
1129 4766 1204 4823 de
1234 4767 1467 4824 seniore
1498 4783 1706 4841 parere
1737 4785 1861 4827 non
1914 4770 2121 4844 possit,

474 4850 550 4905 de
584 4851 805 4921 juvene
851 4858 1063 4923 potest.
1111 4856 1275 4914 Unde
1328 4862 1531 4916 movet
1586 4860 1765 4917 etiam
1821 4861 2124 4934 quosdam

474 4938 784 5009 quomodo
814 4955 954 4996 cum
983 4948 1137 4999 esset
1164 4945 1467 5005 Abraham
1499 4964 1685 5022 prope
1714 4951 1927 5006 mediae
1980 4956 2120 5006 teta-

473 5025 565 5090 tis,
598 5026 931 5084 secundum
959 5044 1146 5101 quam
1192 5032 1467 5090 homines
1508 5042 1648 5092 tunc
1706 5039 2006 5104 vivebant,
2067 5043 2123 5093 et

469 5117 680 5185 postea
702 5114 855 5171 ﬁlios
886 5116 961 5174 de
997 5119 1253 5176 Cethura
1309 5121 1526 5191 fecerit,
1577 5126 1808 5182 dicatur
1834 5125 1912 5181 ab
1962 5132 2119 5196 Apo-

470 5201 620 5258 stolo
647 5203 834 5274 (Rom.
863 5221 937 5272 IV,
970 5208 1074 5280 19),
1107 5224 1355 5279 corpore
1401 5220 1685 5283 emortuo,
1714 5218 1771 5269 et
1805 5228 1912 5284 pro
1939 5213 2117 5267 mira-

2236 4433 2365 4475 cem
2392 4417 2559 4490 justi,
2592 4415 2832 4489 speciali
2861 4411 3129 4487 quadam
3173 4408 3464 4465 sententia
3491 4405 3566 4462 de
3585 4404 3686 4461 illa
3740 4402 3887 4459 civi-

2238 4512 2375 4574 tate,
2397 4523 2474 4563 an
2505 4506 2581 4561 de
2610 4504 2895 4561 omnibus
2927 4498 3380 4569 intelligendum
3423 4496 3500 4551 sit
3530 4491 3888 4564 generaliter

2233 4611 2477 4670 parcere
2503 4596 2692 4651 Deum
2720 4593 2853 4649 loco
2879 4592 2937 4647 in
2970 4601 3336 4663 quocunque
3358 4584 3452 4641 vel
3473 4584 3684 4639 decem
3736 4576 3887 4652 justi

2232 4684 2450 4741 fuerint
2476 4685 2504 4741 ?
2530 4685 2661 4740 Non
2682 4686 2772 4738 est
2791 4695 3035 4737 necesse
3068 4681 3131 4733 ut
3156 4677 3269 4732 hoc
3298 4674 3374 4730 de
3401 4671 3567 4729 omni
3613 4670 3750 4727 loco
3791 4683 3889 4724 ac-

2232 4775 2427 4849 cipere
2457 4771 2910 4846 compellamur.
2944 4770 3365 4825 Verumtamen
3385 4762 3461 4818 de
3479 4758 3757 4849 Sodomis
3780 4772 3892 4849 po—

2231 4844 2341 4921 tuit
2368 4863 2451 4920 sic
2468 4862 2585 4919 dici
2600 4844 2629 4932 ⁷;
2646 4861 2791 4935 quia
2817 4859 3042 4916 sciebat
3073 4859 3228 4912 Deus
3251 4852 3335 4909 ibi
3352 4866 3479 4907 non
3503 4864 3634 4906 esse
3663 4846 3755 4903 vel
3780 4844 3887 4935 de-

2231 4968 2381 5016 cem,
2415 4957 2471 5009 et
2489 4952 2624 5008 ideo
2655 4933 2736 5006 sic
2763 4944 3244 5021 respondebatur
3272 4940 3545 4998 Abrahae.
3579 4933 3888 5005 utsigniti-

2229 5046 2481 5106 caretur,
2509 5056 2619 5095 nec
2650 5043 2734 5095 tot
2752 5037 2836 5092 ibi
2865 5050 3042 5108 posse
3066 5030 3341 5097 inveniri,
3384 5028 3464 5085 ad
3509 5023 3886 5096 exageratio-

2228 5143 2364 5183 nem
2396 5126 2723 5198 iniquitatis
2746 5124 2986 5180 illorum
3009 5120 3113 5192 [Z.,
3140 5119 3391 5176 inveniri
3421 5118 3499 5174 ad
3549 5111 3885 5172 excusatio-

2224 5231 2365 5271 nem
2392 5215 2536 5286 iniq.
2569 5212 2695 5283 ill.].
2725 5211 2840 5267 Sed
2870 5208 3182 5265 sciendum
3227 5213 3316 5264 est
3362 5206 3525 5280 quia,
3581 5205 3885 5276 quantum

468 5289 624 5360 culo,
669 5292 813 5364 quia
863 5297 1085 5366 genuit,
1144 5299 1498 5370 praedicetur
1529 5302 1557 5354 ἱ)
1616 5302 1729 5357 Sed
1781 5300 2116 5358 secundum
2225 5304 2302 5361 ad
2333 5302 2680 5373 allegoriam
2707 5298 2984 5373 pertinet,
3015 5312 3120 5369 per
3166 5294 3608 5370 quinquaginta
3652 5288 3886 5361 signiﬁ-

465 5379 581 5436 hoc
611 5386 952 5442 emortuum
978 5384 1144 5454 dixit,
1198 5388 1362 5456 quod
1414 5388 1542 5458 jam
1593 5388 1668 5443 de
1725 5390 2113 5461 provectioris
2225 5397 2435 5449 cantur
2450 5390 2826 5464 pmnitentes,
2849 5403 2958 5461 per
2980 5386 3252 5460 quinque
3270 5382 3674 5458 quadraginta
3691 5379 3754 5435 hi
3775 5377 3886 5450 qui

465 5468 654 5526 astatis
682 5470 928 5529 muliere
948 5489 1233 5544 generare
1253 5490 1376 5530 non
1407 5480 1630 5547 posset.
1659 5477 1713 5533 Si
1741 5477 1922 5546 enim,
1947 5480 2113 5551 quod
2222 5497 2331 5555 per
2350 5485 2613 5553 quatuor
2644 5475 2968 5546 Evangelia
3006 5476 3381 5547 gradiuntur,
3411 5476 3470 5529 et
3482 5487 3588 5545 per
3607 5468 3886 5542 quinque

462 5558 544 5616 ait
571 5561 909 5633 Apostolus,
944 5579 1165 5637 corpus
1194 5569 1534 5621 emortuum
1565 5565 1752 5623 verbo
1805 5567 1942 5641 quis
1971 5585 2111 5643 pro-
2223 5585 2437 5626 sensus
2469 5567 2734 5640 corporis
2756 5566 3057 5623 abstinent
3090 5582 3152 5622 se
3179 5581 3215 5621 a
3238 5561 3399 5619 malo
3431 5564 3488 5617 et
3514 5560 3740 5616 faciunt
3777 5555 3887 5611 bo-

460 5652 606 5719 mat,
660 5651 805 5724 quia
842 5652 991 5714 dixit
1041 5657 1404 5725 emortuum,
1450 5654 1580 5727 jam
1624 5671 1765 5730 ergo
1826 5674 1935 5718 nec
1979 5661 2106 5717 ani-
2224 5673 2393 5715 num.
2426 5658 2537 5714 Per
2564 5657 2770 5728 viginti
2800 5672 2964 5728 vero,
2991 5655 3096 5729 qui
3155 5652 3468 5723 utriusque
3518 5647 3885 5706 Testamenti
