4136 6176
260 221 361 273 183

1554 225 1558 229 ·
1642 208 1996 265 ΟΟΜΜΕΝΤο
2030 208 2097 266 ΙΝ
2137 211 2298 267 GEN.

3569 216 3669 270 186

257 341 569 400 scientiam
590 341 775 410 atque
805 336 1245 394 observantiam
1266 336 1508 394 habent.
1536 339 1643 392 Per
1671 334 1909 405 triginta
1944 344 1993 398 Α
2026 336 2309 395 Dominus
2333 354 2512 407 super
2539 340 2854 396 Sodomam
2890 347 2944 397 et
2977 341 3371 397 Gomorrham
3409 340 3670 410 sulphur

252 445 501 505 quoque
516 428 599 484 illi
629 426 1028 496 designantur
1052 426 1154 499 qui
1170 427 1231 482 in
1252 426 1371 482 ﬁde
1389 426 1909 496 consistuntsanc-

253 527 328 578 tie
356 516 655 577 Trinitatis
682 514 779 572 vel
806 515 871 572 in
896 530 1003 588 spe
1031 514 1244 572 futurae
1268 514 1674 572 beatitudinis.
1719 518 1783 569 In
1811 513 1910 569 de-

250 609 434 666 nario
487 610 687 664 autem
731 619 1005 667 numero,
1060 604 1167 677 qui
1226 605 1339 661 sub
1366 604 1654 677 mysterio
1686 605 1906 659 sanctae

256 697 461 755 crucis
496 710 555 751 se
578 692 881 750 humiliter
909 692 1197 761 subdunt,
1231 698 1289 750 et
1305 694 1366 749 in
1387 692 1701 749 dilectione
1727 690 1827 747 Dei
1854 693 1909 746 et

257 783 541 861 proximi,
570 798 708 856 quae
735 781 800 837 in
827 780 1122 852 Decalogo
1147 782 1503 853 continetur,
1532 780 1776 854 perfecti
1821 796 1908 837 re-

255 875 592 949 periuntur.
624 870 903 943 Sequitur
930 888 943 925 :

893 1014 1115 1069 CAPUT
1153 1012 1282 1068 XIX.

328 1142 503 1195 Vens.
540 1145 592 1208 l,
621 1142 676 1196 2.
712 1169 782 1178 —
827 1139 1121 1195 Venerunt
1162 1138 1281 1195 duo
1338 1139 1544 1209 angeli
1589 1138 1907 1195 Sodomam

249 1244 519 1300 vespere,
537 1228 775 1285 sedente
797 1228 907 1283 Lot
933 1228 997 1283 in
1023 1227 1258 1297 foribus
1290 1228 1571 1299 civitatis,
1595 1231 1651 1283 et
1671 1231 1905 1284 caetera.

250 1319 468 1388 Quare:
484 1317 797 1373 Abraham
816 1316 877 1372 in
905 1316 1099 1372 tribus
1127 1316 1287 1384 viris,
1314 1316 1362 1372 si
1390 1319 1578 1372 Deum
1603 1316 1906 1387 intellexit,

247 1408 347 1465 vel
369 1406 647 1478 angelos.
673 1410 732 1462 et
757 1405 974 1461 iterum
1015 1407 1137 1461 Lot‘
1158 1405 1221 1460 in
1250 1404 1492 1462 duobus
1515 1421 1618 1462 eos
1639 1404 1909 1462 humano

249 1497 390 1554 cibo
405 1496 567 1553 vesci
582 1494 874 1568 putabat?
904 1495 1176 1550 Fortasse
1196 1494 1362 1568 prius
1374 1510 1506 1551 esse
1517 1494 1796 1551 homines
1819 1511 1909 1552 ar-

248 1586 453 1643 bitrati
482 1590 651 1653 sunt;
684 1584 747 1640 in
775 1583 999 1656 quibus
1050 1585 1236 1639 Deum
1273 1583 1442 1656 loqui
1470 1584 1905 1652 intellexerunt,

2022 431 2075 480 et
2097 428 2285 495 ignem
2316 429 2389 483 de
2406 430 2553 483 creto
2577 444 2611 483 α
2634 430 2903 497 Domino,
2933 434 2987 485 et
3004 430 3295 485 subvertit
3324 445 3553 485 omnem
3576 446 3668 486 re-

2016 516 2270 584 gionem.
2297 517 2587 581 Quaaritur
2622 532 2809 589 quare
2844 520 2965 587 Lot,
3003 534 3142 572 cum
3169 518 3379 588 jussus
3406 521 3565 573 esset
3588 517 3668 574 ad

2017 606 2285 660 montem
2304 603 2528 675 fugere,
2558 606 2741 674 Segor
2758 605 3098 679 praetulerit,
3118 611 3184 662 ut
3201 606 3285 661 ibi
3314 606 3663 673 salvaretur,

2016 697 2073 749 et
2090 709 2335 750 rursum
2363 694 2438 751 de
2473 697 2656 765 Segor
2686 695 2765 751 ad
2821 699 3088 751 montem
3128 694 3421 766 migrasse
3449 697 3476 753 ‘I
3532 698 3667 752 Tra-

2017 781 2170 840 duut
2184 784 2416 841 Hebraei
2438 784 2603 855 quod
2629 786 2831 855 Segor,
2850 784 3190 858 frequenter
3212 790 3551 842 terraemotu
3571 803 3665 843 su-

2016 871 2212 944 bruta,
2246 873 2384 930 Bale
2412 875 2675 947 primum
2701 880 2759 931 et
2786 879 2995 947 postea
3024 874 3229 931 Sallisa
3245 875 3544 949 appellata
3565 877 3662 945 sit,

2016 961 2332 1035 timuitque
2351 966 2454 1019 Lot
2473 963 2709 1020 dicens:
2744 964 2802 1021 Si
2832 980 2971 1020 cum
3002 968 3227 1020 eceterae
3256 963 3455 1020 adhuc
3484 965 3664 1022 urbes

2016 1055 2259 1123 starent,
2280 1052 2393 1110 ista
2404 1070 2565 1127 saepe
2587 1054 2878 1111 subversa
2906 1058 3012 1122 est,
3032 1058 3257 1127 quanto
3288 1057 3482 1127 magis
3502 1070 3664 1113 nunc

2015 1141 2077 1197 in
2102 1142 2411 1198 communi
2440 1142 2615 1199 ruina
2670 1159 2792 1199 non
2837 1144 3049 1215 poterit
3099 1143 3366 1201 liberari!
3403 1146 3469 1200 Et
3497 1144 3658 1200 hanc

2015 1231 2392 1289 occasionem
2422 1231 2785 1290 inﬁdelitatis
2816 1232 3076 1290 etiamin
3114 1232 3267 1289 ﬁlias
3316 1233 3504 1290 coitus
3555 1234 3657 1291 de-

2017 1320 2176 1376 disse
2205 1320 2588 1394 principium.
2605 1323 2715 1389 Qui
2737 1322 2895 1379 enim
2927 1327 3171 1378 caeteras
3196 1322 3429 1378 viderat
3455 1322 3662 1378 subrui

2017 1410 2303 1481 civitates,
2331 1415 2387 1467 et
2400 1411 2559 1467 hanc
2584 1414 2762 1481 stare,
2783 1427 2965 1484 seque
2988 1411 3089 1467 Dei
3105 1410 3326 1468 auxilio
3345 1411 3663 1486 abreptum

2018 1500 2093 1569 [Ζ
2101 1541 2137 1570 .,
2154 1500 2548 1572 subreptum],
2571 1500 2776 1573 utique
2800 1500 2874 1557 de
2887 1517 2957 1557 eo
2978 1501 3145 1574 quod
3166 1501 3280 1558 sibi
3305 1518 3662 1559 concessum

2018 1588 2306 1657 audierat,
2359 1589 2662 1659 ambigere
2711 1606 2832 1646 non
2881 1591 3106 1647 debuit.
3144 1591 3199 1648 Si
3235 1591 3533 1662 judicium
3564 1592 3664 1647 Dei

176 1694 187 1703 θ
248 1673 627 1748 quibusdam
653 1672 868 1729 diViDEB
891 1672 1216 1743 majestatis
1236 1673 1623 1730 existentibus
1644 1677 1702 1730 et
1720 1688 1905 1745 appa-
1933 1696 1980 1753 Β
2011 1678 2242 1749 justum
2262 1685 2367 1745 est,
2397 1695 2584 1752 quare
2604 1679 2861 1736 infantes
2903 1680 2964 1735 in
3016 1680 3290 1737 Sodomis
3316 1680 3496 1737 simul
3524 1697 3663 1737 cum

246 1763 526 1820 rentibus
545 1762 752 1833 signis,
775 1766 984 1835 postea
1002 1760 1184 1817 fuisse
1210 1761 1456 1832 angelos
1477 1765 1904 1832 cognoverunt,

255 1870 397 1909 cum
427 1850 885 1908 eis'videntibus
913 1849 974 1906 in
1001 1848 1222 1906 caelum
1253 1850 1460 1907 issent.

322 1944 497 1999 Vsus.
528 1945 647 1997 3-7.
681 1972 751 1980 —-
782 1939 1085 2009 Compulit
1137 1940 1274 1995 illos
1304 1940 1522 2009 oppido
1544 1944 1611 1996 ut
1658 1940 1908 1997 diverte-

257 2038 388 2088 rent
410 2031 492 2087 ad
510 2032 737 2096 eum,et
751 2028 983 2101 reliqua
1007 2043 1198 2100 usque
1223 2029 1639 2085 :vauaverunt
1667 2030 1905 2086 domum

256 2136 293 2177 a
317 2134 509 2190 puero
539 2133 727 2190 usque
750 2118 832 2174 ad
844 2132 1064 2173 senem.
1096 2116 1240 2173 Hinc
1279 2116 1787 2174 considerandum
1819 2122 1908 2175 est

259 2212 486 2282 quanta
506 2208 582 2264 sit
602 2207 790 2263 virtus
836 2205 1277 2278 hospitalitatis.
1338 2205 1477 2263 Ideo
1506 2207 1701 2276 angeli
1731 2206 1908 2279 quasi

264 2296 523 2369 hospites
550 2295 743 2352 coacti
772 2294 1027 2351 domum
1060 2297 1162 2351 Lot
1190 2294 1469 2352 introisse
1510 2295 1811 2364 dicuntur,
1844 2299 1909 2351 ut

266 2390 485 2442 tentata
508 2388 661 2441 esset
679 2383 942 2441 charitas
972 2386 1096 2454 Lot,
1127 2382 1383 2455 probata
1411 2388 1469 2441 et
1501 2388 1904 2452 remunerate,

260 2480 324 2531 ut
346 2473 757 2531 ostenderetur
806 2476 1103 2546 quantum
1144 2476 1303 2529 esset
1334 2473 1751 2546 hospitalitatis
1799 2472 1906 2529 bo-

254 2586 423 2627 num.
442 2569 814 2643 Hospitalem
840 2585 986 2626 vero
1009 2567 1263 2626 domum
1279 2569 1476 2641 angeli
1498 2570 1749 2640 ingressi
1769 2574 1910 2626 sunt

252 2660 330 2716 ad
357 2659 747 2716 liberandum
764 2658 1066 2731 hospitem
1095 2676 1297 2716 suum.
1324 2659 1568 2723 Clausus
1596 2660 1777 2716 etiam
1807 2660 1908 2716 do.

252 2766 390 2805 mus
409 2748 755 2821 hospitibus
797 2747 955 2819 ignis
982 2747 1289 2819 ingressus
1316 2752 1408 2805 est
1440 2748 1521 2804 ad
1563 2749 1905 2821 perdendos

247 2842 598 2912 peccatores
627 2837 690 2894 in
734 2837 839 2893 eis.
891 2835 1119 2893 Idcirco
1164 2837 1428 2911 hospites
1457 2852 1582 2894 non
1619 2841 1758 2895 sunt
1785 2838 1904 2894 evi-

252 2926 441 2993 tandi,
464 2927 571 2982 sed
602 2926 759 2983 ultro
804 2925 1120 2982 invitandi.
1150 2927 1307 2983 Bene
1351 2926 1512 2983 enim
1565 2942 1738 2984 senes
1765 2934 1905 2983 cum

240 3017 455 3089 pueris
486 3020 883 3073 cucurrerunt
922 3014 1002 3071 ad
1026 3014 1242 3083 scelus,
1273 3016 1419 3088 quia
1448 3017 1735 3089 scriptum
1764 3032 1905 3089 pro-
1933 3052 1975 3107 Ο

250 3102 531 3162 verbium
560 3110 688 3174 est;
725 3106 1083 3162 Adolescens
1103 3106 1294 3175 juxta
1352 3106 1478 3162 vias
1534 3121 1693 3171 suas,
1726 3107 1905 3162 etiam

254 3211 389 3252 cum
424 3196 724 3266 senuerit,
753 3210 869 3250 non
899 3195 1128 3252 recedet
1161 3195 1236 3251 ab
1262 3196 1342 3252 eis
1367 3195 1566 3266 (Prov.
1593 3211 1734 3262 xxn,
1759 3196 1831 3267 6).

318 3285 515 3339 Vens.
548 3286 751 3338 8-9.—
776 3283 973 3340 Habeo
1003 3284 1156 3341 duas
1183 3283 1346 3354 ﬁlias
1376 3299 1507 3355 quav
1534 3284 1785 3339 necdum
1817 3299 1907 3339 co-

246 3378 607 3444 gnoverunt
638 3372 872 3444 virum;
896 3373 1139 3430 educam
1169 3388 1268 3431 eas
1298 3373 1379 3430 ad
1398 3388 1519 3444 vos,
1550 3378 1605 3428 et
1632 3372 1909 3429 αἰηιίτηὶ-

248 3464 310 3517 ni
332 3462 445 3527 eis,
466 3464 528 3517 et
552 3463 786 3516 caetera.
816 3461 1127 3527 Quomodo
1182 3464 1286 3518 Lot
1336 3461 1533 3532 justus
1562 3460 1816 3533 dicatur,
1858 3461 1908 3517 si

251 3549 405 3606 ﬁlias
437 3565 585 3606 suas
614 3548 694 3605 ad
726 3553 847 3606 tam
871 3550 1043 3607 nefas
1073 3550 1268 3606 scelus
1296 3548 1531 3607 tradere
1550 3548 1759 3620 voluit,
1792 3550 1909 3606 nisi

257 3640 402 3712 quia
421 3637 731 3695 scelestius
755 3638 834 3695 ad
854 3639 1370 3712 comparationem
1386 3638 1678 3711 judicavit
1696 3655 1906 3712 pecca-

267 3732 401 3781 tum
428 3726 585 3798 quod
610 3727 812 3798 agitur
841 3732 1050 3784 contra
1077 3732 1358 3784 naturam
1384 3743 1571 3800 quam
1610 3727 1775 3800 quod
1802 3728 1907 3783 ad-

279 3814 522 3870 mittitur
539 3815 878 3872 naturaliter
907 3816 936 3872 ?

346 3903 507 3960 Vens.
545 3905 722 3961 10-18.
757 3937 827 3946 -
886 3905 1370 3977 (Hauseruntque
1396 3906 1611 3962 ostium
1667 3907 1804 3973 viri,
1853 3909 1909 3961 et

261 4005 355 4047 eos
372 3993 670 4063 quierant
695 3995 851 4065 foris
874 4000 1306 4065 percusserunt
1333 3995 1619 4061 cwcitate,
1653 3997 1762 4049 etc.

328 4080 518 4137 Grinci
542 4081 785 4153 habent,
804 4084 1042 4140 aorosia
1063 4082 1361 4156 [aorasia],
1390 4080 1557 4155 quod
1580 4081 1776 4150 magis
1790 4080 1907 4137 dici

252 4172 477 4240 potest,
507 4171 835 4243 avidentia,
865 4187 1004 4245 quae
1024 4171 1202 4228 faciat
1220 4187 1344 4228 non
1358 4170 1583 4241 videre,
1622 4185 1747 4226 non
1776 4186 1909 4227 om-

250 4256 375 4324 nia,
404 4256 512 4313 sed
554 4257 721 4330 quod
749 4275 906 4333 opus
929 4276 1053 4316 non
1082 4264 1190 4318 est.
1212 4259 1337 4317 Hac
1367 4260 1529 4316 enim
1584 4259 1822 4316 aorosia
1852 4262 1910 4316 et

249 4344 329 4401 illi
356 4347 633 4418 percussi
658 4348 936 4421 sunt,qui
967 4348 1322 4421 quaarebant
1378 4347 1656 4423 Eliseum.
1684 4347 1908 4406 Morali-

249 4438 337 4490 ter
364 4450 535 4503 vero,
560 4435 709 4509 quid
734 4440 823 4491 est
847 4436 1034 4509 quod,
1058 4437 1234 4493 malis
1254 4435 1733 4504 adversantibus,
1748 4437 1905 4492 intra

248 4521 511 4579 domum
542 4527 648 4581 Lot
673 4524 976 4582 reducitur
994 4528 1052 4582 et
1078 4525 1364 4593 munitur,
1380 4525 1495 4581 nisi
1510 4525 1674 4598 quod
1700 4526 1900 4595 justus

246 4612 539 4684 quisque,
596 4612 745 4668 dum
799 4628 1124 4686 pravorum
1186 4612 1434 4669 insidias
1489 4614 1759 4680 sustinet,
1820 4612 1900 4668 ad

247 4704 520 4755 mentem
552 4700 862 4756 revertitur
890 4704 947 4756 et
967 4700 1399 4774 imperterritus
1428 4701 1680 4756 manet?
1717 4700 1900 4756 Sodo-

248 4787 409 4843 mitas
433 4792 639 4843 autem
660 4788 768 4843 viri
797 4789 861 4844 in
891 4788 1076 4844 domo
1108 4790 1209 4844 Lot
1238 4787 1505 4844 invenire
1535 4788 1755 4845 ostium
1795 4804 1900 4844 ne-

245 4881 504 4946 queunt,
551 4874 696 4947 quia
741 4881 1119 4948 corruptores
1147 4876 1440 4933 mentium
1479 4881 1686 4933 contra
1713 4876 1897 4932 vitam

235 4963 387 5032 justi
419 4964 658 5021 nullum
697 4965 1099 5022 accusationis
1151 4966 1381 5022 aditum
1419 4965 1898 5039 deprehendunt.

242 5053 519 5119 Percussi
545 5053 705 5109 enim
729 5053 989 5111 caecitate
1009 5054 1185 5126 quasi
1214 5054 1465 5110 domum
1507 5055 1897 5121 circumeunt,

238 5140 351 5211 qui
410 5140 748 5198 invidentes
788 5142 941 5199 facta
970 5142 1251 5215 dictaque
1280 5147 1749 5215 perscrutantur.
1787 5143 1900 5199 Sed

234 5230 389 5301 quia
400 5230 488 5286 eis
502 5230 581 5285 de
606 5231 722 5288 vita
729 5231 875 5302 justi
894 5232 1062 5288 fortis
1085 5231 1349 5304 undique
1372 5247 1442 5287 ac
1461 5231 1782 5287 laudabilis
1805 5248 1900 5287 ac-

232 5316 321 5372 tio
332 5317 417 5373 ob
425 5319 931 5388 viat,errantesnil
943 5319 1105 5376 aliud
1117 5336 1305 5393 quam
1317 5320 1609 5393 parietem
1626 5319 1894 5392 palpant.

314 5408 493 5465 Vsus.
527 5408 703 5465 19-25.
741 5410 1112 5481 —Di:citque
1136 5412 1244 5466 Lot
1263 5410 1345 5467 ad
1372 5426 1467 5465 eos
1491 5426 1503 5464 :
1523 5410 1647 5466 Nec
1658 5425 1897 5479 possum

230 5500 303 5553 in
330 5504 535 5555 monte
557 5500 813 5568 salvari,
829 5513 903 5554 ne
922 5500 1085 5568 forte
1103 5498 1516 5568 apprehendat
1548 5512 1640 5554 me
1666 5499 1894 5554 malum

235 5590 296 5642 et
322 5587 575 5642 moriar.
601 5587 709 5642 Est
735 5588 947 5642 civitas
975 5586 1116 5649 haec,
1142 5586 1223 5642 ad
1237 5601 1418 5656 quam
1438 5577 1671 5656 possum
1685 5588 1899 5657 fugere

228 5689 456 5744 parva,
476 5682 533 5732 et
551 5674 914 5733 salvaborin
942 5688 1029 5742 ea,
1055 5679 1111 5730 et
1135 5674 1365 5746 reliqua
1389 5690 1724 5747 usquequo,
1734 5676 1895 5743 ptuit

2014 1767 2365 1840 parentibus
2387 1768 2635 1825 cremati
2658 1768 2839 1824 sunt?
2867 1771 2936 1825 Ut
2957 1768 3133 1825 nimis
3157 1768 3412 1842 impium
3431 1768 3663 1825 facinus

2018 1856 2668 1931 Sodomitarum'possit
2689 1858 2765 1914 ad
2774 1859 2933 1915 verti.
2952 1861 3263 1915 Peccatum
3275 1858 3435 1916 enim
3453 1874 3663 1915 eorum

2014 1946 2256 2003 advenit
2305 1964 2493 2022 usque
2524 1948 2601 2004 ad
2630 1964 2841 2005 necem
2894 1948 3176 2019 ﬁliorum,
3223 1965 3299 2006 ne
3327 1950 3404 2006 de
3433 1949 3661 2022 origine

2012 2035 2254 2092 illorum
2283 2036 2521 2107 signum
2554 2037 2800 2110 aliquod
2820 2043 3174 2095 remaneret.
3205 2042 3409 2094 Nonne
3462 2039 3661 2110 provi-

2014 2140 2148 2179 sum
2173 2128 2260 2179 est
2287 2124 2420 2191 illis,
2444 2141 2518 2182 ne
2546 2126 2649 2182 diu
2670 2125 2938 2182 viventes
2967 2126 3245 2189 exempla
3269 2130 3662 2199 sequerentur

2012 2215 2276 2283 patrum,
2304 2217 2358 2269 ct
2376 2212 2566 2268 levius
2594 2213 2655 2269 in
2676 2212 2877 2269 futuro
2904 2214 3329 2282 cruciarentur,
3353 2211 3448 2268 vel
3470 2212 3664 2277 omni-

2012 2315 2092 2357 no
2114 2316 2257 2367 non,
2285 2300 2344 2356 in
2372 2300 2567 2359 aliena
2591 2318 2776 2358 causa
2798 2302 3017 2358 occisi?
3042 2305 3318 2359 Parentes
3352 2301 3514 2357 enim
3534 2305 3660 2357 tam

2012 2404 2123 2461 pro
2155 2404 2217 2444 se
2246 2404 2435 2461 quam
2464 2405 2575 2462 pro
2601 2390 2684 2446 eis
2715 2390 2797 2446 rei
2822 2394 2977 2446 sunt.
3011 2393 3163 2459 Ergo
3193 2405 3358 2445 mors
3399 2388 3661 2445 ﬁliorum

2013 2477 2237 2534 crimen
2259 2482 2350 2535 est
2372 2482 2711 2550 parentum,
2742 2483 2799 2535 et
2818 2478 2955 2534 ideo
2976 2477 3152 2534 futuri
3186 2482 3328 2534 sunt
3350 2482 3662 2533 accusato-

2012 2583 2106 2624 res
2132 2572 2472 2641 parentum.
2494 2571 2592 2624 Est
2619 2568 3038 2641 qualecunque
3058 2566 3440 2637 beneﬁcium,
3490 2581 3664 2621 reum

2012 2670 2135 2712 non
2164 2656 2437 2729 esse,qui
2468 2655 2764 2725 gloriosus
2802 2672 2926 2712 non
2984 2658 3095 2712 est.
3152 2655 3404 2713 Prodest
3432 2669 3662 2727 paupe-

2013 2759 2142 2801 rem
2162 2759 2284 2800 non
2309 2760 2458 2810 esse,
2487 2744 2591 2817 qui
2619 2759 2724 2800 rex
2753 2760 2886 2801 esse
2915 2760 3039 2800 non
3068 2748 3285 2817 potest.

2085 2833 2373 2890 Moraliter
2402 2832 2714 2890 ardentem
2746 2833 3074 2890 Sodomam
3104 2832 3309 2903 fugere
3338 2837 3427 2889 est
3464 2831 3664 2889 illicita

2014 2921 2209 2978 carnis
2237 2920 2517 2979 incendia
2545 2922 2865 2978 declinare.
2900 2920 3166 2978 Altitudo
3192 2937 3336 2977 vero
3365 2921 3663 2978 montium

2012 3016 2098 3067 est
2127 3011 2425 3068 munditia
2452 3011 2906 3083 continentium.
2924 3010 3024 3067 Vel
3045 3013 3200 3066 certe
3221 3010 3396 3083 quasi
3409 3010 3469 3065 in
3494 3025 3664 3065 mon-

2012 3104 2066 3155 te
2091 3103 2248 3165 sunt,
2279 3100 2382 3173 qui
2438 3076 2620 3156 etiam
2677 3099 2903 3155 carnali
2944 3098 3176 3172 copulae
3206 3076 3519 3175 inhaerent,
3555 3097 3663 3153 sed

2015 3191 2215 3243 tamen
2234 3193 2401 3246 extra
2417 3187 2815 3259 suscipiendae
2844 3186 3026 3258 prolis
3050 3185 3473 3249 admistionem
3490 3181 3658 3241 debi-

2014 3280 2138 3331 tam
2169 3275 2335 3330 nulla
2364 3274 2558 3330 carnis
2607 3274 2916 3347 voluptate
2964 3274 3294 3330 solvuntur.
3348 3276 3413 3329 In
3456 3278 3659 3329 monte

2014 3366 2237 3438 quippe
2260 3369 2415 3422 stare
2437 3370 2525 3421 est
2551 3364 2812 3421 fructum
2837 3363 3187 3438 propaginis
3214 3364 3277 3420 in
3305 3378 3486 3419 carne
3535 3379 3660 3419 non

2013 3470 2279 3527 quaerere
2305 3472 2318 3524 ;
2350 3454 2413 3510 in
2443 3458 2646 3510 monte
2678 3458 2834 3511 stare
2855 3457 2947 3510 est
2971 3452 3285 3510 carnaliter
3306 3467 3429 3508 non
3464 3451 3664 3508 adhae-

2014 3558 2161 3600 rere.
2193 3543 2308 3600 Sed
2333 3543 2477 3616 quia
2504 3542 2678 3599 multi
2699 3547 2840 3598 sunt
2867 3542 2970 3615 qui
3002 3541 3227 3597 scelera
3252 3540 3500 3614 quidem
3531 3555 3661 3596 car-

2015 3634 2106 3690 nis
2132 3634 2431 3700 deserunt,
2465 3648 2575 3688 nec
2603 3637 2808 3689 tamen
2846 3632 2906 3686 in
2964 3630 3246 3701 conjugio
3303 3629 3481 3704 positi
3511 3645 3662 3685 usus

2016 3722 2397 3779 solummodo
2440 3721 2621 3778 debiti
2650 3722 2789 3792 jura
2828 3723 3199 3787 conservent,
3234 3719 3375 3775 exiit
3412 3717 3659 3791 quidem

2016 3816 2119 3869 Lot
2142 3812 2423 3879 Sodoma,
2446 3810 2552 3866 sed
2572 3816 2771 3866 tamen
2793 3826 2935 3865 mox
2960 3809 3039 3866 ad
3058 3812 3349 3865 montana
3372 3823 3496 3864 non
3524 3822 3661 3879 per-

2010 3901 2191 3968 venit,
2212 3900 2357 3973 quia
2369 3901 2499 3971 jam
2514 3897 2881 3955 damnabilis
2900 3898 3023 3953 vita
3041 3896 3415 3969 relinquitur,
3431 3895 3537 3951 sed
3560 3895 3662 3951 ad-

2008 3990 2128 4045 huc
2149 3988 2436 4045 celsitudo
2452 3987 2786 4059 conjugalis
2816 3984 3193 4043 continentiae
3211 3983 3503 4040 subtiliter
3534 3998 3659 4039 non
3746 4012 3763 4023 κ

2011 4080 2261 4135 tenetur.
2288 4080 2384 4133 Est
2416 4091 2557 4133 vero
2583 4075 2647 4131 in
2681 4074 2880 4131 medio
2918 4076 3104 4144 Segor
3143 4073 3369 4141 civitas,
3403 4088 3540 4145 quae
3566 4071 3659 4128 fu-

2013 4166 2272 4237 gientem
2284 4164 2473 4222 salvet
2490 4169 2547 4222 et
2564 4163 2873 4220 inﬁrmum
2896 4182 2911 4232 ;
2939 4163 3083 4236 quia
3101 4162 3524 4218 videlicetcum
3546 4160 3658 4217 sibi

2012 4271 2120 4329 per
2139 4254 2631 4312 incontinentiam
2658 4253 2985 4310 miscentur
3021 4252 3329 4322 conjuges,
3377 4256 3434 4306 et
3451 4250 3658 4324 lapsus

2015 4344 2307 4401 scelerum
2324 4343 2579 4415 fugiunt,
2604 4347 2661 4399 et
2682 4348 2886 4400 tamen
2913 4341 3093 4399 venia
3117 4341 3450 4398 salvantur.
3483 4340 3660 4406 Quasi

2012 4448 2265 4505 parvam
2286 4431 2512 4504 quippe
2524 4430 2825 4487 civitatem
2846 4430 3175 4495 inveniunt,
3195 4429 3256 4484 in
3272 4445 3398 4501 qua
3417 4428 3497 4484 ab
3512 4428 3660 4497 igni-

2008 4519 2126 4576 bus
2136 4519 2566 4589 defendantur;
2584 4520 2728 4592 quia
2757 4518 2890 4589 conj
2899 4517 3096 4587 ugalis
3112 4518 3239 4572 haec
3257 4516 3375 4572 vita
3390 4532 3510 4571 non
3529 4515 3657 4585 qui-

2010 4607 2151 4664 dem
2171 4610 2232 4664 in
2254 4608 2569 4685 virtutibus
2592 4607 2748 4665 mira
2778 4610 2886 4676 est,
2910 4606 3016 4661 sed
3042 4610 3242 4662 tamen
3277 4620 3315 4660 a
3350 4601 3659 4674 suppliciis

2010 4712 2238 4753 secura.
2266 4697 2430 4754 Unde
2458 4697 2621 4752 idem
2644 4699 2747 4752 Lot
2776 4695 2854 4752 ad
2898 4692 3183 4762 angelum
3211 4690 3356 4746 dicit
3382 4707 3396 4744 :
3425 4691 3532 4745 Est
3572 4691 3655 4745 ci-

2010 4786 2162 4842 vitas
2180 4785 2500 4855 hmcjuxta
2523 4785 2607 4841 ad
2618 4799 2798 4855 quam
2829 4795 3068 4852 possum
3087 4779 3320 4850 fugere,
3341 4792 3562 4849 parva,
3602 4784 3657 4835 et

2006 4875 2289 4930 salvabor
2307 4875 2369 4929 in
2389 4872 2780 4943 ea.Nunquid
2807 4885 2929 4925 non
2950 4868 3185 4925 modica
3208 4874 3312 4930 est.
3334 4874 3388 4925 et
3412 4869 3568 4924 vivet
3593 4870 3657 4925 in

2006 4977 2073 5018 ea
2102 4962 2306 5018 anima
2332 4974 2460 5015 mea
2485 4960 2703 5015 ?Juxta
2731 4958 2910 5029 igitur
2940 4956 3177 5022 dicitur,
3236 4961 3294 5013 et
3351 4961 3554 5012 tamen
3581 4958 3657 5014 ad

2009 5049 2261 5106 salutem
2293 5053 2417 5105 tuta
2440 5047 2784 5121 perhibetur
2811 5066 2824 5113 ;
2853 5047 2999 5120 quia
3029 5046 3367 5118 conjugalis
3401 5046 3517 5103 vita
3544 5062 3655 5103 nec

2009 5156 2045 5194 a
2077 5137 2306 5195 mundo
2327 5138 2503 5209 longe
2533 5136 2725 5193 divisa
2751 5141 2858 5201 est,
2887 5153 2995 5192 nec
3019 5140 3221 5192 tamen
3251 5153 3288 5193 a
3320 5136 3543 5206 gaudio
3567 5154 3661 5193 sa-

2008 5226 2144 5283 lutis
2171 5226 2387 5282 aliena.
2425 5225 2539 5283 Sed
2570 5230 2710 5280 tunc
2740 5224 2800 5279 in
2826 5226 3057 5281 actione
3100 5226 3213 5282 hac
3239 5225 3425 5280 vitam
3485 5242 3657 5281 suam

2009 5317 2295 5388 conjuges
2319 5317 2497 5389 quasi
2520 5315 2577 5371 in
2608 5330 2798 5387 parva
2821 5314 3053 5371 civitate
3082 5314 3445 5380 custodiunt,
3466 5330 3661 5387 quan-

2003 5405 2083 5461 do
2112 5422 2221 5479 pro
2270 5421 2332 5461 se
2380 5404 2635 5461 assiduis
2691 5402 3213 5476 deprecationibus
3264 5402 3655 5459 intercedunt;

2005 5495 2169 5551 Unde
2196 5499 2253 5551 et
2274 5498 2431 5550 recte
2461 5509 2568 5565 per
2598 5491 2882 5563 angelum
2942 5492 3019 5547 ad
3070 5491 3351 5548 eumdem
3384 5494 3489 5546 Lot
3519 5490 3658 5546 dici-

2005 5589 2136 5640 tur:
2168 5586 2321 5642 Ecce
2349 5586 2526 5641 etiam
2570 5583 2633 5638 in
2673 5583 2784 5638 hoc
2840 5583 3075 5651 suscepi
3128 5595 3330 5649 preces
3379 5586 3532 5643 tuas,
3591 5583 3655 5631 ut

2007 5688 2122 5728 non
2154 5675 2490 5729 snbvertam
2522 5673 2727 5727 urbem
2756 5687 2868 5740 pro
2897 5687 3016 5742 qua
3042 5672 3269 5726 locutus
3290 5684 3367 5723 es.
3400 5668 3549 5730 Quia
3574 5664 3656 5718 vi-
