4136 6176
439 201 539 261 187

1532 200 1890 263 ANGELOHI
1931 197 2385 261 LUXOWENSIS
2422 205 2742 264 MONACHI

3749 205 3848 260 188

434 326 646 385 delicat
673 341 812 382 cum
854 327 968 384 Deo
998 327 1338 400 deprecatio
1368 329 1654 394 funditur,
1687 341 2075 400 nequaquam
2115 332 2162 383 Α
2195 329 2378 386 modo
2405 331 2648 388 dabitur
2667 330 2830 399 vitio,
2863 328 3030 401 quod
3055 343 3177 382 non
3209 326 3455 382 iteratur
3481 327 3541 382 in
3564 326 3722 384 facto
3750 329 3779 384 ?
3801 328 3850 383 si

435 417 567 473 talis
597 417 858 486 conjugii
915 417 1032 473 vita
1085 417 1427 474 damnatur.
1488 423 1563 474 De
1589 435 1710 491 qua
1739 419 2079 491 precatione

2194 420 2297 473 Lot
2324 421 2496 491 quasi
2527 420 2788 475 incestus
2821 419 2879 473 in
2912 419 3026 472 hoc
3054 417 3211 472 facto
3242 415 3581 486 culpandus
3613 423 3719 480 est,
3772 433 3851 472 an

434 519 678 578 quoque
708 505 924 560 Paulus
955 506 1258 573 admonet,
1291 507 1495 563 dicens
1527 525 1539 562 :
1565 510 1764 563 Nolite
1783 507 2082 577 fraudare
2190 523 2311 562 non
2345 509 2682 581 culpandus
2704 512 2791 563 est
2819 507 3066 579 quidem
3097 506 3156 560 in
3183 506 3298 560 hoc
3320 504 3480 559 facto
3510 507 3635 569 Lot,
3658 521 3851 577 quan-

434 595 707 664 invicem,
736 596 853 649 nisi
877 596 1037 664 forte
1067 610 1141 651 ex
1170 612 1457 653 consensu
1489 597 1568 653 ad
1597 604 1844 666 tempus,
1887 601 1952 650 ut
1985 610 2080 651 va-

2192 600 2319 652 tum
2351 597 2646 653 ebrietatis
2678 597 3017 665 ignorantia
3045 597 3356 650 meretur?
3414 598 3562 650 Nam
3595 599 3651 650 et
3691 595 3850 650 hanc

435 684 578 739 cetis
605 685 868 738 Orationi
889 685 944 754 (Ι
961 684 1097 740 Cor.
1132 701 1228 750 vn,
1264 691 1336 754 ὃ).
1371 685 1521 751 Quid
1567 686 1626 741 in
1657 685 1940 757 sulphure
1971 682 2082 738 nisi
2189 685 2285 740 lex
2316 690 2536 742 aeterna
2575 686 2958 749 condemnat,
2992 700 3125 756 quas
3154 684 3356 738 cibum
3384 687 3443 738 et
3482 688 3692 754 potum
3725 691 3848 738 neu

436 770 583 825 fetor
611 770 828 837 carnis,
860 775 916 825 et
935 771 1080 843 quid
1104 789 1210 844 per
1234 773 1434 843 ignem
1467 774 1575 829 nisi
1601 774 1781 828 ardor
1806 771 2082 828 desiderii

435 858 690 914 carnalis
714 859 1066 930 exprimitur
1084 863 1111 917 ?
1143 864 1290 917 Cum
1309 879 1452 933 ergo
1481 863 1880 919 habitantium
1905 861 2086 916 Sodo-

434 947 548 1002 mis
577 946 666 1001 vel
697 948 1042 1004 Gomorrhaa
1069 952 1266 1006 carnis
1305 952 1526 1008 scelera
1561 952 1772 1024 punire
1799 949 2084 1006 Dominus

435 1035 816 1105 decrevisset,
849 1037 908 1092 in
931 1037 1061 1110 ipsa
1101 1040 1384 1111 qualitate
1417 1041 1656 1096 ultionis
1704 1040 1931 1096 notavit
1959 1054 2084 1092 ma-

434 1123 632 1180 culam
661 1125 947 1182 criminis.
979 1129 1238 1200 Sulphur
1266 1131 1490 1202 quippe
1522 1130 1769 1185 fetorem
1804 1128 2004 1193 habet,
2030 1132 2086 1181 et

433 1213 588 1282 ignis
613 1213 911 1270 ardorem.
965 1217 1070 1281 Qui
1129 1218 1330 1290 itaque
1399 1233 1683 1290 perversa
1709 1217 2005 1273 desideria
2031 1221 2087 1270 et

435 1302 634 1357 carnis
663 1303 844 1359 fetore
875 1312 1149 1361 arserant
1195 1311 1266 1372 [Ζ
1275 1349 1310 1374 .,
1342 1307 1511 1363 fetori
1541 1306 1964 1376 adhaeserant],
1994 1305 2083 1360 di-

437 1407 625 1460 gnum
675 1393 782 1447 fuit
810 1397 875 1448 ut
922 1395 1099 1450 simul
1155 1396 1446 1468 sulphure
1478 1398 1755 1469 perirent,
1787 1400 2084 1468 quatenus

435 1495 509 1535 ex
527 1481 694 1551 justa
721 1498 904 1554 pmna
931 1483 1226 1540 discerent
1255 1502 1325 1540 ex
1348 1486 1568 1557 injusto
1599 1485 1892 1541 desiderio
1917 1483 2084 1556 quod

437 1569 736 1626 fecissent.
2037 1588 2046 1592 ‘

2192 775 2304 830 nisi
2331 775 2409 830 ad
2427 775 2678 830 salutem
2703 775 2972 846 corporis
3000 789 3238 827 sumere
3269 772 3538 828 mandat.
3567 776 3630 827 Et
3647 773 3744 827 hic
3765 774 3850 828 di-

2192 863 2926 934 ligentiusintendendum
2957 867 3044 917 est
3091 867 3389 933 quantum
3441 860 3846 916 sitebrietatis

2193 953 2444 1021 malum,
2477 959 2533 1008 et
2553 953 2723 1007 valde
2747 951 3080 1007 timendum
3105 950 3214 1004 illis
3231 951 3451 1023 quibus
3472 950 3586 1004 hoc
3620 949 3848 1004 malum

2193 1042 2251 1096 in
2286 1059 2397 1096 usu
2421 1048 2652 1097 estnon
2687 1043 2746 1097 in
2774 1040 3040 1096 crimine.
3081 1039 3342 1094 Ebrietas
3383 1039 3624 1110 decipit,
3665 1055 3847 1110 quem

2197 1130 2459 1186 Sodoma
2482 1147 2604 1185 non
2633 1130 2884 1203 decepit.
2908 1129 3101 1184 Uritur
3125 1128 3218 1182 ille
3240 1127 3503 1183 flammis
3527 1126 3848 1183 mulierum

2195 1236 2376 1292 quem
2400 1219 2724 1292 sulphurea
2745 1219 2994 1274 ﬂamma
3035 1234 3156 1274 non
3199 1217 3367 1272 ussit.
3411 1220 3544 1272 Erat
3571 1231 3710 1286 ergo
3744 1220 3850 1272 Lot

2195 1314 2338 1373 arte,
2363 1323 2485 1363 non
2509 1308 2809 1364 voluntate
2831 1307 3133 1379 deceptus.
3166 1307 3302 1361 Ideo
3325 1306 3561 1360 medius
3602 1305 3849 1376 quidem

2193 1397 2345 1452 inter
2369 1402 2712 1469 peccatores
2738 1402 2794 1452 et
2815 1397 3033 1466 justos,
3084 1396 3308 1467 quippe
3357 1395 3462 1466 qui
3492 1410 3563 1448 ex
3593 1393 3850 1448 Abrahae

2193 1485 2439 1558 quidem
2470 1487 2823 1554 cognatione
2866 1483 3277 1553 descenderat,
3338 1484 3396 1538 in
3462 1483 3738 1538 Sodomis
3770 1487 3853 1538 ta-

2195 1590 2332 1629 men
2363 1574 2756 1630 habitaverat.
2790 1577 2935 1628 Nam
2969 1573 3186 1641 ethoc,
3217 1572 3384 1644 quod
3413 1571 3610 1627 evadit
3647 1587 3718 1627 ex
3748 1573 3851 1626 So-

507 1659 699 1723 Quare
729 1659 942 1715 diebus
992 1665 1109 1717 Noe
1142 1668 1450 1734 peccatum
1477 1665 1688 1719 mundi
1720 1680 1880 1736 aqua
1910 1663 2082 1718 ulcis-
2120 1686 2164 1737 Β
2192 1663 2408 1730 domis,
2444 1663 2596 1718 sicut
2624 1663 2925 1734 Scriptura
2955 1661 3196 1727 indicat,
3230 1661 3419 1731 magis
3445 1661 3522 1716 ad
3553 1661 3849 1716 honorem

435 1746 608 1807 citur.
631 1748 746 1803 hoc
772 1765 913 1804 vero
937 1751 1382 1808 Sodomitarum
1414 1753 1550 1821 igne
1586 1753 1882 1825 punitur?
1934 1752 2084 1816 Quia
2192 1752 2448 1807 Abrahae
2469 1768 2653 1824 quam
2689 1752 2764 1806 ad
2798 1753 3076 1806 meritum
3108 1751 3356 1822 pertinet
3382 1753 3502 1805 Lot.

433 1835 579 1890 illud
610 1837 880 1900 naturale
907 1838 1169 1895 libidinis
1192 1858 1330 1896 cum
1358 1841 1594 1896 feminis
1622 1841 2080 1913 fuitpeccatum,

434 1926 608 1997 quasi
635 1925 840 1983 leviori
869 1929 1162 1985 elemento
1183 1931 1506 1986 damnatur
1532 1949 1544 1998 ;
1577 1932 1690 1987 hoc
1713 1947 1852 1986 vero
1876 1936 2083 1986 contra

434 2017 714 2070 naturam
776 2032 914 2072 cum
973 2017 1111 2073 viris
1170 2018 1434 2074 libidinis
1485 2025 1800 2091 peccatum
1838 2020 2081 2076 acrioris

436 2101 710 2160 elementi
732 2105 1067 2176 vindicatur
1096 2107 1393 2174 incendio,
1422 2114 1480 2165 et
1511 2109 1624 2165 illic
1655 2115 1809 2165 terra
1834 2109 2081 2180 [Z.,illic

433 2207 574 2248 vero
600 2195 732 2266 ter.)
760 2196 936 2268 aquis
967 2197 1172 2254 abluta
1199 2199 1514 2268 revirescit,
1543 2200 1637 2255 hic
1666 2199 1929 2255 flammis
1953 2216 2081 2255 cre-

435 2287 619 2351 mata,
651 2289 872 2340 aeterna
896 2287 1192 2343 sterilitate
1222 2289 1450 2344 arescit.

509 2372 820 2441 Qumritur,
879 2374 954 2429 de
986 2376 1138 2431 coelo
1183 2393 1370 2449 quare
1429 2378 1688 2434 vindicta
1719 2384 1872 2433 esset
1901 2393 2082 2449 super

435 2458 798 2515 habitatores
823 2461 1043 2534 impios
1076 2465 1382 2521 civitatum
1414 2466 1652 2522 illarum
1684 2469 1711 2520 ‘?
1761 2469 1909 2532 Quia
1959 2467 2078 2521 cla—

437 2562 570 2600 mor
598 2550 975 2618 peccantium
1002 2552 1060 2606 in
1088 2553 1305 2609 coelum
1335 2556 1673 2610 ascendisse
1705 2555 1938 2616 dicitur.
1990 2555 2078 2610 id-

437 2635 593 2689 circo
620 2635 696 2689 de
725 2636 875 2692 ccelo
901 2639 1186 2709 puniendi
1220 2647 1408 2697 erant.
1441 2643 1556 2697 Cur
1581 2643 1906 2708 sulphureo
1943 2645 2079 2711 igne

436 2722 842 2793 puniebantur
862 2727 888 2780 ?
915 2729 981 2782 Ut
1011 2729 1421 2799 putidissimus
1477 2731 1738 2786 libidinis
1769 2732 1948 2788 ardor
1976 2749 2083 2806 pu-

439 2810 729 2868 tidissimo
757 2813 1145 2872 ﬂammarum
1177 2819 1389 2874 ardore
1428 2821 1758 2892 puniretur.

512 2902 675 2958 Vens.
708 2905 897 2959 26-29.
935 2933 1002 2944 «-
1049 2908 1501 2980 Respiciensque
1532 2925 1687 2966 uxor
1713 2913 1840 2979 ejus
1863 2917 1993 2980 post
2023 2925 2083 2966 se

437 3004 608 3046 versa
637 2997 719 3047 est
750 2993 811 3048 in
833 3000 1096 3051 statuam
1126 2998 1292 3052 satis.
1326 2999 1440 3054 Cur
1470 3003 1670 3054 autem
1710 3003 1861 3055 uxor
1894 3003 1994 3056 Lot
2021 3003 2082 3054 in

436 3082 693 3135 statuam
745 3080 884 3137 salis
940 3097 1113 3140 versa
1141 3088 1276 3141 est?
1328 3085 1416 3141 Ad
1462 3087 1912 3145 condimentum
1944 3090 2085 3144 tide-

433 3165 603 3236 lium,
634 3169 778 3241 quia
805 3172 1034 3241 punitio
1063 3174 1231 3246 impii
1261 3175 1512 3231 eruditio
1543 3181 1630 3231 est
1653 3178 1818 3248 justi.

510 3258 677 3312 Vens.
719 3258 805 3313 30.
837 3262 1309 3334 ~Ascenditque
1323 3265 1428 3319 Lot
1463 3266 1534 3321 de
1554 3266 1758 3336 Seqor,
1778 3273 1830 3322 et
1863 3271 2082 3324 mansit

435 3345 500 3400 in
531 3352 747 3412 monte,
779 3349 916 3404 duae
943 3366 1172 3421 quoque
1197 3353 1341 3420 ﬁlia:
1362 3369 1493 3409 cum
1515 3369 1599 3410 eo.
1634 3357 1936 3412 Timuerat
1966 3373 2087 3413 ma-

437 3447 579 3489 nere
597 3435 658 3490 in
674 3435 875 3506 Segor,
900 3453 1216 3511 usquequo
1245 3441 1347 3510 ait,
1365 3451 1764 3511 conceperant
1784 3461 1924 3514 ergo
1949 3447 2086 3502 duce

432 3522 577 3589 ﬁlia
596 3524 704 3579 [λοι
733 3525 806 3582 de
825 3532 1008 3595 patre
1025 3543 1148 3582 suo.
1173 3530 1302 3594 Quo
1333 3533 1493 3586 enim
1521 3531 1768 3588 consilio
1791 3531 1924 3588 ﬁliae
1952 3537 2073 3604 Lot,

436 3608 584 3665 dum
616 3611 690 3682 [Ζ
695 3629 861 3679 .,om.
885 3614 1054 3686 dum]
1107 3617 1494 3674 concubitum
1553 3620 1736 3691 patris
1766 3621 2084 3693 petierunt,

435 3697 530 3753 vel
557 3700 636 3754 ab
659 3701 891 3758 incestu
918 3706 1163 3776 purgari
1193 3711 1465 3777 possunt,
1494 3707 1641 3762 dum
1674 3710 1787 3765 hoc
1832 3711 2085 3766 scientes

437 3785 722 3858 fecerunt,
754 3790 848 3846 ille
882 3807 1020 3848 vero
1045 3795 1220 3865 quasi
1249 3796 1521 3851 nesciens
1547 3798 1574 3852 ‘I
1605 3798 1848 3853 Videtur
1878 3800 1970 3869 [Ζ.
2001 3801 2081 3854 di-

437 3877 601 3948 cunt]
621 3894 888 3951 namque
911 3880 1062 3937 tilias
1099 3885 1200 3938 Lot
1224 3883 1502 3939 didicisse
1526 3886 1808 3958 quaadam
1830 3889 1904 3943 de
1941 3905 2083 3944 con-

437 3968 836 4022 summatione
851 3970 1081 4035 mundi,
1101 3988 1237 4044 quas
1250 3973 1587 4030 immineret
1602 3991 1708 4048 per
1729 3977 1954 4046 ignem,
1977 3978 2084 4032 sed

438 4057 728 4125 tanquam
753 4056 841 4125 [Ζ.
854 4099 867 4124 ,
889 4073 999 4113 nec
1016 4062 1237 4131 tamen]
1257 4061 1468 4133 puellae
1490 4063 1812 4133 intelligere
1832 4065 2085 4136 perfecte

437 4157 572 4213 qua:
599 4142 950 4207 didicerant,
987 4149 1324 4205 nescierunt
1362 4152 1528 4222 quod
1579 4153 1896 4208 Sodomitis
1950 4155 2086 4222 igne

437 4231 681 4286 vastatis
702 4232 959 4290 multum
979 4236 1178 4292 adhuc
1200 4239 1460 4310 spatium
1488 4241 1785 4310 integrum
1807 4243 2086 4298 resideret

437 4317 499 4373 in
529 4320 780 4376 mundo.
807 4324 1129 4396 Suspicatus
1151 4332 1287 4383 sunt
1310 4328 1422 4383 tale
1443 4329 1670 4401 aliquid
1695 4329 1919 4386 factum
1943 4346 2088 4402 qua-

437 4405 489 4462 le
505 4407 566 4462 in
594 4411 964 4482 temporibus
989 4414 1304 4471 audierant
1333 4420 1472 4486 Noe,
1496 4421 1553 4472 et
1581 4417 1660 4473 ob
1683 4419 2085 4491 reparandam

437 4498 780 4555 mortalium
803 4502 1207 4573 posteritatem
1231 4504 1390 4560 solas
1432 4521 1495 4559 se
1533 4521 1662 4561 esse
1679 4522 1818 4561 cum
1842 4513 2086 4578 parente

437 4593 721 4645 servatas.
737 4592 1143 4665 Recuperandi
1165 4593 1361 4662 igitur,
1395 4593 1644 4649 humani
1664 4597 1898 4666 generis
1927 4595 2084 4652 desi-

436 4674 667 4734 derium
700 4687 963 4749 sumunt,
997 4686 1176 4754 atque
1205 4683 1577 4738 restaurandi
1609 4684 1809 4739 saeculi
1853 4701 1925 4740 ex
1956 4701 2085 4741 sese

436 4764 709 4822 dandum
738 4771 1062 4840 opinantur
1088 4770 1402 4826 exordium
1428 4789 1440 4839 ;
1473 4776 1531 4827 et
1549 4774 1830 4844 quamvis
1856 4774 2084 4846 grande

436 4854 519 4906 eis
534 4855 759 4910 crimen
786 4858 1077 4913 videretur
1103 4859 1288 4916 furari
1315 4861 1700 4918 concubitum
1723 4865 1928 4936 patris,
1953 4880 2085 4934 gra-

437 4939 566 4994 vior
589 4945 790 4997 tamen
818 4945 902 4998 eis
923 4945 1244 5002 videbatur
1273 4949 1575 5021 impietas,
1609 4952 1654 5007 si
1689 4953 1989 5016 humanae,
2022 4959 2087 5008 ut

438 5029 751 5098 putabant,
775 5033 1130 5102 posteritatis
1163 5051 1330 5107 spem
1377 5046 1613 5094 servata
1641 5043 1906 5098 castitate
1931 5042 2086 5095 dele-

437 5120 585 5170 rent.
621 5119 861 5190 Propter
890 5120 1004 5175 hoc
1028 5136 1171 5189 ergo
1214 5124 1526 5180 consilium
1587 5128 1811 5197 ineunt,
1847 5129 2080 5192 minori,

439 5209 500 5258 ut
532 5204 806 5269 arbitror,
863 5207 1064 5279 culpa,
1090 5210 1210 5280 [Z.,
1233 5211 1405 5266 addit
1447 5222 1923 5287 argumentoque
1956 5231 2083 5269 ma-

434 5290 586 5362 jore]
618 5294 802 5363 patris
833 5296 1176 5352 maestitiam
1204 5298 1297 5353 vel
1329 5299 1584 5367 rigorem
1615 5301 1756 5356 vino
1787 5301 2082 5368 molliunt,

439 5384 496 5435 et
529 5381 856 5451 resolvunt,
889 5383 1137 5452 singulis
1164 5385 1450 5454 ingressis
1502 5387 1800 5455 noctibus,
1836 5389 2084 5457 singulas

439 5469 770 5541 suscipiunt
825 5472 902 5527 ab
953 5472 1266 5542 ignorante
1314 5481 1704 5546 conceptum;
1754 5477 1905 5533 ultra
1963 5493 2084 5534 non

437 5563 712 5630 repetunt
741 5560 856 5632 [Z.,
879 5577 989 5617 nec
1020 5561 1173 5618 ultra
1201 5564 1350 5636 rep.]
1377 5579 1485 5620 nec
1512 5565 1838 5636 requirunt.
1869 5568 1974 5623 Ubi
1991 5568 2084 5624 hic

436 5646 700 5706 libidinis
729 5650 909 5724 culpa
932 5652 960 5708 ‘2
982 5651 1090 5708 Ubi
1117 5652 1325 5711 incesti
1346 5653 1572 5711 crimen
1591 5656 1860 5727 arguitur
1877 5657 1905 5713 ?
1935 5659 2087 5723 Quo-

2113 3040 2152 3092 Ο

2119 4387 2164 4440 D

2262 1843 2440 1911 Fugit
2472 1845 2674 1914 itaque
2705 1844 2812 1898 Lot
2843 1858 2879 1897 a
2909 1842 3189 1907 Sodoma,
3214 1847 3326 1896 etc.
3349 1843 3448 1896 Lot
3469 1840 3670 1912 itaque
3697 1841 3846 1908 tigu-

2190 1947 2320 1987 ram
2355 1931 2638 1986 habuisse
2666 1931 2834 2000 legis,
2868 1931 3048 2000 hujus
3073 1945 3322 1985 uxorem
3348 1929 3515 1984 illum
3547 1928 3841 2001 populum

2192 2020 2497 2092 ponimus,
2526 2020 2628 2092 qui
2656 2020 2729 2074 de
2753 2023 3004 2091 zEgypto
3035 2019 3354 2090 profectus,
3383 2024 3440 2073 et
3459 2018 3536 2074 de
3552 2018 3701 2073 mari
3730 2021 3844 2073 Ru-

2189 2109 2300 2164 bro
2325 2125 2396 2164 ac
2423 2109 2832 2181 persecutione
2866 2107 3208 2176 Pharaonis,
3237 2113 3530 2179 tanquam
3559 2107 3631 2162 de
3654 2107 3838 2162 Sodo-

2192 2199 2402 2253 miticis
2441 2198 2700 2266 ignibus,
2732 2197 3038 2263 liberatus,
3071 2212 3312 2251 rursum
3341 2212 3549 2252 carnes
3603 2200 3658 2250 et
3686 2194 3835 2250 ollas

2192 2287 2444 2358 Egypti,
2477 2292 2534 2342 et
2557 2302 2736 2358 cepas
2765 2301 3241 2357 cucumerosque
3278 2285 3629 2340 desiderans
3680 2289 3838 2338 retro

2191 2377 2466 2447 respexit,
2499 2381 2556 2431 et
2580 2375 2791 2431 cecidit
2814 2375 2874 2429 in
2906 2375 3162 2439 deserto,
3195 2375 3505 2446 factusque
3535 2379 3622 2429 est
3661 2373 3841 2428 etiam

2191 2465 2687 2536 concupiscentiae
2709 2464 3002 2519 memoria
3023 2464 3083 2518 in
3097 2479 3316 2518 eremo.
3343 2463 3429 2518 Ibi
3451 2478 3592 2532 ergo
3613 2461 3706 2516 lex
3729 2461 3844 2532 pri-

2191 2570 2360 2608 mum
2390 2553 2555 2608 illum
2588 2553 2883 2626 populum
2914 2558 3206 2625 tanquam
3233 2555 3335 2608 Lot
3356 2557 3510 2608 retro
3526 2551 3845 2622 respicien-

2192 2647 2308 2698 tem
2339 2642 2614 2714 perdidit,
2643 2659 2712 2698 ac
2741 2641 2978 2714 reliquit
3008 2657 3276 2696 uxorem.
3313 2641 3448 2696 Inde
3469 2641 3716 2695 veniens
3743 2642 3847 2694 Lot

2190 2731 2420 2786 habitat
2446 2733 2508 2786 in
2534 2733 2740 2801 Segor,
2774 2730 2847 2785 de
2874 2747 2995 2802 qua
3013 2729 3154 2786 dicit
3183 2747 3195 2784 :
3223 2727 3452 2786 Civitas
3475 2731 3600 2787 haec
3623 2743 3839 2797 parva.

2191 2827 2246 2876 et
2272 2821 2513 2876 salvabo
2539 2822 2804 2876 animam
2829 2835 3019 2876 meam
3052 2821 3114 2874 in
3144 2821 3296 2889 ipsa.
3335 2822 3484 2886 Ergo
3541 2823 3844 2888 quantum

2192 2909 2270 2965 ad
2314 2909 2508 2979 legem
2543 2909 2811 2980 pertinet,
2869 2908 3072 2964 civitas
3130 2907 3346 2979 pusilla
3383 2911 3439 2961 et
3467 2921 3587 2961 non
3619 2905 3848 2977 pusilla

2193 2998 2425 3054 dicitur.
2460 2999 2673 3054 Civitas
2702 2998 2863 3053 enim
2917 3015 2952 3053 a
3006 2995 3456 3052 conversatione
3511 2993 3845 3048 multorum

2193 3092 2280 3142 est
2317 3087 2476 3143 dicta
2504 3103 2610 3158 pro
2643 3102 2714 3142 eo
2742 3086 2909 3158 quod
2947 3085 3338 3158 plurimorum
3369 3084 3427 3138 in
3463 3098 3651 3137 unum
3695 3096 3848 3136 con-

2193 3176 2376 3231 tineat
2408 3177 2574 3232 vitas.
2600 3176 2668 3231 Hi
2698 3192 2842 3245 ergo
2867 3175 2970 3247 qui
3001 3173 3334 3229 secundum
3383 3172 3640 3227 litteram
3687 3169 3840 3239 legis

2193 3265 2423 3334 vivunt,
2482 3281 2736 3336 parvam
2817 3264 3042 3320 habent
3094 3260 3630 3318 conversationem.
3694 3257 3846 3313 Nihil

2195 3353 2356 3407 enim
2396 3353 2620 3422 grande
2651 3357 2738 3408 est
2765 3352 3020 3407 sabbata
3051 3355 3105 3406 et
3134 3349 3505 3413 neomeuias.
3539 3346 3846 3402 circumci-

2198 3440 2427 3494 sionem
2456 3442 2650 3495 carnis
2675 3446 2732 3495 et
2759 3440 3034 3494 ciborum
3063 3439 3475 3493 distinctiones
3523 3436 3845 3491 observare

2195 3527 2530 3593 carnaliter,
2561 3527 2896 3599 spiritaliter
2921 3542 3064 3581 vero
3101 3525 3567 3595 intelligentibus
3598 3539 3719 3580 non
3751 3528 3844 3579 est

2194 3616 2432 3689 pusilla,
2466 3617 2575 3673 sed
2608 3632 2852 3688 magna.

2266 3705 2704 3776 Ascenditergo
2734 3707 2835 3760 Lot
2865 3708 3000 3778 post
3029 3704 3156 3759 haec
3187 3703 3248 3758 in
3278 3709 3566 3771 montem,
3593 3707 3649 3757 et
3671 3701 3845 3757 habi-

2197 3793 2361 3848 tabat
2386 3795 2446 3849 in
2503 3795 2810 3866 spelunca,
2843 3794 2969 3865 ipse
2999 3798 3056 3848 et
3097 3793 3231 3847 duae
3281 3791 3417 3847 tilia:
3447 3793 3596 3862 ejus.
3655 3794 3720 3846 Et
3749 3791 3846 3845 lex

2197 3884 2539 3939 ascendisse
2568 3883 2838 3956 putanda
2876 3887 2982 3953 est,
3015 3881 3182 3954 quod
3210 3881 3260 3936 ei
3315 3897 3421 3952 per
3477 3879 3845 3935 Hierusalem

2198 3973 2487 4045 templum
2519 3977 2926 4029 constructum
2957 3970 3208 4027 accessit
3240 3975 3506 4035 ornatus,
3541 3985 3679 4024 cum
3719 3969 3845 4023 fac-

2199 4065 2258 4116 ta
2280 4068 2368 4116 est
2395 4061 2641 4133 quidem
2673 4061 2891 4116 domus
2927 4062 3023 4114 Dei
3071 4059 3289 4114 domus
3319 4059 3644 4125 orationis;
3703 4055 3847 4112 mali

2197 4156 2396 4206 autem
2424 4150 2785 4205 habitatores
2813 4148 3077 4204 fecerunt
3100 4163 3234 4204 eam
3266 4147 3616 4219 speluncam
3667 4145 3847 4200 latro-

2196 4253 2362 4292 num.
2399 4239 2556 4293 Duas
2584 4237 2736 4293 filias
2769 4240 2870 4292 Lot
2895 4237 3198 4292 evidenter
3227 4236 3520 4308 propheta
3565 4234 3848 4290 describit

2197 4326 2400 4381 dicens
2431 4326 2660 4382 Oollam
2691 4330 2748 4380 et
2801 4325 3074 4382 Oolibam
3129 4324 3282 4380 duas
3321 4340 3553 4380 sorores
3609 4339 3758 4391 esse,
3787 4327 3847 4378 et

2198 4431 2327 4470 esse
2357 4415 2602 4487 quidem
2634 4415 2842 4472 Oolam
2863 4415 3099 4479 ludam,
3133 4419 3190 4470 et
3237 4414 3510 4470 Oolibam
3567 4428 3695 4468 esse
3741 4417 3846 4468 Sa-

2197 4505 2451 4560 mariam
2485 4506 2722 4574 (Ezech.
2767 4522 2840 4569 iv,
2880 4509 2958 4571 4).
2992 4506 3122 4559 Istaa
3155 4505 3454 4576 sapientes
3494 4509 3748 4576 patrem,
3789 4507 3849 4558 et

2197 4610 2482 4649 somnum
2516 4595 2566 4648 ei
2602 4593 2948 4649 inducentes
2980 4595 3052 4656 [Ζ
3059 4633 3098 4664 .,
3125 4593 3398 4664 patrique
3417 4608 3568 4648 som.
3595 4591 3845 4661 induc],

2194 4682 2382 4747 idest,
2427 4686 2688 4752 tegentes
2707 4687 2765 4737 et
2802 4681 3123 4737 obruentes
3176 4682 3306 4751 ejus
3362 4680 3686 4752 spiritalem
3717 4696 3849 4734 sen-

2197 4789 2356 4838 sum,
2389 4772 2580 4828 solam
2611 4789 2684 4828 ex
2709 4788 2780 4828 eo
2803 4771 2998 4828 carnis
3026 4771 3476 4841 intelligentiam
3500 4771 3762 4840 trahunt,
3790 4776 3851 4827 et

2197 4861 2335 4916 inde
2365 4862 2727 4935 concipiunt,
2786 4860 2925 4917 inde
2976 4865 3262 4930 generant
3311 4860 3466 4916 ﬁlios
3517 4861 3662 4916 tales
3689 4876 3848 4932 quos

2196 4968 2305 5006 nec
2332 4953 2504 5008 sentit
2541 4969 2650 5008 nec
2679 4951 2954 5022 agnoscit
2976 4956 3164 5021 pater.
3197 4949 3349 5006 Talis
3377 4966 3622 5022 quoque
3655 4955 3851 5022 poste-

2196 5043 2338 5096 ritas
2362 5059 2481 5096 non
2513 5043 2687 5096 intret
2714 5044 2771 5096 in
2811 5041 3128 5096 Ecclesiam
3152 5040 3273 5095 Dei.
3319 5042 3700 5108 Ammanitae,
3757 5041 3848 5095 in-

2194 5128 2342 5198 quit,
2375 5135 2428 5182 et
2454 5131 2726 5184 Moabitae
2757 5146 2875 5186 non
2903 5129 3237 5184 introibant
3281 5131 3341 5184 in
3364 5131 3696 5185 Ecclesium
3729 5131 3848 5184 Do-

2195 5217 2344 5270 mim’
2366 5232 2549 5286 usque
2593 5219 2655 5272 in
2697 5219 2937 5273 tertiam
2965 5223 3022 5272 et
3073 5225 3353 5288 quartam
3407 5221 3756 5289 progeniem
3794 5225 3849 5274 et

2196 5320 2380 5374 usque
2401 5307 2460 5359 in
2491 5306 2774 5361 saeculum
2813 5307 2972 5375 (Lev.
3030 5323 3195 5377 χχιιι,
3227 5310 3302 5377 3),
3333 5308 3658 5378 designans
3683 5307 3849 5380 quod

2196 5393 2452 5448 carnalis
2483 5395 2784 5462 generatio
2806 5395 2953 5464 legis
3004 5410 3127 5451 non
3175 5397 3350 5453 intret
3407 5397 3467 5452 in
3525 5397 3848 5453 Ecclesiam

2198 5481 2404 5536 Christi
2437 5483 2526 5540 [Ζ.
2587 5486 2727 5552 Dei],
2753 5499 2862 5539 nec
2886 5500 2994 5556 per
3016 5487 3247 5542 tertiam
3275 5486 3721 5555 generationem
3743 5501 3852 5558 per

2197 5570 2557 5632 Trinitatem,
2583 5588 2692 5627 nec
2721 5589 2829 5646 per
2856 5581 3134 5646 quartam
3165 5591 3270 5648 per
3301 5575 3708 5646 Evangelium,
3739 5591 3851 5630 nec

2196 5659 2256 5714 in
2286 5659 2594 5717 saeculum.
