4136 6176
296 226 401 287 189
1672 222 1929 285 com

2084 219 2143 278 IN
2181 224 2343 281 GEN.
3613 243 3717 299 no

362 352 658 410 Maraliter
701 364 848 408 vero
878 354 981 408 Lot
1025 351 1320 423 signiﬁcat
1355 350 1775 408 rationabilem
1816 363 1949 403 sen-
1987 345 2035 399 Α
2059 344 2257 403 Sal-aea
2288 350 2745 421 pulchritudinis
2774 355 3157 430 formafqute
3185 358 3250 415 in
3271 363 3503 419 tantum
3526 362 3720 421 amari

294 454 447 501 sum.
482 444 539 497 et
587 441 818 497 virilem
866 441 1138 497 animum
1187 457 1398 497 eorum
1427 442 1533 513 qui
1577 455 1776 496 arcem
1819 453 1956 494 com
2069 440 2321 506 poterat,
2352 447 2416 496 ut
2442 442 2529 497 vir
2563 460 2708 499 suus
2755 451 2997 519 propter
3026 448 3158 519 ejus
3209 448 3717 520 pulchritudinem

289 530 699 604 templationis
724 530 986 602 arripere
1011 535 1309 587 conantur
1334 546 1346 585 :
1382 545 1535 585 uxor
1563 533 1786 596 autem,
1817 542 1951 599 qua:
2065 539 2130 579 se
2160 527 2474 597 periclitari
2496 532 2820 590 metuebat.

286 626 455 678 retro
506 619 761 692 respicit,
809 634 1056 675 carnem
1102 618 1601 692 concupiscentiis
1650 616 1951 683 deditam;
2133 614 2248 669 Cur
2275 615 2593 675 dicitDeus
2622 622 2699 678 ad
2750 622 3131 682 Abimelech:
3187 627 3441 697 Peperci
3488 630 3614 701 tibi,
3648 635 3717 687 at

293 712 436 768 duae
465 710 593 765 ﬁlia?
618 710 769 781 ejus,
796 709 921 764 duo
954 709 1309 783 principalia
1336 710 1477 765 vitia
1498 707 1844 781 superbiam
1866 707 1953 762 vi-
2060 718 2180 759 non
2208 720 2482 774 peccares
2513 710 2576 766 in
2602 711 2733 767 me?
2762 716 2825 768 ut
2839 713 3246 779 adverteretur
3273 716 3337 772 in
3364 719 3552 775 Deum
3583 736 3717 793 pecs

295 799 509 856 delieet
531 801 585 854 et
616 811 837 854 vanam
862 797 1134 868 gloriam.
1156 798 1612 855 Observandum
1639 802 1727 854 est
1751 800 1951 853 autem
2060 793 2182 848 cari
2206 795 2456 865 quando
2480 797 2620 854 talia
2650 802 3100 859 committuntur
3122 820 3258 876 quae
3284 810 3497 877 putant
3524 808 3714 865 homi-

291 890 443 945 forte
469 900 607 944 cum
637 888 773 960 quis
803 887 1078 957 elfugerit
1130 888 1446 944 ﬂammam
1501 888 1732 947 mundi.
1775 891 1833 942 et
1861 886 1950 941 in-
2058 898 2167 938 nes
2197 884 2401 941 leviter
2443 887 2727 947 habenda
2756 896 3047 965 tanquam
3100 894 3159 949 in
3217 908 3396 951 carne
3444 903 3709 968 peccata.

285 977 507 1034 cendia
534 976 731 1033 carnis
763 976 1040 1043 evaserit,
1071 977 1252 1033 etiam
1280 992 1419 1033 cum
1458 992 1712 1049 parvam
1747 978 1948 1046 Segor,
2058 972 2177 1027 Cur
2223 989 2345 1030 non
2373 992 2515 1032 mox
2543 977 2886 1037 Abimelech
2934 988 3206 1038 mortuus
3248 988 3355 1050 est,
3388 983 3533 1040 dum
3566 987 3715 1045 dixit

286 1067 348 1123 id
381 1071 473 1122 est
502 1064 799 1121 actualem
828 1066 1035 1131 vitam,
1055 1070 1298 1139 quaeest
1317 1065 1504 1121 civilis
1526 1079 1952 1137 supergressus
2056 1061 2109 1115 ei
2141 1063 2293 1118 Deus
2317 1081 2329 1117 ι
2362 1067 2508 1121 Ecce
2537 1071 2599 1122 tu
2630 1068 2901 1125 morieris
2929 1074 2957 1125 ?
3005 1070 3215 1143 Utique
3246 1073 3397 1128 Deus
3439 1075 3714 1145 praedixit

286 1157 486 1219 fuerit,
522 1156 580 1211 et
602 1153 677 1210 ad
711 1154 1086 1210 altitudinem
1117 1156 1375 1211 scientiae
1407 1160 1464 1210 et
1502 1154 1947 1228 contemplatio-
2055 1151 2222 1221 quod
2253 1152 2377 1208 sine
2398 1154 2585 1211 dubio
2617 1156 2881 1214 futurum
2911 1158 3137 1229 fuisset,
3170 1160 3218 1215 si
3261 1160 3320 1215 in
3354 1161 3467 1217 hac
3497 1162 3710 1218 admo-

284 1247 380 1302 nis
410 1244 578 1301 velut
606 1243 684 1300 ad
713 1248 982 1300 montem
1014 1243 1370 1311 ascenderit,
1418 1258 1495 1300 ne
1516 1244 1873 1300 insidientur
1896 1244 1949 1300 ei
2057 1239 2280 1297 nitione
2306 1260 2341 1297 a
2372 1250 2618 1316 peccato
2648 1245 3005 1303 abstinendo
3026 1264 3147 1304 non
3178 1255 3506 1307 caveretur.

284 1335 425 1390 duas
452 1333 609 1395 ﬁliae,
642 1332 924 1405 superbia
976 1332 1195 1388 scilicet
1220 1338 1277 1389 et
1322 1346 1483 1389 vana
1536 1332 1760 1402 gloria;
1814 1347 1948 1405 quin
2128 1332 2294 1386 Vens.
2325 1336 2583 1389 t'2-15.—
2614 1337 2936 1405 Respondit
2958 1338 3482 1396 Abraham.°Atias
3510 1346 3710 1397 autem

283 1422 514 1479 idcirco
546 1421 682 1477 tilite
712 1421 993 1477 dicuntur
1022 1423 1168 1495 quia
1191 1436 1315 1478 non
1362 1422 1749 1487 extrinsecus,
1779 1438 1843 1476 se
1873 1420 1947 1476 de
2057 1433 2192 1474 vere
2218 1436 2390 1477 soror
2433 1438 2562 1480 mea
2592 1430 2696 1494 est,
2734 1426 2867 1493 ﬁlia
2893 1429 3092 1496 patris
3142 1430 3277 1498 mei,
3309 1435 3365 1485 et
3414 1445 3534 1485 non
3579 1431 3712 1499 ﬁlia

283 1511 463 1567 nobis
492 1511 789 1581 oriuntur,
836 1516 893 1566 et
934 1510 995 1565 in
1047 1510 1337 1583 spelunca
1364 1510 1621 1583 pectoris
1661 1509 1949 1566 insidiana
2056 1511 2266 1564 matris
2297 1525 2438 1567 mea:
2505 1513 2676 1569 Pater
2704 1514 2885 1581 enim,
2936 1520 3003 1577 ut
3028 1517 3303 1573 nonnulli
3338 1517 3569 1588 volunt,
3600 1533 3713 1591 pro

285 1606 402 1668 tur,
429 1605 493 1655 ut
524 1599 599 1655 de
632 1599 807 1654 nobis
830 1598 1287 1662 dormientibus,
1328 1614 1524 1671 neque
1555 1598 1947 1654 sentientibus
2056 1595 2231 1652 fratre
2263 1600 2521 1670 ponitur.
2557 1602 2748 1658 Thara
2804 1603 3007 1676 itaque
3060 1606 3265 1674 genuit
3298 1606 3629 1678 Abraham,
3655 1612 3713 1665 et

284 1702 580 1760 generare
610 1688 846 1762 possint
869 1687 1043 1751 ﬁlios,
1077 1700 1288 1744 sensus
1339 1688 1544 1760 utique
1569 1694 1626 1743 et
1656 1693 1823 1743 actus
1853 1704 1945 1743 re-
1974 1696 2018 1753 Β
2054 1690 2231 1743 Aren.
2265 1689 2436 1759 cujus
2464 1687 2587 1746 ﬁlia
2614 1692 2849 1759 exstitit,
2876 1695 3177 1766 Scriptura
3208 1699 3372 1766 teste,
3407 1697 3611 1752 Saraa.
3647 1699 3713 1753 Et

281 1777 539 1850 probos.
565 1778 715 1833 Sunt
742 1776 903 1832 enim
927 1776 1199 1833 nonnulli
1220 1777 1325 1849 qui
1347 1790 1549 1832 arcem
1581 1776 1945 1849 contempla-
2053 1773 2188 1830 ideo
2218 1774 2384 1845 dixit,
2417 1793 2682 1835 sororem
2717 1797 2890 1837 suam
2921 1797 3071 1853 esse,
3105 1783 3226 1839 sive
3256 1786 3400 1856 quia
3430 1784 3505 1839 de
3531 1784 3709 1840 semi-

281 1868 461 1924 tionis
525 1866 855 1939 arripiunt;
913 1865 1015 1921 sed
1073 1864 1223 1920 dum
1253 1866 1367 1921 has
1427 1865 1760 1921 secundum
1791 1864 1946 1921 duas
2053 1877 2127 1917 ne
2151 1864 2243 1918 sui
2276 1866 2460 1935 patris
2487 1868 2861 1938 procreando
2882 1885 2989 1942 per
3015 1870 3201 1927 tilium
3227 1877 3369 1928 nata
3391 1876 3481 1929 est
3503 1874 3707 1945 Saraa,

279 1956 437 2011 ﬁlias
483 1955 737 2026 ducunt,
788 1953 1249 2027 quodammodo
1291 1954 1664 2009 inebriantur
1717 1953 1797 2010 ab
1825 1954 1942 2021 eis;
2053 1957 2111 2006 et
2138 1955 2514 2011 consuetudo
2544 1961 2632 2011 est
2690 1958 2867 2014 etiam
2921 1959 3360 2032 Scripturarum
3401 1962 3707 2019 consobri-

283 2046 430 2117 quia
457 2045 540 2100 ita
588 2049 790 2099 mente
834 2042 1170 2099 alienantur
1196 2058 1232 2098 a
1292 2046 1429 2112 Deo,
1463 2047 1527 2098 ut
1548 2058 1945 2115 quoscunque
2051 2056 2164 2096 nos
2196 2040 2402 2099 fratres
2434 2045 3031 2117 appellari,similiter
3050 2054 3106 2104 et
3128 2054 3708 2123 sorores.Propterea

285 2134 436 2189 ﬁlios
465 2133 802 2203 genuerint,
861 2132 921 2187 id
966 2136 1072 2203 est,
1121 2146 1500 2205 quascunque
1548 2146 1733 2203 opera
1789 2147 1945 2187 exer-
2050 2146 2173 2185 non
2204 2132 2501 2189 immerito
2526 2136 2639 2191 ait:
2667 2138 2839 2193 Alias
2861 2153 3034 2194 soror
3051 2154 3182 2195 mea
3208 2144 3386 2197 est.Et
3414 2140 3556 2212 quia
3583 2140 3698 2196 fue-

291 2222 534 2289 cuerint,
557 2236 681 2277 non
710 2237 819 2294 per
857 2220 1019 2277 eain
1069 2220 1391 2276 Ecclesiam
1437 2219 1671 2275 Domini
1700 2219 1940 2289 intrant,
2050 2223 2188 2275 runt
2217 2219 2520 2277 Abraham
2553 2227 2609 2279 et
2664 2225 2826 2280 Aran
2882 2225 2958 2280 de
2988 2241 3110 2281 uno
3157 2232 3345 2298 patre,
3376 2231 3434 2282 et
3475 2242 3599 2282 non
3628 2228 3705 2284 de

299 2310 446 2365 sicut
466 2308 732 2366 [cubitis
761 2314 821 2365 et
867 2309 1223 2365 Ammonitaa
1281 2307 1553 2364 videlicet
1589 2323 1785 2381 neque
1837 2322 1945 2380 per
2049 2324 2172 2364 una
2192 2314 2401 2380 matre,
2460 2311 2683 2367 idcirco
2715 2313 3047 2383 subjunxit,
3076 2316 3208 2384 ﬁlia
3254 2317 3454 2385 patris
3503 2317 3621 2373 mei
3649 2321 3705 2373 et

298 2398 541 2461 tertiam.
574 2412 776 2472 neque
822 2410 932 2471 per
960 2403 1239 2471 quartam
1290 2396 1772 2467 generationem;
1799 2398 1944 2469 quia
2048 2413 2168 2453 non
2194 2399 2339 2467 filia
2372 2402 2585 2455 matris
2612 2416 2774 2457 mea.

288 2498 410 2542 non
440 2488 601 2543 enim
627 2487 898 2559 proderit
948 2486 1157 2543 notitia
1205 2486 1507 2542 Trinitatis
1550 2499 1746 2558 neque
1772 2485 1942 2541 intel-
2121 2485 2295 2541 Vens.
2334 2492 2396 2543 t6
2424 2503 2542 2558 seq.
2577 2519 2645 2529 -
2671 2492 2882 2545 Saraas
2909 2498 3107 2549 autem
3136 2492 3294 2548 dixit
3322 2492 3701 2549 Abimelcclt:

278 2575 524 2647 ligentia
549 2574 912 2646 evangelicae
939 2575 1395 2648 praedicationis.
1425 2574 1702 2647 Sequitur
1725 2591 1737 2630 :
2049 2577 2195 2631 Ecce
2222 2577 2389 2632 mille
2409 2584 2719 2648 argenteos
2745 2580 2886 2636 dedi
2926 2582 3118 2650 fratri
3146 2587 3248 2637 tuo
3265 2597 3288 2646 ,·
3327 2583 3438 2638 hoc
3460 2582 3573 2638 erit
3594 2582 3705 2638 tibi

929 2698 1157 2757 CAPUT
1195 2702 1297 2755 xx.
2047 2664 2112 2757 in
2147 2665 2763 2757 veiamen_oculorum
2790 2669 2872 2724 ad
2923 2684 3122 2726 omnes
3171 2672 3279 2742 qui
3320 2676 3510 2727 tecum
3538 2675 3701 2740 sunt,

2049 2756 2108 2807 et
2129 2752 2378 2825 reliqua.
2413 2755 2568 2810 Bene
2598 2756 2711 2812 ait:
2742 2759 2871 2813 Hoc
2902 2759 3017 2814 erit
3047 2757 3157 2812 tibi
3184 2759 3247 2813 in
3276 2759 3545 2815 velamen
3570 2773 3707 2815 ocu-

350 2828 518 2880 VERS-
550 2830 601 2880 1-
632 2856 701 2865 ·-
732 2825 1055 2894 Pro/90‘“
1082 2825 1221 2881 ίηάθ
1248 2825 1561 2882 Abraham
1617 2827 1681 2880 in
1713 2831 1941 2882 ίεννίυη
2054 2842 2270 2909 torum,
2340 2842 2401 2897 id
2454 2849 2566 2911 est,
2599 2845 2661 2901 in
2714 2846 3073 2903 verecundia
3100 2845 3193 2901 vel
3244 2846 3306 2902 in
3348 2846 3705 2903 confusione

277 2916 609 2970 australem
641 2914 943 2970 habitavit
990 2915 1150 2970 inter
1194 2914 1387 2970 Cades
1443 2921 1497 2971 et
1528 2913 1667 2981 Sur,
1701 2920 1753 2970 et
1781 2928 1910 2983 pere

2069 2931 2267 3002 Vultus,
2299 2931 2380 2987 ad
2409 2948 2622 2989 omnes
2651 2935 2751 3007 qui
2803 2940 2995 2992 tecum
3026 2940 3183 2992 sunt.
3222 2935 3503 2992 Confusio
3528 2951 3702 2992 nam-

275 3006 558 3100 grinatus
589 3009 675 3059 est
701 3006 761 3058 in
795 3001 1268 3100 Geran's.Cades
1295 3002 1553 3100 solitudo
1583 3006 1671 3058 est
1690 3002 1793 3058 ubi
1811 3003 1941 3057 fons
1978 3047 2019 3100 Ο
2049 3036 2169 3092 que
2195 3036 2331 3076 esse
2364 3026 2598 3093 poterat
2628 3001 2801 3079 tanta:
2842 3025 3105 3080 mulieris
3136 3039 3172 3079 a
3223 3024 3346 3080 viro
3375 3040 3488 3080 suo
3518 3024 3702 3080 fuisse

271 3092 483 3182 iudicii
536 3097 647 3182 est.
674 3096 732 3182 et
761 3091 952 3182 cades
984 3093 1174 3182 Barine
1222 3091 1283 3146 in
1329 3092 1592 3182 asserto.
1624 3108 1759 3165 quae
1799 3106 1941 3182 φη·
1982 3091 2015 3100 ν
2051 3091 2384 3163 sublatam:
2406 3110 2485 3165 Et
2534 3126 2883 3182 quocunque
2921 3113 3280 3181 perrexeris,
3330 3118 3618 3169 memento
3649 3116 3706 3169 te

270 3181 555 3252 jungitur
585 3180 804 3236 civitati
852 3183 1034 3235 Petrae
1088 3180 1150 3235 in
1202 3180 1447 3241 Arabia,
1507 3180 1611 3235 ubi
1665 3179 1946 3236 occubuit
2050 3197 2501 3264 deprehensam,
2544 3179 2844 3265 'subamji,
2894 3179 2934 3255 a—
2978 3216 3095 3262 ma,
3144 3204 3202 3255 et
3247 3200 3616 3255 subtractam
3665 3214 3704 3256 α

279 3271 497 3339 Maria,
555 3274 616 3325 et
664 3272 889 3341 Moyses
919 3287 1066 3343 rupe
1118 3285 1408 3342 percussa
1449 3285 1675 3340 aquam
1727 3270 1912 3323 sitienl

2066 3286 2229 3340 :'ratre
2256 3292 2378 3341 tuo.
2404 3289 2547 3342 Ecce
2574 3287 2968 3344 historialiter.
3001 3292 3310 3351 Caeterum,
3343 3287 3699 3361 spiritaliter,

273 3357 522 3433 populo
552 3357 739 3448 dedit.
786 3360 1135 3448 Meqstratur
1188 3358 1413 3448 ibidem
1464 3374 1655 3448 usqee
1681 3358 1759 3412 ad
1790 3373 1941 3429 prte-
2051 3374 2393 3430 Abimelech
2415 3375 2517 3447 qui
2544 3375 2964 3448 interpretatur
2982 3372 3159 3447 pater
3184 3392 3346 3434 meus
3367 3357 3497 3443 ἱεεω,
3522 3357 3703 3446 signi-

274 3465 439 3513 δεῦε»
477 3452 542 3502 ω
586 3446 803 3537 beatus
853 3447 1254 3537 Ηίθιυφγωυε
1285 3446 1407 3537 δί’ίῃ
1447 3446 1789 3537 εθΡυῙοΓΨΠ
1820 3449 1944 3537 ίΜδ·
2050 3464 2190 3520 ticat
2215 3446 2513 3537 sapienter;
2541 3446 2714 3520 istius
2734 3466 2965 3535 mundi,
2986 3446 3348 3537 velregnum
3377 3470 3699 3535 terrenum,

283 3536 645 3628 T}33_30'f°1'_i5
675 3538 906 3628 AGFOP-A
944 3536 1072 3628 Sed‘
1111 3541 1169 3592 et
1222 3535 1521 3628 Prin9iPeS
1573 3535 1857 3591 ΑωδιῙθΟῙῙ
1888 3540 1944 3591 ei
2052 3555 2152 3626 qui
2186 3535 2653 3625 perhumanum
2676 3554 3053 3626 sapientiam,
3082 3554 3144 3610 in
3173 3535 3472 3628 quantum
3498 3554 3581 3611 eis
3611 3559 3701 3611 at-

291 3625 475 3680 Codor
509 3624 810 3681 Lahomor
830 3625 911 3681 ibi
942 3625 1079 3681 caesi
1110 3630 1249 3681 sunt
1276 3630 1332 3680 et
1358 3624 1773 3697 interpretatur
1804 3641 1943 3681 san-
2051 3624 2340 3698 ιξιὼιῇιιιω
2364 3642 2491 3709 fuit,
2531 3624 2942 3711 cognmlerum
2972 3646 3158 3699 Deum
3189 3624 3423 3701 tamen,
3453 3660 3584 3700 esse
3631 3658 3704 3700 ac

306 3719 400 3766 ctu
449 3713 539 3767 vel
562 3716 973 3784 sanctiﬁcans,
999 3719 1057 3769 et
1107 3713 1266 3770 dicta
1296 3719 1384 3769 est
1412 3714 1547 3771 fons
1602 3714 1808 3785 judicii
1840 3729 1939 3785 per

2063 3746 2254 3799 regem
2279 3731 2454 3787 totius
2484 3736 2789 3788 creaturas.
2825 3734 3008 3789 Saraa
3037 3732 3334 3801 signiﬁcat
3357 3733 3696 3789 Ecclesium.

310 3803 793 3899 δηίξθίρθβίοῑιθωτ
856 3803 1750 3899 Sic“?.30Pr3___desf31:il}§1musr
2055 3821 2359 3877 Abraham
2385 3821 2634 3893 quippe,
2691 3817 3063 3891 unigenitum
3090 3821 3302 3878 Filium
3356 3822 3561 3888 Patris,
3596 3821 3700 3893 qui

299 3896 495 3987 P05?“
516 3892 594 3945 8ίο
624 3897 877 3987 Ῡυοᾶξυε
918 3896 1014 3987 εει.
1044 3891 1213 3987 Ῑίξοιιε
1244 3892 1339 3947 ille
1373 3892 1474 3987 “Di
1507 3895 1765 3987 NW“?
1792 3890 1950 3987 Ῑιξίί-
2053 3909 2233 3965 frater
2285 3890 2716 3979 fieri—dignatus
2747 3890 2835 3965 est
2888 3924 2993 3982 per
3028 3910 3304 3979 gratiam.
3345 3890 3699 3966 Millenarius

292 3979 753 4078 θδνξίροβιιιυξη
782 3980 1037 4078 ῧρωίῐιί·
1070 3980 1190 4078 δαῖέ
1214 3997 1355 4078 νῇξίξ
1387 3980 1653 4078 Sinin“?
1686 3984 1792 4035 θειο
1837 3982 1943 4078 βε·
2053 4003 2251 4054 autem
2308 4014 2620 4068 numerus;
2690 3979 3114 4071 perfectionem
3186 3998 3290 4070 [Z.,
3344 3997 3702 4071 persecutio-

284 4071 440 4166 l‘arif
472 4084 634 4166 νθςο,
663 4070 787 4166 Si“?
818 4072 1074 4140 θθνανα,
1121 4076 1190 4124 υἱ
1216 4069 1357 4166 alibi
1410 4070 1622 4166 Tepfl‘io
1668 4086 1736 4124 θΧ
1769 4070 1942 4166 Olli“?
2051 4088 2211 4158 nem]
2242 4087 2379 4143 fidei
2400 4069 2779 4160 sapientium.
2823 4092 3154 4158 Argentum
3191 4069 3365 4157 vero,
3389 4086 3700 4142 scientiam

280 4159 1103 4257 nomine‘Derantia'vocatur
1131 4160 1297 4228 regio
1320 4164 1482 4215 trans
1512 4163 1766 4257 "3mm?
1799 4160 1946 4257 (ξπθί
2054 4159 2512 4250 Scripturarum,
2540 4191 2649 4249 per
2675 4192 2861 4249 quam
2891 4182 3305 4247 cognoverunt
3327 4176 3492 4250 quod
3517 4178 3701 4234 Saraa

276 4248 462 4337 891m.
494 4246 641 4302 οῙίω
671 4248 962 4337 terminus
996 4250 1475 4337 (λὶιδηαηεεονιιιη
1504 4248 1580 4303 δά
1612 4247 1942 4337 australi”?
2050 4246 2202 4319 uxor
2234 4269 2389 4319 esset
2418 4246 2779 4329 Abrahte,_id
2829 4270 2916 4321 est
2947 4246 3205 4321 Ecclesia
3245 4246 3496 4321 Domino
3522 4276 3702 4337 copu-

272 4336 572 4408 plagam),
603 4340 698 4391 est
726 4336 931 4392 civitas
982 4336 1327 4409 metropolis
1382 4336 1711 4406 lialestintae,
1737 4342 1795 4392 et
1836 4335 1905 4391 fu:

2073 4357 2170 4409 ata
2200 4368 2305 4425 per
2332 4353 2535 4409 ﬁdem.
2574 4353 2666 4409 Ait
2721 4353 2882 4409 enim
2914 4372 2927 4409 :
2985 4355 3138 4411 Ecce
3166 4355 3337 4411 mitte
3391 4335 3702 4424 argenteos

274 4398 591 4515 §criptura
619 4425 741 4515 hic_
775 4430 1027 4515 testante
1059 4398 1211 4483 inter
1235 4427 1426 4483 Cades
1456 4430 1512 4482 et
1549 4398 1825 4491 Sur,'hoc
1853 4429 1943 4515 est
1977 4398 2018 4451 Β
2971 4398 3344 4515 ὄθῖζεῖᾞξῖ

267 4514 430 4569 inter
463 4513 625 4568 duas
655 4512 1025 4586 solitudines,
1052 4530 1312 4588 quarum
1336 4530 1456 4569 una
1476 4518 1729 4586 Egypto
1749 4515 1899 4583 jung

2072 4533 2222 4604 :ujus
2252 4536 2316 4587 tu
2348 4540 2518 4587 soror
2541 4512 2618 4586 es
2630 4544 2738 4605 per
2764 4531 3037 4602 gratiam.
3072 4512 3345 4599 Congrue
3373 4529 3537 4596 dixit,
3574 4530 3705 4599 fra-

270 4609 388 4670 tur,
434 4602 519 4659 ad
550 4618 741 4675 quam
790 4604 1052 4676 populus
1109 4609 1271 4660 trans
1299 4604 1516 4659 fretum
1549 4602 1729 4658 Rubri
1759 4602 1903 4659 mari

2067 4602 2137 4677 Iri
2184 4627 2306 4689 tuo,
2357 4620 2501 4692 quia
2553 4602 2853 4693 sapientes
2911 4617 3332 4690 perfectionem
3380 4630 3507 4671 suae
3561 4615 3700 4672 ﬁdei

264 4692 587 4766 Pervenit;
620 4691 806 4749 auem
853 4709 994 4748 νθιό
1028 4692 1216 4751 Gades
1266 4708 1457 4765 usque
1488 4690 1568 4749 ad
1616 4693 1940 4747 saraceno'
2047 4710 2206 4765 velut
2238 4690 2398 4765 mille
2426 4690 2740 4778 argenteos
2797 4707 3048 4763 Domino
3103 4704 3416 4771 dederunt,
3473 4720 3579 4776 per
3608 4720 3703 4760 co-

269 4798 410 4837 rum
445 4797 726 4837 eremum
780 4782 1135 4853 extenditur,
1175 4781 1377 4854 ibique
1416 4780 1828 4854 peregrinatus
1856 4794 1902 4834 et

2064 4797 2376 4867 gnitionem
2442 4806 2750 4853 sacrarum
2804 4792 3076 4850 videlicet
3114 4791 3576 4865 Scripturarum.
3627 4794 3697 4850 In

266 4869 614 4926 Abraham.
966 4930 971 4933 ς
2049 4888 2400 4953 velamento,
2424 4885 2636 4957 inquit,
2660 4886 2970 4940 oculorum
2992 4887 3253 4952 tuorum,
3276 4881 3339 4938 id
3365 4887 3457 4940 est
3481 4883 3542 4939 in
3568 4894 3704 4957 pro-

343 4982 521 5033 Vens.
550 4981 698 5033 2-“.
719 5010 788 5018 —
820 4980 1109 5049 Dixitque
1138 4978 1211 5033 de
1239 4978 1441 5033 Saraa
1467 4991 1659 5032 uxore
1676 4990 1786 5031 sua
1810 4992 1823 5029 :
1846 4977 1942 5031 So-
2049 4974 2361 5031 tectionem
2393 4984 2499 5046 per
2528 4978 2767 5029 sanctos
2815 4970 3089 5028 videlicet
3143 4972 3439 5029 doctores.
3486 4973 3602 5040 Qui
3628 4986 3705 5030 ea:

262 5082 377 5124 rer
408 5082 543 5123 mea
572 5073 677 5124 est.
710 5069 875 5123 Misit
905 5082 1045 5137 ergo
1075 5067 1438 5129 Abimelech.
1472 5081 1582 5121 rex
1608 5068 1940 5129 Geraramet
2048 5079 2160 5129 me,
2185 5078 2255 5118 ac
2283 5062 2331 5117 si
2360 5062 2607 5117 dixisset
2663 5065 2884 5134 aperte,
2917 5060 2995 5117 ad
3018 5060 3203 5133 ﬁdem
3228 5061 3599 5129 transierunt
3623 5060 3703 5118 ad

263 5160 422 5213 tulit
452 5173 605 5229 eam,
666 5161 725 5213 et
779 5156 1012 5229 reliqua
1041 5170 1356 5228 usquequo
1398 5155 1520 5210 ait:
1574 5155 1719 5225 quid
1745 5155 1944 5224 fecisti
2048 5158 2122 5209 te.
2154 5152 2269 5225 Ipsi
2297 5164 2564 5223 namque
2594 5155 2733 5206 sunt
2758 5162 2950 5223 usque
2974 5149 3153 5206 hodie
3179 5150 3239 5205 in
3271 5150 3704 5222 protectionem

258 5246 490 5301 nobis?
514 5246 663 5316 quid
677 5246 1057 5316 peccavimus
1086 5246 1150 5299 in
1177 5250 1249 5301 te.
1278 5244 1418 5315 quia
1448 5243 1745 5299 indum-isti
1762 5258 1942 5312 super
2050 5246 2269 5299 sanctae
2301 5240 2398 5295 Dei
2429 5239 2721 5301 Ecclesia-'3,
2755 5240 3017 5295 maxime
3069 5238 3174 5312 qui
3204 5253 3276 5295 ex
3302 5239 3573 5295 humana
3602 5252 3699 5296 sa-

253 5350 357 5393 me
388 5341 449 5391 et
478 5350 662 5404 super
678 5348 928 5405 regnum
956 5348 1149 5390 meum
1178 5339 1486 5404 peccatum
1517 5332 1749 5403 grande
1769 5335 1797 5386 ?
1826 5335 1942 5387 Cur
2049 5330 2271 5403 pientia
2296 5342 2366 5385 ac
2398 5326 2760 5384 sublimitate
2809 5327 3176 5399 prodierunt.
3226 5328 3621 5399 Lementoquc
3647 5331 3704 5384 te

254 5424 586 5480 Abraham
618 5439 892 5479 sororem
923 5438 1097 5478 suam
1126 5423 1391 5478 secundo
1419 5437 1547 5477 esse
1576 5418 1762 5475 dixit?
1791 5420 1941 5486 Quia
2050 5436 2170 5477 esse
2197 5421 2646 5489 deprehensam.
2677 5417 3120 5490 Dsprehensam
3146 5432 3209 5473 se
3242 5418 3530 5484 meminit,
3555 5416 3701 5489 quia

255 5532 334 5572 ex
370 5514 559 5587 priori
588 5514 921 5571 Pharaonis
958 5513 1329 5585 correptione
1358 5517 1553 5568 certus
1602 5510 1675 5565 de
1707 5509 1805 5565 Dei
1836 5509 1938 5564 de-
2048 5510 2212 5583 prius
2236 5509 2495 5565 Ecclesia
2519 5511 2831 5580 persecuta
2851 5511 2956 5568 est.
2982 5507 3089 5563 sed
3107 5507 3326 5563 intacta
3351 5504 3696 5579 permansit.

253 5602 564 5676 fensione,
596 5602 771 5678 quod
799 5602 1011 5658 violari
1039 5617 1163 5657 non
1189 5601 1399 5675 potuit,
1438 5600 1697 5655 incertus
1728 5598 1803 5653 de
1828 5613 1938 5654 sua
2050 5600 2130 5653 De
2159 5596 2499 5653 Abimelech
2525 5610 2768 5669 quoque
2823 5611 2960 5666 rege
3019 5594 3457 5653 Philistinorum
3501 5605 3697 5678 mora-

257 5695 420 5759 vita,
448 5708 526 5753 an
567 5677 819 5753 illorum
850 5691 1133 5749 evaderet
1176 5704 1415 5747 manus.
1455 5691 1521 5746 Et
1548 5687 1829 5746 miranda
1856 5697 1947 5755 est
2050 5685 2180 5743 liter
2201 5698 2530 5759 possumus
2574 5682 2902 5756 intelligere
2946 5684 3113 5757 quod
3157 5686 3407 5742 Saraam
3450 5677 3701 5735 voluerit
