4130 6182
418 223 510 277 191

1499 223 1855 279 ANGELOMI
1893 215 2346 275 LUXOVIENSIS
2384 216 2724 274 MON-ACHI.

3720 224 3824 278 192

414 344 681 420 accipere
709 360 977 401 uxorem.
1009 346 1077 401 Et
1102 345 1411 417 quomodo
1438 345 1746 402 Abraham
1772 344 1938 401 illam
1968 357 2058 399 so-
2086 343 2137 397 Α
2162 340 2278 397 bus
2308 340 2649 398 dicitlaias:
2686 344 2758 398 In
2773 342 3077 413 foramine
3106 339 3353 410 aspidis,
3377 346 3435 397 et
3462 342 3526 398 in
3559 358 3826 404 caverna

410 450 609 491 rorem
639 450 814 490 suam
851 450 982 488 esse
1011 433 1243 495 dixerit,
1276 434 1369 489 vel
1416 435 1582 507 quod
1626 433 2059 508 compescuerit

413 525 565 579 Deus
605 521 949 577 Abimelech
994 526 1236 594 propter
1280 522 1465 579 illam.
1513 523 1661 579 Puto
1704 537 1846 594 ergo
1892 520 2059 595 quod

412 612 620 673 Saraa,
660 626 797 683 quae
821 610 1240 683 interpretatur
1262 613 1565 683 princeps,
1611 611 1903 684 signiﬁcet
1946 610 2060 666 vir-

408 704 596 757 tutem
662 700 866 756 animi.
941 699 1077 755 Haec
1140 716 1282 757 vero
1343 702 1530 759 virtus
1581 702 1904 775 conjuncta
1972 702 2061 756 est

407 789 537 846 viro
590 786 861 859 sapienti.
904 789 1169 862 Denique
1210 791 1499 848 Dominus
1539 791 1681 849 dicit
1713 810 1727 847 :
1778 792 2061 860 Quacun-

408 892 520 948 que
566 876 788 932 dixerit
845 877 973 946 tibi,
1028 879 1177 935 audi
1224 895 1421 938 vocem
1469 882 1635 943 illius
1676 883 1739 938 in
1787 879 2058 937 omnibus

407 966 471 1021 in
499 964 712 1036 quibus
759 966 1073 1022 consilium
1125 967 1354 1026 dederit
1401 971 1527 1027 tibi.
1576 974 1701 1028 Non
1744 969 1871 1026 vult
1916 983 2057 1040 ergo

406 1052 715 1109 Abraham
745 1054 1023 1111 virtutem
1056 1072 1306 1114 uxorem
1331 1075 1507 1115 suam
1536 1060 1652 1116 dici
1677 1078 1690 1129 ;
1731 1058 1923 1115 donec
1953 1060 2054 1131 [Z.,

407 1140 553 1197 dum
579 1144 765 1214 enim]
789 1143 949 1200 enim
978 1144 1162 1201 virtus
1189 1162 1327 1204 cum
1369 1148 1498 1205 aliis
1546 1148 1890 1223 participari
1934 1163 2056 1203 non

406 1234 621 1304 potest,
651 1248 727 1288 ne
757 1248 908 1289 uxor
938 1234 1230 1307 appellari
1252 1236 1431 1294 valet.
1465 1240 1613 1295 Cum
1640 1254 1782 1295 vero
1815 1237 1893 1294 ad
1922 1253 2056 1311 per-

406 1319 628 1376 fectum
656 1323 1018 1394 venerimus,
1065 1328 1131 1380 ut
1169 1325 1356 1382 simus
1401 1327 1599 1383 idonei
1647 1330 1702 1383 et
1750 1326 1898 1383 alios
1947 1326 2056 1382 do-

409 1423 561 1471 cere,
589 1424 715 1465 non
739 1411 869 1481 jam
902 1411 1173 1470 virtutem
1194 1419 1249 1471 et
1289 1431 1538 1473 uxorem
1567 1416 1724 1473 intra
1760 1415 2057 1488 gremium

410 1496 864 1571 concludamus,
891 1502 997 1557 sed
1025 1508 1089 1559 ut
1125 1520 1392 1561 sororem
1434 1506 1612 1562 etiam
1656 1505 1786 1562 aliis
1813 1504 2058 1562 volenti-

409 1584 526 1641 bus
554 1588 924 1659 copulemus.
960 1591 1122 1647 Unde
1168 1593 1451 1666 scriptum
1497 1599 1623 1651 est:
1674 1595 1785 1651 Dic
1821 1596 2055 1663 sapien-

2164 432 2365 502 reguli
2389 433 2579 489 mittet
2599 448 2843 489 manum
2864 448 3036 489 suam
3062 433 3170 503 qui
3195 431 3539 491 ablactatus
3555 441 3641 491 est
3667 436 3826 495 lacte

2165 520 2306 592 (Isa.
2340 537 2411 589 xx,
2435 526 2510 585 9).
2544 523 2733 595 Super
2760 521 2854 577 his
2887 526 3088 577 autem
3114 521 3459 577 convivium
3488 539 3611 580 non
3628 529 3828 598 potest

2165 610 2264 679 agi
2290 609 2522 673 laetitias,
2554 609 2630 667 de
2667 609 2888 683 quibus
2918 608 3061 666 dicit
3087 610 3445 682 Apostolus:
3497 613 3623 670 Lac
3659 614 3824 672 vobis

2159 706 2369 770 potum
2399 700 2555 769 dedi,
2583 716 2703 756 non
2729 713 2920 757 escam
2952 700 3011 770 (Ι
3038 700 3176 755 Cor.
3207 716 3288 767 ιιι,
3315 700 3391 773 2).

2239 788 2353 845 Sed
2381 787 2809 861 requirendum
2838 786 3072 844 videtur
3100 787 3273 858 juxta
3301 787 3638 869 historiam,
3686 797 3826 865 post

2164 880 2313 950 quot
2341 892 2533 934 annos
2561 876 2732 951 pueri
2751 874 3043 934 ablactari
3070 875 3321 934 soleant.
3352 879 3508 935 Inter
3538 879 3825 939 Hebraeos

2166 970 2369 1022 autem
2417 966 2580 1023 varia
2613 964 2816 1039 opinio
2859 968 2969 1033 est,
3012 965 3417 1023 asserentibus
3450 967 3579 1025 aliis
3609 970 3824 1042 quinto
3914 1022 3920 1025 ,

2166 1068 2347 1121 anno,
2399 1052 2527 1109 aliis
2576 1052 2935 1109 duodecimo
2984 1051 3399 1110 ablactationis
3429 1058 3668 1129 tempus
3712 1058 3823 1115 im-

2162 1143 2333 1217 pleri,
2359 1142 2526 1217 quod
2554 1142 2714 1217 apud
2749 1158 2862 1199 nos
2891 1157 3015 1198 non
3044 1142 3128 1199 ita
3175 1144 3359 1200 teneri
3409 1144 3665 1213 videtur,
3716 1149 3825 1205 sed

2165 1236 2271 1289 aut
2297 1232 2486 1299 tertio,
2507 1236 2818 1305 quartove,
2851 1231 3181 1305 aliquando
3202 1238 3405 1290 autem
3426 1233 3635 1308 quinto
3658 1252 3823 1294 anno

2167 1320 2522 1379 ablactatur.
2554 1320 2831 1393 Sequitur
2862 1338 2875 1376 :

2235 1414 2402 1468 Vens.
2436 1414 2588 1468 9-13.
2614 1441 2668 1451 -
2693 1410 2841 1468 Cum
2868 1411 3108 1468 vidisset
3131 1412 3330 1469 Saraa
3358 1413 3552 1481 ﬁlium
3570 1416 3821 1487 ﬁgi/p-

2166 1503 2261 1557 tiw
2279 1501 2453 1571 Agar
2479 1500 2777 1557 ludentem
2803 1515 2935 1557 cum
2967 1501 3161 1568 Isaac,
3184 1500 3330 1556 dicit
3358 1501 3441 1556 ad
3458 1501 3773 1562 Abraham
3803 1524 3816 1561 :

2163 1592 2333 1662 Ejice
2374 1590 2662 1647 ancillam
2712 1589 2889 1656 hanc,
2942 1595 2996 1646 et
3047 1590 3238 1658 ﬁlium
3289 1591 3437 1660 ejus,
3480 1596 3537 1647 et
3586 1592 3825 1666 reliqua

410 1675 553 1730 tiam
581 1691 840 1734 sororem
862 1684 1027 1737 tuam
1059 1696 1178 1738 esse
1205 1683 1409 1753 (Prov.
1450 1700 1548 1751 vn,
1582 1685 1657 1756 4).
1715 1683 2057 1741 Secundum
2090 1700 2127 1752 Β
2168 1695 2356 1752 usque
2389 1696 2402 1734 :
2455 1678 2597 1751 quia
2624 1678 2689 1734 in
2727 1678 2901 1735 Isaac
2952 1679 3266 1736 vocabitur
3303 1680 3416 1735 tibi
3448 1696 3663 1738 semen.
3704 1682 3823 1739 Sed

410 1762 524 1819 hoc
544 1763 722 1835 igitur
740 1767 1047 1825 Abraham
1071 1772 1320 1827 Saraam
1338 1788 1603 1829 sororem
1625 1789 1801 1829 suam
1818 1788 1952 1827 esse
1975 1772 2060 1827 di-

409 1850 602 1908 cebat.
637 1854 824 1911 Voluit
851 1872 994 1927 ergo
1023 1862 1079 1915 et
1108 1860 1344 1917 Pharao
1367 1860 1692 1935 aliquando
1712 1861 1937 1917 habere
1961 1863 2061 1918 Sa-

408 1956 581 1997 raam
607 1958 729 1998 nou
760 1944 819 2000 in
849 1946 1027 2002 corde
1057 1949 1307 2006 mundo.
1344 1950 1458 2007 Sed
1515 1950 1703 2006 virtus
1752 1950 1866 2006 nisi
1918 1967 2058 2006 cum

409 2028 605 2085 cordis
634 2033 932 2091 munditia
977 2052 1099 2092 non
1128 2043 1323 2110 potest
1351 2040 1688 2096 convenire.
1720 2043 1918 2111 Longe
1949 2055 2057 2095 au-

408 2116 527 2170 tem
582 2116 792 2189 (aliter)
839 2120 962 2189 agit
1011 2121 1353 2179 Abimelech
1413 2124 1523 2181 iste
1577 2140 1766 2197 quam
1807 2124 2057 2182 Pharao.

410 2204 573 2261 Unde
603 2205 834 2264 videtur
866 2209 1017 2267 mihi
1042 2212 1383 2269 Abimelech
1415 2215 1521 2271 iste
1573 2212 1830 2271 formam
1862 2220 2061 2272 teneat

406 2294 811 2385 studiosorum
832 2303 891 2356 et
911 2301 1161 2385 sapienti
1171 2319 1271 2359 um
1296 2303 1527 2373 mundi,
1542 2305 1647 2378 qui
1665 2305 2058 2378 philosophia:

407 2394 654 2451 operam
684 2380 919 2451 dantes,
950 2383 1085 2442 licet
1106 2380 1259 2443 'non
1290 2388 1589 2459 integram
1633 2394 1689 2446 et
1733 2389 2059 2463 perfectam

406 2469 676 2538 regulam
707 2471 942 2544 pietatis
965 2474 1282 2546 attigerint,
1311 2482 1628 2535 senserunt
1646 2484 1848 2535 tamen
1872 2482 2059 2535 Deum

407 2561 463 2614 et
487 2574 691 2628 regem
717 2564 1009 2619 omnium.
1041 2568 1137 2623 Isti
1156 2582 1321 2637 ergo,
1344 2574 1641 2640 quantum
1662 2569 1742 2625 ad
1767 2569 2059 2626 moralem

406 2649 852 2724 philosophiam
884 2661 1129 2727 spectat.
1164 2657 1342 2714 etiam
1368 2659 1663 2733 puriﬁcati
1694 2661 1890 2718 cordis
1920 2677 2059 2734 ope-

407 2749 535 2789 ram
570 2734 808 2793 dedisse
834 2742 1339 2812 comprobantur;
1372 2744 1479 2800 sed
1502 2745 1659 2801 hanc
1689 2761 1810 2801 non
1842 2746 2060 2819 permi-

409 2823 483 2880 sit
510 2825 666 2881 Deus
718 2827 848 2884 illos
900 2832 1263 2901 contingere.
1298 2836 1431 2890 Haec
1485 2834 1645 2891 enim
1704 2837 1895 2907 gratia
1933 2852 2057 2894 non

406 2907 733 2975 Abraham,
763 2913 868 2969 sed
901 2930 1009 2988 per
1055 2916 1348 2974 Christum
1398 2919 1551 2976 tradi
1580 2920 1857 2992 gentibus
1885 2937 2058 2994 para-

404 2997 601 3104 batur.
647 3004 1078 3104 Sana-tuentem
1125 3007 1277 3064 Deus
1325 3009 1775 3104 Abimelech,_et
1804 3027 2056 3104 uxorem
2087 3048 2127 3104 ο

404 3087 580 3162 illius,
607 3095 665 3147 et
688 3094 953 3164 ancillas,
985 3112 1139 3170 quas
1167 3102 1451 3172 putamus
1480 3100 1814 3159 naturalem
1861 3101 2055 3175 philo-

406 3175 686 3249 sophiam
711 3178 947 3236 diversa
972 3186 1030 3238 et
1052 3183 1219 3239 varia
1263 3184 1655 3242 sectationum
1689 3190 2052 3243 commenta.

403 3264 632 3322 Interea
673 3268 976 3326 Abraham
1029 3271 1315 3346 impertiri
1365 3275 1529 3348 cupit
1556 3276 1786 3333 donum
1817 3276 1918 3349 [Z.,
1951 3278 2058 3335 do-

402 3356 592 3426 mum]
624 3372 761 3411 cum
793 3360 1069 3427 gentibus
1095 3362 1311 3418 divinae
1352 3364 1602 3420 virtutis.
1640 3366 1755 3421 Sed
1778 3368 2055 3425 nondum

403 3441 494 3493 est
519 3443 757 3510 tempus
789 3457 826 3496 a
855 3442 1036 3513 priori
1060 3445 1288 3517 populo
1312 3447 1562 3504 transire
1582 3450 1659 3504 ad
1691 3456 1896 3519 gentes
1926 3469 2056 3523 gra-

402 3524 546 3582 tiam
568 3527 687 3582 Dei.
715 3529 1057 3587 Secundum
1083 3532 1242 3589 hanc
1269 3550 1411 3605 ergo
1433 3536 1779 3608 allegoriam
1800 3541 2052 3611 Pharao,

402 3614 507 3686 qui
564 3616 982 3690 interpretatur
1034 3625 1490 3693 exterminator,
1541 3629 1812 3700 Saraam,
1858 3629 1919 3685 id
1967 3635 2055 3688 est

401 3704 700 3795 virtutem,
735 3709 1003 3782 accipere
1044 3728 1167 3769 non
1219 3716 1428 3787 potuit.
1463 3720 1655 3775 Manet
1698 3733 1841 3789 ergo
1889 3721 2053 3795 apud

402 3793 711 3853 Abraham
759 3799 964 3872 virtus,
1001 3809 1203 3861 manet
1246 3806 1310 3862 in
1359 3806 1829 3881 circumcisione,
1859 3793 2053 3868 donec

401 3881 638 3966 tempus
680 3884 879 3941 veniat
925 3891 989 3942 ut
1032 3887 1092 3944 in
1122 3889 1350 3948 Christo
1406 3892 1546 3949 Jesu
1572 3893 1834 3966 perfecta
1862 3895 2050 3953 virtus

400 3963 480 4020 ad
510 3966 833 4025 Ecclesiam
865 3973 1131 4039 gentium
1163 3976 1456 4034 transiret.
1484 3963 1645 4035 Tunc
1673 3979 1894 4036 domus
1920 3981 2054 4037 Abi-

399 4053 629 4110 melech
655 4061 712 4112 et
739 4058 955 4116 ancilla
978 4061 1136 4119 illius
1166 4065 1409 4138 pariunt
1435 4067 1704 4124 Ecclesiae
1728 4069 1904 4127 ﬁiios.
1932 4073 2051 4128 Hoc

401 4140 559 4227 enim
591 4146 854 4217 tempus,
885 4165 1007 4221 quo
1060 4152 1271 4209 sterilis
1300 4155 1473 4227 parit,
1519 4160 1577 4213 et
1604 4163 1812 4215 orante
1864 4160 2050 4217 Abra-

398 4224 561 4317 ham,
596 4227 709 4317 hoc
735 4235 826 4286 est
847 4233 1095 4305 populo,
1123 4252 1231 4308 per
1261 4224 1672 4310 patriarchias,
1703 4247 1760 4299 et
1787 4246 2048 4317 prophe-

397 4314 488 4365 tas
514 4311 957 4383 prophetantes.
998 4318 1159 4375 Unde
1188 4325 1245 4377 et
1274 4321 1389 4378 illic
1416 4323 1630 4381 dicitur
1653 4344 1665 4382 :
1691 4311 2047 4385 Redde'viro

395 4414 504 4455 suo
533 4414 779 4459 uxorem
827 4406 969 4476 quia
1005 4409 1302 4479 propheta
1345 4418 1450 4482 est,
1481 4419 1536 4469 et
1587 4415 1781 4471 orabit
1806 4432 1921 4487 pro
1971 4424 2043 4476 te.
2081 4396 2126 4450 θ

398 4493 451 4545 et
485 4491 660 4548 vives.
719 4495 926 4551 Postea
975 4495 1190 4569 intulit,
1234 4506 1447 4557 orante
1491 4508 1690 4559 autem
1734 4504 2046 4564 Abraham

394 4578 633 4633 sanavit
661 4578 818 4635 Deus
847 4579 1207 4651 Abimelech,
1239 4588 1296 4640 et
1330 4584 1582 4658 reliqua.

1017 4673 1257 4730 CAPUT
1296 4676 1427 4732 XX.

464 4757 631 4812 Vnus.
654 4761 782 4813 8.—
804 4761 1087 4834 Fecitque
1108 4762 1419 4822 Abraham
1450 4768 1682 4837 grande
1709 4772 2045 4831 convivium

393 4846 458 4899 in
488 4844 584 4899 die
604 4848 1025 4909 ablactaliom's
1053 4856 1172 4923 ﬁlii
1198 4858 1309 4913 sui.
1346 4859 1539 4923 Quare
1565 4858 1626 4916 in
1651 4860 1746 4918 die
1784 4863 2044 4922 ablacta-

393 4934 571 4989 tionis
593 4935 777 4992 Isaac.
804 4945 860 4994 et
888 4957 1010 4997 non
1058 4943 1120 4999 in
1150 4945 1245 5002 die
1271 4948 1592 5007 nativitatis
1621 4952 1713 5008 vel
1740 4953 2045 5012 circumci-

393 5022 576 5117 sionis
590 5023 1077 5117 iecitconvivjum
1094 5036 1356 5101 grande?
1379 5041 1858 5101 Utadverteretur
1876 5046 2042 5117 quod

391 5111 506 5169 nisi
536 5114 614 5169 ad
647 5115 913 5188 aliquam
937 5120 1265 5192 spiritalem
1294 5126 1792 5196 signiﬁcationem
1824 5111 2040 5190 refera-

392 5203 684 5295 tur,nulla
713 5206 926 5264 solutio
948 5212 1295 5283 quaestionis
1331 5222 1437 5273 est.
1464 5221 1613 5277 Fecit
1646 5222 1845 5294 itaque
1871 5228 2041 5295 pater

389 5293 659 5365 excelsus
688 5298 1031 5356 convivium
1053 5318 1190 5359 cum
1213 5320 1249 5361 a
1268 5305 1417 5363 lacte
1438 5307 1752 5380 depellitur
1775 5293 1963 5384 Isaac,
1982 5318 2039 5370 et

387 5382 454 5439 ﬁt
478 5382 679 5441 laetitia
710 5401 935 5456 magna
959 5390 1103 5461 quia
1134 5408 1375 5450 summo
1418 5395 1645 5452 doctori
1699 5398 1773 5454 de
1819 5400 1912 5456 his
1952 5382 2039 5460 ﬁt

388 5473 686 5565 gaudium.
705 5476 808 5549 qui
832 5477 964 5565 jam
977 5479 1131 5565 lacte
1155 5496 1278 5537 non
1303 5484 1592 5554 indigent,
1624 5488 1730 5543 sed
1760 5490 1894 5546 cibo
1916 5495 2036 5565 spi-

385 5557 558 5626 ritali,
583 5559 690 5632 qui
718 5561 1111 5633 possibilitate
1134 5568 1410 5624 sumendi
1439 5571 1790 5629 exercitatos
1809 5557 2038 5637 habent

387 5663 618 5721 sensus,
668 5654 726 5708 et
780 5650 1198 5712 discretionem
1253 5657 1399 5715 boni
1458 5663 1515 5718 et
1542 5661 1719 5733 mali;
1775 5665 1849 5724 de
1908 5671 2036 5743 qui-

2166 1776 2219 1826 et
2249 1769 2443 1838 ﬁlium
2472 1768 2714 1825 ancilla,
2729 1768 2957 1837 faciam
2978 1768 3042 1822 in
3061 1773 3294 1838 gentem
3313 1784 3619 1841 magnam.
3645 1772 3822 1837 Quod

2166 1857 2407 1914 duobus
2440 1855 2636 1912 modis
2674 1854 2920 1925 intelligi
2943 1860 3159 1930 potest,
3188 1856 3305 1914 hoc
3334 1861 3423 1915 est
3453 1875 3466 1913 :
3501 1858 3623 1915 sive
3652 1861 3821 1932 quod

2166 1945 2428 2019 populus
2453 1945 2800 2001 Judaeorum
2829 1944 3110 2017 copiosus
3151 1950 3314 2003 esset
3353 1947 3416 2003 in
3462 1948 3681 2005 sawulo
3725 1965 3819 2006 re-

2167 2039 2478 2106 gnaturus,
2500 2034 2620 2090 sive
2644 2033 2787 2107 quia
2815 2033 3068 2091 caelestis
3095 2034 3264 2104 regni
3310 2035 3564 2107 gloriam
3606 2053 3818 2095 conse-

2166 2123 2359 2183 cuturi
2383 2127 2582 2179 essent
2609 2123 2715 2196 qui
2742 2139 2816 2179 ex
2855 2123 2942 2179 eis
2971 2122 3362 2181 credidissent
3386 2126 3448 2182 in
3493 2126 3813 2183 Christum.

2167 2212 2280 2270 Sed
2302 2212 2443 2269 libet
2472 2216 2678 2268 notare
2708 2211 2769 2267 in
2799 2227 2922 2285 quo
2951 2212 3095 2269 ludo
3126 2213 3324 2284 arguit
3350 2214 3531 2271 Saraa
3574 2214 3808 2285 Ismael,

2166 2301 2356 2359 ﬁlium
2387 2306 2562 2371 Agar.
2605 2299 2924 2373 Dupliciter
2951 2301 3153 2374 itaque
3181 2303 3296 2359 hoc
3326 2302 3404 2360 ab
3427 2302 3689 2359 Hebraeis
3719 2320 3817 2360 ex-

2168 2390 2459 2465 primitur.
2487 2389 2617 2447 Sive
2643 2389 2810 2463 quod
2847 2390 3251 2464 idolothytum
3275 2391 3414 2449 fecit
3454 2394 3627 2465 juxta
3669 2393 3816 2451 illud

2166 2479 2333 2554 quod
2364 2479 2504 2535 alibi
2527 2479 2816 2551 scriptum
2854 2485 2942 2536 est
2969 2496 2982 2535 :
3030 2479 3197 2538 Sedit
3226 2484 3488 2552 populus
3518 2485 3813 2541 comedere

2167 2575 2221 2626 et
2248 2569 2462 2639 bibere,
2489 2574 2547 2625 et
2581 2575 2977 2625 surrexerunt
3029 2570 3233 2628 ludere
3282 2571 3498 2643 (Exod.
3545 2589 3713 2643 xxxn,
3739 2576 3812 2642 6).

2167 2657 2298 2714 Sive
2327 2656 2493 2730 quod
2543 2656 2868 2713 adversum
2913 2660 3078 2716 Isaac
3119 2660 3294 2733 quasi
3339 2660 3587 2733 majoris
3628 2663 3818 2719 aetatis

2166 2747 2299 2803 loco
2348 2746 2461 2802 sibi
2505 2750 2561 2802 et
2606 2746 2751 2803 ludo
2806 2745 3207 2820 primogenita
3248 2749 3594 2808 vindicaret.
3643 2752 3818 2818 Quod

2166 2836 2412 2909 quidem
2441 2835 2630 2893 Saraa
2656 2835 2908 2893 audiens
2933 2853 3057 2894 non
3089 2839 3237 2896 tulit.
3266 2842 3332 2896 Et
3372 2840 3488 2897 hoc
3517 2857 3589 2897 ex
3625 2840 3816 2913 ipsius

2166 2924 2536 2998 approbatur
2588 2940 2867 2981 sermone
2923 2925 3169 2984 dicentis
3220 2945 3234 2983 :
3299 2928 3469 2998 Ejice
3521 2930 3812 2985 ancillam

2168 3013 2326 3071 hanc
2350 3028 2483 3069 cum
2512 3014 2639 3082 ﬁlio
2664 3028 2790 3082 suo,
2815 3018 2924 3071 etc.

2234 3105 2433 3160 Vens.1
2446 3103 2951 3161 tam—Surrexit
2974 3104 3171 3175 itaque
3192 3104 3501 3162 Abraham
3526 3119 3721 3173 mane,
3754 3112 3810 3162 et

2166 3193 2377 3249 tollens
2404 3206 2621 3261 panem
2648 3198 2703 3248 et
2726 3199 2917 3249 utrem
2939 3207 3126 3263 aquaz,
3152 3194 3431 3263 imposuit
3454 3194 3519 3250 in
3556 3195 3815 3264 scapula

2164 3283 2312 3350 ejus,
2345 3285 2401 3337 et
2428 3279 2679 3353 reliqua.
2715 3280 2771 3338 Si
2802 3280 3082 3337 tredecim
3115 3297 3415 3339 annorum
3443 3286 3572 3339 erat
3596 3283 3815 3340 Ismael

2163 3368 2411 3442 quando
2442 3373 2620 3425 natus
2651 3373 2740 3425 est
2760 3370 2952 3431 Isaac.
2976 3369 3072 3442 adj
3084 3370 3399 3444 unctisque
3426 3375 3595 3428 astate
3618 3370 3818 3428 ablac-

2163 3456 2404 3512 tationis
2466 3457 2665 3527 annis,
2716 3457 3027 3530 quomodo
3075 3458 3352 3515 convenit
3398 3463 3578 3516 tantae
3624 3461 3816 3516 aetatis

2165 3544 2605 3601 adolescentem
2632 3546 2840 3602 matris
2866 3546 3092 3602 sedisse
3129 3546 3455 3604 cervicibus
3483 3547 3631 3605 dum
3672 3548 3814 3605 dicio

2161 3638 2257 3690 tur
2289 3650 2302 3688 :
2338 3634 2605 3707 Sumpsit
2630 3634 2935 3691 Abraham
2966 3651 3155 3709 panes
3180 3640 3238 3693 et
3274 3640 3466 3694 utrem
3511 3653 3705 3711 aquae,
3756 3642 3816 3694 et

2160 3721 2325 3779 dedit
2351 3727 2508 3793 Agar
2537 3738 2769 3796 ponens
2799 3740 2978 3797 super
3006 3725 3329 3781 humerum
3357 3726 3814 3799 ejus,etparvu-

2158 3810 2308 3881 lum,
2339 3816 2396 3868 et
2437 3812 2664 3870 dimisit
2706 3814 2889 3870 eam?
2921 3814 3125 3870 Omnis
3176 3814 3354 3885 igitur
3395 3815 3553 3871 illius
3601 3831 3811 3873 secun-

2159 3898 2309 3956 dum
2338 3899 2565 3957 idioma
2588 3900 2808 3971 linguae
2853 3901 3240 3959 Hebraeorum
3289 3903 3367 3959 ad
3415 3905 3813 3977 comparatio-

2158 4004 2297 4045 nem
2327 3993 2648 4063 parentum
2677 3989 2875 4046 infans
2901 3994 3145 4047 vocatur
3182 3996 3239 4047 et
3267 3991 3575 4065 parvulus.
3627 3996 3695 4049 Et
3722 3997 3812 4051 est

2159 4093 2370 4134 sensus
2401 4095 2414 4133 :
2444 4078 2645 4151 posuit
2670 4093 2813 4149 ergo
2843 4078 3148 4136 Abraham
3172 4095 3361 4152 panes
3386 4084 3441 4137 et
3490 4085 3683 4138 utrem
3715 4099 3811 4137 su-

2157 4182 2265 4240 per
2286 4166 2609 4223 humerum
2651 4169 2833 4238 Agar,
2882 4172 2940 4224 et
2983 4168 3099 4225 hoc
3140 4168 3297 4225 facto
3344 4169 3507 4226 dedit
3550 4187 3809 4244 puerum

2157 4255 2355 4326 matri,
2384 4255 2498 4311 hoc
2526 4260 2633 4327 est,
2665 4255 2725 4311 in
2757 4272 3009 4314 manum
3041 4260 3171 4329 ejus
3197 4273 3336 4314 eum
3363 4258 3626 4331 tradidit,
3648 4275 3812 4315 com-

2159 4342 2485 4407 mendavit,
2516 4348 2573 4399 et
2600 4344 2681 4401 ita
2710 4345 2905 4402 emisit
2934 4362 2965 4401 e
2991 4346 3213 4414 domo;
3246 4347 3413 4418 quod
3456 4347 3518 4403 in
3559 4364 3810 4421 sequen-

2159 4432 2314 4488 tibus
2337 4432 2694 4503 declaratur,
2714 4434 2861 4491 dum
2881 4434 3095 4492 dicitur
3111 4453 3122 4491 :
3137 4436 3352 4508 Surge,
3370 4437 3513 4493 tolle
3523 4452 3806 4507 puerum.

2157 4526 2210 4577 et
2242 4527 2373 4578 tene
2399 4537 2642 4579 manum
2668 4526 2819 4594 ejus,
2854 4539 2976 4580 non
3002 4528 3069 4581 ut
3090 4540 3229 4581 eum
3259 4524 3334 4581 de
3364 4529 3520 4581 terra
3546 4526 3709 4582 velut
3718 4526 3811 4598 ja-

2156 4614 2389 4666 centem
2418 4610 2665 4677 tolleret,
2692 4612 2799 4668 sed
2827 4614 3005 4687 quasi
3032 4613 3311 4670 comitem
3341 4629 3530 4671 manu
3561 4618 3804 4672 teneret.

2157 4698 2328 4767 Quod
2387 4703 2590 4756 autem
2639 4717 2828 4758 manu
2883 4702 3147 4775 parentis
3219 4706 3468 4771 tenetur,
3524 4703 3810 4761 sollicitus

2155 4792 2524 4845 monstratus
2559 4789 2825 4846 affectus.

2227 4877 2379 4944 Quid
2402 4883 2490 4935 est
2517 4879 2683 4952 quod
2707 4879 2921 4936 dicitur
2944 4883 3198 4936 matrem
3229 4878 3485 4950 ﬂevisse,
3524 4884 3581 4936 et
3621 4881 3810 4937 Deum

2153 4981 2364 5022 vocem
2413 4968 2583 5040 pueri
2612 4968 2976 5025 exaudisse?
3022 4967 3171 5033 Quia
3228 4970 3422 5024 mater
3461 4984 3583 5025 non
3633 4985 3809 5025 suam

2152 5059 2428 5123 mortem,
2482 5056 2587 5112 sed
2632 5056 2735 5113 ﬁlii
2791 5056 3164 5128 deplorabat,
3221 5057 3607 5130 pepercitque
3656 5060 3811 5114 Deus

2151 5156 2339 5213 puero
2371 5158 2503 5214 suo,
2534 5159 2644 5216 pro
2673 5161 2797 5217 quo
2824 5145 3017 5200 fuerat
3045 5144 3219 5202 ﬂetus
3246 5145 3476 5203 matris.

2224 5230 2539 5294 Quomodo
2572 5231 2649 5287 ad
2680 5233 2781 5302 [Z.,
2816 5248 3023 5305 quom.
3048 5237 3250 5290 autem
3278 5233 3377 5302 ad,
3408 5236 3538 5308 etc.]
3560 5240 3813 5307 puteum

2147 5317 2475 5374 Juramenti
2503 5334 2717 5390 agrum
2734 5320 3115 5393 plantaverat
3143 5322 3468 5393 Abraham,
3499 5323 3548 5379 si
3567 5323 3625 5379 in
3657 5329 3818 5382 terra

2146 5405 2268 5479 illa,
2301 5407 2827 5477 quemadmodum
2866 5409 3205 5482 Stephanus
3248 5412 3406 5479 dicit,
3421 5428 3543 5469 non
3567 5428 3817 5485 accepe-

2145 5500 2239 5551 rat
2249 5495 2651 5552 htereditatem
2678 5513 2789 5553 nec
2801 5499 3058 5571 spatium
3075 5500 3188 5573 ped
3198 5501 3244 5556 is
3257 5501 3284 5555 ?
3298 5504 3376 5557 Ea
3387 5505 3475 5558 est
3485 5502 3543 5556 in
3554 5501 3818 5572 telligen—

2146 5582 2227 5640 da
2242 5582 2560 5641 hmreditas
2577 5602 2765 5659 quam
2782 5588 2936 5644 Deus
2947 5604 3197 5646 munere
3215 5606 3327 5645 suo
3345 5589 3541 5646 fuerat
3554 5590 3815 5651 daturus

2145 5673 2423 5743 gratuito,
2437 5676 2643 5732 nonin
2665 5677 2778 5734 ista
2811 5693 2945 5750 quae
2965 5678 3156 5750 pretio
3178 5682 3380 5750 empta
3397 5680 3503 5735 est.
3534 5679 3813 5751 lntelligi-
