4136 6176
422 168 525 227 108

1498 160 1855 218 ANGELOII
1893 154 2359 214 LUXOVIENBIS
2395 154 2735 214 MONACHI.

3720 149 3820 215 196

418 296 618 348 monte
643 288 842 349 Maria
868 287 967 359 (II
984 287 1134 343 Par.
1162 301 1246 352 ιιι,
1280 285 1352 356 6).
1396 285 1506 351 Qui
1536 283 1672 340 ideo
1709 283 2066 341 illuminans
2097 282 2142 336 A
2186 279 2473 345 verbium,
2509 284 2591 337 ut.
2617 278 2665 335 si
2689 275 2936 351 quando
2965 275 3027 331 in
3046 272 3325 344 angustia
3349 271 3645 328 constituti
3666 275 3827 340 sunt,

418 379 843 451 interpretatur
869 379 928 431 et
957 376 1186 441 lucens,
1208 373 1353 445 quia
1372 373 1453 428 ibi
1483 378 1573 429 est
1596 373 1794 441 dabir,
1822 372 1937 427 hoc
1956 374 2063 431 est,

419 467 735 527 oraculum
772 463 892 521 Dei.

492 557 670 613 Vens.
701 558 758 612 4.
793 585 861 594 -—
916 554 1144 609 Itinere
1186 553 1419 608 dierum
1464 552 1669 618 trium,
1701 553 1809 607 etc.
1853 552 2067 605 Notan-

420 645 568 704 dum
586 643 754 717 quod
775 643 849 700 de
876 641 1107 698 Geraris
1138 656 1330 713 usque
1372 640 1451 697 ad
1479 644 1745 696 montem
1776 637 1977 707 Moria,
2006 634 2068 691 id

420 737 513 791 est
536 733 730 790 aedem
761 732 971 798 [Petr.,
999 729 1228 802 sedem]
1259 729 1483 803 templi,
1484 730 1610 805 iter
1633 730 1865 785 dierum
1889 727 2063 784 trium

422 823 517 891 sit,
546 827 607 881 et
632 822 1070 892 consequenter
1096 819 1235 879 illuc
1287 820 1385 877 die
1415 820 1583 879 tertio
1611 819 1951 893 pervenisse
1982 817 2066 872 di-

420 916 605 971 catur.
640 908 781 967 Male
827 909 1005 982 igitur
1054 908 1307 983 quidam
1348 909 1653 967 Abraham
1702 912 1915 981 putant
1966 906 2068 965 illo

420 1004 688 1074 tempore
716 998 795 1059 ad
840 1014 1134 1071 quercum
1163 998 1469 1055 habitasse
1496 997 1779 1068 Mambre,
1809 1012 1948 1052 cum
1976 995 2065 1057 in-

418 1087 494 1144 de
524 1103 715 1160 usque
742 1086 820 1147 ad
850 1088 1117 1153 montem
1139 1086 1319 1145 Maria
1350 1087 1445 1146 vix
1474 1086 1652 1147 unius
1679 1085 1796 1141 diei
1815 1085 1924 1141 iter
1942 1084 2067 1156 ple-

419 1192 565 1239 num
597 1176 689 1233 sit.
724 1176 1017 1243 Quaeritur
1042 1176 1225 1235 etiam
1256 1191 1362 1232 cur
1378 1176 1439 1232 in
1472 1175 1793 1233 tentatioue
1813 1171 2066 1237 Abrahae

418 1266 563 1323 dicit
604 1270 797 1325 Deus:
874 1266 1038 1323 Tolle
1096 1265 1296 1335 ﬁlium
1362 1270 1552 1335 tuum,
1601 1279 1773 1336 quem
1839 1264 2066 1334 diligis,

419 1357 591 1415 Isaac
612 1361 640 1413 ?
667 1355 782 1415 nisi
809 1359 875 1411 ut
914 1355 1217 1412 charitatis
1248 1353 1680 1423 admonitione,
1706 1356 1765 1409 et
1804 1351 2067 1411 nominis

418 1444 851 1510 recordatione,
894 1442 1234 1500 tentationis
1282 1442 1523 1514 pondus
1567 1441 2067 1506 accumularetur,

414 1537 479 1590 et
504 1536 788 1606 paternus
826 1531 1077 1595 affectus
1108 1535 1482 1604 torqueretur
1510 1546 1582 1587 ex
1608 1529 1902 1587 memoria
1930 1545 2068 1603 pro-

2188 368 2416 424 Itomini
2443 373 2654 441 optant
2675 366 2894 423 auxilio
2913 362 3230 431 sublevari,
3262 360 3506 416 dicunt:
3540 363 3609 419 In
3630 365 3832 417 monte

2179 458 2468 514 Dominus
2505 457 2747 527 videbit,
2777 456 2891 511 hoc
2929 458 3038 515 est,
3065 452 3217 508 sicut
3244 450 3497 508 Abrahae
3528 447 3831 507 miserebi-

2176 545 2337 600 bitur
2360 551 2416 600 et
2443 545 2649 600 nostri.
2684 545 2848 600 Unde
2894 548 2951 598 et
2982 543 3217 612 signum
3260 539 3381 594 dati
3415 538 3610 594 arietis
3640 537 3831 593 solent

2182 635 2389 705 [Petr.,
2423 634 2590 705 solet]
2622 633 2953 690 etiamnum
2984 647 3169 687 cornu
3208 628 3505 697 clangere.

2250 726 2416 781 Vens.
2455 728 2631 780 15-19.
2662 754 2729 763 --
2774 722 3012 777 Vocavil
3046 726 3243 776 autem
3294 718 3548 788 angelus
3589 716 3833 771 Domini

2178 813 2482 869 Abraham
2528 812 2786 869 secundo
2833 812 2906 866 de
2952 810 3099 865 coelo
3153 808 3391 863 dicens:
3436 806 3586 873 Quia
3627 805 3835 875 fecisti

2177 916 2301 957 rem
2335 902 2510 969 hanc,
2541 903 2596 957 el
2638 917 2759 978 non
2794 899 3155 969 perpercisti
3197 897 3325 965 ﬁlio
3368 901 3469 951 tuo
3520 895 3830 965 unigenito

2171 997 2423 1061 propter
2448 1005 2559 1047 me.
2602 988 2881 1062 Nunquid
2914 987 3216 1042 Abraham
3268 988 3511 1057 propter
3541 982 3823 1053 angelum

2177 1094 2299 1135 non
2324 1078 2589 1152 pepercit
2625 1094 2737 1134 suo
2764 1077 2907 1147 ﬁlio,
2936 1080 2993 1132 et
3021 1091 3144 1131 non
3184 1078 3431 1147 propter
3457 1075 3645 1127 Deum
3663 1074 3690 1128 ἱ)
3717 1076 3832 1127 Aut

2177 1167 2339 1227 enim
2366 1167 2561 1238 angeli
2593 1167 2856 1233 nomine,
2880 1181 3003 1238 quo
3028 1163 3291 1221 Christus
3320 1161 3685 1231 signiﬁcatus
3718 1167 3826 1230 est,

2177 1258 2283 1329 qui
2320 1257 2445 1319 sine
2488 1255 2675 1312 dubio
2709 1257 2862 1310 Deus
2902 1259 3010 1323 est,
3043 1258 3100 1309 et
3128 1250 3441 1307 manifeste
3470 1268 3507 1306 a
3536 1250 3828 1323 propheta

2178 1346 2371 1408 dictus
2395 1350 2487 1401 est
2509 1345 2717 1415 magni
2736 1344 2974 1401 consilii
3001 1341 3395 1412 angelus.Aut
3415 1340 3558 1411 quia
3586 1342 3737 1397 Deus
3766 1340 3830 1394 in

2179 1434 2413 1505 angelo,
2446 1438 2505 1490 et
2529 1450 2599 1489 ex
2631 1448 2893 1506 persona
2922 1431 3019 1487 Dei
3056 1428 3309 1498 angelus
3338 1428 3719 1502 loquebatur,
3756 1428 3830 1482 si-

2179 1530 2279 1579 cut
2302 1524 2363 1578 in
2392 1522 2701 1595 prophetis
2733 1522 2909 1577 etiam
2942 1519 3109 1575 solet.
3143 1523 3289 1576 Nam
3317 1519 3376 1574 in
3403 1517 3829 1589 consequenti-

418 1604 714 1691 fessionis,
738 1620 891 1676 dum
937 1625 1073 1688 ante
1101 1621 1256 1676 Deus
1288 1619 1436 1675 dixit
1463 1619 1542 1675 ad
1575 1635 1751 1675 eum:
1785 1621 1857 1676 1n
1898 1621 2070 1675 Isaac
2096 1636 2140 1691 η
2178 1611 2294 1667 bus
2321 1610 2435 1666 hoc
2467 1611 2661 1680 magis
2692 1609 2922 1664 videtur
2964 1622 3277 1680 apparere,
3309 1605 3414 1662 ubi
3452 1604 3668 1674 legitur
3686 1621 3702 1671 ;
3751 1605 3828 1661 Et

420 1711 737 1767 vocabitur
750 1708 864 1764 tibi
884 1724 1099 1769 semen.
1129 1708 1306 1777 Quasi
1337 1707 1387 1763 si
1413 1707 1507 1765 ille
1533 1707 1917 1777 occideretur,
1946 1711 2070 1762 tota

422 1815 561 1875 spes
589 1797 1005 1873 promissionis
1053 1797 1458 1859 frustraretur.
1492 1799 1557 1856 Et
1582 1813 1687 1852 cur
1718 1812 1839 1853 non
1871 1796 2069 1859 statim

417 1886 584 1949 licuit
612 1887 665 1944 ei
685 1885 954 1943 occidere
974 1885 1184 1956 ﬁlium,
1209 1885 1313 1942 sed
1339 1885 1617 1942 triduana
1643 1885 1867 1941 itineris
1898 1900 2070 1943 mora

421 1992 561 2033 eum
589 1975 1008 2063 imgnolaturns
1037 1991 1242 2032 secum
1272 1974 1411 2030 duci
1435 1974 1642 2046 jussus
1681 1978 1771 2029 est
1789 1976 1816 2031 ?
1861 1976 2070 2040 Quate-

418 2080 536 2125 nus
562 2062 937 2135 longitudine
980 2063 1268 2136 temporis
1316 2062 1654 2121 temtationis
1687 2078 1930 2135 quoque
1961 2078 2067 2117 au-

421 2158 658 2226 geretur
681 2154 1138 2213 incrementum.
1172 2156 1319 2210 Nam
1362 2168 1470 2225 per
1508 2152 1773 2208 triduum
1801 2152 1909 2207 iter
1937 2168 2071 2224 pro-

423 2244 700 2309 tenditur,
732 2248 788 2299 et
813 2259 919 2316 per
956 2246 1147 2303 totum
1185 2242 1450 2301 triduum
1470 2240 1879 2299 crescentibus
1912 2240 2068 2296 curis

419 2338 670 2406 paterna
699 2332 931 2387 viscera
984 2331 1345 2395 cruciantur,
1380 2335 1441 2386 ut
1484 2330 1650 2386 omni
1706 2330 1819 2385 hoc
1872 2330 2068 2402 spatio

421 2427 544 2477 tam
571 2420 804 2497 prolixo
833 2419 1159 2475 intueretur
1178 2419 1368 2476 ﬁlium
1394 2424 1582 2493 pater,
1602 2418 1804 2483 cibum
1832 2435 1967 2473 cum
1996 2434 2067 2472 eo

421 2513 700 2579 sumeret,
722 2512 816 2585 .tot
845 2508 1122 2563 noctibus
1170 2524 1319 2581 puer
1346 2508 1634 2585 penderet
1678 2507 1739 2562 in
1785 2506 2069 2579 amplexi-

419 2596 536 2653 bus
562 2596 765 2670 patris,
798 2595 1111 2651 inhaereret
1139 2596 1381 2670 pectori,
1418 2595 1701 2652 cubitare!
1726 2596 1785 2651 in
1818 2595 2065 2667 gremio,

420 2691 718 2759 quatenus
738 2699 848 2765 per
878 2683 1113 2753 singula
1145 2688 1451 2739 momenta
1476 2684 1536 2739 in
1574 2688 1827 2767 paterno
1853 2683 2068 2759 affectu

421 2771 592 2829 dolor
620 2771 933 2829 occidendi
963 2772 1065 2828 ﬁlii
1096 2772 1593 2829 accumularetur.

494 2862 674 2918 Vens.
708 2864 860 2917 5-14.
888 2892 957 2901 -
990 2861 1046 2917 Si
1077 2861 1386 2917 Abraham
1439 2861 1843 2919 indubitanter
1894 2861 2070 2918 firmo

2179 1706 2409 1758 vocavit
2431 1701 2682 1771 angelus
2711 1700 2953 1755 Domini
2972 1697 3283 1753 Abraham
3306 1698 3521 1752 iterum
3545 1695 3618 1751 de
3639 1695 3787 1751 caelo
3807 1710 3832 1750 .·

2172 1806 2287 1860 per
2312 1790 2715 1867 memetipsum
2746 1788 2981 1858 juravi,
3014 1787 3159 1842 dicit
3204 1786 3510 1847 Dominus.
3541 1783 3691 1847 Quid
3741 1789 3832 1839 est

2177 1879 2343 1952 quod
2366 1877 2631 1934 secundo
2648 1877 2726 1933 ad
2749 1876 3055 1933 Abraham
3081 1875 3292 1931 eadem
3325 1879 3380 1929 ct
3396 1890 3518 1930 non
3535 1874 3663 1929 aliae
3690 1889 3829 1946 pro-

2178 1968 2491 2025 missiones
2515 1967 2757 2023 fuerunt
2782 1965 2951 2047 f‘actae
2973 1965 3000 2020 ?
3027 1963 3331 2036 Signiﬁcat
3346 1962 3600 2035 duplum
3620 1978 3828 2018 semen

2176 2057 2429 2114 Abrahae
2466 2057 2735 2115 futurum
2768 2072 2921 2125 esse,
2949 2070 3138 2111 unum
3181 2052 3440 2122 carnale,
3470 2051 3632 2107 aliud
3659 2051 3826 2125 spiri-

2179 2148 2314 2204 tale.
2351 2147 2486 2202 ldeo
2517 2145 2665 2202 dixit
2692 2144 2746 2201 ei
2776 2145 3101 2203 Dominus:
3154 2145 3254 2199 Sic
3282 2142 3397 2198 erit
3424 2157 3620 2198 semen
3650 2146 3821 2196 tuum

2175 2238 2329 2294 sicut
2358 2237 2549 2295 stella
2578 2235 2732 2306 creti,
2764 2240 2821 2291 et
2866 2235 3022 2291 vela!
3073 2248 3263 2290 arena
3291 2233 3498 2288 maris.
3531 2232 3593 2286 ln
3636 2229 3818 2286 stellis

2179 2324 2310 2383 θωκΙὶ
2351 2324 2664 2397 spiritales,
2696 2323 2758 2379 in
2801 2338 2985 2379 arena
3036 2321 3307 2379 carnales
3354 2320 3562 2379 volens
3592 2323 3695 2390 [Z.,
3721 2334 3827 2374 vo-

2175 2413 2326 2483 lunt]
2357 2413 2626 2482 intelligi.
2662 2416 2810 2468 Nam
2836 2410 3005 2484 quod
3031 2410 3113 2468 ait
3141 2409 3452 2483 superius:
3484 2411 3605 2467 Per
3622 2423 3829 2467 meme-

2177 2506 2398 2574 tipsum
2418 2505 2652 2574 juravi,
2682 2504 2773 2560 ait
2800 2503 3109 2571 Dominus,
3136 2516 3305 2557 more
3342 2500 3612 2557 humano
3639 2498 3829 2571 loqui-

2178 2597 2292 2649 tur.
2324 2593 2609 2649 Homines
2639 2593 2800 2651 enim
2849 2607 2956 2664 per
2986 2591 3245 2663 majores
3291 2591 3385 2646 sui
3412 2590 3638 2662 jurant.
3670 2591 3828 2653 Deus

2176 2687 2377 2739 autem
2409 2683 2714 2740 neminem
2738 2680 2829 2737 sui
2856 2681 3152 2752 majorem
3177 2680 3379 2750 habet,
3402 2686 3461 2736 et
3480 2678 3702 2735 idcirco
3720 2693 3830 2751 per

2176 2772 2566 2845 semetipsum
2588 2773 2768 2842 jurat.
2802 2771 2915 2829 Sed
2940 2771 3141 2843 jurare
3163 2771 3264 2826 Dei
3288 2774 3378 2826 est
3394 2768 3829 2842 promissiones

2179 2878 2320 2918 suas
2348 2861 2638 2918 stabiliter
2664 2861 2925 2917 ﬁrmare.
2960 2860 3180 2916 Deinde
3206 2858 3375 2932 quod
3399 2858 3615 2925 intulit,
3644 2857 3829 2928 possi-

421 2950 625 3046 animo
669 2950 970 3020 cogitabat
1014 2955 1275 3007 mactare
1306 2966 1558 3024 puerum
1596 2950 1846 3007 Domino
1870 2950 1931 3005 in
1962 2951 2070 3005 ho-
2101 2992 2142 3046 Ο
2179 2951 2339 3008 debit
2367 2966 2559 3008 semen
2591 2957 2761 3009 tuum
2782 2955 2994 3020 portas
3021 2951 3396 3006 inimicorum
3416 2963 3685 3017 suorum,
3709 2947 3833 3018 spi-

416 3038 777 3111 locaustum,
804 3039 951 3113 quid
972 3045 1063 3096 est
1085 3039 1250 3117 quod
1274 3038 1420 3095 dixit
1440 3040 1642 3113 pueris
1661 3040 1784 3097 suis
1806 3057 1817 3094 :
1853 3041 1958 3095 Vos
1976 3056 2076 3096 ex-

416 3134 651 3200 pectate
680 3128 799 3184 hic.
816 3129 945 3199 Ego
966 3135 1019 3185 et
1034 3144 1210 3199 puer,
1230 3144 1363 3185 cum
1384 3129 1854 3196 adoraverimus,
1878 3144 2073 3185 rever-

422 3224 618 3276 temur
642 3218 723 3275 ad
754 3222 895 3274 vos?
929 3217 1112 3288 Igitur
1157 3221 1214 3273 et
1253 3216 1615 3273 indubitanti
1657 3218 1859 3275 animo
1906 3234 2069 3273 mac-

421 3312 547 3363 tare
573 3322 713 3362 eum
741 3306 1043 3376 credebat,
1078 3305 1214 3363 ideo
1239 3310 1560 3379 utrumque
1589 3305 1785 3362 laudis
1811 3311 1898 3361 est
1926 3310 1983 3361 et
2009 3306 2071 3362 in

421 3395 760 3450 constantia
789 3392 1098 3460 oﬁ‘erendi,
1127 3398 1184 3449 et
1213 3395 1273 3448 in
1311 3394 1613 3449 conﬁdere
1644 3396 1854 3463 [Petr.,
1884 3394 1946 3449 in
1971 3394 2073 3449 ἰω-

420 3482 583 3554 dere]
615 3480 961 3536 suscitandi.
1000 3481 1232 3537 Sciebat
1280 3482 1604 3538 certissime
1653 3485 1839 3538 Deum
1869 3482 2070 3540 fallere

420 3584 545 3625 non
572 3584 771 3641 posse,
787 3573 841 3624 et
868 3567 1002 3624 licet
1025 3584 1173 3641 puer
1197 3569 1582 3637 occideretur,
1606 3571 2070 3642 promissionem

418 3663 625 3716 tamen
670 3658 770 3713 Dei
816 3657 1051 3713 salvam
1104 3673 1477 3730 permanere.
1524 3658 1688 3715 Unde
1746 3660 1797 3715 ei
1856 3660 2070 3716 Paulus

421 3746 732 3820 apostolus
782 3763 889 3821 per
927 3747 1210 3821 Spiritum
1258 3753 1533 3805 sanctum
1586 3749 1874 3807 didicerat
1922 3751 2070 3824 quid

661 3835 976 3893 habuisset
1004 3835 1309 3892 Abraham
1354 3836 1513 3893 intra
1560 3853 1648 3907 se,
1681 3837 1829 3895 dum
1882 3838 2069 3896 ﬁdem

416 3925 549 3997 ejus
575 3924 803 3992 laudat,
834 3925 1018 3982 dixit:
1064 3926 1218 3983 Fide
1239 3926 1550 3983 Abraham
1578 3942 1703 3983 non
1747 3928 2066 3999 haesitavit,

419 4029 554 4071 cum
594 4015 840 4071 unicum
860 4015 1133 4086 .o/ferret,
1163 4014 1227 4071 in
1254 4031 1370 4087 quo
1402 4021 1722 4085 acceperat
1748 4019 2067 4087 repromis-

419 4104 610 4159 siones
638 4104 745 4176 qui
785 4118 823 4159 a
870 4105 1122 4160 mortuis
1162 4120 1293 4161 eum
1322 4105 1678 4163 resuscitare
1701 4111 1890 4175 potest
1911 4108 2067 4162 Deus

419 4192 609 4263 (Rom.
639 4207 717 4261 ιν,
748 4191 858 4261 20).

493 4279 659 4336 Unde
676 4280 829 4336 aries
844 4280 953 4337 iste
971 4280 1075 4353 qui
1087 4296 1196 4353 pro
1211 4281 1380 4338 Isaac
1391 4282 1737 4339 immolatus
1744 4282 2025 4352 est,venit
2036 4283 2064 4338 ?

416 4367 580 4427 Solet
606 4368 794 4442 quaeri
824 4384 904 4427 an
945 4370 1021 4427 de
1064 4377 1221 4426 terra
1268 4370 1464 4428 subito
1505 4371 1589 4428 ibi
1629 4377 1860 4428 creatus
1890 4375 2060 4439 esset,

417 4457 515 4514 vel
542 4457 784 4516 aliunde
813 4457 893 4517 ab
922 4458 1137 4528 angelo
1179 4458 1429 4517 allatus?
1459 4460 1624 4516 Aries
1656 4460 1769 4516 iste
1788 4476 1916 4516 non
1950 4476 2063 4533 pu-

416 4547 659 4617 tativus,
688 4546 797 4604 sed
826 4562 1002 4604 verus
1029 4563 1159 4604 esse
1189 4547 1524 4605 credendus
1553 4552 1660 4603 est.
1691 4548 1832 4605 Ideo
1871 4549 2064 4620 magis

418 4652 458 4693 a
481 4636 829 4693 doctoribus
855 4636 1185 4695 aestimatur
1211 4636 1454 4695 aliunde
1491 4652 1632 4693 eum
1662 4636 1947 4708 angelum
1978 4643 2064 4695 at-

414 4726 625 4783 tulisse
665 4742 854 4798 quam
882 4725 966 4783 ibi
1019 4725 1094 4782 de
1134 4730 1289 4783 terra
1317 4730 1450 4799 post
1479 4741 1584 4782 sex
1620 4725 1857 4783 dierum
1881 4743 2067 4800 opera

420 4814 743 4873 Dominum
775 4830 1144 4887 procreasse.
1339 4882 1345 4888 .

483 4905 682 4969 Quare
704 4903 1028 4977 appellavit
1049 4903 1355 4961 Abraham
1366 4919 1594 4961 nomen
1617 4904 1734 4961 loci
1761 4904 1939 4976 illius,
1958 4907 2069 4961 Do—

416 4993 617 5050 minus
635 4994 794 5053 videt
813 4994 841 5050 ?
870 4996 1185 5065 Nusquam
1204 4998 1298 5050 est
1325 4993 1493 5066 quod
1516 4994 1811 5051 Dominus
1840 5010 1965 5052 non
1985 4994 2068 5050 vi-

418 5080 578 5140 deat.
608 5081 759 5139 Vidit
782 5097 894 5155 pro
922 5079 1202 5154 apparuit
1227 5079 1525 5149 dixit,hoc
1545 5085 1656 5148 est,
1674 5081 1887 5138 viderit
1911 5082 2065 5151 fecit,

421 5171 574 5228 sicut
600 5171 717 5228 ibi:
748 5172 827 5227 Et
847 5185 1011 5227 nunc
1024 5169 1296 5240 cognovi,
1322 5169 1465 5240 quia
1487 5170 1653 5226 times
1677 5170 1876 5234 Deum,
1896 5170 1957 5224 id
1982 5174 2070 5225 est

420 5260 532 5319 feci
561 5266 626 5317 ut
656 5262 1088 5330 cognoscatur:
1122 5272 1194 5315 eo
1216 5273 1430 5331 genere
1452 5256 1769 5319 locutionis
1793 5257 1941 5321 dum
1963 5272 2070 5328 per

421 5348 777 5409 efﬁcientem
800 5345 1177 5416 signiﬁcatur
1205 5346 1267 5401 id
1296 5345 1461 5418 quod
1488 5345 1769 5414 efﬁcitur,
1799 5347 1952 5402 sicut
1976 5345 2067 5418 pi-

418 5453 599 5509 grum
622 5436 810 5505 frigus
833 5433 1110 5501 dicimus,
1129 5450 1200 5489 eo
1219 5434 1381 5506 quod
1406 5433 1607 5506 pigros
1628 5433 1786 5490 facit.
1805 5434 2067 5491 llludau-

419 5530 545 5585 tem
556 5523 723 5598 quod
736 5522 884 5579 dixit
903 5541 915 5578 :
939 5522 1105 5579 Unde
1120 5538 1303 5595 usque
1314 5522 1488 5579 hodie
1501 5522 1725 5579 dicitur
1740 5539 1760 5579 .·
1780 5525 2068 5580 Dominus

416 5616 487 5677 in
504 5618 711 5681 mante
724 5610 1837 5689 ridebit,-exindeapudﬂebraeosexiit
1854 5613 2071 5690 inpro-

2176 3039 2421 3103 rilaliter
2468 3039 2830 3110 intelligitur.
2878 3039 2971 3095 Ait
3017 3038 3195 3101 enim,
3250 3036 3569 3107 possidebit
3625 3048 3829 3091 semen

2180 3135 2371 3200 tuum,
2397 3128 2461 3186 id
2489 3132 2581 3185 est
2620 3128 2904 3198 Christus,
2940 3126 3027 3183 vel
3053 3125 3260 3182 ﬁdeles
3285 3126 3513 3198 quique
3541 3124 3604 3180 in
3635 3123 3833 3180 Eccle-

2181 3219 2288 3291 sia,
2313 3234 2576 3292 quorum
2608 3223 2669 3275 tu
2697 3223 2866 3293 pater
2885 3217 2999 3274 eris
3024 3232 3130 3290 per
3148 3215 3333 3272 ﬁdem
3360 3234 3374 3284 ;
3405 3221 3613 3285 portas
3634 3215 3834 3270 inimi-

2180 3323 2405 3377 corum,
2420 3308 2481 3367 id
2503 3312 2592 3365 est
2609 3306 2928 3364 infernalia
2944 3306 3101 3377 loca,
3112 3321 3250 3378 quae
3265 3304 3567 3361 destructa
3588 3302 3830 3359 fuerunt

2177 3399 2468 3461 moriente
2490 3397 2890 3454 Domino.Seu
2906 3402 3117 3466 portas
3135 3395 3476 3465 possidebit,
3499 3392 3562 3450 id
3583 3397 3673 3449 est
3691 3407 3829 3465 pec-

2180 3493 2332 3553 cata,
2364 3502 2471 3558 per
2495 3502 2628 3558 quae
2660 3485 2774 3541 itur
2803 3484 2881 3539 ad
2918 3490 3196 3541 mortem.
3227 3482 3327 3541 Ille
3356 3483 3519 3538 enim
3540 3481 3829 3538 veraciter

2178 3575 2442 3650 possidet
2456 3578 2658 3647 portas
2684 3572 3081 3642 inimicorum,
3099 3571 3200 3644 qui
3222 3586 3341 3627 non
3361 3570 3672 3643 subjicitur
3691 3568 3827 3625 ullis

2180 3662 2661 3735 suggestionibus
2703 3661 3162 3716 immundorum
3210 3660 3548 3733 spirituum.
3576 3664 3648 3715 At
3687 3674 3829 3715 vero

2178 3754 2228 3809 si
2257 3751 2391 3825 quis
2420 3752 2575 3806 hanc
2626 3749 3013 3805 tentationem
3058 3748 3396 3822 spiritaliter
3432 3748 3681 3821 pleniter
3705 3746 3833 3803 edi-

2176 3856 2339 3897 scere
2386 3842 2487 3915 [Ζ.,
2520 3838 2848 3913 addiscere]
2894 3837 3170 3906 voluerit,
3209 3838 3337 3910 jam
3389 3852 3547 3909 saepe
3596 3835 3831 3910 ι)ῖωὶἃῆ

2176 3929 2287 3986 viri
2313 3928 2585 3986 libellum
2613 3927 2809 3999 legere
2841 3931 3029 3984 curet.
3072 3927 3370 4000 Sequitm'.

2248 4022 2418 4077 Vnus.
2446 4023 2537 4077 20.
2571 4050 2639 4059 —
2688 4016 2800 4077 His
2853 4019 3053 4088 itaque
3105 4018 3282 4086 gestis
3350 4016 3691 4072 nuntiatum
3740 4020 3831 4071 est

2174 4109 2225 4164 Α
2238 4108 2491 4165 braham
2520 4107 2678 4179 quod
2704 4106 2943 4161 Melcha
2962 4120 3194 4177 quoque
3212 4106 3509 4177 genuisset
3526 4104 3684 4173 ﬁlios
3703 4103 3834 4159 Na-

2176 4198 2342 4265 chor,
2367 4198 2564 4267 fratri
2585 4211 2713 4262 suo,
2735 4200 2794 4251 et
2814 4193 3201 4268 reliqua.Cur
3220 4194 3381 4253 enim
3401 4192 3736 4251 nominavit
3760 4192 3833 4246 ﬁ-

2178 4287 2290 4343 lios
2320 4285 2574 4353 Nachor,
2616 4283 2812 4340 fratris
2841 4284 3094 4340 Abrahae
3115 4283 3143 4339 7
3180 4283 3332 4349 Quia
3366 4282 3442 4339 de
3484 4281 3597 4338 illis
3627 4280 3721 4337 vel
3751 4279 3828 4337 de

2177 4392 2388 4433 eorum
2433 4374 2615 4446 stirpe
2663 4373 2892 4447 aliquid
2938 4373 3167 4430 celebre
3198 4378 3408 4445 postea
3437 4375 3671 4441 gestum
3697 4384 3832 4426 esse

2174 4464 2409 4536 legitur.
2444 4464 2624 4534 Igitur
2654 4464 2832 4531 Chus,
2864 4463 2939 4519 de
2986 4462 3160 4533 cujus
3204 4462 3314 4518 Job
3362 4460 3545 4533 stirpe
3584 4459 3833 4516 descen-

2175 4554 2282 4620 dit,
2318 4552 2604 4626 scriptum
2630 4556 2721 4608 est
2759 4553 2818 4608 in
2867 4552 3113 4608 exordio
3145 4550 3475 4607 voluminis
3519 4550 3684 4620 ejus:
3728 4549 3834 4605 Vir

2174 4646 2293 4715 fuit
2335 4645 2398 4699 in
2448 4649 2613 4698 terra
2661 4642 2843 4711 Chus,
2870 4641 2973 4697 Jbb
3010 4643 3265 4698 nomine.
3299 4639 3443 4698 Male
3473 4638 3653 4709 igitur
3697 4637 3834 4712 qui-

2175 4732 2319 4791 dam
2350 4733 2650 4790 aestimant
2692 4733 2803 4789 Job
2852 4733 2927 4789 de
2976 4738 3149 4803 gente
3181 4735 3352 4787 Esau.
3390 4729 3698 4788 Secundus
3727 4745 3833 4785 na-

2176 4827 2272 4880 tus
2318 4823 2394 4880 de
2442 4820 2665 4881 Melcha
2688 4824 2850 4892 Buzi,
2881 4838 2955 4878 ex
2984 4823 3157 4893 cujus
3204 4835 3418 4891 genere
3466 4823 3553 4875 est
3581 4817 3831 4874 Balaam

2175 4911 2291 4980 ille,
2318 4911 2577 4979 divinus,
2612 4916 2677 4969 ut
2708 4912 2936 4969 Hebraei
2977 4910 3242 4979 tradunt,
3271 4910 3379 4982 qui
3423 4908 3484 4964 in
3534 4907 3690 4964 libro
3714 4905 3832 4963 .lob

2177 5001 2391 5058 dicitur
2435 5001 2600 5071 Elin;
2655 5002 2921 5075 primum
2972 5001 3063 5057 vir
3112 5004 3356 5057 sanctus
3396 5002 3454 5054 et
3507 4996 3832 5070 prophetes

2178 5088 2299 5160 Dei,
2333 5095 2541 5161 postea
2573 5105 2680 5163 per
2723 5088 3193 5146 inobedientiam
3220 5092 3277 5144 et
3303 5085 3668 5144 desiderium
3699 5101 3833 5141 mu-

2177 5192 2389 5232 nerum
2448 5183 2724 5244 caecatus,
2783 5177 2933 5232 dum
2989 5176 3165 5233 Israel
3224 5174 3580 5232 maledicere
3642 5172 3831 5245 cupit,

2177 5262 2382 5319 divino
2438 5264 2734 5321 vocabulo
2786 5269 3193 5337 nuncupatus,
3242 5264 3578 5336 diciturque
3623 5261 3687 5318 in
3733 5276 3835 5317 eo-

2177 5352 2318 5409 dem
2364 5352 2556 5410 libro:
2606 5356 2671 5409 Et
2707 5353 2895 5410 iratus
2938 5352 3129 5424 Heliu,
3162 5353 3319 5411 ﬁlius
3374 5350 3695 5419 Barachiel,
3727 5351 3835 5406 Bu-

2177 5441 2336 5509 zites,
2363 5440 2441 5499 de
2477 5442 2658 5514 hujus
2694 5442 2966 5499 videlicet
3011 5442 3151 5500 Buzi
3189 5443 3389 5501 radice
3430 5440 3830 5497 descendens.

2179 5529 2426 5586 Camuel
2472 5546 2713 5605 quoque
2765 5532 2939 5590 Pater
2995 5537 3082 5589 est
3140 5531 3434 5599 Damasci,
3484 5531 3621 5603 ipsa
3668 5532 3831 5585 enim

2180 5622 2430 5683 vocatur
2453 5623 2613 5680 Aran
2643 5621 2747 5693 [Ζ.,
2776 5621 2985 5693 Aron],
3008 5637 3147 5696 quae
3186 5621 3287 5681 hic
3321 5635 3432 5694 pro
3472 5619 3644 5692 Syria
3682 5616 3834 5675 sori-
