4136 6176
228 169 326 222 Μ

1591 157 1949 219 ΟΟΗΙΕΙΠ.
1990 158 2060 219 IN
2100 158 2257 221 GRH.

3534 176 3677 282 £03.

223 293 321 362 pta
347 290 405 342 et
422 286 560 358 ipso
589 284 836 343 nomine
864 283 1077 353 legitur
1104 282 1164 339 in
1194 281 1365 339 Isaia.
1395 282 1608 341 Carhet
1631 296 1874 354 quoque
1907 282 1954 339 Λ
1984 279 2319 350 signiﬁcare
2332 284 2595 345 activam
2613 286 2799 345 vitam
2819 291 2876 345 et
2891 279 3669 362 contemplativamﬁbra:
3710 306 3721 311 ·

229 381 469 451 quartus
497 379 607 443 est,
665 390 701 430 a
729 389 849 446 quo
872 372 1145 439 Casadei,
1173 372 1235 429 id
1283 376 1375 429 est
1393 371 1653 429 Chaldaei
1682 369 1878 427 vocati

225 470 373 521 sunt.
416 462 645 528 Batuel,
695 462 772 518 de
813 479 934 535 quo
990 462 1278 529 Rebecca,
1337 465 1396 518 et
1453 461 1676 527 Laban,
1708 463 1878 533 pater

222 557 330 611 Lis:
350 558 412 610 et
436 551 679 608 Rachel.

827 695 1051 751 CAPUT
1091 695 1266 753 XXIII.

298 821 469 878 Vsus.
499 820 544 874 l.
564 851 634 861 —
666 820 827 876 γτὰ-ἐι
844 824 1045 875 autem
1073 820 1273 876 Saraa
1304 824 1539 875 centum
1562 818 1782 888 viginti
1792 831 1879 873 se-

208 916 377 981 ριεκι
406 911 585 965 armis
612 915 670 965 et
719 915 959 965 mortua
984 914 1069 964 est
1104 908 1169 963 in
1213 908 1456 966 civitate
1501 907 1713 970 Arbee.
1744 920 1877 977 qua

209 1005 293 1056 est
340 998 612 1069 Hebron,
642 999 775 1067 ipsa
818 1002 907 1053 est
949 996 1237 1054 Humbre.
1274 996 1566 1062 Qumritur
1611 1011 1718 1052 cur
1751 1010 1869 1050 una

208 1088 421 1144 civitas
450 1086 641 1142 tribus
694 1084 996 1158 appellata
1047 1090 1140 1141 est
1190 1085 1579 1153 nominibus;
1634 1084 1875 1141 Hebron

208 1176 532 1250 proprium
556 1180 616 1231 et
643 1175 959 1247 antiquum
987 1178 1077 1229 est
1101 1190 1348 1241 nomen,
1378 1179 1436 1232 et
1462 1190 1499 1230 a
1526 1173 1873 1243 gigantibus

205 1265 533 1338 quondam
561 1263 802 1320 condita
830 1267 939 1327 est,
970 1262 1084 1320 Sed
1108 1262 1382 1321 nonnulli
1410 1262 1689 1320 Chebron
1716 1278 1822 1336 per
1844 1275 1877 1317 c

206 1358 261 1410 et
282 1356 327 1411 Ιι
355 1352 779 1427 apirationem,
807 1351 957 1408 sicut
984 1352 1273 1409 cherubin
1291 1351 1617 1421 legendum
1638 1356 1872 1424 putant,

206 1459 328 1499 non
364 1458 477 1515 per
508 1442 704 1498 solum
752 1457 803 1499 ε.
832 1444 984 1509 Lege
1012 1440 1528 1513 interpretationes
1558 1439 1875 1497 Hebraico—

206 1549 343 1588 rum
408 1531 729 1587 nominum
767 1529 928 1587 beati
981 1530 1346 1602 Hieronymi,
1393 1533 1450 1585 et
1486 1528 1566 1585 ita
1617 1529 1876 1601 reperies

1984 368 2130 428 ham
2160 388 2297 429 vero
2326 373 2585 445 ﬁguram
2607 376 3081 445 gessitdoctoris.
3110 378 3246 439 Sicli
3260 396 3526 455 namque
3548 401 3640 442 ar-

1986 460 2179 527 gentei
2210 460 2518 519 scientiam
2534 464 2859 521 ostendunt
2877 464 3219 529 divinorum
3235 460 3635 542 Maiorum,

1985 548 2256 607 videlicet
2320 555 2709 626 utrorumque
2772 557 3274 619 Testamentorum
3336 559 3639 632 Scriptum

1984 651 2250 711 namque
2271 642 2391 696 est:
2416 642 2651 713 eloquia
2672 644 2930 710 Domini,
2963 646 3193 717 eloquia
3215 654 3402 715 casta,
3426 663 3638 721 argenv

1984 730 2113 783 tum
2152 728 2290 797 igne
2316 732 2725 787 examinatum
2760 732 2944 800 (Psal.
2969 749 3043 801 χι,
3072 734 3145 805 7).
3176 735 3341 793 Unde
3366 740 3422 793 et
3444 743 3638 795 cente«

1984 814 2189 871 uarius
2240 822 2456 889 quater
2501 818 2716 877 ductus
2767 819 3199 893 plenitudinem
3246 827 3443 895 potest
3482 824 3637 889 desi-

1984 916 2169 970 gnere
2221 904 2529 978 utriusque
2582 907 2732 977 vitae,
2762 924 2900 981 quis
2929 925 3036 982 per
3076 910 3387 971 scientiam
3435 912 3638 975 divina

1983 991 2223 1065 eloquia
2276 995 2381 1065 [Z.,
2422 996 2603 1052 divini
2652 997 2897 1071 eloquii]
2954 999 3343 1072 adimplendo
3397 1002 3631 1059 emitur.

1986 1084 2127 1148 Quae
2155 1099 2280 1143 non
2308 1084 2606 1143 immerito
2638 1086 2901 1158 probatae
2932 1093 3184 1149 moneta;
3215 1088 3469 1161 publica
3492 1090 3635 1151 dici.

1985 1175 2095 1226 tur.
2131 1175 2194 1226 In
2248 1178 2490 1229 moneta
2519 1174 2759 1246 publica
2789 1179 2844 1231 et
2876 1176 3078 1246 imago
3127 1177 3282 1246 regis
3318 1182 3377 1235 et
3411 1194 3635 1237 nomen

1982 1258 2300 1330 invenitur,
2356 1266 2416 1318 et
2463 1262 2757 1332 signiﬁcat
2797 1264 3159 1335 decalogum
3206 1265 3379 1337 legis,
3428 1267 3532 1325 ubi
3580 1272 3639 1326 et

1980 1348 2245 1415 cognitio
2303 1350 2403 1407 Dei
2454 1355 2512 1406 et
2552 1367 2774 1408 nomen
2823 1352 3041 1409 divinae
3092 1354 3422 1425 maiestatis
3475 1355 3633 1413 inve.

1980 1435 2160 1491 nitur.
2219 1437 2495 1509 Sepelivit
2534 1439 2738 1511 itaque
2790 1439 3100 1503 Abraham
3154 1443 3410 1501 Saraam
3455 1443 3519 1503 in
3551 1459 3638 1499 se-

1982 1522 2191 1595 pulcro
2225 1523 2471 1597 duplici,
2503 1526 2648 1598 quia
2686 1528 2892 1587 anima
2937 1543 3073 1600 quas
3102 1529 3324 1587 saeculo
3381 1530 3636 1591 moritur

206 1621 353 1694 quia
384 1636 493 1693 per
528 1619 632 1676 clu'
675 1621 943 1676 Graecam
986 1618 1350 1675 scribuntur.
1378 1621 1473 1674 Est
1512 1622 1717 1674 autem
1746 1617 1874 1675 haec
1916 1630 1955 1684 Β
1984 1616 2048 1668 ut
2106 1614 2227 1670 Deo
2290 1613 2468 1683 vivat,
2538 1616 2791 1687 geminae
2856 1617 2990 1673 vitae
3029 1618 3233 1691 requie
3290 1619 3634 1693 suscipitur,

206 1710 464 1767 civitatis
513 1709 574 1764 in
606 1724 826 1780 campo
867 1706 1196 1764 latitudinis
1230 1707 1343 1763 sito
1387 1707 1467 1764 ab
1499 1707 1663 1773 Ailia,
1696 1706 1759 1763 id
1785 1711 1875 1763 est

212 1797 669 1870 Hierosolymis,
723 1796 931 1867 viginti
976 1796 1219 1853 duobus
1261 1796 1526 1852 millibus
1575 1801 1869 1868 separata.

210 1889 406 1944 Arbee
444 1903 613 1951 vero,
642 1885 811 1958 quod
837 1885 899 1941 in
922 1885 1296 1957 quibusdam
1325 1884 1631 1941 codicibus
1656 1884 1872 1955 Arboc,

212 1978 330 2033 sive
371 1976 573 2032 Arbec
593 1979 870 2047 corrupte
896 1972 1130 2044 legitur,
1162 1990 1198 2030 a
1228 1990 1500 2040 numero,
1529 1973 1591 2029 id
1616 1978 1704 2029 est
1725 1990 1873 2046 qua-

215 2071 368 2135 tuor,
397 2080 627 2122 nomen
651 2063 855 2134 habet,
883 2061 1155 2119 videlicet
1182 2062 1326 2135 quia
1366 2062 1448 2118 ibi
1476 2067 1737 2135 quatuor
1764 2078 1871 2134 pa—

219 2154 486 2211 triarchae
546 2151 762 2225 sepulti
793 2156 952 2207 sunt.
980 2151 1174 2207 Adam
1204 2167 1485 2221 magnus,
1536 2155 1594 2207 et
1621 2150 1873 2209 humani

226 2242 447 2312 genu-is
474 2247 669 2315 pater,
702 2246 767 2296 ut
807 2240 870 2297 in
914 2242 1056 2297 Jesu
1109 2239 1262 2296 libro
1304 2239 1569 2312 apertius
1598 2239 1875 2297 demons-

233 2336 512 2397 uatur,et
560 2330 893 2396 Abraham,
925 2330 1093 2386 Isaac
1144 2333 1202 2385 et
1227 2328 1429 2385 Jacob.
1487 2328 1673 2396 Unde,
1724 2329 1875 2384 sicut

226 2419 468 2492 quidam
494 2419 718 2477 nostris
748 2417 1121 2490 temporibus
1151 2417 1581 2489 Hierosolymis
1609 2418 1874 2491 veniens,

224 2508 506 2581 prodente
559 2508 735 2575 Beda,
792 2506 1087 2565 moderno
1109 2506 1379 2577 doctore,
1417 2506 1613 2563 retulit
1642 2505 1878 2579 spelun-

219 2615 348 2655 cam
373 2598 701 2671 duplicem,
724 2613 912 2670 quam
945 2596 1088 2652 emit
1102 2596 1427 2663 Abraham,
1451 2613 1570 2654 uno
1593 2597 1671 2653 ad
1687 2598 1878 2655 orien-

216 2693 330 2744 tem
372 2687 569 2745 stadio
594 2687 660 2743 in
691 2686 842 2743 valle
862 2685 1120 2750 habens,
1152 2685 1255 2741 ubi
1286 2685 1605 2759 sepulturae
1630 2686 1875 2758 praedic-

210 2782 410 2835 torum
454 2777 936 2850 patriarcharum
962 2775 1260 2848 quadrato
1292 2792 1465 2832 muro
1504 2776 1877 2835 circumdan-

209 2872 324 2928 tur.
367 2866 557 2923 versis
586 2865 885 2939 capitibus
914 2864 993 2922 ad
1023 2864 1389 2937 aquilonem,
1414 2869 1475 2923 et
1498 2864 1734 2935 singula
1760 2865 1877 2927 sin-

1980 1701 2043 1756 id
2071 1707 2160 1764 est
2182 1703 2416 1761 actione
2444 1704 2589 1763 boni
2616 1705 2816 1778 operis
2846 1712 2903 1767 et
2943 1707 3446 1781 contemplatione
3479 1709 3636 1769 Divi-

1978 1791 2200 1851 uitatis.

2057 1881 2338 1937 Dicamus
2383 1887 2439 1938 et
2467 1883 2839 1940 manifestius
2870 1900 2992 1940 non
3044 1890 3250 1943 nostra
3294 1887 3633 1957 inserendo,

1982 1969 2092 2025 sed
2118 1969 2279 2027 beati
2300 1987 2475 2044 papae
2495 1973 2757 2044 Gregorii
2779 1974 2938 2031 dicta
2952 1974 3456 2047 propalando.Ait
3475 1977 3637 2033 enim

1984 2058 2144 2115 idem
2167 2060 2526 2132 prtedicator
2554 2062 2864 2135 egregius:
2891 2063 3041 2123 Quid
3071 2064 3246 2123 nobis
3258 2080 3369 2136 per
3382 2065 3636 2122 Abrahae

1986 2147 2208 2221 duplex
2260 2151 2604 2221 sepulcrum
2654 2152 2939 2219 innuitur,
2983 2152 3097 2207 nisi
3138 2154 3307 2225 quod
3337 2153 3635 2226 perfectus

1978 2238 2241 2325 quisque
2265 2240 2624 2311 praedicator
2667 2242 3017 2297 exstinctam
3070 2258 3106 2297 a
3150 2243 3461 2314 prersentis
3502 2243 3636 2303 vitae

1978 2327 2295 2387 desideriis
2317 2330 2583 2389 animam
2604 2346 2780 2389 suam
2798 2330 2911 2387 sub
2935 2329 3111 2387 bones
3137 2332 3499 2404 operationis
3518 2337 3637 2403 teg-

1985 2418 2146 2473 mine
2202 2423 2259 2474 et
2289 2418 2808 2492 contemplationis
2858 2418 3200 2488 abscondit,
3231 2426 3292 2475 ut
3332 2438 3373 2479 a
3410 2420 3637 2478 carnali

1984 2507 2471 2579 concupiscentia
2513 2507 2628 2565 sub
2656 2507 2853 2566 activa
2900 2507 3484 2581 contemplativaque
3520 2510 3640 2567 vita

1978 2596 2161 2668 quasi
2188 2596 2549 2655 insensibitis
2571 2596 2774 2664 lateat,
2796 2611 2941 2668 quae
2980 2596 3147 2669 prius
3167 2596 3378 2653 mundi
3409 2597 3640 2654 deside-

1983 2686 2073 2741 ria
2098 2685 2360 2742 sentiens
2389 2685 2714 2745 mortaliter
2756 2685 3015 2743 vivebat.
3065 2686 3229 2742 Unde
3258 2691 3317 2742 et
3341 2702 3449 2759 per
3476 2702 3639 2758 egre-

1986 2775 2151 2843 gium
2190 2774 2647 2846 praedicatorem
2671 2774 2921 2831 dicitur:
2961 2776 3192 2833 Mortui
3215 2777 3371 2832 enim
3407 2778 3544 2833 estis
3583 2782 3640 2834 et

1982 2864 2108 2920 vita
2150 2869 2350 2921 vestra
2396 2865 2750 2921 abscondita
2804 2865 2890 2920 est
2940 2880 3076 2925 cum
3122 2864 3361 2922 Christo
3400 2867 3463 2922 in
3516 2867 3638 2923 Deo

210 2955 367 3025 gulis
395 2960 550 3013 tecta
575 2954 904 3028 lapidibus,
927 2954 1115 3010 instar
1132 2953 1643 3021 basilicae,dolatis
1664 2972 1676 3022 ;
1698 2954 1873 3013 trium
1902 2986 1946 3041 ρ
1982 2953 2136 3025 (σοι.
2184 2970 2262 3018 ui,
2324 2954 2399 3025 3).
2454 2954 2663 3015 Activa
2702 2953 2936 3027 quippe
2983 2955 3106 3017 vita
3142 2954 3487 3026 sepulcrum
3524 2959 3637 3026 est,

209 3043 695 3114 patriarcharum
768 3042 1067 3112 candidis,
1126 3042 1324 3101 Adam
1379 3042 1744 3100 obscurioris
1818 3048 1876 3099 et
1980 3045 2127 3117 quia
2153 3044 2356 3117 pravis
2403 3044 2688 3116 operibus
2732 3050 3003 3103 mortuos
3034 3044 3193 3114 tegit.
3236 3044 3348 3099 Sed
3378 3048 3639 3107 contem-

210 3130 421 3189 viliolis
455 3131 681 3205 operis,
712 3131 818 3204 qui
840 3131 961 3188 aud
986 3131 1164 3201 longe
1195 3131 1273 3187 ab
1301 3131 1415 3189 illis
1460 3132 1539 3188 ad
1564 3132 1875 3191 borealem

208 3226 674 3290 extremamque
715 3219 868 3275 muri
916 3218 1072 3276 illius
1116 3223 1351 3292 partem
1395 3224 1629 3291 pausat.
1676 3220 1875 3281 Trium

209 3324 464 3381 quoque
496 3306 857 3363 feminarum
888 3308 1149 3366 minores
1191 3312 1249 3363 et
1299 3307 1532 3363 viliores
1569 3308 1875 3365 memorie

210 3400 571 3453 cernuntur.
607 3396 864 3453 Humbre
888 3413 1153 3469 namque
1193 3396 1380 3464 collis,
1407 3396 1569 3455 mille
1598 3396 1877 3469 passibus

210 3500 254 3539 a
298 3484 721 3541 monumentis
756 3485 846 3541 his
874 3486 950 3542 ad
995 3486 1248 3542 boream
1296 3490 1553 3558 partem,
1585 3485 1878 3543 herbosus

218 3573 389 3629 valde
428 3578 487 3629 et
515 3572 796 3644 ﬂoribus,
850 3580 1250 3647 campestrem
1300 3574 1533 3631 habens
1561 3574 1623 3633 in
1666 3576 1879 3633 vertice

228 3661 550 3732 planitiem,
566 3663 625 3719 in
658 3663 836 3734 cujus
865 3664 1203 3737 aquilonari
1228 3669 1396 3736 parte
1416 3680 1675 3737 quercus
1698 3664 1857 3723 Abra

232 3748 335 3804 he
364 3749 601 3808 duorum
626 3753 949 3810 hominum
975 3752 1301 3809 altitudinis
1327 3758 1592 3824 truncus,
1626 3753 1753 3809 inde
1770 3739 1884 3825 cir:

242 3836 519 3893 cunctata
541 3844 637 3897 est.
664 3840 784 3896 Sed
810 3840 1078 3898 Mambre
1100 3840 1307 3899 civitas
1337 3858 1412 3897 ex
1440 3842 1711 3914 quodam
1734 3841 1884 3905 emi.

240 3939 438 3981 eorum
488 3927 742 3986 Abrahae
793 3930 881 3986 sic
908 3934 1125 3987 vocata
1170 3934 1287 3987 est.
1346 3933 1412 3987 Et
1432 3931 1563 3987 haec
1594 3935 1683 3988 est
1728 3932 1880 3991 ratio

225 4029 408 4086 quare
444 4016 633 4073 tribus
660 4018 975 4076 vocabulis
1005 4018 1379 4076 nominatur.

291 4103 511 4160 Deinde
531 4104 745 4175 legitur
762 4107 1018 4180 qualiter
1031 4108 1338 4167 Abraham
1359 4107 1503 4165 emit
1526 4108 1879 4181 speluncam

213 4191 522 4265 duplicem
541 4194 622 4250 ab
644 4196 884 4268 Ephron
906 4197 1150 4254 Hethaao
1171 4197 1587 4272 quadragintis
1608 4196 1765 4253 siclis
1789 4212 1879 4253 ar-

1985 3133 2210 3206 plativa
2256 3132 2570 3205 perfectius
2627 3132 2854 3204 sepelit.
2910 3133 3056 3203 quia
3084 3148 3121 3188 a
3149 3132 3376 3187 cunctis
3427 3131 3640 3188 mundi

1985 3220 2321 3281 actionibus
2348 3220 2617 3277 ftmditus
2666 3219 2896 3277 dividit.
2940 3219 3219 3291 Quisquis
3246 3233 3392 3289 ergo
3413 3220 3547 3290 jam
3577 3219 3640 3275 in

1985 3326 2047 3367 se
2070 3308 2461 3367 contumelias
2477 3308 2674 3365 carnis
2694 3306 2981 3375 edomuit,
3000 3311 3275 3380 superest
3298 3312 3362 3364 ut
3376 3312 3640 3365 mentem

1985 3414 2092 3472 per
2142 3397 2343 3455 studia
2372 3403 2595 3454 sanctae
2622 3397 2981 3471 operationis
3036 3401 3326 3454 exerceat.
3372 3400 3441 3455 Et
3478 3398 3643 3472 quis-

1986 3488 2122 3561 quis
2146 3488 2274 3559 jam
2302 3491 2566 3545 mentem
2592 3503 2699 3559 per
2728 3490 2937 3545 sancta
2968 3502 3154 3558 opera
3177 3486 3405 3558 dilatat,
3437 3503 3641 3559 super-

1978 3583 2077 3636 est
2102 3582 2165 3633 ut
2192 3579 2351 3634 hanc
2371 3592 2562 3650 usque
2586 3575 2665 3633 ad
2691 3579 2916 3632 secreta
2940 3574 3161 3633 intimas
3194 3576 3644 3650 contemplatio-

1984 3666 2081 3725 nis
2107 3667 2406 3725 extendat.
2440 3670 2643 3739 Neque
2664 3665 2826 3722 enim
2848 3664 3148 3738 perfectus
3177 3665 3535 3738 praedicator
3556 3669 3645 3722 est

1987 3758 2093 3830 qui
2123 3757 2217 3813 vel
2244 3760 2490 3829 propter
2517 3753 3037 3828 contemplationis
3064 3753 3332 3811 studium
3384 3770 3642 3828 operam-

1987 3847 2070 3907 da
2119 3845 2385 3917 negligit,
2444 3844 2539 3901 vel
2591 3848 2836 3916 propter
2884 3843 3250 3915 operationis
3294 3842 3643 3902 instantiam

1990 3934 2459 4008 contemplanda
2492 3932 2823 4006 postponit.

2591 4059 2815 4115 CAPUT
2851 4060 3006 4115 XXIV
3022 4103 3035 4115 .

2058 4189 2230 4245 Vsus.
2269 4189 2316 4240 1.
2334 4214 2409 4226 -
2434 4185 2585 4241 Erat
2614 4189 2812 4242 autem
2838 4183 3149 4241 Abraham
3173 4200 3357 4242 senex
3386 4185 3645 4242 dierum-

208 4283 373 4351 genti
404 4282 651 4355 probati
665 4290 722 4340 et
748 4290 1003 4342 monetae
1036 4285 1385 4358 publicm,et
1414 4286 1499 4341 ibi
1534 4284 1767 4357 sepulta
1791 4289 1880 4341 est
1905 4339 1946 4358 η
1986 4292 2101 4349 que
2126 4276 2473 4332 multorum.
2511 4276 2579 4331 Ut
2608 4273 2894 4331 Salomon
2942 4273 3049 4331 ait:
3086 4274 3245 4333 Cani
3268 4281 3406 4333 sunt
3435 4288 3643 4333 scarus

210 4339 428 4429 ἐςωεῖ
444 4372 632 4445 Apud
663 4339 1667 4447 senatuspraesagae
1686 4339 1877 4430 est;
1904 4339 1947 4393 θ
1977 4339 2263 4432 hominis,
2290 4370 2345 4422 et
2394 4369 2537 4422 aetas
2564 4364 2880 4421 senectutis
2908 4364 3032 4421 vita
3060 4365 3451 4423 immaculata
3475 4365 3639 4437 (Sap.

208 4460 514 4519 scribitur.
551 4462 890 4519 secundum
928 4464 1125 4534 Efran,
1156 4466 1487 4536 postquam
1535 4462 1724 4535 pretio
1762 4463 1880 4519 vio-
1983 4472 2063 4519 1v,
2094 4457 2167 4529 8).
2191 4458 2260 4515 Et
2280 4454 2467 4513 illud:
2504 4454 2717 4513 Coram
2748 4468 2901 4510 cano
2923 4453 3117 4527 capite
3145 4469 3342 4524 surge.

207 4554 296 4605 tus
324 4554 449 4616 est,
480 4554 553 4606 ut
607 4551 951 4623 sepulcrum
978 4552 1284 4618 venderet,
1317 4556 1375 4608 et
1411 4552 1641 4624 accepit
1669 4566 1878 4622 argen-
2059 4547 2232 4603 Vsus.
2263 4549 2296 4602 2
2324 4559 2520 4616 seq.—
2544 4544 2827 4615 Dixitque
2855 4543 2937 4601 ad
2960 4558 3199 4603 servum
3223 4545 3511 4599 seniorem
3537 4541 3642 4599 do-

205 4642 351 4710 tum,
402 4638 555 4695 licet
612 4646 862 4710 cogente
917 4641 1252 4710 Abraham,
1307 4656 1425 4699 vau
1478 4640 1692 4705 littera,
1740 4656 1878 4714 qum
1986 4652 2117 4695 mus
2144 4650 2287 4704 suae,
2319 4636 2423 4707 qui
2443 4638 2707 4704 praeerat
2739 4630 3010 4687 omnibus
3040 4645 3172 4701 quae
3202 4629 3492 4686 habebat:
3524 4631 3643 4687 Po-

203 4729 367 4800 apud
396 4728 543 4785 illos
574 4745 685 4800 pro
710 4746 793 4786 au
823 4730 884 4801 [f.
912 4731 971 4802 o]
1000 4730 1236 4801 legitur,
1269 4730 1471 4787 ablata
1508 4730 1584 4787 de
1608 4732 1744 4803 ejus
1772 4747 1878 4787 no-

201 4817 361 4874 mine
389 4823 516 4886 est,
540 4823 600 4873 et
628 4834 737 4890 pro
766 4818 942 4875 Efron
962 4818 1299 4893 appellatus
1314 4818 1632 4876 estEfran:
1659 4820 1877 4889 signiﬁ-

197 4911 375 4963 cante
455 4906 764 4979 Scriptura
833 4924 959 4965 non
1012 4924 1151 4965 eum
1207 4907 1391 4965 fuisse
1445 4912 1880 4965 consummata;

196 4995 618 5068 perfectisque
644 4996 897 5066 virtutis,
939 4997 1040 5071 qui
1092 4997 1354 5071 potuerit
1390 4996 1715 5055 memorias
1743 5011 1883 5053 ven-

191 5082 338 5141 dere
396 5089 815 5143 mortuorum.
864 5087 1067 5144 Sciant
1093 5087 1272 5159 igitur
1300 5086 1404 5160 qui
1435 5086 1712 5159 sepulcra
1740 5102 1882 5143 ven-

192 5172 423 5241 ditant,
461 5178 521 5229 et
546 5190 671 5231 non
702 5181 1003 5245 coguntur
1020 5182 1086 5233 ut
1108 5175 1406 5249 accipiant
1430 5174 1690 5248 pretium
1721 5175 1827 5232 sed
1846 5192 1884 5233 a

190 5261 566 5321 nolentibus
617 5280 869 5337 quoque
915 5269 1287 5338 extorquent,
1311 5264 1634 5322 immutare
1660 5280 1884 5321 nomen

196 5369 412 5423 suum,
454 5357 511 5410 et
534 5353 730 5428 perire
755 5353 905 5426 quid
932 5353 1008 5410 de
1038 5353 1247 5412 merito
1278 5369 1509 5421 eorum,
1541 5370 1681 5411 cum
1702 5354 1886 5412 etiam

188 5437 291 5498 ille
319 5442 807 5515 reprehenditur
834 5441 1064 5499 occulte
1104 5459 1176 5499 ex
1214 5441 1330 5499 hoc
1362 5441 1531 5515 quod
1549 5441 1771 5500 invitus
1792 5457 1888 5498 ac-

194 5535 443 5679 083:?
456 5621 782 5681 sciendum
820 5623 914 5678 est
935 5619 1085 5695 quia
1106 5619 1399 5694 spelunca
1434 5620 1659 5694 duplex
1677 5623 1878 5695 potest

1986 4741 2129 4784 nam
2157 4739 2402 4781 manum
2433 4727 2598 4778 tuam
2631 4720 2739 4777 sub
2760 4721 2988 4791 femore
3009 4733 3156 4784 meo,
3190 4723 3255 4773 ut
3280 4718 3560 4787 adjurem
3587 4724 3643 4776 te

1979 4830 2095 4886 per
2119 4819 2299 4872 Deum
2331 4812 2468 4867 caeli
2485 4815 2541 4866 et
2561 4816 2756 4878 terra,
2787 4810 2844 4865 et
2868 4805 3120 4880 reliqua.
3153 4805 3307 4875 Quid
3336 4805 3459 4869 vult
3486 4808 3644 4864 Deus

1991 4902 2123 4960 cceli
2148 4901 2228 4957 ad
2257 4900 2452 4958 femur
2479 4898 2753 4972 Abrahte,
2770 4896 2890 4959 nisi
2920 4901 2985 4955 ut
3009 4899 3410 4967 cognoscatur
3439 4913 3643 4959 sacra-

1984 4991 2300 5053 mentum?
2328 4993 2441 5046 l’er
2467 4988 2661 5047 femur
2690 4986 2849 5047 enim
2872 5001 3063 5057 genus
3100 4985 3460 5057 intelligitur.
3489 4989 3643 5058 Ergo

1990 5099 2127 5156 quas
2155 5080 2265 5138 fuit
2291 5078 2391 5136 illa
2411 5078 2545 5149 conj
2556 5076 2767 5145 uratio,
2787 5076 2911 5137 nisi
2930 5077 3077 5151 quia
3099 5075 3549 5147 signiﬁcabatur
3568 5077 3643 5136 de

1990 5186 2208 5243 genere
2233 5168 2489 5226 Abrahae
2507 5171 2828 5227 venturum
2850 5165 3150 5222 Christum
3178 5165 3242 5221 in
3270 5166 3489 5229 carne?
3514 5170 3647 5225 Tra-

1995 5261 2146 5319 dunt
2173 5259 2399 5317 Hebraei
2427 5256 2594 5331 quod
2636 5256 2698 5317 in
2727 5254 3197 5317 sanctiﬁcatione
3222 5254 3374 5328 ejus,
3405 5256 3519 5313 hoc
3556 5260 3647 5313 est

1996 5347 2465 5415 circumcisione,
2484 5344 2794 5419 juraverit.
2816 5344 2931 5403 Sed
2948 5343 3164 5400 melius
3191 5344 3646 5416 intelligendum

1998 5443 2087 5497 est
2102 5440 2307 5512 jurare
2336 5453 2476 5495 eum
2498 5434 2811 5497 insemine
2836 5433 3117 5497 Abrahae,
3148 5433 3264 5492 hoc
3284 5438 3374 5497 est
3392 5434 3643 5507 Christo,

1998 5528 2143 5603 quia
2169 5528 2296 5600 ipse
2351 5525 2635 5583 Dominus
2665 5527 2821 5581 Deus
2868 5521 3000 5583 caeli
3042 5522 3102 5583 in
3134 5539 3314 5583 carne
3362 5527 3646 5580 venturus

2001 5622 2109 5687 est,
2139 5633 2277 5691 quae
2306 5615 2381 5674 de
2396 5615 2501 5677 illo
2518 5614 2748 5677 femore
2760 5616 3109 5691 propagata
3136 5616 3243 5677 est.
