4130 6182
526 171 625 224 199

1630 164 1984 220 ANGELOHI
2029 158 2482 217 LUXOVIENSIS
2520 162 2834 218 MONACHI

3829 166 3942 219 200

591 290 906 356 Quomodo
937 303 1137 344 servus
1167 288 1417 343 Abrahae
1469 288 1530 342 in
1558 287 1840 359 petitione
1879 284 2032 353 signi
2061 299 2161 340 au-
2190 287 2238 341 A
2270 283 2441 354 juxta
2491 284 2715 341 fontem
2771 282 3201 356 (subiutellige:
3254 282 3655 354 baptismatis)
3688 285 3943 343 inventa

521 378 851 449 gurationis
870 378 1010 433 vitio
1030 376 1368 450 culpandus
1393 392 1514 432 non
1540 378 1669 432 est?
1694 374 1867 431 Aliud
1896 377 1986 429 est
2004 373 2163 428 enim

520 469 739 524 mirum
770 466 994 539 aliquid
1022 471 1239 540 petere,
1272 466 1438 539 quod
1458 466 1657 539 ipsum
1679 463 2034 521 miraculum
2058 463 2162 532 [Z.,

517 557 649 630 ipso
678 555 990 617 miraculo]
1012 554 1303 625 signiﬁcat
1325 574 1338 623 ;
1358 555 1521 612 aliud
1548 558 1637 611 est
1664 555 1840 610 etiam
1865 553 2163 608 humanos

519 661 749 702 errores
777 643 1185 717 superstitiosa
1206 644 1463 701 vanitate
1492 644 1553 700 in
1582 642 1885 715 auspiciis,
1909 654 2164 710 augura-

519 732 780 790 tionibus
806 736 861 788 et
890 732 1355 789 divinationibus
1372 733 1708 799 observare,
1727 746 1863 803 qua:
1880 728 2162 801 quaedam

516 825 693 894 pacta
747 824 887 877 sunt
940 820 1249 878 diabolicae
1301 818 1733 889 familiaritatis,
1765 822 1822 875 et
1873 832 1995 873 non
2036 816 2164 871 sine

518 909 727 980 grandi
761 913 1004 982 peccato
1033 909 1185 965 ﬁunt
1213 907 1460 981 quando
1480 906 1651 964 ﬁunt.
1688 906 1835 963 Illud
1860 906 2038 976 igitur
2067 920 2164 960 su-

516 998 715 1070 perius
753 997 1047 1071 petitionis
1077 1012 1265 1065 genus
1296 996 1707 1069 comprobatio
1728 993 2164 1068 etcomputatio

514 1086 657 1143 fidei
686 1091 773 1143 est
802 1085 879 1141 ad
912 1088 1117 1153 Deum,
1149 1084 1264 1139 hoc
1312 1084 1606 1157 posterius
1643 1084 2005 1141 inﬁdelitatis
2029 1097 2165 1139 con-

512 1174 742 1247 junctio
767 1173 845 1230 ad
874 1171 1205 1227 diabolum.

588 1262 758 1329 Quod
787 1259 1197 1334 proﬁciscente
1230 1262 1494 1319 Rebecca
1524 1272 1580 1319 ιε
1613 1263 1803 1319 Soror
1832 1266 2038 1317 nostra
2085 1275 2162 1329 es,

514 1366 743 1408 crescas
773 1352 835 1405 in
866 1351 1059 1406 millia
1092 1352 1373 1419 millium,
1406 1358 1462 1409 et
1507 1352 1857 1409 haereditate
1904 1351 2166 1406 obtineat

512 1455 704 1496 semen
736 1446 902 1496 tuum
931 1446 1140 1509 portas
1164 1441 1544 1497 inimicorum
1568 1457 1832 1509 suorum,
1858 1455 2003 1495 num
2033 1453 2168 1511 pro-

512 1528 706 1601 phetaa
736 1528 993 1595 fuerunt,
1024 1529 1167 1601 quia
1204 1530 1317 1585 hoc
1349 1529 1645 1599 dixerunt,
1685 1528 1851 1602 quod
1877 1527 1936 1584 in
1968 1527 2166 1582 futuro

2275 378 2365 427 est
2390 374 2469 428 ab
2499 374 2868 447 apostolis,et
2892 374 3164 443 deposuit
3193 372 3478 443 hydriam
3508 389 3690 444 super
3720 378 3941 433 ulnam

2272 462 2687 531 suam,elatam
2720 463 2939 519 scilicet
2957 462 3324 524 facundiam,
3349 466 3407 518 et
3433 461 3744 521 inclinavit
3764 482 3833 521 se
3862 464 3937 521 ad

2271 549 2669 608 humilitatem
2696 570 2709 619 ;
2737 551 3116 625 suscepitque
3145 550 3288 606 ﬁdei
3333 556 3730 622 ornamenta;
3761 570 3942 611 acce-

2272 637 2360 711 pit
2386 639 2656 697 videlicet
2683 640 2921 697 inaures
2951 655 3189 702 aureas,
3222 639 3665 713 Scripturarum
3686 658 3941 717 quoque

2273 742 2505 797 sensus,
2541 734 2596 786 et
2654 729 2885 787 clarum
2941 727 3248 801 eloquium
3307 730 3558 799 argenti.
3604 730 3823 788 Secuta
3854 737 3944 788 est

2273 833 2534 889 servum,
2579 819 2641 875 id
2670 822 2759 875 est
2812 822 3051 875 sanctos
3099 817 3543 891 praedicatores.
3592 822 3738 876 Ecce
3779 821 3940 893 style

2272 911 2545 963 currente
2600 906 3070 980 praalibavimus.
3128 905 3240 962 Sed
3298 905 3536 979 plenius
3561 906 3738 965 beato
3769 925 3942 983 papa

2273 996 2553 1066 Gregorio
2587 1001 2941 1070 exponente,
2973 1001 3040 1052 ut
3061 996 3400 1065 legentibus
3430 996 3750 1068 elucescat,
3783 999 3941 1055 inse-

2272 1099 2399 1140 rere
2426 1085 2539 1142 nisi
2563 1102 2793 1142 sumus.

2344 1174 2436 1229 Ait
2473 1174 2634 1230 enim
2661 1174 2997 1232 Abraham:
3028 1176 3193 1231 Pone
3228 1188 3477 1231 manum
3506 1181 3667 1232 tuam
3702 1178 3821 1233 sub
3845 1180 3938 1247 fe-

2272 1279 2436 1320 more
2454 1278 2601 1336 meo,
2633 1268 2690 1320 et
2716 1264 2964 1338 reliqua.
2981 1264 3136 1331 Quid
3156 1268 3245 1321 est
3272 1264 3439 1337 quod
3460 1264 3759 1322 Abraham
3776 1282 3936 1339 pue-

2273 1367 2409 1407 rum
2435 1352 2605 1424 jubet
2634 1352 2747 1409 sub
2771 1353 2996 1410 femore
3023 1369 3133 1409 suo
3162 1368 3415 1410 manum
3453 1369 3697 1426 ponere,
3736 1361 3796 1411 et
3824 1371 3936 1428 per

2274 1440 2405 1497 caeli
2438 1440 2787 1498 Dominum.
2809 1443 3032 1513 jurare,
3083 1442 3199 1498 nisi
3229 1442 3394 1516 quod
3442 1442 3599 1499 illius
3644 1458 3787 1500 caro
3826 1459 3938 1517 per

2273 1528 2420 1585 illud
2468 1530 2812 1586 membrum
2865 1530 3232 1587 descensura
3261 1534 3405 1600 erat,
3439 1531 3541 1604 qui
3589 1535 3649 1588 et
3677 1532 3935 1588 Abrahte

486 1609 735 1673 'factum
756 1618 989 1674 fuerat?
1019 1619 1148 1673 Non
1167 1618 1474 1691 propheta:
1499 1617 1757 1677 fuerunt.
1776 1615 2166 1683 aut,vanitate
2199 1639 2239 1692 Β
2274 1618 2427 1675 ﬁlius
2448 1625 2687 1676 essetex
2707 1621 3099 1687 humanitate,
3121 1625 3177 1685 et
3194 1621 3481 1677 Dominus
3502 1637 3574 1677 ex
3595 1620 3935 1679 divinitate?

509 1709 635 1763 tam
660 1722 884 1777 magna
921 1711 1312 1780 optaverunt;
1339 1707 1444 1763 sed
1476 1722 1579 1763 eos
1611 1707 1850 1778 [SuppL
1883 1703 2165 1760 benedic—

513 1796 615 1867 tio]
644 1812 832 1869 quam
881 1795 1236 1868 promiserat
1290 1798 1441 1851 Deus
1498 1795 1777 1863 Abrahae,
1808 1793 1994 1849 latere
2044 1807 2166 1848 non

509 1884 721 1957 potuit.

582 1972 803 2029 Deinde
833 1973 1101 2046 sequitur
1129 1972 1383 2047 qualiter
1426 1974 1601 2029 Isaac
1652 1986 1919 2042 egressus
1956 1970 2165 2040 fuerat

509 2063 590 2120 ad
642 2063 1053 2120 meditandum
1106 2064 1170 2119 in
1228 2077 1463 2133 agrum.
1500 2063 1642 2127 Qua;
1674 2064 1761 2116 est
1803 2059 2162 2115 exercitatio.

509 2152 694 2223 Isaac,
730 2167 853 2224 qua
890 2167 952 2207 se
974 2166 1246 2207 exercere
1276 2150 1491 2206 dicitur
1514 2150 1576 2206 in
1607 2164 1823 2221 campo
1853 2148 1932 2204 ad
1964 2163 2167 2220 vespe-

507 2257 639 2298 ram
663 2240 691 2296 ?
719 2240 1022 2311 Signiﬁcat
1050 2245 1252 2297 autem
1281 2240 1394 2296 ista
1441 2238 1779 2295 exercitatio
1833 2237 2165 2294 orationem

508 2331 842 2387 secundum
871 2330 1017 2386 illud
1058 2330 1226 2404 quod
1265 2328 1553 2386 Dominus
1601 2328 1813 2385 orabat
1850 2329 1914 2383 in
1945 2332 2160 2384 monte.

508 2420 695 2477 Etiam
718 2420 887 2476 Isaac
925 2420 987 2475 in
1018 2424 1161 2493 typo
1192 2418 1429 2475 Domini
1449 2418 1576 2474 fuit.

580 2512 721 2575 Quae
754 2513 839 2565 est
860 2508 962 2564 illa
992 2513 1147 2564 terra
1177 2506 1395 2570 Austri,
1420 2506 1524 2562 ubi
1555 2504 1870 2561 habitabat
1899 2506 2066 2561 Isaac
2085 2518 2147 2559 re

504 2602 769 2654 vertente
822 2614 993 2653 servo
1043 2596 1229 2670 patris
1283 2595 1375 2651 sui
1428 2611 1569 2651 cum
1624 2593 1941 2650 Rebecca?
1988 2595 2163 2648 Terra

506 2687 707 2743 Austri
752 2689 968 2744 Gerara
1022 2684 1336 2756 signiﬁcat,
1382 2683 1543 2741 unde
1568 2699 1605 2740 a
1641 2687 1809 2757 patre
1841 2682 1919 2738 ad
1948 2681 2161 2737 immo-

503 2776 758 2834 landum
788 2776 977 2833 fuerat
1000 2776 1318 2834 adductus.

579 2867 734 2934 Quid
785 2872 872 2923 est
901 2866 1243 2923 theristrum
1284 2880 1408 2938 quo
1458 2879 1519 2919 se
1565 2863 1801 2937 operuit
1845 2861 2159 2917 Rebecca?

2277 1708 2367 1764 Sic
2387 1707 2589 1781 itaque
2620 1709 2833 1765 dicitur
2864 1725 3077 1781 puero:
3113 1713 3268 1765 Pone
3294 1725 3547 1765 manum
3569 1710 3685 1767 sub
3706 1711 3933 1769 femore

2274 1813 2431 1865 meo,
2464 1801 2521 1854 et
2562 1799 2700 1869 jura
2746 1812 2852 1870 per
2883 1800 3069 1854 Deum
3100 1798 3270 1864 coeli;
3303 1814 3372 1854 ac
3403 1798 3451 1854 si
3481 1803 3686 1871 aperte
3715 1800 3935 1857 dicere-

2274 1891 2400 1943 tur:
2434 1888 2639 1957 Tange
2695 1887 2885 1942 ﬁlium
2921 1904 3142 1953 meum,
3185 1893 3243 1944 et
3293 1888 3433 1959 jura
3478 1904 3586 1961 per
3608 1890 3932 1946 Dominum

2275 1993 2498 2033 meum.
2550 1977 2712 2033 Unde
2765 1994 2875 2033 nec
2934 1993 3115 2050 super
3157 1976 3372 2046 femur,
3406 1977 3513 2033 sed
3551 1978 3665 2034 sub
3707 1979 3932 2036 temore

2276 2083 2526 2124 manum
2579 2082 2801 2139 ponere
2826 2066 3089 2137 jubetur,
3120 2067 3263 2139 quia
3291 2082 3367 2123 ex
3412 2067 3513 2123 illo
3567 2067 3788 2124 femore
3834 2069 3930 2125 ille

2276 2155 2672 2211 descensurus
2719 2159 2846 2210 erat
2900 2155 3003 2227 qui
3061 2156 3243 2211 homo
3299 2155 3570 2228 quidem,
3602 2155 3707 2212 sed
3746 2174 3930 2229 super

2276 2260 2487 2300 omnes
2516 2242 2792 2299 homines
2814 2244 3057 2299 veniret.
3086 2243 3250 2300 Unde
3300 2244 3554 2315 dignum
3579 2260 3700 2301 non
3726 2245 3834 2301 fuit
3857 2251 3925 2302 ut

2276 2348 2525 2389 manum
2574 2348 2755 2405 super
2802 2332 2995 2387 femur
3042 2335 3309 2405 poneret,
3367 2336 3515 2406 quia
3565 2332 3730 2390 nulla
3784 2349 3920 2390 caro

2275 2439 2454 2496 super
2476 2421 2643 2478 illam
2665 2437 2908 2478 carnem
2930 2425 3017 2477 est
3045 2437 3232 2495 quam
3254 2422 3317 2478 in
3341 2422 3750 2497 redemptione
3776 2438 3913 2479 nos-

2273 2516 2363 2568 tra
2392 2511 2504 2567 sibi
2526 2511 2709 2566 Patris
2736 2510 3081 2579 Unigenitus
3112 2510 3318 2568 univit.

2342 2600 2493 2664 Quid
2522 2604 2610 2656 est
2634 2598 2798 2673 quod
2832 2604 3001 2655 Isaac
3033 2599 3249 2656 dilecto
3265 2600 3387 2657 ﬁlio
3411 2618 3563 2658 uxor
3583 2602 3660 2659 de
3685 2600 3916 2658 ﬁliabus

2270 2689 2748 2745 Chananaeorum
2779 2687 2918 2744 duci
2961 2688 3330 2762 prohibetur,
3361 2689 3477 2746 nisi
3528 2691 3699 2763 quod
3742 2691 3820 2747 illi
3848 2690 3922 2745 de

2267 2793 2389 2850 quo
2417 2776 2704 2850 scriptum
2730 2780 2844 2832 est:
2874 2777 2990 2833 Hic
3022 2782 3103 2833 est
3132 2778 3328 2839 Filius
3348 2793 3510 2835 meus
3553 2780 3831 2847 dilectus,
3859 2779 3925 2834 in

2268 2883 2381 2940 quo
2414 2867 2565 2923 mihi
2591 2866 2929 2936 complacui
2957 2866 3297 2937 (Mattlmn,
3333 2870 3418 2937 l7)
3440 2866 3619 2922 nullae
3648 2868 3924 2940 reprobus

508 2957 876 3013 Theristrum
908 2960 1112 3013 autem
1143 2954 1311 3029 pallii
1336 2953 1551 3011 dicitur
1571 2969 1761 3024 genus
1792 2954 1969 3009 etiam
1996 2965 2156 3006 nunc
2193 2993 2234 3050 Ο
2268 2956 2484 3012 animm
2510 2956 3003 3027 conjunguntur?
3035 2958 3114 3011 De
3143 2956 3497 3027 cognatione
3527 2959 3727 3010 autem
3775 2973 3926 3011 uxo-

503 3046 739 3103 Arabici
789 3043 1141 3114 vestimenti,
1166 3060 1289 3119 quo
1320 3042 1596 3100 mulieres
1641 3041 1963 3116 provinciae
2001 3039 2157 3096 illius
2197 3039 2234 3050 ν
2264 3061 2391 3101 rem
2421 3044 2544 3101 ﬁlio
2592 3043 2888 3100 deducere
2921 3060 3132 3101 servus
3175 3043 3532 3117 praecipitur,
3588 3043 3735 3115 quia.
3780 3043 3921 3099 sola,

510 3135 800 3193 velantur.

574 3225 978 3300 Spiritualiter,
1012 3241 1118 3297 per
1144 3222 1450 3280 Abraham
1474 3223 1630 3278 Deus
1659 3225 1828 3295 pater
1853 3221 2153 3292 signiﬁca-

503 3321 597 3372 tur
623 3334 636 3385 ;
658 3331 783 3373 non
813 3319 876 3371 ut
904 3300 1060 3371 Deus
1093 3315 1383 3384 senescat,
1417 3312 1524 3369 sed
1551 3313 1684 3386 ipsa
1732 3312 2049 3385 prophetia
2079 3311 2154 3367 de

503 3405 732 3463 Christo
759 3409 815 3461 et
836 3403 1093 3461 Ecclesia
1129 3402 1309 3476 quasi
1332 3403 1461 3475 jam
1486 3418 1594 3475 per
1622 3405 1823 3458 aetates
1855 3405 2149 3458 senuerat.

502 3497 608 3551 Per
655 3496 820 3552 Isaac
878 3510 1020 3550 vero
1079 3493 1364 3549 Dominus
1415 3490 1700 3561 Christus,
1751 3505 1857 3562 per
1913 3505 2153 3545 servum

502 3588 701 3641 autem
735 3599 931 3640 sermo
960 3582 1341 3655 prOpheticus
1376 3580 1470 3636 vel
1501 3577 1888 3652 apostolicus.
1922 3579 2001 3635 De
2030 3594 2153 3651 quo

500 3673 681 3730 etiam
710 3673 922 3729 dicitur
952 3689 963 3727 :
1001 3672 1115 3740 Qui
1132 3676 1393 3741 praeerat
1422 3668 1691 3724 omnibus
1722 3667 1888 3722 bonis
1914 3668 2156 3723 Domini

500 3764 607 3818 tui.
637 3762 786 3829 Quia
818 3760 1093 3835 apostoli,
1126 3759 1231 3832 qui
1269 3755 1557 3831 praesules
1587 3755 1825 3811 fuerunt
1854 3756 2019 3812 omni
2050 3759 2153 3812 Ec-

498 3851 690 3908 clesiae
711 3851 830 3919 Dei,
866 3849 1150 3907 omnibus
1204 3844 1519 3902 virtutibus
1574 3845 1922 3901 exstiterunt
1961 3844 2147 3901 ditati.

496 3944 602 3996 Per
621 3940 882 3998 camelos
913 3943 1114 3996 autem
1136 3935 1547 4006 signiﬁcantur
1565 3933 1629 3991 hi
1657 3934 1761 4007 qui
1795 3950 1864 3990 ex
1899 3935 2149 3991 circum-

496 4027 718 4083 cisione
746 4026 1124 4082 crediderunt
1152 4027 1210 4079 et
1231 4022 1507 4078 doctores
1540 4025 1596 4078 et
1646 4022 1950 4094 adjutores
1980 4039 2153 4097 apos-

497 4113 754 4168 tolorum
783 4112 1038 4169 fuerunt.
1066 4110 1177 4178 Qui
1197 4110 1351 4166 bene
1371 4108 1579 4165 decem
1609 4109 1889 4167 dicuntur
1907 4115 2153 4184 propter

497 4201 859 4271 Decalogum
874 4200 1043 4271 legis,
1059 4214 1415 4272 quanquam
1438 4199 1860 4272 praedicatores
1889 4200 2055 4257 electi
2078 4217 2151 4257 ex

497 4288 773 4359 gentibus
797 4288 974 4344 velint
997 4286 1248 4361 quidam
1292 4286 1554 4358 intelligi.
1588 4289 1719 4345 Sive
1750 4304 1857 4361 per
1883 4274 2147 4345 camelos

496 4382 697 4435 motus
737 4377 933 4434 carnis
975 4375 1402 4447 intelliguntur,
1445 4382 1510 4435 ut
1545 4378 1762 4436 Paulus
1810 4378 1926 4434 ait:
1970 4379 2147 4435 Video

495 4468 680 4526 aliam
722 4469 906 4539 legem
928 4467 993 4523 in
1036 4466 1312 4523 membris
1361 4468 1502 4525 meis
1548 4472 1985 4540 repugnantem
2026 4469 2140 4539 legi

492 4559 701 4614 mentis
747 4571 909 4627 meae,
942 4559 1051 4612 etc.
1095 4555 1287 4623 (Rom.
1318 4572 1416 4619 vn,
1448 4555 1559 4628 23).
1592 4558 1708 4611 Seu
1736 4555 1917 4611 etiam
1948 4554 2146 4612 senior

493 4663 694 4704 servus
723 4645 1048 4718 imaginem
1106 4644 1320 4702 habuit
1354 4645 1521 4715 legis,
1568 4660 1675 4718 per
1700 4659 1890 4718 quam
1922 4658 2147 4717 sponsa

494 4736 702 4792 Christi
719 4736 979 4793 Ecclesia
997 4734 1508 4810 despondebatur,
1522 4749 1708 4808 quam
1730 4732 1861 4806 ipsa
1880 4732 2147 4790 Rebecca

494 4822 886 4891 signiﬁcabat.
924 4827 1001 4881 De
1033 4843 1156 4899 qua
1181 4828 1233 4881 ei
1265 4825 1517 4882 dicitur:
1549 4824 1683 4880 Non
1722 4826 1974 4895 accipies
2013 4839 2141 4881 eam

493 4909 564 4964 de
607 4911 851 4977 ﬁliabus
880 4914 1394 4972 Chananceorum.
1429 4913 1756 4972 Chanansei
1777 4913 1938 4970 enim
1968 4913 2145 4969 inter-

490 5001 800 5068 pretantur
828 5003 1141 5057 commotio
1188 5018 1411 5071 eorum,
1449 5003 1632 5060 corda
1660 5002 1933 5059 videlicet
1966 5002 2145 5059 insta-

492 5084 721 5141 bilium.
740 5088 903 5143 Unde
921 5088 1270 5146 Psalmista:
1297 5094 1434 5148 Non
1462 5093 1561 5149 des
1602 5094 1666 5149 in
1692 5093 2141 5149 commotionem

488 5174 666 5244 pedes
698 5191 849 5232 meos
878 5178 1067 5248 (Psal.
1097 5193 1215 5248 cxx,
1251 5182 1323 5253 3).
1358 5182 1437 5236 De
1467 5197 1591 5254 qua
1619 5181 1799 5236 etiam
1832 5178 2142 5249 subjungi-

492 5268 586 5319 tur
610 5280 621 5317 :
655 5264 764 5319 Sin
793 5270 990 5321 autem
1023 5268 1285 5325 noluerit
1310 5271 1477 5342 sequi
1496 5277 1571 5338 te,
1596 5286 1713 5326 non
1744 5266 2030 5323 teneberis
2045 5267 2143 5335 ju-

493 5359 782 5408 ramento.
812 5354 932 5409 Hoc
958 5358 1049 5411 est
1074 5357 1241 5429 quod
1273 5359 1559 5415 Dominus
1588 5358 1697 5413 ait:
1730 5356 1796 5412 Si
1818 5370 1915 5410 vos
1938 5369 2140 5423 perse-

493 5443 616 5497 cuti
635 5443 865 5511 fuerint
889 5444 951 5498 in
973 5458 1097 5500 una
1118 5447 1377 5521 civitate,
1386 5449 1587 5519 fugite
1599 5446 1663 5501 in
1691 5444 1878 5500 aliam
1895 5443 2136 5513 (Matth.

491 5547 545 5602 Χ,
579 5532 836 5601 23).Quaa
866 5530 1078 5588 mulier
1108 5549 1362 5606 vespere,
1396 5538 1509 5593 hoc
1536 5538 1624 5591 est
1652 5533 1713 5587 in
1746 5536 1912 5587 sexta
1943 5535 2135 5599 aetate,

564 5631 587 5656 ³
614 5622 783 5677 Deest
808 5620 904 5677 hic
933 5619 1162 5694 aliquid
1187 5623 1250 5681 in
1274 5630 1527 5697 utroque
1557 5620 1779 5680 codice.

2265 3139 2473 3191 sancta
2502 3134 2827 3191 electorum
2845 3133 3114 3190 Ecclesia:
3136 3132 3437 3202 unigenito
3460 3131 3601 3188 Filio
3626 3131 3926 3205 copulan-

2263 3223 2343 3280 da
2362 3228 2507 3290 erat,
2526 3239 2713 3297 quam
2742 3223 2870 3295 ipse
2895 3221 3234 3293 Unigenitus
3272 3236 3347 3277 ex
3386 3220 3925 3293 praedestinatione

2257 3313 2386 3384 jam
2413 3317 2467 3391 et
2496 3311 2871 3386 praescientia
2897 3315 3243 3368 extraneam
3267 3325 3393 3366 non
3433 3308 3699 3366 habebit.

2336 3402 2478 3468 Quis
2506 3416 2648 3457 vero
2680 3404 2767 3456 est
2794 3416 2945 3473 puer
2974 3399 3079 3471 qui
3103 3399 3181 3455 ad
3211 3397 3635 3456 deducendam
3666 3413 3922 3454 uxorem

2262 3490 2528 3557 mittitur,
2554 3488 2668 3544 nisi
2708 3488 3136 3561 prophetarum
3170 3487 3322 3543 ordo
3376 3491 3556 3561 atque
3616 3486 3923 3561 apostolo-

2260 3595 2415 3645 rum,
2450 3577 2842 3650 omniumque
2860 3576 3464 3650 doctorum,quidum
3485 3576 3740 3632 verbum
3769 3592 3922 3649 prai-

2260 3666 2576 3724 dicationis
2602 3665 2779 3722 bonis
2801 3665 3103 3722 mentibus
3124 3664 3371 3731 faciunt,
3401 3665 3481 3722 ad
3512 3680 3919 3739 unamquam-

2258 3771 2378 3830 que
2407 3754 2677 3811 animam
2708 3754 3014 3825 unigenito
3044 3754 3190 3811 Filio
3218 3754 3709 3826 conjungendam
3738 3752 3917 3827 quasi

2258 3845 2599 3920 provisores
2644 3844 2837 3901 ﬁunt?
2896 3844 3008 3911 Qui
3076 3860 3334 3917 pergens
3396 3860 3589 3902 secum
3629 3845 3702 3901 de
3749 3843 3918 3901 bonis

2259 3933 2529 3990 omnibus
2584 3935 2812 3991 domini
2866 3935 2962 3989 sui
3020 3932 3261 4001 detulit;
3313 3933 3459 4006 quia
3510 3933 3572 3989 in
3629 3931 3721 3988 his
3777 3946 3918 4004 quae

2259 4022 2333 4079 de
2365 4022 2618 4080 Domino
2661 4022 3011 4096 loquuntur,
3051 4024 3113 4079 in
3140 4022 3474 4096 semetipsis
3502 4021 3792 4078 virtutum
3820 4020 3919 4076 di-

2257 4110 2432 4166 vitias
2476 4110 2817 4179 ostendunt,
2861 4114 2926 4167 ut
2976 4114 3143 4167 tanto
3199 4110 3371 4166 citius
3409 4108 3487 4166 ad
3533 4108 3918 4183 sequendum

2260 4202 2447 4256 Deum
2504 4201 2871 4273 pertrahant,
2900 4204 3128 4273 quanto
3159 4198 3534 4256 auditoribus
3563 4199 3688 4254 suis
3714 4198 3775 4254 in
3823 4213 3920 4253 se-

2260 4287 2527 4361 metipsis
2574 4292 2915 4346 monstrant
2964 4305 3099 4362 quae
3156 4291 3423 4345 narrant.
3474 4289 3669 4361 Atque
3715 4285 3921 4343 isdem

2262 4392 2411 4450 puer
2426 4377 2601 4449 juxta
2626 4377 2851 4435 fontem
2876 4378 3049 4447 stetit,
3081 4382 3260 4451 atque
3299 4393 3373 4433 ex
3400 4376 3651 4450 praeﬁxa
3673 4378 3923 4432 senten-

2261 4464 2343 4521 tia
2366 4481 2501 4538 quae
2527 4465 2727 4539 puella
2756 4465 3034 4538 eligenda
3062 4469 3235 4533 esset,
3261 4466 3606 4538 proposuit;
3629 4464 3736 4538 qui
3761 4480 3922 4537 prm-

2258 4554 2551 4612 dicatores
2581 4556 2770 4614 sancti
2818 4556 2973 4614 sacri
3002 4555 3202 4628 eloqui
3233 4554 3459 4612 ﬂuenta
3503 4552 3919 4623 considerant,

2256 4648 2435 4718 atque
2465 4660 2536 4701 ex
2564 4645 2712 4719 ipsis
2758 4646 3044 4718 colligunt
3083 4661 3218 4718 quae
3245 4644 3341 4701 vel
3370 4644 3594 4718 quibus
3621 4643 3924 4719 praedica-

2253 4734 2427 4791 tionis
2448 4749 2572 4790 suae
2601 4735 2784 4792 verba
2811 4735 3207 4806 committant,
3230 4738 3286 4792 et
3314 4751 3387 4791 ex
3416 4733 3644 4808 quibus
3674 4731 3921 4791 audito-

2250 4823 2415 4880 ribus
2444 4822 2732 4881 ﬁduciam
2763 4824 3127 4882 certitudinis
3148 4828 3486 4882 assumant.
3521 4825 3735 4881 Potum
3764 4839 3922 4881 vero

2248 4913 2435 4987 petiit,
2462 4913 2608 4988 quia
2626 4914 2983 4988 praedicator
2997 4913 3194 4971 omnis
3216 4912 3488 4970 animam
3510 4913 3602 4970 sui
3620 4912 3923 4971 auditoris

2251 5003 2387 5059 sitit.
2420 5002 2535 5059 Sed
2556 5002 2819 5060 Rebecca
2842 5007 3052 5077 potum
3078 5002 3349 5075 praebuit,
3381 5001 3526 5075 quia
3555 5005 3769 5059 sancta
3793 5001 3921 5059 ele-

2250 5096 2481 5147 ctorum
2514 5091 2771 5148 Ecclesia
2798 5091 3267 5163 praedicatorum
3326 5107 3575 5149 suorum
3606 5090 3919 5148 desiderio

2249 5193 2324 5234 ex
2349 5178 2579 5234 virtutis
2604 5195 2727 5235 suae
2757 5179 2877 5235 ﬁde
2929 5180 3228 5237 satisfecit.
3277 5181 3429 5248 Quia
3478 5182 3641 5239 enim
3693 5183 3917 5251 Deum,

2248 5283 2430 5340 quem
2461 5265 2991 5340 audivit,confessa
3018 5270 3513 5342 est,praadicatori
3533 5287 3644 5327 suo
3675 5285 3919 5343 aquam

2248 5354 2579 5412 refectionis
2609 5355 2822 5412 obtulit
2847 5358 3098 5430 ejusque
3124 5359 3397 5416 animum
3427 5358 3820 5433 refrigeravit.

2321 5446 2387 5499 Et
2410 5443 2745 5500 notandum
2773 5447 2941 5518 quod
2964 5446 3248 5520 hydriam
3277 5448 3356 5505 ab
3376 5448 3630 5505 humero
3650 5448 3713 5504 in
3730 5448 3921 5506 ulnas

2248 5532 2469 5605 posuit,
2509 5532 2653 5605 quia
2679 5533 2780 5591 illa
2809 5540 2900 5592 est
2928 5535 3151 5610 placita
3174 5536 3475 5593 confessio
3505 5554 3642 5611 quae
3674 5553 3712 5595 a
3741 5536 3917 5594 bono

2250 5636 2429 5695 opere
2467 5622 2857 5695 procedit.Vel
2883 5631 3039 5685 certe
3056 5643 3281 5700 aquam
3299 5626 3725 5700 praebuit,quia
3751 5627 3817 5684 in
3838 5643 3916 5683 eo
