4136 6176
199 191 295 248 201

1565 173 1916 234 ΟΟΜΜΕΝΤ.
1960 178 2026 231 ΙΝ
2065 179 2224 238 GEN.

3502 202 3609 255 202

195 313 358 388 quod
375 310 648 375 credidit,
670 327 863 366 vacua
884 326 1003 366 non
1025 308 1332 366 remansit.
1358 311 1506 364 Nam
1529 320 1672 360 mox
1695 317 1837 375 prae-
1875 302 1922 354 Α
1952 299 2182 371 fenum,
2207 323 2450 382 aquam,
2484 327 2707 383 panem
2739 313 2953 370 obtulit
2980 333 2992 382 ;
3023 317 3130 372 sed
3147 333 3316 390 puer,
3338 320 3451 376 nisi
3474 337 3611 378 cau-

198 405 394 460 dicare
428 400 658 456 studuit
687 401 851 471 quod
878 400 1121 466 audivit,
1148 403 1202 455 et
1228 397 1502 454 docendo
1533 394 1752 451 multos
1773 407 1842 447 ex

197 509 259 547 se
288 489 712 564 pradicatores
737 487 996 559 protulit.
1031 494 1202 560 Aqua
1241 486 1465 558 quippe
1518 485 1578 540 in
1632 481 1847 554 hydria

197 588 284 638 est
314 578 562 635 scientia
585 577 1028 649 prredicationis
1059 577 1119 631 in
1146 591 1450 641 mensura,
1469 573 1613 646 quia
1643 574 1849 627 sancta

197 668 459 725 Ecclesia
476 666 674 721 studet
697 681 824 720 non
853 665 988 738 plus
1019 681 1230 737 sapere
1255 680 1444 736 quam
1473 665 1706 734 oportet
1761 675 1849 713 sa-

196 774 369 832 pere,
400 755 500 812 sed
528 771 740 827 sapere
762 755 842 810 ad
875 755 1278 810 sobrietatem.
1308 756 1373 808 Et
1412 751 1627 823 hydria
1679 765 1850 821 aquae

197 848 263 903 in
295 845 445 902 ulnis
465 849 555 900 est
577 843 853 900 doctrina
881 843 1323 916 praedicationis
1357 841 1418 896 in
1466 855 1666 912 opere,
1714 854 1850 909 quas

193 953 321 992 non
347 935 546 991 solum
571 935 702 1005 ejus
724 933 1064 1001 comitibus,
1087 933 1192 989 sed
1213 937 1424 1005 potum
1449 932 1627 987 etiam
1657 944 1852 985 came-

191 1027 262 1082 lis
294 1025 545 1099 praebet,
579 1025 720 1097 quia
755 1023 1011 1080 verbum
1040 1023 1175 1078 vitae
1205 1037 1329 1078 non
1362 1021 1556 1076 solum
1589 1019 1852 1092 pruden-

192 1116 378 1179 tibus,
410 1115 513 1170 sed
539 1115 720 1170 etiam
745 1113 940 1168 stultis
977 1113 1281 1185 praedicat,
1310 1113 1481 1182 juxta
1531 1109 1693 1166 Pauli
1746 1125 1851 1163 vo-

193 1221 328 1260 cem
363 1203 616 1260 dicentis
649 1221 661 1258 :
689 1203 1072 1272 Sapientibus
1098 1209 1152 1257 et
1183 1201 1596 1271 insipientibus
1627 1199 1856 1256 debitor

191 1311 324 1350 sum
363 1294 550 1364 (Rom.
581 1310 619 1359 ι,
655 1293 764 1362 14).
791 1291 894 1346 \"el
928 1297 1082 1347 certe
1121 1306 1283 1362 aqua
1336 1290 1515 1345 etiam
1567 1287 1854 1359 jumentis

194 1384 380 1439 datur
403 1382 656 1455 quando
688 1398 834 1437 cura
863 1380 1058 1436 carnis
1080 1379 1390 1452 quomodo
1426 1377 1496 1435 sit
1550 1377 1850 1443 habenda,

196 1472 547 1545 disponitur
582 1489 595 1537 ;
629 1475 693 1526 ut
720 1486 793 1525 ex
824 1469 1127 1542 voluptate
1157 1467 1425 1541 impendi
1451 1483 1573 1523 non
1618 1465 1851 1533 debeat,

198 1569 250 1618 et
310 1569 516 1618 tamen
573 1561 633 1615 in
692 1559 1143 1616 necessitatibus
1197 1575 1323 1614 non
1379 1561 1646 1627 negetur,
1707 1557 1858 1612 sicut

1954 408 2083 448 sam
2110 396 2274 468 prius
2300 400 2562 471 conjugii
2590 401 2898 470 obtineret,
2927 410 3313 478 accepturum
3367 425 3430 466 se
3483 427 3611 468 esse

1954 487 2268 542 recusavit.
2306 489 2454 554 Quia
2484 496 2624 547 sunt
2663 491 2929 566 plerique
2973 495 3075 567 qui
3131 496 3406 555 doctores
3468 517 3610 556 suos

1957 586 2030 626 ex
2061 577 2491 647 temporalibus
2516 581 2822 653 stipendiis
2853 583 3156 642 continere
3201 588 3395 658 parati
3449 595 3608 660 sunt,

1959 661 2063 751 sed
2089 666 2509 735 praedicatores
2534 670 2722 725 sancti
2742 672 3044 745 percipere
3075 674 3286 733 nolunt
3314 683 3612 751 tempora-

1959 749 2039 806 lia
2069 752 2181 808 nisi
2210 756 2376 826 prius
2407 757 2718 814 obtineant
2743 764 2984 816 aeterna.
3009 762 3065 817 Si
3099 764 3261 820 enim
3310 765 3372 822 in
3422 749 3614 824 mani-

1960 839 2075 895 bus
2105 842 2324 899 factum
2368 861 2490 901 non
2513 847 2838 914 inveniunt,
2871 866 3105 907 sumere
3130 853 3427 925 stipendia
3479 873 3609 912 cor-

1960 930 2208 1002 poribus
2239 940 2648 992 contemnunt.
2680 939 2792 992 Nec
2822 939 3006 1010 pedes
3024 957 3184 1012 aqua
3210 942 3436 1012 lavant,
3465 945 3612 1016 quia

1960 1019 2231 1077 laborem
2263 1023 2354 1078 sui
2385 1025 2657 1081 desiderii
2702 1026 2866 1083 nulla
2927 1030 3335 1088 consolatione
3386 1032 3608 1090 levant.

1964 1112 2092 1166 Mox
2117 1128 2256 1167 vero
2291 1129 2537 1169 causam
2567 1116 2829 1186 conjugii
2856 1117 3090 1173 domini
3121 1120 3212 1175 sui
3268 1138 3416 1193 puer
3463 1123 3612 1179 obti-

1963 1198 2111 1264 nuit,
2145 1215 2292 1255 vasa
2322 1217 2506 1257 aurea
2536 1208 2716 1276 atque
2773 1212 3076 1278 argentea,
3118 1224 3188 1264 ac
3238 1217 3431 1266 vestes
3480 1229 3614 1285 pro-

1965 1286 2111 1356 tulit,
2146 1304 2300 1360 quas
2334 1290 2611 1347 Rebeccae
2643 1293 2806 1350 dedit
2840 1313 2852 1362 ;
2881 1296 3023 1368 quia
3068 1297 3342 1354 doctores
3393 1307 3612 1358 sanctae

1965 1376 2235 1433 Ecclesia:
2257 1380 2380 1435 suis
2413 1384 2498 1437 tot
2523 1389 2882 1440 ornamenta
2910 1386 3182 1458 przebent
3233 1393 3382 1460 quot
3437 1390 3616 1446 virtu-

1965 1470 2092 1521 tum
2120 1467 2282 1524 dona
2307 1469 2664 1526 docuerunt.
2693 1473 2834 1537 Quae
2867 1475 3083 1530 etenim
3109 1477 3274 1548 prius
3290 1479 3530 1535 inaures
3559 1483 3617 1536 et

1965 1555 2230 1612 armillas
2272 1566 2601 1632 acceperat,
2629 1561 2758 1631 jam
2791 1578 2950 1618 nunc
3002 1581 3147 1622 vasa
3201 1583 3384 1624 aurea
3435 1574 3615 1642 atque

198 1651 495 1724 scriptum
526 1654 619 1705 est
651 1667 663 1704 :
698 1650 913 1705 Carnis
947 1664 1156 1704 curam
1186 1663 1262 1704 ne
1281 1648 1544 1717 feceritis
1593 1648 1657 1702 in
1710 1647 1855 1702 desi-
1896 1651 1937 1704 B
1967 1651 2268 1715 argentea,
2295 1665 2364 1704 ac
2397 1656 2589 1705 vestes
2619 1651 2834 1724 accipit
2866 1671 2878 1722 ;
2906 1653 3050 1726 quia
3093 1662 3300 1714 sancta
3331 1658 3610 1728 Ecclesia,

200 1742 384 1798 deriis
417 1741 630 1797 vestris
652 1740 839 1808 (Rom.
859 1755 984 1802 xm,
1019 1740 1122 1808 14).
1159 1739 1268 1803 Qui
1299 1738 1455 1794 enim
1485 1739 1641 1794 hanc
1663 1738 1721 1792 in
1751 1738 1855 1794 de-

201 1830 433 1886 sideriis
471 1829 600 1886 ﬁeri
627 1828 917 1902 prohibet,
942 1829 1152 1901 procul
1182 1828 1370 1884 dubio
1399 1829 1460 1884 in
1507 1827 1855 1884 necessitate

203 1919 500 1982 concedit,
523 1919 694 1989 juxta
720 1918 833 1973 hoc
857 1917 1021 1990 quod
1069 1933 1312 1973 rursum
1361 1917 1576 1973 dicitur
1609 1933 1621 1972 :
1672 1918 1855 1991 Neirio

208 2025 446 2066 carnem
480 2024 651 2064 suam
671 2008 806 2063 odio
839 2008 1068 2075 habuit,
1095 2008 1198 2064 sed
1225 2009 1418 2063 nutrit
1441 2013 1494 2064 et
1522 2008 1682 2077 fovet
1727 2023 1855 2064 eam

213 2099 443 2169 (Ephes.
482 2113 539 2159 η,
575 2102 686 2163 30).

278 2191 424 2243 Puer
453 2193 655 2243 autem
685 2185 964 2242 Rebecca:
994 2185 1235 2242 inaures
1267 2191 1324 2242 et
1351 2186 1616 2242 armillas
1674 2185 1857 2253 dedit,

225 2277 358 2348 quia
382 2275 741 2348 prtedicator
761 2274 1020 2346 quisque
1054 2280 1110 2330 et
1161 2275 1432 2330 auditum
1486 2278 1705 2330 sanctae
1763 2278 1860 2330 Ec-

239 2365 419 2420 clesiae
444 2381 544 2438 per
563 2364 973 2420 obedientiam
995 2367 1052 2419 et
1079 2380 1297 2419 manus
1319 2381 1426 2437 per
1449 2364 1624 2420 bona:
1645 2381 1858 2437 opera-

235 2455 398 2510 tionis
439 2455 717 2511 meritum
760 2458 1029 2510 exornat.
1057 2454 1169 2508 Sed
1199 2453 1437 2510 inaures
1485 2453 1745 2510 duorum
1789 2455 1861 2510 si-

223 2544 440 2599 clorum
497 2549 667 2605 sunt,
723 2541 972 2598 armillae
1033 2547 1234 2598 autem
1286 2542 1566 2598 siclorum
1630 2544 1858 2611 decem,

218 2633 353 2704 quia
399 2631 597 2705 prima
650 2631 836 2686 virtus
891 2629 1242 2687 obedientite
1286 2630 1347 2688 in
1397 2632 1680 2689 charitate
1728 2637 1860 2698 est;

217 2739 346 2795 qua:
374 2722 650 2778 videlicet
691 2721 954 2778 charitas
984 2722 1045 2777 in
1096 2721 1336 2777 duobus
1384 2723 1696 2794 praeceptis
1751 2723 1867 2778 dis-

219 2813 523 2882 tinguitur.
555 2816 620 2866 ut
647 2813 803 2866 Deus
838 2817 894 2866 et
921 2810 1232 2883 proximus
1262 2810 1560 2882 diligatur,
1608 2816 1660 2867 et
1709 2816 1868 2868 recta

215 2901 486 2973 operatio
527 2918 593 2956 ex
647 2899 923 2969 Decalogi
980 2899 1374 2973 completione
1427 2901 1748 2973 perﬁcitur,
1807 2913 1869 2962 ut

1967 1751 2101 1808 qua
2129 1742 2264 1793 ante
2295 1754 2402 1810 per
2426 1739 2630 1803 ﬁdem,
2659 1740 3063 1799 obedientiam
3093 1751 3150 1801 et
3202 1748 3614 1819 operationem

1967 1827 2250 1900 percepit,
2279 1843 2626 1885 excrescens
2652 1833 3041 1903 postmodum
3071 1835 3250 1892 etiam
3277 1837 3356 1893 ad
3381 1829 3616 1911 spirita-

1969 1913 2050 1971 lia
2070 1915 2232 1972 dona
2257 1918 2634 1986 convalescit,
2668 1925 2732 1975 ut
2761 1922 3090 1994 prophetiae
3123 1925 3335 1997 spiritu
3365 1927 3618 1984 etvirtu-

1971 2008 2099 2060 tum
2130 2005 2320 2075 gratia
2349 2007 2596 2079 repleta,
2624 2009 2924 2082 ampliatis
2947 2012 3077 2082 jam
3103 2016 3455 2072 muneribus
3493 2016 3617 2071 dis-

1971 2097 2084 2148 cat.
2111 2097 2258 2150 Puer
2284 2112 2426 2151 vero
2452 2097 2628 2152 matri
2655 2099 2783 2168 ejus
2813 2115 2884 2156 ac
2933 2101 3096 2158 fratri
3138 2103 3300 2160 dona
3351 2104 3566 2161 obtulit
3598 2123 3611 2172 ;

1971 2183 2115 2256 quia
2145 2185 2462 2255 gentilitas,
2493 2203 2565 2242 ex
2615 2204 2736 2260 quo
2768 2189 3028 2246 Ecclesia
3076 2192 3155 2248 ad
3199 2194 3385 2249 ﬁdem
3436 2197 3614 2270 venit,

1974 2278 2110 2345 post
2141 2275 2652 2331 conversationcm
2683 2277 2812 2346 ejus
2839 2278 2898 2333 in
2931 2278 3120 2347 gloria
3149 2283 3461 2354 temporali
3483 2300 3621 2340 con-

1978 2361 2182 2430 valuit,
2215 2363 2365 2420 sicut
2394 2369 2448 2420 et
2470 2381 2630 2420 nunc
2655 2367 2975 2439 cernimus,
2997 2369 3140 2441 quia
3171 2371 3394 2444 ubique
3428 2373 3620 2430 Chris-

1981 2452 2531 2509 tianiaﬂlictionem
2562 2455 2839 2524 sentiunt,
2874 2461 2931 2513 et
2989 2459 3238 2528 gentiles
3287 2461 3514 2535 quique
3559 2463 3623 2519 in

1980 2545 2213 2598 terrena
2233 2542 2443 2598 virtute
2473 2543 2822 2613 gloriantur.
2853 2546 2964 2602 Sed
2995 2553 3052 2603 et
3072 2548 3282 2604 fratres
3303 2550 3434 2621 ejus
3462 2550 3626 2607 dona

1981 2631 2334 2704 percipiunt,
2365 2633 2508 2705 quia
2532 2633 2592 2689 hi
2621 2634 2724 2707 qui
2744 2634 2804 2689 in
2836 2650 2906 2690 ea
2934 2635 3114 2692 ﬁdem
3159 2639 3521 2696 verbotenus
3551 2645 3629 2696 te-

1982 2726 2144 2792 nent,
2175 2722 2280 2778 sed
2304 2727 2502 2778 tamen
2533 2723 2965 2796 professionem
2993 2742 3168 2782 suam
3198 2729 3468 2785 moribus
3496 2745 3622 2785 non

1983 2819 2298 2885 sequentes
2326 2813 2640 2870 carnaliter
2684 2815 2908 2881 vivunt,
2971 2815 3228 2887 benigne
3277 2833 3312 2874 a
3351 2818 3629 2876 fidelibus

1981 2902 2264 2958 honorari
2281 2903 2472 2959 solent
2501 2919 2610 2976 pro
2641 2919 2711 2959 eo
2742 2905 2906 2976 quod
2939 2921 3067 2960 esse
3091 2906 3298 2963 ﬁdeles
3330 2909 3626 2966 videntur.

216 3009 351 3046 cum
375 2991 539 3046 bona
570 2991 668 3060 agi
717 2990 1021 3062 coeperint,
1054 2990 1215 3046 mala
1254 2991 1383 3062 jam
1440 2991 1606 3048 nulla
1663 3009 1868 3066 perpe-
1914 3000 1953 3054 C
1983 2994 2160 3047 Mater
2189 3007 2330 3061 ergo
2360 2997 2414 3048 et
2435 2993 2644 3047 fratres
2691 2992 2854 3048 dona
2883 2994 3240 3066 percipiunt,
3266 3013 3303 3052 a
3347 3003 3502 3054 sorte
3549 3003 3632 3056 ta-

217 3085 459 3138 trentur.
494 3081 760 3137 Rebecca
791 3085 988 3136 autem
1010 3097 1138 3136 esse
1192 3081 1252 3136 in
1305 3081 1490 3138 domo
1538 3083 1722 3156 patris
1776 3084 1866 3138 sui

217 3171 414 3227 locum
447 3171 783 3244 spatiosum
837 3171 911 3226 ad
973 3171 1343 3227 manendum
1375 3173 1690 3244 perhibuit,
1726 3173 1868 3246 quia

235 3277 268 3316 a
305 3260 499 3334 priori
549 3261 677 3329 jam
716 3260 933 3332 papulo
985 3264 1214 3326 naturae
1266 3260 1459 3329 legem
1505 3267 1710 3317 sancta
1767 3267 1870 3317 Ec-

219 3350 403 3406 clesia
431 3365 500 3404 se
530 3348 717 3403 scisse
745 3350 1106 3416 monstravit,
1140 3355 1194 3406 et
1233 3350 1640 3422 praedicatoris
1683 3353 1866 3407 verba

221 3440 276 3496 in
311 3438 534 3512 amplo
565 3437 860 3494 charitatis
880 3440 1106 3509 gremio
1129 3439 1413 3513 suscepit.
1451 3442 1682 3498 Doctori
1715 3443 1874 3497 enim

229 3531 524 3603 spatiosus
556 3529 637 3585 ad
685 3530 1054 3586 manendum
1106 3531 1276 3586 locus
1330 3537 1419 3588 est
1472 3532 1532 3588 in
1588 3533 1875 3590 auditoris

236 3619 404 3674 corde
435 3618 688 3675 latitudo
713 3617 1016 3674 bonitatis.
1051 3618 1217 3675 Unde
1244 3625 1300 3676 et
1329 3621 1698 3694 quibusdam
1729 3623 1874 3679 dici-

243 3710 336 3759 tur
372 3725 386 3760 -.
411 3709 602 3776 Capite
633 3723 741 3762 nos
771 3725 783 3761 :
819 3709 1109 3764 neminem
1137 3709 1415 3777 laesimus,
1447 3713 1736 3768 neminem
1755 3730 1879 3769 cor-

259 3794 552 3864 rupimus,‘
579 3813 689 3853 non
723 3799 1162 3868 angustiamini
1207 3800 1269 3855 in
1317 3799 1483 3856 nobis
1507 3814 1528 3865 ,'
1574 3805 1877 3872 angustia-

260 3881 590 3941 mim'autem
623 3888 686 3941 in
731 3887 1058 3942 visceribus
1095 3889 1302 3944 vestris
1327 3888 1420 3959 (II
1447 3890 1580 3946 Cor.
1613 3907 1714 3958 vn,
1770 3895 1877 3960 12).

247 3974 321 4025 Ac
348 3971 396 4027 si
413 3971 493 4028 eis
520 3979 722 4047 aperte
745 3974 1044 4031 diceretur
1077 3993 1089 4030 :
1123 3975 1201 4032 ad
1232 3977 1679 4050 suscipiendam
1739 3979 1882 4036 doc-

243 4059 444 4116 trinam
479 4063 814 4135 spatiosum
840 4063 1040 4120 locum
1066 4064 1284 4121 mentis
1312 4065 1506 4136 facite,
1532 4067 1638 4123 sed
1669 4069 1745 4124 ad
1792 4087 1883 4124 (το-

230 4148 467 4218 gitanda
490 4153 760 4209 carnalia
780 4154 1019 4224 angusti
1039 4160 1361 4210 remanete.
1383 4156 1553 4222 Quod
1571 4157 1882 4230 palearum

229 4255 292 4294 ac
319 4240 436 4297 feni
467 4241 803 4314 plurimum
832 4243 1100 4310 haberet,
1135 4243 1437 4315 indicavit,
1486 4246 1631 4318 quia
1679 4254 1885 4305 sancta

227 4330 483 4386 Ecclesia
500 4330 693 4386 verba
723 4331 852 4386 vitae
875 4331 1146 4399 audiens,
1173 4336 1406 4390 terrena
1423 4335 1719 4407 stipendia
1738 4355 1885 4412 prte-

226 4415 595 4475 dicatoribus
619 4418 893 4488 reddidit,
921 4436 1056 4493 quae
1088 4420 1236 4477 dum
1288 4423 1508 4479 Paulus
1549 4425 1722 4497 quasi
1775 4443 1884 4500 pro

225 4507 395 4565 nihilo
425 4507 755 4580 acciperet,
788 4509 934 4565 dixit
959 4511 1028 4566 Si
1048 4526 1153 4567 nos
1186 4512 1346 4568 vobis
1387 4515 1695 4583 spiritalia
1716 4517 1886 4572 semi-

225 4601 524 4670 navimus,
572 4613 856 4668 magnum
895 4606 979 4656 est
1029 4601 1081 4656 si
1122 4617 1159 4658 a
1189 4603 1349 4658 vobis
1390 4606 1669 4662 carnalia
1711 4612 1888 4663 meta-

225 4693 390 4744 mus?
421 4689 481 4761 (I
504 4689 652 4744 Cor.
679 4705 758 4757 1x,
792 4690 878 4759 Η)

285 4778 491 4836 Frater
520 4782 732 4834 autem
781 4778 1059 4836 Rebeccae
1103 4785 1227 4838 erat
1271 4782 1494 4852 Laban,
1526 4785 1630 4856 qui
1659 4786 1886 4842 concite

231 4880 506 4937 egressus
529 4868 778 4924 inaures
800 4873 857 4925 et
877 4869 1139 4927 armillas
1153 4870 1370 4927 sororis
1387 4872 1703 4945 aspiciens,
1728 4875 1886 4931 intus

228 4972 476 5028 puerum
520 4958 788 5015 vocavit.
824 4959 974 5025 Quia
1002 4965 1141 5016 sunt
1166 4961 1435 5018 carnales
1465 4963 1569 5035 qui
1610 4962 1887 5020 ﬁdelibus

221 5048 562 5120 conjuncti,
596 5048 702 5120 qui
733 5047 880 5104 dum
914 5049 1310 5121 spiritualium
1331 5051 1492 5108 dona
1514 5052 1888 5125 aspiciuntin

222 5136 636 5196 admiratione
671 5139 974 5211 suspensi,
1004 5139 1111 5196 etsi
1135 5155 1258 5196 non
1317 5157 1508 5215 usque
1561 5142 1638 5198 ad
1683 5159 1886 5216 opera,

221 5227 414 5283 tamen
446 5229 517 5284 in
559 5227 833 5282 animam
867 5244 1054 5300 usque
1085 5228 1163 5285 ad
1211 5230 1654 5302 suscipiendam
1705 5233 1889 5289 ﬁdem

221 5316 476 5374 verbum
494 5315 958 5392 praedicationis
977 5317 1320 5375 admittunt.
1349 5319 1498 5385 Quia
1523 5321 1680 5376 enim
1698 5321 1891 5378 bonos

223 5419 372 5477 saepe
428 5405 759 5463 miraculis
805 5405 1029 5476 fulgere
1075 5407 1475 5477 considerant,
1503 5424 1575 5464 ea
1629 5426 1764 5482 quae
1819 5411 1894 5467 de

223 5497 563 5553 teternitate
593 5494 887 5564 audiunt,
921 5512 1043 5552 non
1073 5502 1374 5565 recusant,
1408 5497 1684 5570 quamvis
1729 5516 1898 5556 sanc-

227 5588 344 5641 tam
392 5586 762 5642 electorum
796 5585 1118 5643 Ecclesiam
1148 5587 1420 5644 moribus
1447 5604 1526 5644 on
1571 5595 1896 5662 sequentes

227 5670 548 5734 incarnali
579 5676 852 5732 oratione
880 5681 1254 5735 remaneant.
1288 5677 1400 5744 Qui
1431 5678 1635 5736 Laban
1661 5681 1892 5752 paleas,

561 5765 819 5821 Psrnor.
861 5765 1010 5821 CXV.

1985 3095 2121 3134 men
2138 3080 2496 3135 hiereditatis
2517 3080 2860 3153 alieni;quia
2880 3082 3003 3136 sive
3019 3081 3634 3152 inﬁdeles,seucarna-

1982 3168 2088 3236 les,
2112 3169 2214 3241 qui
2238 3169 2390 3224 intra
2413 3169 2549 3224 ﬁdei
2577 3169 3013 3240 professionem
3038 3175 3329 3240 tenentur,
3356 3174 3434 3229 ad
3450 3174 3633 3230 haere-

1983 3258 2180 3312 ditatis
2197 3255 2430 3312 aeternis
2454 3263 2671 3312 sortem
2699 3258 3200 3325 nonveniunt,sed
3219 3264 3418 3316 tamen
3432 3278 3636 3335 super-

1983 3364 2076 3403 nae
2112 3347 2398 3418 largitatis
2427 3346 2678 3416 gloriam
2703 3347 3104 3420 temporaliter
3162 3358 3630 3423 consequuntur.

2055 3436 2321 3492 Rebecca
2341 3439 2541 3492 autem
2573 3452 2710 3492 cum
2757 3436 2969 3508 puellis
3014 3437 3139 3493 suis
3188 3438 3388 3495 virum
3433 3447 3638 3498 secuta

1984 3531 2094 3594 est,
2127 3526 2272 3599 quia
2326 3528 2536 3582 sancta
2593 3525 2851 3582 Ecclesia
2898 3526 3080 3582 habet
3136 3544 3344 3585 secum
3387 3531 3638 3587 minoris

1985 3616 2179 3672 meriti
2208 3615 2444 3671 animas
2475 3613 2712 3671 sodales
2741 3632 2901 3672 suas.
2957 3621 3106 3674 Nam
3155 3619 3266 3674 etsi
3300 3620 3360 3675 in
3393 3620 3640 3694 quibus-

1987 3706 2130 3762 dam
2160 3721 2266 3777 per
2292 3721 2611 3761 ascensum
2666 3706 2880 3760 mentis
2937 3706 2997 3761 in
3046 3707 3220 3763 thoro
3272 3709 3639 3783 contempla-

1989 3794 2164 3850 tionis
2194 3809 2318 3849 non
2346 3793 2590 3864 habitet,
2621 3809 2758 3866 quae
2791 3793 3059 3850 videlicet
3081 3796 3226 3851 tales
3260 3798 3478 3854 animae
3495 3814 3641 3870 qua-

1991 3886 2041 3938 si
2073 3883 2286 3957 puellze
2315 3882 2593 3938 Rebeccae
2626 3888 2782 3950 sunt,
2815 3883 2958 3955 quia
2986 3890 3318 3956 sequuntur
3347 3886 3636 3950 moribus,

1991 3973 2096 4029 sed
2128 3979 2327 4030 tamen
2380 3973 2456 4028 ad
2510 3972 3032 4044 contemplationis
3097 3974 3336 4032 thorum
3394 3976 3640 4032 minime

1993 4063 2342 4121 ascendunt.
2376 4066 2526 4119 Nam
2557 4066 2614 4117 et
2638 4061 2830 4117 isdem
2863 4078 3014 4135 puer
3069 4065 3371 4137 quosdam
3429 4065 3644 4123 habuit

1990 4154 2052 4209 in
2079 4152 2404 4219 comitatu;
2437 4150 2579 4223 quia
2609 4155 2665 4206 et
2691 4167 2830 4206 cum
2882 4153 3101 4209 sanctis
3154 4155 3462 4226 prophetis
3512 4155 3642 4210 fue-

1990 4246 2131 4298 runt
2158 4240 2408 4314 quidam
2429 4239 2533 4312 qui
2563 4238 2716 4295 bene
2736 4240 3021 4308 viverent,
3057 4247 3114 4297 et
3132 4243 3456 4316 prophetiae
3477 4243 3645 4317 spiri-

1993 4336 2122 4388 tum
2148 4346 2269 4386 non
2301 4329 2611 4398 haberent,
2644 4333 2701 4386 et
2727 4346 2866 4385 cum
2895 4330 3084 4386 beatis
3131 4333 3418 4405 apostolis
3462 4339 3641 4406 atque

1993 4419 2341 4476 doctoribus
2372 4419 2534 4474 fuere
2563 4418 2834 4492 plerique
2864 4419 2968 4491 qui
3011 4420 3194 4476 vitam
3253 4423 3522 4478 moribus
3563 4428 3642 4478 te-

1993 4514 2224 4574 nerent,
2256 4513 2316 4564 at
2366 4508 2805 4580 praedicationis
2861 4509 3046 4565 verba
3100 4525 3222 4565 non
3276 4514 3638 4583 promerent.

1997 4600 2262 4656 Festinus
2312 4603 2514 4654 autem
2558 4615 2710 4670 puer
2765 4597 2838 4654 ad
2901 4598 3216 4653 dominum
3273 4600 3444 4667 redit,
3497 4601 3642 4671 quia

1993 4689 2413 4763 praedicatores
2445 4688 2635 4744 sancti
2665 4705 2803 4743 cum
2857 4687 3246 4760 praedicando
3301 4687 3484 4744 vitam
3541 4706 3645 4746 au-

1995 4780 2286 4835 dientium
2316 4777 2608 4847 obtinent,
2632 4777 2711 4832 illi
2740 4792 2882 4831 mox
2911 4775 3134 4846 gratias
3164 4777 3429 4835 reddunt
3448 4779 3522 4836 de
3545 4797 3644 4837 cu-

1990 4869 2092 4941 jus
2122 4869 2237 4924 hoc
2268 4882 2514 4922 munere
2543 4871 2954 4938 perceperunt,
2984 4870 3045 4922 ut
3069 4866 3181 4923 sibi
3209 4867 3271 4923 in
3309 4883 3380 4924 ea
3430 4885 3641 4943 opera-

1996 4960 2152 5017 tione
2183 4957 2266 5014 nil
2297 4957 2578 5023 tribuant,
2613 4955 2720 5010 sed
2746 4956 3011 5012 Auctori.

2065 5050 2154 5104 Eo
2195 5053 2393 5105 autem
2431 5051 2693 5115 tempore
2720 5046 2892 5102 Isaac
2914 5047 3336 5105 deambulabat
3354 5051 3644 5119 perviam

1999 5155 2126 5212 quae
2155 5139 2319 5194 ducit
2338 5137 2418 5192 ad
2432 5142 2704 5207 puteum,
2724 5138 2895 5206 cujus
2935 5153 3144 5194 nomen
3172 5144 3251 5194 est
3300 5140 3556 5196 Viventis
3592 5148 3648 5197 et

2011 5230 2294 5284 Videntis.
2330 5225 2471 5292 Quis
2499 5230 2590 5282 est
2618 5225 2826 5281 vivens
2847 5230 2904 5282 et
2933 5226 3160 5290 videns,
3213 5227 3327 5284 nisi
3370 5231 3648 5303 omnipo-

1999 5322 2130 5375 tens
2159 5319 2332 5382 Deus,
2366 5315 2441 5371 de
2471 5331 2596 5388 quo
2628 5315 2913 5388 scriptum
2939 5320 3028 5372 est
3059 5333 3072 5371 ε
3117 5318 3254 5374 Vivo
3276 5334 3380 5389 ego
3401 5319 3466 5374 in
3487 5326 3654 5378 arter-

2002 5423 2169 5479 num,
2197 5407 2341 5462 dicit
2369 5405 2712 5461 Dominus?
2763 5406 2843 5460 De
2898 5422 3022 5478 quo
3077 5422 3315 5462 rursum
3364 5408 3652 5480 scriptum

2005 5502 2093 5554 est
2125 5516 2138 5554 :
2169 5497 2381 5553 Omnia
2405 5497 2574 5551 nuda
2604 5501 2659 5551 et
2681 5501 2893 5564 aperta
2921 5502 3063 5552 sunt
3084 5499 3272 5554 oculis
3293 5500 3420 5568 ejus
3442 5499 3650 5568 (Hebr.

2011 5605 2087 5657 iv,
2124 5587 2227 5658 l3).
2261 5590 2474 5642 Puteus
2503 5602 2645 5642 vero
2675 5585 2926 5641 viventis
2973 5590 3061 5642 est
3116 5605 3302 5643 sacrte
3341 5587 3655 5658 Scripturae

2010 5675 2408 5750 profunditas,
2437 5691 2626 5749 quam
2677 5674 2853 5732 nobis
2879 5673 2958 5732 ad
2993 5675 3400 5748 irrigationem
3436 5673 3657 5732 mentis

3235 5767 3268 5818 7
