4136 6176
177 188 280 244 205

177 308 485 381 conjungit
510 323 525 373 ;
553 308 618 361 ut
647 318 785 377 quae
815 305 980 377 prius
1008 306 1281 378 proxima
1332 316 1406 360 ex
1444 301 1819 373 cognatione,

172 399 227 456 id
254 401 343 454 est
368 397 614 465 cognita
644 410 753 466 per
780 394 1372 467 praedestinationem
1424 393 1634 457 fuerat,
1666 392 1823 463 post-

172 486 422 545 modum
449 485 580 556 jam
620 483 940 553 conjuncta
999 483 1060 538 in
1113 499 1318 539 amore
1349 482 1632 538 continuo
1675 493 1825 535 uxor

170 576 293 633 ﬁat.
330 578 525 640 Quam
575 572 637 628 in
670 576 903 628 tantum
934 572 1158 640 dilexit,
1212 577 1274 629 ut
1304 572 1572 627 dolorem
1618 568 1722 641 qui
1753 580 1825 623 ex

170 669 368 721 morte
398 661 599 719 matris
625 666 978 729 accesserat,
1022 666 1395 735 temperaret.
1440 660 1590 725 Quia
1617 674 1689 714 ex
1740 657 1826 712 lu-

170 770 274 811 cro
310 755 531 809 sanctae
577 748 848 806 Ecclesiae
899 750 1259 823 Redemptor
1296 753 1497 806 noster
1525 764 1661 804 eam
1688 761 1825 819 quae

168 859 239 900 ex
267 840 601 914 perditione
634 842 970 912 Synagogae
993 840 1258 895 accidere
1288 839 1498 911 potuit,
1531 836 1826 894 tristitiam

167 930 449 987 detersit:
484 929 632 985 dum
663 929 821 985 enim
882 928 1146 985 Rebecca
1198 927 1602 999 conjungitur,
1655 923 1828 981 dolor

167 1020 237 1077 de
266 1019 490 1076 matris
514 1022 702 1074 morte
720 1023 1089 1090 amputatur.
1127 1019 1278 1084 Quia
1301 1017 1450 1073 dum
1480 1019 1690 1071 sancta
1721 1017 1825 1070 Ec-

169 1108 349 1165 clesia
381 1123 456 1164 ex
480 1106 803 1177 gentilitate
826 1108 1072 1163 veniens
1092 1122 1285 1179 usque
1317 1107 1395 1162 ad
1425 1106 1660 1161 thorum
1687 1118 1827 1160 con-

170 1197 581 1271 templationis
618 1196 986 1269 perducitur,
1027 1195 1235 1252 Iudaea
1265 1211 1375 1269 pro
1411 1194 1599 1250 nihilo
1647 1193 1830 1250 habe-

172 1292 271 1343 tur.

234 1374 625 1447 Interpretari
669 1386 915 1447 quoque
953 1373 1087 1447 ipsa
1130 1390 1341 1430 eorum
1378 1372 1628 1429 nomina
1657 1384 1830 1428 cura-

170 1481 318 1521 mus.
350 1468 520 1519 Isaac
545 1465 726 1535 risus,
760 1464 1025 1520 Rebecca
1046 1469 1247 1519 autem
1259 1465 1563 1534 patientia
1593 1461 1828 1518 dicitur.

171 1554 336 1610 Risus
371 1568 513 1609 vero
535 1567 611 1608 ex
641 1552 842 1608 laetitia
864 1557 971 1618 est,
996 1552 1283 1625 patientia
1316 1556 1519 1609 autem
1545 1550 1621 1606 de
1651 1550 1835 1606 tribu-

1557 166 1906 234 COMMENT.
1936 173 2007 231 IN
2042 177 2198 236 GEN.

3481 174 3587 238 206

1938 298 2055 355 bus
2080 302 2351 359 additum
2382 307 2489 359 est.
2509 302 2664 369 Quid
2680 301 2952 374 estquod
2968 304 3186 372 plenus
3198 304 3427 360 dierum
3451 303 3593 360 dici-

1932 390 2065 445 tur?
2091 391 2156 447 Id
2185 398 2290 464 est,
2311 393 2459 448 lucis
2483 399 2539 448 et
2582 391 2697 448 diei
2731 390 3015 465 operibus
3038 391 3252 464 plenus
3281 392 3585 450 occubuit.

2004 481 2156 546 Quid
2185 486 2273 539 est
2299 482 2464 556 quod
2502 482 2641 539 dicit
2687 483 2988 554 Scriptura
3016 480 3091 537 de
3137 480 3275 537 ﬁliis
3332 481 3589 539 Ismael:

1932 571 2379 628 Habitaverunt
2407 572 2481 628 ab
2513 572 2690 628 Evila
2718 586 2902 643 usque
2932 571 3073 638 Sur,
3112 584 3248 643 quas
3279 576 3364 627 est
3380 575 3594 628 contra

1935 660 2151 730 faciem
2177 662 2447 732 ﬂgypti
2464 662 2492 717 ?
2522 660 2681 716 Evila
2710 664 2799 715 est
2824 659 2989 730 regio
3020 674 3210 732 quam
3239 659 3447 716 circuit
3460 659 3593 717 Phis-

1943 762 2055 805 son
2081 750 2155 806 de
2193 750 2474 823 paradiso
2523 750 2739 817 ﬂuens,
2772 748 2928 806 dicta
2957 748 3031 805 de
3090 749 3363 822 quodam
3409 748 3592 818 Evila,

1936 844 2153 911 nepote
2186 842 2323 907 Noe,
2354 842 2515 896 etest
2544 838 2802 895 solitudo
2834 843 3043 895 contra
3071 837 3285 895 faciem
3323 838 3592 911 Egypti.

1938 931 2048 985 Sur
2077 944 2320 1002 quoque
2351 934 2439 986 est
2468 929 2727 986 solitudo
2756 929 2909 984 inter
2938 927 3126 985 Gades
3160 932 3217 983 et
3245 927 3458 996 Barad,
3486 941 3591 983 ex.

1934 1020 2184 1075 tendens
2240 1018 2543 1074 desertum
2601 1034 2799 1091 usque
2856 1018 2935 1075 ad
2981 1031 3149 1074 mare
3206 1016 3476 1073 Rubrum
3539 1014 3599 1072 et

1935 1109 2174 1182 [Egypti
2208 1108 2487 1165 conﬁnia.

2009 1198 2163 1265 Quid
2189 1203 2276 1255 est
2304 1197 2471 1272 quod
2499 1195 2715 1254 dicitur
2756 1197 2833 1253 de
2866 1195 3116 1252 Ismaele
3150 1194 3318 1269 quod
3368 1194 3598 1252 duode-

1938 1288 2054 1344 cim
2082 1291 2425 1359 generasset
2447 1288 2751 1360 principes
2776 1286 2805 1342 7
2856 1283 2965 1342 Vel
3012 1285 3203 1341 duces
3233 1283 3597 1354 regionibus,

1939 1377 2035 1433 vel
2078 1375 2354 1434 tribubus
2405 1376 2656 1432 nomina
2713 1373 3028 1431 dederunt.
3089 1373 3392 1444 Signiﬁcat
3435 1372 3603 1447 quod

1945 1465 2163 1537 singuli
2190 1465 2449 1521 ﬁliorum
2481 1463 2748 1521 Ismaelis
2806 1479 2838 1520 e
2893 1462 3119 1537 quibus
3168 1460 3603 1536 primogenitus

1946 1556 2075 1626 ejus
2106 1554 2217 1611 fuit
2243 1554 2557 1625 Nabejoth,
2574 1570 2609 1610 a
2638 1568 2759 1627 quo
2782 1552 2979 1609 omnis
3004 1552 3171 1623 regio
3199 1551 3279 1608 ab
3300 1551 3599 1624 Euphrate

169 1642 410 1700 latione.
444 1644 512 1697 Et
530 1640 815 1714 quamvis
860 1647 1066 1697 sancta
1089 1641 1382 1697 Eccelesia
1415 1642 1545 1712 jam
1587 1638 1837 1696 caelestis
1876 1641 1919 1694 Β
1948 1659 2139 1716 usque
2171 1644 2250 1700 ad
2279 1658 2445 1701 mare
2478 1642 2747 1699 Rubrum
2777 1641 3129 1699 Nabathena
3187 1654 3380 1713 nsque
3421 1638 3602 1695 hodie

176 1733 244 1788 sit
268 1730 489 1803 gaudii
519 1729 1026 1802 contemplatione
1067 1746 1382 1803 suspensa,
1412 1729 1595 1785 habet
1636 1734 1841 1785 tamen

173 1820 370 1877 adhuc
414 1818 591 1893 quod
616 1819 799 1875 tristis
829 1819 1040 1890 [Petr.,
1065 1819 1251 1889 triste]
1281 1819 1356 1875 de
1405 1817 1673 1875 mortalis
1716 1831 1841 1872 car-

175 1910 256 1965 nis
277 1907 808 1983 ponderetoleret.
840 1909 1009 1964 Isaac
1034 1924 1173 1964 vero
1218 1911 1276 1963 et
1334 1907 1603 1963 Rebecca
1643 1905 1847 1977 jungi_

176 2002 280 2065 tur,
297 1998 370 2055 id
397 1997 684 2066 est,risus
712 2001 771 2053 et
799 1997 1086 2069 patientia
1130 1997 1527 2070 permiscetur
1554 1997 1663 2067 [Z.,
1706 1994 1845 2050 mis.

181 2088 377 2159 cetur],
408 2086 557 2160 quia
584 2086 649 2142 ﬁt
674 2085 733 2141 in
758 2091 967 2141 sancta
1000 2086 1255 2142 Ecclesia
1314 2086 1431 2141 hoc
1462 2083 1631 2158 quod
1654 2084 1841 2156 scrip-

185 2180 300 2233 tum
318 2182 440 2233 est:
465 2177 586 2246 Spe
614 2180 816 2232 autem
844 2176 1194 2246 gaudentes,
1218 2176 1282 2230 in
1314 2175 1707 2231 tribulatione
1727 2184 1840 2242 pa-

196 2266 384 2322 tientes
403 2269 590 2334 (Rom.
618 2280 717 2331 x11,
753 2264 860 2335 t2);
889 2269 951 2320 ut
976 2265 1135 2320 hanc
1166 2268 1222 2319 et
1245 2278 1541 2336 prospera
1577 2263 1652 2318 de
1703 2274 1843 2317 con-

198 2354 560 2428 templatione
587 2352 913 2425 laetiﬁcent,
947 2358 1003 2410 et
1033 2352 1231 2409 adhuc
1256 2353 1513 2409 adversa
1545 2352 1619 2408 de
1652 2351 1838 2407 tribu-

190 2439 393 2498 htione
412 2443 786 2516 perturbent.

791 2619 1030 2677 CAPUT
1070 2622 1215 2676 XXV

242 2801 415 2855 Vsus.
447 2802 636 2855 l-5.-—-
667 2798 891 2855 Deinde
923 2798 1187 2871 sequitur
1225 2799 1477 2871 qualiter
1510 2798 1830 2865 Abraham,

175 2893 416 2944 mortua
439 2889 644 2951 Saraa,
674 2887 877 2952 aliam,
906 2886 1177 2943 videlicet
1207 2888 1545 2955 Cethuram,
1577 2887 1829 2956 duxerit,

1950 1733 2183 1801 dicitur,
2217 1748 2351 1807 quae
2378 1747 2518 1807 pars
2548 1732 2781 1788 Arabiae
2818 1735 2924 1788 est.
2955 1732 3107 1788 Nam
3150 1734 3207 1787 et
3234 1729 3475 1786 familiis
3500 1740 3602 1785 eo-

1949 1839 2107 1892 rum,
2137 1823 2576 1896 oppidaque,et
2605 1821 2770 1894 pagi,
2793 1838 2863 1877 ac
2884 1821 3117 1877 munita
3146 1819 3408 1888 castella,
3427 1820 3484 1875 et
3500 1817 3602 1875 tri-

1949 1909 2065 1967 bus
2094 1910 2311 1968 horum
2343 1909 2742 1983 appellatione
2760 1908 3250 1966 celebrantur.Ab
3277 1920 3485 1964 unaex
3509 1902 3604 1963 his

1952 1999 2216 2056 Cedarin
2237 1998 2469 2055 deserto
2494 1998 2918 2065 Eoduma,alia
2938 1996 3123 2068 regio,
3139 2000 3194 2052 et
3225 1995 3495 2052 Hemana
3522 1994 3604 2051 ad

1951 2092 2246 2158 austrum,
2269 2091 2325 2144 et
2341 2087 2599 2144 Cedema
2619 2087 2696 2143 ad
2713 2084 3063 2143 orientalem
3098 2084 3345 2157 plagam
3364 2082 3598 2139 dicitur.

2021 2177 2170 2244 Quid
2204 2180 2290 2233 est
2319 2176 2485 2248 quod
2513 2175 2729 2231 dicitur
2763 2175 2839 2231 de
2862 2173 3130 2243 lsmaele,
3185 2184 3388 2229 coram
3419 2171 3603 2227 omni-

1951 2270 2055 2325 bus
2073 2266 2374 2338 fratribus
2394 2267 2518 2321 suis
2542 2263 2815 2333 obiit,vel
2839 2263 2945 2337 qui
2961 2266 3100 2319 sunt
3112 2261 3331 2332 fratris
3352 2259 3599 2317 nomine

1947 2357 2194 2414 censiti?
2220 2355 2283 2411 id
2312 2360 2416 2425 est,
2458 2355 2521 2410 in
2549 2353 2834 2410 manibus
2867 2351 3143 2410 omnium
3170 2347 3431 2407 ﬁliorum
3466 2362 3604 2407 suo-

1944 2463 2081 2503 rum
2110 2448 2380 2502 mortuus
2408 2447 2514 2513 est,
2548 2439 2964 2516 superstitibus
2993 2439 3269 2497 omnium
3296 2437 3522 2510 liberis,
3542 2439 3602 2495 et

1941 2536 2112 2595 nullo
2141 2536 2308 2610 prius
2353 2537 2545 2591 morte
2594 2536 2910 2606 praerepto.
2964 2533 3194 2589 Fratres
3246 2532 3449 2586 autem
3488 2539 3601 2600 pro

1943 2626 2080 2682 ﬁliis
2125 2623 2434 2698 appellari,
2467 2621 2655 2680 Jacob
2704 2634 2949 2695 quoque
2980 2618 3059 2677 ad
3090 2618 3294 2677 Laban
3322 2615 3603 2674 demons-

1944 2721 2056 2773 trat
2077 2714 2313 2771 dicens:
2348 2716 2627 2770 Ponatur
2655 2725 2858 2769 coram
2882 2710 3188 2782 fratribus
3234 2708 3481 2772 nostris,
3531 2707 3602 2763 ut

1938 2805 2211 2877 judicent
2238 2805 2398 2860 inter
2417 2818 2541 2858 nos.
2576 2804 2691 2858 Nec
2721 2801 2883 2857 enim
2923 2798 3179 2870 legimus
3209 2796 3359 2856 alios
3388 2795 3600 2854 fratres

1938 2895 2124 2951 Jacob
2152 2894 2235 2949 ibi
2259 2893 2503 2961 habere,
2535 2890 2795 2964 exceptis
2833 2889 3033 2947 liberis
3059 2889 3204 2945 suis.

175 2993 444 3034 uxorem.
471 2980 591 3035 Cur
619 2977 924 3033 Abraham
949 2981 1083 3049 post
1111 2978 1481 3049 promissum
1511 2977 1623 3031 sibi
1645 2981 1701 3031 et
1730 2992 1833 3031 na-
1870 2994 1911 3047 ο
2014 2983 2303 3057 Quaeritur
2327 2998 2449 3055 quo
2478 2980 2606 3036 ierit
2648 2978 2911 3035 Rebecca
2968 2980 3347 3050 interrogare
3390 2975 3596 3033 Domi-

177 3071 295 3123 tum
329 3068 529 3135 Isaac,
564 3067 628 3123 in
655 3082 779 3140 quo
809 3067 860 3123 ei
890 3065 1298 3138 multiplicatio
1338 3067 1520 3140 prolis
1556 3070 1613 3122 et
1658 3066 1834 3121 bene-

174 3158 352 3215 dictio
383 3157 663 3228 gentium
685 3157 984 3230 promissa
1035 3163 1126 3213 est
1163 3173 1199 3213 δ.
1253 3158 1392 3227 Deo,
1436 3157 1616 3213 aliam
1647 3156 1834 3212 voluit

176 3248 395 3304 ducere
428 3247 731 3302 uxorem?
753 3250 874 3302 Non
900 3252 1142 3319 propter
1157 3247 1668 3313 incontinentiam,
1694 3261 1832 3300 cum

175 3338 356 3393 etiam
388 3340 559 3391 esset
586 3335 963 3404 grandaevus;
1020 3337 1124 3391 sed
1155 3337 1304 3391 sicut
1354 3340 1511 3405 Agar
1536 3341 1593 3392 et
1622 3334 1835 3391 Ismael

176 3426 534 3496 signiﬁcant
552 3423 821 3481 carnales
856 3425 1067 3480 Veteris
1103 3425 1480 3495 Testamenti,
1516 3425 1600 3480 sic
1643 3429 1699 3481 et
1729 3427 1831 3482 Ce-

178 3519 307 3572 tura
331 3521 394 3571 et
413 3514 522 3571 ﬁlii
543 3514 676 3584 ejus
706 3513 1043 3583 signiﬁcant
1072 3515 1400 3584 haereticos,
1459 3515 1564 3587 qui
1608 3531 1669 3569 se
1718 3514 1835 3569 exi-

186 3605 427 3659 stimant
453 3603 750 3677 pertinere
789 3603 870 3659 ad
926 3607 1158 3659 Novum
1196 3607 1658 3660 Testamentum.
1720 3603 1836 3661 Sed

192 3696 463 3763 utraeque
530 3692 879 3749 concubinae
944 3692 1241 3751 dicuntur.
1306 3694 1398 3749 Sic
1473 3693 1632 3750 enim
1695 3693 1835 3750 dici-

205 3782 353 3834 tur:

280 3867 444 3924 Vsus.
477 3874 525 3938 Ι,
554 3871 677 3926 7.-
702 3872 880 3929 F‘iliis
911 3877 1109 3929 autem
1150 3873 1619 3930 concubinarum
1653 3874 1834 3946 largi.

196 3964 289 4014 tus
314 3964 400 4015 est
422 3975 692 4017 munera.
726 3961 866 4017 Sola
908 3962 1090 4017 Saraa
1118 3977 1354 4035 semper
1386 3977 1541 4019 uxor
1569 3967 1834 4019 vocatur.

186 4048 325 4113 Quae
353 4052 442 4105 est
469 4048 587 4105 ista
633 4050 909 4119 Cethura,
939 4053 1041 4106 aut
1072 4049 1230 4106 unde
1259 4066 1448 4121 genus
1481 4050 1648 4106 duxit
1679 4050 1706 4106 ?
1735 4050 1838 4106 Ce-

177 4137 348 4194 thura
404 4136 837 4210 interpretatur
867 4140 1170 4209 copulata,
1218 4144 1320 4196 aut
1374 4141 1516 4207 vita,
1542 4155 1729 4213 quam
1758 4140 1838 4196 ob

178 4241 426 4283 causam
460 4227 855 4299 suspicantur
901 4227 1128 4284 Hebraei
1174 4227 1452 4285 eamdem
1482 4244 1611 4286 esse
1656 4233 1834 4300 Agar,

176 4331 322 4389 quae,
378 4319 585 4375 Saraa
622 4320 882 4385 mortua,
936 4317 1011 4372 de
1067 4317 1406 4375 concubina
1458 4318 1733 4376 transiret
1776 4319 1838 4373 in

174 4419 444 4463 uxorem.
484 4408 562 4462 Et
588 4406 825 4463 videtur
853 4406 1107 4480 depositi
1130 4408 1260 4479 jam
1290 4406 1543 4464 Abrahae
1568 4406 1841 4465 excusari

169 4501 326 4561 etas,
351 4512 438 4553 ne
473 4511 673 4552 senex
708 4502 850 4569 post
885 4501 1140 4553 mortem
1167 4496 1371 4554 uxoris
1408 4497 1622 4554 vetulae
1671 4497 1845 4554 novis

171 4592 463 4657 arguatur
496 4586 734 4658 nuptiis
786 4585 1111 4643 lascivisse.
1171 4590 1373 4644 Fertur
1430 4603 1674 4661 quoque
1704 4588 1848 4661 quia

170 4674 260 4733 ﬁlii
288 4677 607 4747 Abrahae,
631 4676 737 4748 qui
775 4676 828 4732 ei
865 4675 940 4732 de
972 4675 1228 4733 Cethura
1250 4677 1375 4733 nati
1404 4681 1563 4739 sunt.
1595 4692 1850 4749 occupa-

169 4774 375 4825 verunt
404 4764 720 4825 Arabiam
750 4783 939 4839 usque
968 4767 1048 4823 ad
1079 4768 1263 4823 maris
1306 4767 1487 4823 Rubri
1508 4766 1723 4823 littora.
1758 4765 1848 4823 Di-

166 4857 308 4916 citur
322 4864 559 4917 autem
582 4872 741 4913 unus
770 4874 842 4914 ex
870 4858 1125 4930 posteris
1155 4856 1431 4931 Abrahae,
1458 4858 1560 4931 qui
1590 4856 1850 4930 appella-

161 4947 335 5006 batur
354 4956 591 5019 Asser,
620 4946 865 5003 duxisse
886 4946 1175 5003 adversus
1210 4948 1460 5021 Libyam
1499 4948 1846 5015 exercitum,

163 5043 217 5095 et
255 5038 341 5097 ibi
375 5039 579 5097 victis
608 5036 886 5093 hostibus
907 5036 1274 5104 consedisse,
1298 5038 1548 5111 ejusque
1579 5041 1850 5111 posteros

160 5144 229 5185 ex
257 5130 535 5187 nomine
574 5127 734 5184 atavi
761 5125 1021 5184 Africam
1075 5141 1481 5200 nuncupasse.
1516 5127 1674 5184 Alios
1699 5141 1851 5201 quo-

158 5232 273 5294 que
302 5218 478 5278 ﬁlios
504 5214 775 5274 Abrahae
800 5230 875 5272 ex
901 5216 1156 5274 Cethura
1185 5231 1511 5292 occupasse
1561 5216 1744 5274 India:
1767 5233 1855 5273 re-

162 5308 374 5379 giones
405 5305 772 5365 aestimatur
798 5305 909 5377 [Z.,
942 5305 1283 5377 aestimant].

222 5400 398 5457 Vsus.
436 5401 685 5455 8-25.—
704 5395 851 5451 Hinc
879 5394 1144 5469 sequitur
1163 5394 1417 5468 qualiter
1435 5393 1742 5452 Abraham
1758 5395 1858 5453 de-

162 5488 368 5546 ﬁciens
403 5491 709 5546 mortuus
741 5489 851 5542 est.
888 5484 1205 5551 Quomodo
1257 5486 1534 5543 convenit
1581 5486 1855 5551 Abrahae,

164 5582 279 5635 tam
310 5583 556 5637 sancto
582 5576 737 5644 viro,
772 5582 829 5632 et
881 5576 1157 5644 deﬁciens
1185 5581 1459 5632 mortuus
1490 5580 1576 5633 est
1596 5576 1624 5633 ?
1668 5578 1733 5633 In
1761 5580 1864 5633 He-

166 5667 319 5730 braeo
347 5682 499 5729 non
533 5665 820 5735 habetur,
839 5664 1137 5739 deﬁciens,
1164 5665 1269 5722 sed
1297 5680 1334 5723 a
1363 5666 1490 5724 LXX
1527 5664 1863 5738 Interpreti—

1939 3090 2105 3141 num,
2141 3087 2275 3127 cum
2321 3071 2578 3140 parvuli
2606 3072 2667 3125 in
2718 3075 2887 3126 utero
2923 3070 3053 3138 ejus
3092 3064 3602 3125 coltidebantur?

1939 3163 2110 3218 Forte
2137 3160 2217 3217 ad
2243 3158 2447 3216 locum
2493 3157 2597 3213 ubi
2625 3172 2794 3213 aram
2832 3156 3218 3213 constituerat
3268 3153 3597 3221 Abraham,

1942 3266 2113 3309 orare
2141 3248 2323 3318 venit,
2350 3246 2445 3303 vel
2474 3247 2653 3303 etiam
2685 3249 2854 3302 erant
2881 3243 3067 3318 aliqui
3092 3243 3240 3299 tales
3287 3242 3469 3299 etiam
3495 3238 3597 3299 illo

1941 3344 2211 3413 tempore
2249 3336 2524 3395 homines
2560 3332 2679 3405 Dei,
2710 3333 2772 3391 in
2821 3332 3045 3407 quibus
3075 3337 3280 3407 posset
3318 3335 3473 3389 Deus
3512 3330 3600 3389 in.

1940 3426 2249 3499 terrogari.

2013 3521 2102 3574 An
2133 3511 2791 3573 secundumhistoriam
2816 3508 2914 3567 vel
2938 3507 3120 3566 etiam
3151 3507 3501 3581 allegoriam
3516 3507 3601 3566 in-

1943 3605 2332 3678 telligendum
2356 3602 2636 3676 est,quod
2660 3599 2949 3659 Dominus
2962 3598 3271 3673 respondit
3296 3596 3598 3654 Rebeccae:

1943 3697 2096 3753 Duae
2124 3700 2325 3765 gentes
2354 3695 2417 3749 in
2467 3697 2637 3767 utero
2678 3695 2777 3747 tuo
2825 3694 2988 3760 sunt,
3035 3692 3090 3745 et
3145 3686 3263 3743 duo
3280 3687 3501 3758 populi
3527 3698 3603 3745 ea:

1944 3791 2151 3842 ventre
2170 3784 2288 3839 duo
2318 3781 2686 3851 dividentur,
2709 3776 3093 3849 populusque
3118 3776 3407 3847 populum
3435 3787 3605 3845 supea

1946 3874 2127 3943 rabit,
2157 3878 2213 3929 et
2244 3876 2445 3942 major
2472 3870 2686 3927 serviet
2709 3868 2979 3925 minori?
2996 3863 3341 3921 Secundum
3369 3866 3604 3920 utrums

1947 3979 2065 4037 que
2095 3960 2369 4018 modum.
2386 3956 2730 4031 Spiritaliter
2741 3970 2882 4012 vero
2901 3953 2984 4010 sic
3000 3952 3148 4010 solet
3169 3950 3417 4023 intelligi
3436 3944 3608 4025 quod

1951 4052 2178 4110 dietum
2202 4054 2311 4118 est,
2327 4052 2391 4106 ut
2418 4051 2575 4105 Esau
2594 4047 2889 4117 ﬁguratus
2911 4044 2984 4101 sit
2994 4043 3190 4116 major
3202 4041 3465 4117 pepulus
3483 4039 3604 4111 Dei,

1950 4145 2067 4200 hoc
2096 4145 2184 4199 est
2212 4139 2566 4197 lsraeliticus
2593 4134 2928 4194 secundum
2959 4148 3222 4192 carnem.
3258 4133 3370 4190 Per
3417 4131 3609 4190 Jacob

1958 4238 2159 4290 autem
2182 4231 2475 4303 ﬁguratur
2505 4227 2774 4285 Christus
2803 4226 2864 4283 in
2884 4223 3111 4300 populo
3140 4223 3472 4282 Christiano
3524 4237 3610 4280 se-

1882 4350 1926 4407 D
1956 4320 2226 4380 cundum
2252 4316 2621 4394 spiritualem
2661 4315 3013 4407 progeniem
3069 4318 3467 4407 propagatus.
3496 4309 3613 4370 Sed

1957 4412 2138 4469 etiam
2167 4407 2448 4467 historica
2474 4406 2840 4481 proprietate
2866 4404 2985 4462 hoc
3032 4417 3396 4477 responsum
3451 4398 3614 4457 inve-

1955 4502 2115 4559 nitur
2143 4513 2271 4556 esse
2302 4497 2690 4572 completum,
2723 4493 2829 4552 ubi
2857 4493 3122 4568 populus
3153 4488 3353 4561 Israel,
3378 4488 3495 4545 hoc
3524 4489 3616 4543 est

1953 4588 2137 4647 Jacob
2169 4588 2368 4644 minor
2393 4584 2554 4641 ﬁlius
2570 4629 2583 4655 ,
2611 4583 2916 4657 superavit
2934 4581 3252 4646 Idumaeos,
3282 4577 3344 4632 id
3365 4579 3457 4631 est
3468 4588 3613 4644 gen-

1955 4682 2077 4736 tem
2102 4690 2289 4750 quam
2319 4673 2677 4748 propagavit
2706 4675 2884 4743 Esau,
2899 4682 3121 4740 eosque
3144 4665 3411 4722 fecerunt
3430 4660 3617 4719 tribu-

1959 4768 2140 4825 tarios
2172 4780 2279 4839 per
2297 4762 2508 4819 David.
2528 4761 2642 4819 Sed
2663 4763 2875 4833 postea
2889 4755 3136 4813 Idumaai
3155 4750 3616 4820 rebellaverunt,

1961 4861 2019 4914 et
2041 4856 2259 4928 jugum
2280 4849 2670 4909 lsraeliticum
2701 4864 2738 4905 a
2768 4846 2995 4905 cervice
3041 4861 3153 4903 sua
3178 4842 3621 4918 deposuerunt.

2036 4944 2150 5003 Sed
2181 4938 2613 5016 requirendum
2643 4942 2750 5006 est,
2790 4934 2941 5011 quid
2993 4939 3082 4993 est
3119 4932 3288 5009 quod
3341 4929 3619 5006 superius

1961 5032 2196 5107 dicitur,
2244 5034 2728 5103 Deprecatusque
2794 5033 2881 5086 est
2936 5028 3111 5085 Isaac
3150 5025 3472 5083 Dominum
3502 5036 3622 5095 pro

1962 5139 2151 5183 uxore
2176 5137 2307 5191 sua,
2327 5135 2390 5178 eo
2417 5119 2578 5192 quod
2601 5122 2749 5176 esset
2776 5114 3019 5185 sterilis,
3037 5119 3094 5172 et
3106 5112 3378 5188 reliqua?
3391 5112 3474 5170 Ea
3485 5126 3626 5185 qum

1964 5214 2154 5274 sancti
2181 5212 2293 5270 viri
2317 5209 2551 5269 orando
2584 5206 2871 5278 efﬁciunt,
2914 5205 2997 5263 ita
3025 5201 3454 5279 praedestinata
3489 5202 3633 5258 sunt

1962 5310 2027 5362 ut
2044 5302 2323 5378 precibus
2343 5294 2905 5358 obtineantur.Nam
2924 5292 3058 5368 ipsa
3076 5306 3323 5367 quoque
3348 5286 3636 5366 perennis

1966 5394 2135 5467 regni
2187 5388 2635 5466 praadestinatio
2664 5387 2746 5444 ita
2779 5389 2867 5444 est
2915 5384 2994 5442 ab
3035 5382 3453 5457 omnipotente
3514 5382 3637 5467 Deo

1972 5464 2282 5557 disposita,
2315 5484 2381 5537 ut
2410 5477 2488 5536 ab
2520 5476 2635 5534 hoc
2665 5474 2832 5533 electi
2860 5490 2937 5530 ex
2962 5473 3170 5531 labore
3200 5469 3485 5531 orationis
3509 5464 3641 5544 per-

1977 5573 2217 5631 veniant
2243 5572 2431 5643 [Petr.
2453 5585 2569 5625 om.
2599 5564 2928 5637 orationis],
2948 5568 3246 5637 quatenus
3277 5557 3640 5636 postulando

1955 5663 2299 5727 mereantur
2318 5658 2588 5730 accipere
2613 5654 2783 5729 quod
2802 5654 2886 5712 eis
2926 5653 3309 5727 omnipotens
3329 5650 3484 5706 Deus
3502 5645 3645 5703 autO
