4130 6182
543 198 648 251 207

545 319 765 376 sacula
794 316 1086 391 disposuit
1110 311 1543 378 donare.Quod
1567 327 1709 368 vero
1756 311 1839 368 ita
1869 309 1946 366 sit
1976 306 2203 364 concita

544 408 704 465 valet
721 404 1156 479 probari.Certe
1185 400 1402 457 etenim
1433 401 1713 456 novimus
1741 399 1886 472 quia
1909 401 1989 455 ab
2018 396 2204 452 Abra-

545 497 689 552 ham
720 493 1007 550 Dominus
1059 489 1239 546 dixit:
1287 490 1352 543 In
1400 490 1574 545 Isaac
1605 488 1922 545 vocabitur
1967 486 2077 541 tibi
2119 500 2201 541 se-

545 600 701 640 men.
733 583 838 640 Cui
867 581 1047 638 etiam
1075 578 1307 635 dixerat
1335 594 1349 633 :
1381 578 1626 635 Patrem
1680 579 2011 633 multarum
2057 590 2200 647 gen-

547 674 694 730 tium
726 670 1011 729 constitui
1053 674 1127 724 te.
1187 666 1291 724 Cui
1332 682 1571 722 rursum
1629 666 1904 740 promisit
1946 664 2196 721 dicens:

544 761 905 819 Benedicam
936 757 1062 828 tibi,
1093 762 1147 813 et
1177 756 1596 825 multiplicabo
1627 771 1821 812 semen
1852 760 2018 810 tuum
2047 755 2200 809 sicut

543 851 749 917 stellas
773 847 929 917 cali,
954 852 1008 902 et
1038 847 1201 903 velut
1227 860 1476 901 arenam
1494 861 1631 916 qua
1657 851 1741 901 est
1770 846 1833 900 in
1857 845 2055 900 littore
2073 859 2197 900 ma-

543 940 647 994 ris.
682 940 764 992 Ex
793 952 917 1010 qua
971 952 1035 992 re
1082 939 1285 1008 aperte
1338 938 1575 990 constat
1629 934 1775 1007 quia
1815 933 2196 1007 omnipotens

542 1029 697 1082 Deus
720 1040 925 1082 semen
956 1023 1214 1079 Abraha
1277 1022 1668 1096 multiplicare
1716 1038 1822 1095 per
1852 1027 2016 1078 Isaac
2046 1038 2196 1095 pra-

541 1115 962 1171 destinaverat.
998 1116 1063 1168 Et
1090 1117 1292 1169 tamen
1341 1112 1630 1184 scriptum
1663 1116 1780 1167 est:
1830 1113 2195 1181 Deprecatus

542 1212 626 1262 est
657 1206 832 1260 Isaac
852 1205 1175 1259 Dominum
1194 1217 1313 1272 pro
1342 1217 1533 1258 uxore
1567 1216 1699 1271 sua,
1737 1217 1802 1257 eo
1855 1200 2016 1273 quod
2050 1207 2195 1257 esset

540 1295 787 1350 sterilis.
831 1292 947 1358 Qui
971 1291 1281 1348 exaudivit
1336 1306 1491 1360 eum,
1523 1296 1577 1346 et
1630 1290 1790 1347 dedit
1846 1296 2193 1359 conceptum

538 1384 832 1439 Rebecca.
855 1380 912 1436 Si
942 1396 1085 1451 ergo
1113 1378 1526 1452 multiplicatio
1559 1378 1790 1449 generis
1815 1378 2071 1435 Abrahae
2088 1394 2196 1451 per

539 1471 705 1527 Isaac
731 1469 1151 1543 praedestinata
1168 1468 1294 1536 fuit,
1327 1483 1433 1523 cur
1460 1468 1782 1539 conjugem
1811 1466 2069 1523 sterilem
2099 1483 2195 1522 ac-

541 1560 740 1633 cepit?
771 1558 885 1615 Sed
914 1557 1203 1613 nimirum
1261 1560 1498 1613 constat
1552 1556 1697 1629 quia
1750 1555 2192 1629 pradestinatio

1644 188 2001 251 ANGELOMI
2045 180 2502 240 LUXOVIENSIS
2539 183 2852 241 MONACHI

3865 186 3974 247 208

2316 321 2542 362 manna
2574 306 2740 363 cibos
2761 307 3034 364 carnium
3061 306 3246 381 petiit,
3276 322 3430 380 quos
3458 308 3744 367 lautiores
3788 317 3974 385 puta-

2310 394 2409 449 vit.
2436 398 2502 450 Et
2528 395 2725 468 prima
2744 396 3006 453 ﬁliorum
3038 396 3159 451 Heli
3191 396 3371 469 culpa
3407 397 3655 456 suborta
3682 406 3772 457 est
3800 403 3975 475 quod

2310 499 2383 539 ex
2413 499 2622 540 eorum
2649 489 2790 541 voto
2820 486 3144 542 sacerdotis
3187 501 3338 559 puer
3362 501 3487 543 non
3518 488 3770 562 antiquo
3802 508 3976 549 more

2309 576 2510 628 coctas
2540 572 2711 630 vellet
2737 574 2812 631 de
2830 574 3122 631 sacriﬁcio
3149 590 3360 631 carnes
3387 576 3680 650 accipere,
3704 580 3817 636 sed
3838 597 3976 638 cru-

2307 659 2417 717 das
2446 667 2757 734 quareret,
2816 680 2971 737 quas
3002 664 3342 720 accuratius
3369 665 3695 724 exhiberet.
3733 672 3805 726 Et
3832 686 3976 727 eum

2306 749 2385 805 ad
2411 749 2786 808 Hierusalem
2816 752 3035 808 dicitur
3060 770 3073 807 :
3125 753 3271 808 Hac
3310 755 3435 823 fuit
3464 756 3754 827 iniquitas
3785 760 3977 817 Sodo-

2304 854 2434 906 ma,
2462 842 2681 897 sororis
2707 848 2842 912 tua,
2860 841 3164 911 superbia,
3196 844 3492 900 saturitas
3514 848 3696 916 panis
3712 849 3974 905 etabun-

2305 929 2521 986 dantia
2549 945 2726 1003 aqua
2766 930 3004 999 (Ezech.
3057 947 3174 999 xvi,
3234 933 3344 1004 49),
3387 940 3590 1007 aperte
3633 938 3974 995 ostenditur

2304 1018 2470 1090 quod
2493 1017 2716 1074 idcirco
2746 1018 3000 1075 salutem
3040 1020 3297 1092 perdidit
3322 1023 3466 1095 quia
3494 1039 3635 1080 cum
3669 1027 3970 1100 superbia

2303 1105 2444 1161 vitio
2464 1122 2817 1163 mensuram
2842 1107 3165 1165 moderatae
3182 1110 3517 1168 refectionis
3529 1115 3798 1173 excessit.
3820 1117 3969 1173 Hinc

2303 1194 2843 1268 primogenitorum
2871 1197 3124 1268 gloriam
3148 1202 3303 1257 Esau
3324 1201 3544 1273 amisit,
3575 1205 3715 1276 quia
3733 1221 3970 1278 magno

2303 1288 2452 1340 astu
2482 1284 2943 1342 desiderabilem
2970 1287 3195 1355 cibum,
3227 1288 3291 1344 id
3320 1294 3412 1345 est
3445 1289 3787 1349 lenticulam
3823 1311 3971 1351 con-

2304 1373 2552 1447 cupivit,
2587 1391 2798 1448 quam,
2825 1375 2976 1431 dum
3004 1376 3261 1433 venditis
3311 1378 3492 1435 etiam
3550 1381 3969 1453 primogenitis

2302 1463 2580 1535 praetulit,
2605 1481 2729 1538 quo
2754 1465 2817 1521 in
2861 1464 2961 1522 illa
2990 1466 3256 1540 appetitu
3289 1468 3616 1540 anhelaret,
3647 1470 3961 1530 indicavit.

2302 1556 2502 1625 Neque
2525 1553 2685 1609 enim
2715 1554 2909 1622 cibus,
2936 1555 3040 1611 sed
3066 1557 3364 1628 appetitus
3383 1558 3445 1613 in
3467 1558 3608 1617 vitio
3644 1566 3751 1617 est.
3800 1563 3964 1620 Unde

537 1648 817 1722 precibus
846 1646 1149 1720 impletur,
1188 1645 1437 1718 quando
1466 1644 1515 1700 is
1559 1645 1623 1701 in
1664 1660 1787 1718 quo
1818 1648 1973 1702 Deus
2001 1644 2195 1700 multi-
2231 1659 2272 1715 Β
2302 1646 2358 1697 et
2380 1640 2664 1698 lautiores
2690 1642 2858 1699 cibos
2879 1643 3235 1718 plerumque
3267 1646 3395 1702 sine
3425 1647 3604 1721 culpa
3639 1653 3960 1725 sumimus,

537 1736 746 1811 plicari
776 1750 983 1792 semen
1032 1735 1287 1790 Abraha
1334 1733 1878 1806 pradestiuaverat,
1919 1732 2187 1789 oratione

536 1824 792 1884 obtinuit
826 1828 893 1880 ut
918 1822 1073 1879 ﬁlios
1100 1822 1324 1879 habere
1350 1822 1660 1896 potuisset.

607 1918 772 1971 Vens.
798 1915 964 1969 24.—
978 1913 1200 1969 Factus
1233 1912 1520 1968 est‘Esau
1550 1912 1645 1968 vir
1671 1926 1899 1982 gnarus
1931 1912 2193 1968 venandi

537 2012 590 2062 et
613 2006 786 2060 homo
816 2002 1135 2073 agricola;
1158 2000 1342 2057 Jacob
1376 2005 1573 2057 autem
1601 2001 1696 2055 vir
1737 2001 1993 2070 simplex
2027 2000 2191 2056 habi-

538 2095 689 2150 tavit
719 2094 783 2148 in
814 2090 1240 2148 tabernaculis.
1266 2089 1367 2145 Vel
1389 2088 1541 2145 sicut
1568 2088 1630 2144 in
1656 2088 1773 2144 alia
1801 2087 2190 2145 translatione

535 2181 770 2249 dicitur,
787 2180 1100 2237 habitabat
1120 2179 1298 2234 domi.
1320 2177 1474 2244 Quid
1497 2192 1605 2250 per
1623 2176 2005 2233 venationem
2032 2178 2189 2232 Esau

534 2270 650 2326 nisi
678 2284 886 2325 eorum
915 2267 1039 2324 vita
1066 2267 1359 2337 ﬁguratur
1385 2265 1491 2339 qui
1538 2265 1600 2322 in
1657 2265 2046 2322 exterioribus
2087 2281 2192 2322 vo-

532 2358 867 2432 luptatibus
896 2356 1013 2413 fusi
1043 2372 1288 2412 carnem
1316 2355 1690 2428 sequuntur?
1709 2355 1820 2421 Qui
1834 2356 2014 2412 etiam
2036 2355 2191 2428 agri-

537 2447 670 2504 cola
698 2462 831 2503 esse
861 2445 1236 2513 describitur,
1268 2444 1413 2517 quia
1453 2448 1752 2501 amatores
1780 2444 1962 2515 hujus
1993 2440 2197 2500 saculi

538 2539 704 2592 tanto
730 2534 925 2604 magis
974 2533 1265 2589 exteriora
1320 2532 1588 2588 incolunt
1639 2536 1867 2604 quanto
1917 2532 2198 2589 interiora

538 2639 649 2680 sua
678 2622 904 2678 inculta
941 2620 1384 2693 derelinquunt.
1417 2621 1601 2677 Jacob
1654 2636 1796 2676 vero
1850 2621 2104 2694 simplex
2133 2624 2194 2679 in

538 2709 941 2768 tabernaculis
992 2709 1087 2765 vel
1133 2709 1196 2764 in
1259 2708 1443 2765 domo
1498 2709 1769 2765 habitare
1831 2710 2193 2781 perhibetur.

541 2801 693 2867 Quia
735 2799 1021 2856 nimirum
1076 2813 1288 2855 omnes
1340 2797 1445 2870 qui
1490 2797 1550 2853 in
1597 2797 1753 2853 curis
1809 2798 2198 2856 exterioribus

541 2889 741 2962 spargi
766 2887 1087 2958 refugiunt,
1122 2886 1423 2959 simplices
1453 2886 1516 2942 in
1559 2886 1896 2957 cognitione
1926 2893 2105 2961 atque
2135 2890 2196 2945 in

543 2977 921 3035 conscientia
954 2993 1075 3032 sua
1106 2975 1476 3032 habitatione
1508 2975 1859 3032 consistunt.
1889 2981 1953 3032 ln
1996 2977 2196 3034 taber-

540 3067 773 3124 naculis
804 3066 966 3123 enim
995 3070 1099 3122 aut
1152 3065 1215 3121 in
1248 3066 1431 3122 domo
1460 3064 1733 3121 habitare
1790 3069 1880 3121 est
1929 3081 1991 3121 se
2041 3065 2198 3123 intra

539 3156 756 3212 mentis
775 3162 1000 3212 secreta
1027 3154 1402 3226 restringere,
1431 3157 1488 3209 et
1516 3169 1908 3227 nequaquam
1936 3155 2194 3225 exterius

539 3261 647 3319 per
677 3245 974 3302 desideria
1012 3244 1342 3317 dissipare;
1375 3259 1472 3312 ne,
1501 3243 1647 3298 dum
1678 3243 1757 3299 ad
1788 3243 1976 3307 multa
2035 3242 2195 3300 foras

538 3334 794 3402 inhiant,
827 3350 864 3389 a
893 3334 1103 3406 seipsis
1124 3332 1365 3390 alienati
1392 3332 1854 3402 cogitationibus
1887 3333 2190 3389 recedant.

614 3426 782 3479 Vens.
829 3422 1018 3477 31-33.
1055 3452 1125 3461 -—-
1150 3420 1417 3492 Denique
1457 3420 1725 3491 sequitur
1750 3420 2006 3491 qualiter
2034 3424 2194 3476 Esau

542 3509 939 3583 primogenita
972 3524 1082 3564 sua
1105 3512 1348 3580 propter
1364 3507 1537 3561 lentis
1566 3506 1833 3562 edulium
1861 3507 2197 3564 Jacobven-

543 3596 713 3653 didit.
742 3598 885 3662 Qua
920 3602 1058 3651 sunt
1099 3594 1500 3668 primogenita
1538 3611 1673 3667 qua
1731 3597 1885 3651 Esau
1927 3596 2195 3653 vendidit

540 3685 725 3742 Jacob
752 3684 916 3740 fratri
947 3686 1097 3740 suo?
1121 3683 1384 3739 Tradunt
1409 3683 1639 3738 Hebrai
1665 3700 1875 3739 omnes
1895 3685 2193 3757 primoge-

541 3774 697 3831 nitos
727 3773 896 3844 fungi
924 3771 1120 3829 ofﬁcio
1150 3771 1550 3842 sacerdotum,
1606 3778 1930 3844 antequam
1991 3775 2193 3831 Aaron

541 3865 603 3920 in
635 3863 1043 3921 sacerdotium
1073 3861 1407 3931 eligeretur,
1446 3866 1503 3917 et
1543 3861 1827 3918 habuisse
1872 3863 2194 3920 vestimen-

540 3958 669 4009 tum
702 3950 1095 4021 sacerdotale,
1127 3949 1348 4023 quibus
1404 3950 1595 4007 induti
1654 3950 1928 4009 victimas
1980 3951 2192 4009 offere-

539 4042 709 4109 bant,
750 4046 809 4097 et
830 4042 961 4096 haec
990 4055 1122 4095 esse
1152 4039 1508 4096 vestimenta
1539 4042 1693 4096 Esau
1722 4040 1945 4113 quibus
1971 4042 2192 4098 Rebec-

540 4145 613 4185 ca
642 4129 836 4185 induit
870 4128 1054 4185 Jacob
1079 4127 1267 4184 ﬁlium
1301 4145 1498 4197 suum,
1518 4144 1777 4202 quorum
1810 4129 1993 4186 odore
2023 4134 2193 4202 pater

538 4218 868 4275 delectatus
897 4216 1329 4274 benedictionis
1376 4217 1609 4274 initium
1658 4218 1889 4275 astruit.
1945 4221 2010 4274 Et
2060 4219 2190 4275 hac

539 4312 679 4363 sunt
707 4306 1107 4380 primogenita
1130 4323 1267 4379 qua
1297 4312 1539 4381 propter
1564 4307 1774 4363 vitium
1802 4306 1956 4377 gula
1985 4308 2185 4379 perdi-

536 4395 640 4452 dit.
670 4395 785 4452 Sed
824 4394 1135 4451 sciendum
1165 4399 1253 4451 est
1273 4396 1416 4468 quia
1434 4396 1701 4468 quinque
1730 4410 1842 4450 nos
1867 4395 2065 4451 modis
2082 4411 2186 4467 gu-

533 4484 606 4540 la
627 4484 838 4541 vitium
870 4489 1070 4541 tentat.
1115 4483 1457 4558 Aliquando
1509 4500 1776 4556 namque
1839 4482 2182 4555 indigentia

533 4578 806 4648 tempora
822 4572 1125 4647 pravenit,
1140 4572 1468 4646 aliquando
1489 4588 1625 4628 vero
1642 4575 1881 4644 tempus
1897 4587 2021 4628 non
2031 4589 2184 4646 pra-

530 4664 712 4732 venit,
746 4662 852 4720 sed
882 4662 1047 4719 cibos
1066 4661 1347 4719 lautiores
1363 4661 1595 4734 quaerit.
1627 4659 1967 4732 Aliquando
1983 4661 2187 4735 quali-

528 4752 631 4809 bet
650 4752 949 4809 sumenda
963 4752 1098 4820 sint,
1119 4750 1449 4825 praparari
1471 4748 1807 4806 accuratius
1827 4749 2185 4824 expetit.Ali—

528 4841 777 4913 quando
808 4846 1010 4898 autem
1062 4846 1118 4897 et
1169 4840 1441 4914 qualitati
1498 4838 1771 4897 ciborum
1820 4844 1878 4896 et
1929 4840 2183 4915 tempori

528 4931 821 5001 congruit,
842 4931 945 4986 sed
961 4931 1020 4984 in
1041 4929 1173 5001 ipsa
1184 4930 1517 5001 quantitate
1535 4928 1812 4986 sumendi
1826 4946 2179 4987 mensuram

523 5019 859 5076 refectionis
890 5016 1137 5074 excedit.
1166 5020 1613 5091 Nonnunquam
1641 5034 1780 5075 vero
1805 5024 1861 5074 et
1885 5018 2176 5090 abjectius

524 5114 613 5165 est
637 5109 803 5181 quod
833 5106 1152 5163 desiderat.
1186 5109 1243 5160 et
1273 5096 1474 5162 tamen
1506 5106 1642 5178 ipso
1700 5109 1849 5161 astu
1900 5107 2176 5162 immensi

521 5196 804 5252 desiderii
833 5194 1094 5252 deterius
1124 5197 1354 5266 peccat.
1389 5195 1530 5258 Qua
1584 5193 1863 5250 vitiorum
1904 5199 2176 5266 tempora

519 5284 734 5338 melius
765 5283 1159 5349 ostendimus,
1197 5282 1248 5337 si
1272 5282 1402 5337 hac
1454 5281 1744 5353 exemplis
1802 5281 2176 5338 evidentiori-

518 5367 634 5423 bus
656 5369 1086 5440 approbemus.
1117 5370 1312 5426 Mortis
1343 5370 1568 5442 quippe
1599 5368 1955 5425 sententiam
1983 5370 2173 5442 patris

518 5472 620 5513 ore
666 5457 963 5514 Jonathan
991 5457 1227 5525 meruit,
1258 5457 1404 5530 quia
1430 5458 1492 5513 in
1519 5461 1702 5528 gustu
1731 5457 1925 5514 mellis
1954 5460 2169 5516 consti-

516 5550 711 5603 tutum
742 5545 957 5602 edendi
982 5550 1218 5618 tempus
1271 5548 1604 5603 antecessit.
1664 5549 1731 5602 Et
1786 5563 1858 5603 ex
1913 5548 2173 5622 Egypto

398 5620 401 5631 l
512 5635 779 5714 pepulus
807 5633 1053 5693 eductus
1084 5634 1144 5690 in
1176 5650 1376 5694 eremo
1397 5635 1696 5707 occubuit,
1722 5637 1868 5712 quia
1890 5620 2172 5713 despecto
2201 5637 2205 5641 ’

2301 1734 2360 1787 et
2386 1730 2742 1802 abjectiores
2772 1748 2895 1788 non
2928 1732 3055 1789 sine
3103 1738 3272 1790 reatu
3316 1737 3695 1794 conscientia
3725 1740 3955 1812 degus-

2300 1822 2518 1875 tamus.
2560 1818 2664 1876 Hic
2692 1820 2939 1893 quippe,
2973 1837 3156 1894 quem
3186 1821 3469 1893 diximus,
3500 1826 3827 1898 primatum
3859 1847 3964 1904 per

2297 1906 2641 1964 lenticulam
2669 1908 2951 1982 perdidit,
2987 1914 3044 1966 et
3090 1911 3244 1969 Elias
3297 1912 3359 1969 in
3408 1929 3611 1972 eremo
3677 1917 3961 1976 virtutem

2299 1996 2568 2069 corporis
2620 2012 2832 2053 carnes
2877 1997 3113 2056 edendo
3171 2002 3447 2058 servavit.
3482 2004 3646 2060 Unde
3696 2012 3751 2063 et
3807 2008 3964 2065 antis

2297 2102 2457 2158 quus
2494 2085 2705 2155 hostis,
2739 2086 2885 2159 quia
2914 2103 3039 2143 non
3089 2088 3314 2159 cibum,
3348 2090 3453 2145 sed
3494 2092 3611 2148 cibi
3641 2099 3963 2169 concupis-

2297 2174 2551 2231 centiam
2584 2190 2714 2231 esse
2751 2191 2999 2232 causam
3019 2176 3428 2235 damnationis
3452 2178 3735 2252 intelligit,
3758 2190 3813 2239 et
3829 2186 3950 2257 pri-

2299 2279 2471 2320 mum
2510 2262 2624 2319 sibi
2652 2264 2960 2321 hominem
2986 2281 3108 2321 non
3151 2282 3353 2336 carne,
3389 2269 3495 2325 sed
3522 2285 3703 2343 pomo
3732 2273 3939 2329 subdi-

2301 2352 2407 2421 dit,
2436 2356 2493 2408 et
2521 2351 2857 2409 secundum
2886 2369 3009 2410 non
3039 2370 3238 2425 carne,
3301 2356 3405 2413 sed
3460 2374 3617 2431 pane
3669 2362 3909 2418 tentavit
3933 2378 3949 2416 :

2303 2440 2444 2497 hinc
2492 2444 2585 2497 est
2607 2440 2775 2514 quod
2806 2442 3163 2517 plerumque
3193 2445 3385 2502 Adam
3432 2447 3613 2522 culpa
3651 2449 3949 2505 committi-

2306 2535 2422 2597 tur,
2452 2529 2630 2586 etiam
2658 2546 2798 2586 cum
2845 2531 3083 2603 abjecta
3117 2537 3174 2589 et
3200 2533 3341 2591 vilia
3369 2541 3708 2593 sumuntur.
3756 2541 3946 2610 Neque

2307 2618 2466 2675 enim
2502 2619 2697 2675 Adam
2729 2619 2910 2688 solus,
2942 2625 3009 2676 ut
3039 2638 3075 2678 a
3098 2622 3273 2678 vetito
3308 2639 3370 2680 se
3401 2640 3587 2697 pomo
3636 2627 3953 2700 suspende-

2307 2712 2412 2777 ret,
2442 2712 2808 2781 praceptum
2836 2710 3255 2782 prohibitionis
3285 2713 3531 2785 accepit.

2900 2889 3129 2945 CAPUT
3155 2889 3353 2947 XXVI.

2377 3062 2481 3119 Hic
2505 3062 2857 3136 interposita
2882 3065 3086 3135 [Petr.,
3122 3063 3219 3120 Hic
3247 3064 3387 3120 item
3416 3064 3630 3137 posita]
3653 3069 3742 3122 est
3762 3067 3964 3125 histo-

2304 3151 2413 3207 ria.
2451 3151 2508 3208 Si
2537 3152 2645 3207 viri
2666 3152 2815 3224 justi
2843 3152 3116 3208 voluntas
3146 3152 3308 3219 bona
3336 3156 3443 3225 est,
3470 3153 3617 3227 quid
3645 3160 3734 3211 est
3785 3159 3966 3229 quod

2305 3241 2472 3297 Isaac
2502 3256 2627 3297 non
2659 3243 2838 3306 Esau,
2867 3256 3048 3315 quem
3078 3240 3265 3298 voluit
3285 3242 3394 3298 sed
3417 3243 3622 3315 Jacob,
3644 3260 3834 3316 quem
3854 3262 3963 3303 no-

2302 3328 2429 3398 luit,
2461 3329 2811 3387 benedixit?

2372 3418 2523 3474 Justi
2547 3418 2830 3488 hominis,
2860 3423 3159 3491 quantum
3188 3419 3266 3476 ad
3316 3420 3741 3478 conscientiam
3783 3427 3963 3497 perti-

2300 3511 2421 3575 net,
2453 3506 2728 3563 voluntas
2753 3507 2918 3563 bona
2947 3512 3034 3563 est
3065 3525 3079 3576 ;
3112 3512 3408 3580 quantum
3447 3515 3651 3567 autem
3676 3512 3753 3568 ad
3780 3528 3961 3585 pras-

2303 3595 2601 3667 cientiam,
2631 3595 2919 3653 immunis
2950 3601 3039 3654 est
3067 3597 3145 3654 ab
3172 3597 3441 3655 adversis
3465 3618 3478 3652 :
3508 3603 3660 3657 Deus
3685 3602 3844 3658 enim
3864 3620 3957 3659 so-

2300 3683 2394 3741 lus
2425 3688 2513 3740 est
2535 3684 2640 3757 qui
2671 3685 2745 3741 de
2798 3684 3013 3741 futuris
3057 3686 3309 3757 judicat.
3344 3692 3423 3744 Ac
3474 3704 3581 3761 per
3628 3690 3746 3745 hoc
3793 3695 3951 3746 Isaac

2297 3774 2518 3845 justus,
2558 3779 2854 3846 quantum
2894 3775 2972 3830 ad
3000 3781 3357 3848 prasentem
3411 3778 3844 3835 humanitatem
3867 3780 3953 3834 di-

2304 3876 2490 3932 gnum
2531 3869 2639 3930 est,
2679 3863 2974 3934 majorem
3016 3862 3209 3920 ﬁlium
3265 3882 3303 3922 a
3358 3881 3420 3921 se
3474 3865 3957 3924 benedicendum

2300 3952 2497 4021 magis
2529 3951 2793 4024 putabat.
2835 3952 2951 4008 Sed
2974 3953 3152 4022 Deus,
3182 3953 3288 4026 qui
3333 3954 3704 4011 occultorum
3754 3957 3961 4025 cogni-

2301 4043 2393 4097 tor
2419 4044 2528 4107 est,
2552 4040 2849 4097 minorem
2895 4040 3380 4099 benedictionem
3420 4044 3633 4099 mereri
3676 4045 3956 4114 ostendit,

2300 4133 2367 4185 ut
2387 4128 2450 4184 in
2473 4128 2887 4186 benedictione
2912 4144 3034 4186 non
3062 4130 3326 4187 hominls
3345 4132 3681 4189 ostenderet
3707 4148 3836 4189 esse
3853 4132 3962 4189 be-

2298 4217 2720 4284 nedictionem,
2764 4217 2871 4274 sed
2902 4218 3023 4275 Dei.
3053 4218 3193 4276 Ideo
3214 4218 3443 4276 dictum
3470 4225 3560 4277 est
3584 4222 3647 4277 in
3678 4222 3960 4279 Numeris

2299 4306 2377 4362 ad
2416 4310 2656 4379 Moysen
2702 4311 2760 4365 et
2804 4310 3004 4365 Aaron
3053 4308 3432 4366 sacerdotea:
3471 4311 3689 4367 Ponite
3736 4326 3962 4368 nomen

2297 4411 2492 4452 meum
2516 4411 2697 4467 super
2717 4397 2876 4465 ﬁlios
2899 4398 3127 4454 Israel:
3161 4412 3266 4469 ego
3295 4399 3586 4456 Dominus
3610 4400 3961 4458 benedicam

2298 4501 2392 4543 eos
2423 4485 2624 4557 (Num.
2676 4491 2757 4555 vi,
2788 4485 2901 4559 27).
2946 4486 3280 4545 Sacerdotis
3312 4492 3400 4544 est
3427 4488 3818 4557 benedicere;
3851 4491 3963 4548 Dei

2294 4578 2385 4631 est
2413 4574 2690 4631 effectum
2711 4574 2973 4632 tribuere
2999 4575 3451 4634 benedictionis.
3473 4577 3639 4634 Unde
3666 4576 3964 4638 intellexit

2293 4667 2463 4721 Isaac
2491 4679 2599 4738 per
2629 4663 2909 4737 spiritum
2938 4664 3292 4739 prophetia,
3342 4682 3380 4722 a
3430 4666 3550 4722 Deo
3580 4666 3961 4725 benedictio-

2291 4769 2429 4810 nem
2463 4769 2643 4827 super
2663 4753 2960 4811 minorem
2981 4753 3171 4810 ﬁlium
3197 4754 3707 4826 pradestinatam.

2362 4842 2549 4900 Dixit:
2582 4844 2879 4901 Benedixi
2901 4845 2976 4917 ei,
2998 4848 3050 4900 et
3083 4843 3197 4899 erit
3225 4843 3582 4900 benedictus.
3605 4843 3959 4918 Spiritaliter

2287 4948 2430 4990 vero
2460 4937 2626 4991 Isaac
2645 4932 2968 4990 Judaicum
2989 4930 3286 5005 populum
3300 4931 3659 5003 designavit,
3681 4933 3785 5006 qui
3806 4935 3956 4993 cali-

2288 5037 2440 5093 gans
2456 5022 2645 5080 oculis
2665 5027 2724 5078 et
2738 5022 3106 5096 prophetans
3124 5020 3186 5077 in
3213 5021 3491 5094 praesenti
3509 5021 3703 5078 ﬁlium
3722 5038 3849 5079 non
3868 5025 3957 5081 vi-

2285 5109 2389 5176 dit,
2422 5110 2519 5166 cui
2558 5116 2764 5166 tamen
2789 5110 2981 5167 multa
3022 5110 3085 5165 in
3113 5113 3425 5183 posterum
3468 5110 3758 5183 pravidit.
3791 5112 3953 5178 Quia

2284 5197 2571 5254 nimirum
2591 5196 2881 5253 Judaicus
2907 5196 3196 5272 populus,
3227 5198 3557 5273 prophetia
3588 5200 3800 5273 spiritu
3818 5201 3953 5273 ple-

2283 5299 2418 5358 nus,
2450 5290 2507 5342 et
2534 5301 2749 5354 cacus,
2783 5301 2924 5343 eum
2954 5285 3029 5342 de
3051 5302 3174 5359 quo
3204 5289 3395 5347 multa
3423 5289 3486 5345 in
3531 5288 3732 5345 futuro
3781 5305 3947 5363 pra-

2282 5372 2449 5442 dixit,
2470 5374 2533 5431 in
2561 5375 2845 5448 prasenti
2873 5374 3138 5448 positum
3164 5390 3291 5434 non
3319 5377 3583 5450 agnovit.
3617 5377 3729 5445 Qui
3757 5378 3948 5437 etiam

2282 5463 2360 5518 ad
2389 5462 2796 5520 damnationis
2826 5480 2947 5520 sua
2975 5465 3290 5523 cumulum
3319 5482 3458 5525 eum
3487 5483 3674 5543 quem
3722 5471 3945 5525 natum

2280 5550 3008 5624 despiciunt,nasciturum
3019 5554 3199 5627 longe
3212 5559 3351 5613 ante
3364 5557 3810 5629 prasciverunt,
3832 5557 3943 5614 sed

2280 5640 2459 5699 etiam
2488 5640 2592 5699 ubi
2618 5647 2988 5703 nasceretur.
3017 5649 3171 5704 Nam
3195 5644 3276 5703 ab
3303 5643 3537 5704 Herode
3555 5646 3827 5722 requisiti
3854 5646 3947 5706 lo-
