4136 6176
189 177 302 232 209

1559 171 1909 229 COMMENT.
1953 174 2022 229 IN
2062 174 2218 231 GEN.

3496 180 3605 236 210

188 313 327 355 cum
371 292 696 352 nativitatis
727 294 859 366 ejus
913 295 1273 369 exprimunt,
1312 294 1588 352 videlicet
1618 294 1841 351 Bethle-
1871 296 1918 352 Α
1949 300 2035 353 est
2082 297 2416 357 doctrinam
2469 302 2862 376 apostolicam
2895 320 2907 361 :
2955 303 3223 372 propriis
3300 304 3599 373 manibus,

186 389 347 452 hem,
377 391 442 441 ut
468 384 603 457 ipsa
628 400 842 440 eorum
869 385 1113 443 scientia
1137 390 1196 442 et
1222 385 1337 441 illis
1365 385 1532 441 ﬁeret
1561 384 1640 441 ad
1683 384 1839 441 testi-

183 476 463 533 monium
494 473 925 542 damnationis,
950 478 1008 532 et
1027 474 1204 531 nobis
1224 474 1302 532 ad
1322 473 1692 547 adjutorium
1720 489 1841 530 cre-

181 564 473 622 dulitatis.

254 655 441 711 Vens.
474 653 644 709 12-16.
673 684 743 693 —
768 654 931 711 Sevit
959 660 1157 712 autem
1188 656 1364 711 Isaac
1407 655 1472 710 in
1515 643 1679 711 terra
1704 655 1837 724 illa,

176 750 238 803 et
281 745 513 801 invenit
537 744 598 798 in
632 744 761 812 ipso
788 757 951 799 anno
979 745 1344 814 centuplum.
1375 744 1531 799 Licet
1557 742 1619 799 in
1644 742 1840 799 aliena

176 839 349 891 terra
404 831 804 897 seminaverit,
830 847 955 887 non
1002 837 1150 905 puto
1176 834 1344 906 quod
1368 837 1535 888 tanta
1562 832 1615 888 ei
1645 831 1840 888 fertili-

170 928 271 981 tas
325 922 576 992 frugum
619 920 811 978 fuerit.
848 921 1012 978 Unde
1049 921 1265 977 melius
1311 925 1459 994 puto
1514 921 1661 977 illud
1702 936 1836 977 esse

172 1011 351 1086 quod
381 1011 641 1067 habetur
666 1011 728 1066 in
758 1010 1029 1077 Hebraeo,
1057 1015 1113 1067 et
1141 1011 1354 1085 Aquila
1404 1027 1647 1085 quoque
1678 1016 1837 1068 tran-

172 1100 342 1157 stulit
376 1118 391 1156 :
423 1100 505 1156 Et
536 1101 760 1156 invenit
789 1102 853 1156 in
882 1115 1043 1157 anno
1072 1102 1179 1156 illo
1206 1102 1554 1170 centuplum
1584 1102 1834 1158 aestima-

173 1197 324 1246 tum.
358 1192 592 1245 Taceas
634 1188 792 1244 enim
827 1189 1129 1262 Scriptura
1153 1204 1344 1260 genus
1391 1188 1636 1260 frugum
1664 1190 1832 1262 quod

174 1276 707 1349 centuplicaverat.
743 1276 976 1333 videtur
1021 1277 1168 1334 mihi
1220 1281 1575 1334 cunctarum
1620 1277 1681 1333 in
1732 1277 1833 1333 illo

171 1366 467 1421 virtutum
493 1364 829 1422 ostendisse
858 1365 1433 1440 multiplicationem.
1457 1366 1722 1439 Denique
1749 1382 1835 1422 se-

174 1454 492 1526 sequitur:
535 1455 617 1509 Et
648 1453 948 1510 benedixit
976 1455 1031 1510 ei
1051 1456 1362 1523 Dominus,
1394 1461 1449 1512 et
1481 1455 1833 1526 magniﬁca-

173 1550 262 1598 tus
293 1549 391 1599 est
437 1545 556 1613 vir,
597 1549 653 1599 et
681 1543 1031 1600 ambulabat
1070 1544 1298 1615 videns,
1328 1550 1384 1600 et
1411 1545 1834 1616 magniﬁcatus

1947 386 2220 445 videlicet
2265 391 2521 463 propriis
2572 392 3014 463 scriptiouibus.
3051 392 3165 448 Sed
3205 393 3353 465 quid
3382 393 3602 449 diversi

1947 477 2109 547 putei
2140 481 2325 545 Isaac,
2359 496 2513 552 quos
2544 480 2822 536 foderunt
2852 480 3021 553 pueri
3052 480 3203 552 ejus,
3245 480 3598 551 signiﬁcent,

1941 562 2071 634 jam
2102 579 2263 637 saepe
2308 567 2537 638 praefati
2570 568 2679 623 viri
2706 568 2855 627 liber
2893 567 3138 638 indicat,
3172 568 3223 624 si
3253 569 3389 642 quis
3422 584 3600 625 nosse

1948 653 2224 723 gestierit.
2263 657 2538 730 Sequitur
2570 676 2582 713 :

2014 745 2186 799 Vens.
2214 748 2395 801 26-29.
2416 778 2485 787 —
2504 747 2548 801 A
2562 748 2603 801 (ἰ
2621 763 2790 817 quem
2817 749 3009 803 locum
3032 764 3164 803 cum
3182 749 3430 804 venisset
3457 749 3505 803 A
3518 748 3597 804 bi-

1945 833 2191 899 melech,
2220 839 2274 890 et
2308 834 2537 892 Ochoza
2562 838 2741 892 amici
2769 838 2958 903 illius,
2985 843 3040 893 et
3068 838 3258 906 Ficol,
3288 837 3417 893 dum
3445 839 3599 893 mili-

1949 925 2093 984 tum,
2119 924 2350 979 locutus
2380 932 2463 981 est
2492 928 2569 981 eis
2601 926 2793 987 Isaac,
2816 929 2871 980 et
2901 924 3147 998 reliqua.
3171 925 3488 982 Sciendum
3511 929 3599 981 est

1948 1013 2148 1065 autem
2178 1011 2343 1083 quod
2370 1012 2713 1068 Abimelech
2732 1013 2859 1075 iste,
2880 1029 3060 1085 quem
3091 1010 3350 1068 diximus
3371 1012 3596 1083 signiﬁ-

1949 1112 2084 1153 care
2135 1101 2408 1172 superius
2456 1102 2867 1174 philosophos,
2898 1106 2954 1157 et
2993 1101 3289 1157 studiosos
3321 1118 3595 1175 quosque

1946 1186 2045 1258 qui
2076 1202 2185 1259 per
2204 1189 2596 1246 eruditionem
2627 1190 3025 1263 philosophiae
3065 1190 3255 1245 multa
3304 1189 3482 1247 etiam
3521 1206 3595 1246 ex

1940 1276 2184 1332 veritate
2205 1280 2807 1350 comprehenderunt,
2838 1295 2963 1336 non
2993 1295 3230 1352 semper
3256 1279 3467 1335 habuit
3489 1296 3595 1353 pa-

1939 1380 2071 1420 cem
2102 1381 2242 1421 cum
2274 1371 2458 1437 Isaac,
2483 1369 2588 1425 sed
2615 1368 2943 1441 aliquando
2964 1368 3233 1439 dissidet,
3268 1368 3594 1441 aliquando

1939 1467 2153 1525 pacem
2208 1456 2471 1527 requirit.
2531 1461 2729 1530 Neque
2787 1457 2946 1513 enim
2977 1456 3321 1530 philosophi
3359 1472 3597 1530 semper

1941 1557 2079 1598 cum
2105 1543 2289 1599 verbo
2316 1544 2417 1600 Dei
2446 1547 2844 1612 consentiunt,
2875 1561 2986 1602 nec
3039 1561 3276 1618 semper
3316 1545 3593 1602 contrarii

173 1638 272 1701 est,
320 1634 520 1688 donec
566 1648 822 1703 magnus
874 1634 1042 1702 ﬁeret
1097 1633 1490 1690 vehementer.
1544 1632 1832 1689 Fertilitas
1859 1653 1905 1707 Β
1943 1635 2099 1687 sunt.
2124 1632 2289 1689 Multi
2320 1634 2477 1689 enim
2503 1635 2849 1708 philosophi
2881 1651 3072 1690 unum
3101 1638 3287 1690 Deum
3318 1634 3593 1707 esse,qui

173 1726 377 1775 autem
428 1725 491 1776 et
545 1720 960 1791 multiplicatio
1012 1720 1244 1791 hordei,
1276 1721 1509 1793 ignoro,
1556 1721 1605 1777 si
1651 1737 1835 1794 quem

172 1811 368 1882 possit
399 1809 601 1866 facere
623 1810 974 1880 gloriosum.
1005 1810 1230 1866 Verum
1250 1811 1309 1866 in
1336 1810 1704 1883 quibusdam
1735 1826 1834 1866 co-

173 1898 405 1955 dicibus
450 1899 793 1955 invenitur:
826 1900 1155 1956 Seminavit
1180 1905 1318 1969 post
1352 1901 1478 1956 haec
1525 1900 1832 1968 hordeum,

175 1996 224 2045 et
250 1989 484 2046 invenit
526 1990 896 2059 centuplum.
923 1989 1096 2054 Quod
1121 1989 1419 2045 hordeum
1472 1988 1747 2057 seminat,
1781 1992 1839 2045 et

180 2092 293 2132 non
320 2077 722 2141 frumentum,
752 2081 813 2134 et
849 2082 1050 2133 tamen
1095 2077 1467 2134 benedicitur
1522 2078 1584 2133 in
1640 2093 1733 2149 eo,
1777 2082 1836 2133 et

183 2181 433 2236 magnus
480 2165 757 2233 efﬁcitur,
786 2171 1037 2239 apparet
1053 2166 1222 2239 quod
1248 2167 1522 2223 nondum
1552 2170 1679 2223 erat
1705 2181 1833 2222 ma-

192 2269 336 2323 gnus
358 2274 375 2322 ;
400 2255 508 2311 sed
536 2259 941 2329 posteaquam
976 2254 1309 2322 seminavit,
1338 2260 1396 2312 et
1419 2255 1655 2326 collegit
1701 2271 1834 2311 cen-

196 2342 439 2415 tuplum,
471 2350 607 2400 tunc
638 2344 833 2400 factus
860 2347 953 2400 est
998 2359 1258 2414 magnus
1301 2344 1497 2401 valde.
1531 2345 1831 2401 Hordeum

193 2432 407 2505 quippe
443 2434 859 2504 jumentorum
903 2433 1165 2490 maxime
1213 2433 1382 2490 cibus
1408 2438 1499 2490 est
1544 2438 1602 2490 et
1629 2450 1830 2490 servo-

184 2536 328 2577 rum.
362 2525 516 2578 Nam
541 2523 709 2578 Isaac
736 2521 1035 2593 signiﬁcat
1058 2537 1401 2578 sermonem
1428 2521 1683 2601 Dei.\0ui
1712 2539 1832 2578 ser-

179 2626 275 2666 mo
298 2612 361 2666 in
391 2611 526 2680 lege
552 2611 846 2666 hordeum
880 2610 1154 2675 seminat,
1184 2611 1245 2665 in
1301 2610 1633 2681 Evangeliis
1689 2611 1831 2667 triti-

177 2715 330 2756 cum.
362 2701 464 2757 Ille
486 2701 648 2756 enim
678 2700 852 2757 cibus
880 2699 1330 2773 perfectioribus
1358 2704 1415 2756 et
1444 2700 1830 2773 spiritalibus,

176 2788 265 2844 hic
291 2790 757 2862 imperitioribus
785 2794 843 2845 et
872 2788 1234 2845 animalibus
1262 2795 1509 2863 paratus
1540 2795 1660 2860 est;
1689 2790 1832 2863 quia

177 2879 471 2952 scriptum
504 2885 593 2935 est
624 2897 638 2934 :
668 2881 954 2936 Homines
984 2884 1037 2935 et
1056 2882 1338 2949 jumenta
1383 2881 1583 2937 salvos
1608 2882 1826 2952 facias,

176 2969 426 3060 Domine
448 2970 639 3060 (Psal.
668 2985 863 3060 xxxv,
881 2969 956 3041 7).
991 2970 1058 3024 Et
1081 2973 1283 3025 tamen
1313 2969 1374 3060 in
1418 2969 1550 3060 ipso
1603 2970 1831 3060 hordeo
1860 3004 1902 3060 ο

173 3057 393 3113 invenit
419 3058 818 3114 centesimum
839 3056 1122 3113 fructum.
1155 3058 1390 3114 Iuvenis
1421 3058 1583 3114 enim
1613 3058 1673 3114 in
1702 3058 1831 3129 lege

176 3151 490 3219 martyres,
536 3162 797 3218 quorum
827 3150 921 3202 est
964 3147 1323 3203 centesimus
1370 3147 1616 3204 fructus.
1652 3148 1832 3204 Semi-

172 3236 334 3291 navit
390 3234 722 3302 hordeum,
760 3233 952 3304 legem
1008 3235 1283 3291 videlicet
1337 3236 1717 3308 exponendo,
1776 3240 1833 3292 et

173 3323 615 3392 manifestavit,
645 3322 809 3394 quod
847 3322 939 3379 lex
989 3323 1273 3396 spiritalis
1328 3328 1435 3378 est.
1467 3325 1628 3379 Tunc
1658 3320 1830 3376 semi-

174 3414 334 3469 navit
382 3411 675 3478 triticum,
703 3413 1095 3483 evangelicam
1143 3412 1417 3469 videlicet
1463 3410 1832 3485 praedicatio-

176 3517 330 3558 nem.
378 3501 532 3557 Inde
558 3506 649 3557 est
674 3502 836 3575 quod
882 3503 1049 3575 prius
1079 3502 1349 3575 quinque
1400 3501 1588 3558 millia
1633 3500 1828 3556 homi-

180 3606 321 3646 num
365 3591 443 3647 de
473 3591 745 3664 quinque
773 3592 1053 3664 panibus,
1085 3591 1301 3647 deinde
1352 3590 1518 3664 quod
1569 3594 1829 3664 quatuor

188 3678 370 3734 millia
390 3680 462 3736 de
490 3685 715 3753 septem
748 3680 1009 3752 panibus
1034 3679 1336 3738 saturavit.

265 3768 436 3821 Vas.
475 3772 635 3824 I1-22.
668 3801 739 3810 —
771 3769 994 3825 Deinde
1031 3771 1192 3827 venit
1243 3771 1306 3825 in
1351 3771 1511 3826 valle
1560 3768 1823 3836 Geraris,

205 3858 255 3907 et
314 3853 586 3912 habitavit
639 3859 739 3913 ibi.
787 3858 900 3914 Pro
954 3858 1104 3915 valle
1165 3863 1483 3915 torrentem
1531 3857 1716 3913 habet
1764 3857 1827 3912 in

197 3941 444 4002 Hebraeo.
500 3949 700 4021 Seque
753 3947 917 4003 enim
966 3952 1130 4004 Isaac
1182 3947 1450 4003 habitare
1498 3950 1731 4019 poterat
1764 3946 1826 4001 in

182 4032 345 4090 valle.
403 4036 702 4093 Habitavit
772 4042 975 4095 autem
1032 4037 1094 4093 in
1164 4041 1438 4102 torrente,
1498 4040 1825 4108 postquam

173 4139 424 4193 magnus
468 4124 666 4182 factus
712 4130 821 4183 est.
866 4129 948 4182 De
996 4142 1119 4199 quo
1150 4126 1440 4198 scriptum
1470 4129 1560 4180 est
1586 4126 1674 4181 De
1704 4129 1825 4179 tor-

173 4220 329 4270 rente
379 4217 444 4270 in
498 4217 601 4271 via
654 4215 806 4272 bibet
841 4217 1029 4284 (Psal.
1068 4231 1180 4286 cxx,
1224 4216 1299 4286 7).
1336 4217 1412 4270 De
1464 4229 1587 4287 quo
1644 4212 1823 4269 etiam

173 4301 310 4360 ﬁlias
356 4304 541 4361 bibit.
590 4303 706 4360 Sed
762 4305 907 4378 quia
958 4304 1112 4361 Elias
1166 4320 1290 4360 non
1342 4309 1468 4359 erat
1523 4302 1821 4375 perfectus

171 4395 225 4446 ut
266 4393 575 4461 Christus,
604 4391 742 4448 ideo
773 4398 1000 4448 torrens
1030 4392 1125 4448 ille
1155 4392 1327 4448 aruit.
1366 4391 1651 4447 Dominus
1680 4406 1822 4446 vero

169 4481 605 4548 noster,etiam
654 4480 715 4537 in
766 4485 1020 4538 torrente
1078 4481 1331 4537 traditus
1382 4484 1492 4547 est,
1534 4478 1823 4535 dedicans

166 4572 685 4641 regenerationem
727 4574 999 4627 nostram
1037 4574 1096 4627 et
1146 4569 1430 4643 baptismi
1480 4583 1823 4625 sacramen-

221 4752 382 4808 νεεδ.
416 4752 635 4808 23-25.
660 4779 728 4790 —
757 4750 936 4804 Porro
961 4747 1329 4821 quibusdam
1349 4745 1711 4818 interpositis
1738 4761 1826 4801 se-

161 4838 344 4910 quitur
370 4838 667 4905 historia,
696 4837 864 4911 quod
893 4837 1161 4895 ascendit
1193 4836 1268 4893 ab
1290 4837 1397 4892 illo
1431 4836 1557 4891 loco
1587 4837 1647 4890 in
1679 4836 1823 4891 Ber-

155 4929 333 5001 sabee,
368 4930 489 4986 ubi
529 4929 822 4998 apparuit
862 4927 917 4984 ei
943 4928 1229 4982 Dominus
1277 4927 1341 4981 in
1389 4927 1520 4995 ipsa
1550 4929 1741 4987 nocte,
1767 4927 1825 4979 et

154 5016 373 5091 reliqua
405 5031 748 5089 usquequo
773 5015 855 5071 ait
887 5031 901 5070 :
928 5016 1028 5069 Ad
1045 5030 1215 5086 quem
1257 5015 1449 5070 locum
1477 5029 1609 5069 cum
1631 5014 1821 5068 venis-

152 5116 271 5164 sent
293 5105 683 5173 Abimelech,
720 5110 776 5161 et
808 5104 1059 5165 Ochoza,
1095 5104 1275 5159 amici
1329 5104 1515 5169 illius,
1544 5108 1599 5158 et
1627 5102 1819 5173 Ficol,

152 5196 272 5253 dua:
294 5200 603 5261 militum,
632 5199 744 5250 etc.
779 5195 846 5249 Et
875 5192 986 5249 ait:
1022 5193 1146 5263 Ego
1174 5209 1301 5248 sum
1335 5192 1489 5249 Deus
1510 5191 1820 5247 Abraham

148 5291 333 5353 patris
385 5288 513 5343 tui.
561 5290 645 5339 Ac
696 5283 747 5338 si
788 5281 1052 5338 diceret:
1104 5285 1258 5338 Dum
1302 5281 1487 5353 patris
1538 5280 1620 5335 tui
1669 5282 1823 5335 Deus

155 5389 297 5441 sum,
331 5373 704 5433 misericors
752 5387 854 5428 cro
878 5372 959 5427 tui
985 5372 1140 5427 sicut
1163 5376 1220 5426 et
1245 5369 1504 5426 illorum.
1534 5370 1822 5426 Caeterum

157 5465 309 5523 Isaac
333 5463 720 5541 spiritaliter,
757 5461 1043 5518 Dominus
1064 5460 1284 5517 scilicet
1312 5462 1531 5529 noster,
1559 5458 1827 5515 extendit

161 5556 654 5623 tabernaculum,
676 5551 742 5609 id
772 5556 864 5608 est
893 5550 1240 5607 Ecclesium.
1276 5550 1684 5621 Praecepitque
1708 5563 1828 5605 ser-

162 5644 234 5699 vis
267 5648 419 5714 suis,
444 5644 521 5702 id
567 5647 660 5700 cst
702 5641 1013 5715 apostolis,
1047 5646 1110 5697 ut
1156 5640 1435 5711 foderent
1469 5643 1734 5707 puteum,
1760 5636 1825 5692 id

1942 1727 2157 1778 cuncta
2186 1724 2490 1794 creaverit,
2520 1725 2808 1781 scribunt.
2836 1724 3114 1781 Nonnulli
3139 1724 3318 1781 etiam
3347 1725 3462 1780 hoc
3493 1725 3595 1780 ad-

1940 1808 2221 1867 diderunt
2243 1812 2407 1883 quod
2435 1818 2650 1871 cuncta
2677 1830 2782 1887 per
2807 1813 3065 1869 Verbum
3097 1830 3275 1868 suum
3299 1813 3519 1879 fecerit,
3537 1817 3595 1869 et

1940 1898 2198 1956 Verbum
2231 1901 2329 1956 Dei
2385 1902 2462 1956 sit
2504 1902 2671 1974 quod
2722 1907 2939 1958 cuncta
2989 1901 3349 1957 moderetur.
3385 1906 3448 1957 In
3477 1902 3593 1957 hoc

1939 2004 2080 2043 cum
2110 1989 2240 2061 lege
2269 1995 2326 2047 et
2349 1992 2667 2061 Evangelio
2700 1992 3098 2049 consentiunt.
3125 1990 3421 2047 Dissident
3450 2006 3591 2047 vero

1939 2093 1975 2133 a
2015 2078 2192 2134 nobis
2248 2095 2387 2136 cum
2438 2080 2647 2137 dicunt
2698 2084 2818 2137 Deo
2870 2085 3224 2137 coaeternam
3275 2079 3591 2135 materiam

1940 2181 2090 2237 esse,
2122 2183 2260 2223 cum
2281 2173 2506 2239 negant
2532 2173 2718 2225 Deum
2744 2185 2953 2225 curare
2973 2168 3269 2235 mortalia,
3293 2168 3396 2223 sed
3449 2182 3590 2239 pro-

1940 2254 2268 2312 videntiam
2298 2256 2454 2313 illius
2480 2274 2662 2331 supra
2688 2257 2917 2314 lunaris
2949 2256 3109 2327 globi
3140 2255 3401 2328 spatium
3423 2254 3589 2311 cohi-

1943 2340 2090 2403 beri.
2122 2360 2260 2400 cum
2308 2350 2624 2402 nascentes
2663 2346 2966 2402 stellarum
2996 2343 3271 2400 cursibus
3296 2343 3587 2415 pendunt.

1946 2432 2258 2502 Dissident,
2290 2451 2430 2490 cum
2458 2439 2818 2509 perpetuum
2858 2434 3067 2491 dicunt
3100 2433 3263 2489 hunc
3288 2432 3590 2488 mundum

1945 2526 2002 2577 et
2029 2522 2194 2579 nulla
2246 2522 2364 2580 ﬁne
2408 2524 2833 2581 claudendum.
2864 2525 3012 2579 Sunt
3052 2526 3109 2579 et
3138 2522 3256 2578 alia
3282 2522 3345 2577 in
3373 2521 3591 2592 quibus

1944 2610 2233 2668 dissident
2260 2617 2316 2669 et
2340 2614 2726 2669 concordant.
2757 2615 2823 2669 Et
2842 2612 2977 2668 ideo
3014 2610 3357 2667 Abimelech
3382 2625 3592 2666 secun-

1944 2700 2091 2756 dum
2137 2702 2295 2758 hanc
2349 2703 2607 2772 ﬁguram
2655 2701 2982 2775 aliquando
3010 2702 3072 2757 in
3109 2717 3260 2774 pace
3290 2716 3421 2757 esse
3451 2716 3592 2757 cum

1942 2793 2131 2857 Isaac,
2179 2791 2506 2864 aliquando
2550 2791 2839 2848 dissidere
2887 2790 3262 2847 describitur.
3298 2789 3411 2847 Sed
3467 2803 3591 2844 non

1939 2879 2125 2934 otiose
2156 2880 2433 2936 scribitur
2460 2880 2625 2953 quod
2652 2880 2775 2936 duo
2814 2880 2913 2936 alii
2939 2895 3079 2935 cum
3123 2878 3466 2935 Abimelech
3496 2893 3594 2933 ve-

1938 2968 2154 3035 nerint,
2180 2968 2239 3024 id
2261 2972 2350 3025 est
2375 2970 2629 3035 Ochoza,
2663 2984 2845 3039 gener
2872 2969 3002 3039 ejus
3029 2971 3085 3024 et
3113 2967 3292 3038 Ficol,
3324 2966 3449 3022 dux
3478 2966 3591 3021 mi-

1936 3055 2127 3112 litum.
2157 3062 2581 3131 Interpretatur
2606 3063 2807 3114 autem
2841 3058 3074 3114 Ochoza
3104 3062 3329 3127 tenens,
3347 3060 3402 3111 et
3429 3054 3592 3110 Ficol

1938 3161 1998 3200 os
2053 3149 2337 3202 omnium.
2374 3149 2503 3218 Ipse
2549 3150 2750 3201 autem
2809 3144 3155 3201 Abimelech
3202 3150 3383 3212 pater
3427 3158 3592 3199 meus

1937 3248 2067 3289 rex.
2119 3235 2227 3300 Qui
2286 3240 2420 3301 tres,
2464 3235 2615 3289 sicut
2659 3234 2836 3303 longe
2871 3231 3143 3305 superius
3194 3229 3588 3300 ostendimus,

1935 3322 2259 3392 imaginem
2310 3323 2486 3377 totius
2540 3320 2939 3395 philosophiae
2992 3323 3210 3391 tenent,
3238 3335 3374 3392 quae
3422 3318 3590 3391 apud

1936 3424 2038 3465 eos
2084 3411 2145 3465 in
2194 3416 2308 3467 tres
2354 3416 2551 3483 partes
2601 3409 2904 3478 dividitur,
2935 3408 3215 3479 logicam,
3247 3408 3585 3481 physicam,

1936 3499 2213 3565 ethicam,
2232 3500 2291 3555 id
2308 3504 2398 3555 est
2429 3498 2807 3565 rationalem,
2836 3496 3171 3554 naturalem
3196 3500 3253 3553 et
3271 3495 3583 3552 moralem.

1934 3588 2255 3644 Hationalis
2281 3594 2387 3658 est,
2413 3605 2549 3661 quae
2582 3589 2769 3643 Deum
2820 3587 3057 3643 Patrem
3086 3585 3360 3641 omnium
3402 3585 3589 3641 conﬁ-

1932 3680 2104 3745 tetur,
2135 3683 2198 3733 ut
2225 3682 2312 3733 est
2342 3676 2704 3733 Abimelech.
2739 3675 3029 3732 Naturalis
3060 3679 3148 3731 est
3184 3674 3282 3731 illa
3306 3691 3443 3747 quae
3462 3674 3587 3729 ﬁxa

1933 3771 2040 3834 est,
2073 3771 2129 3822 et
2156 3770 2314 3823 tenet
2340 3766 2545 3822 omnia
2570 3764 2728 3820 velut
2772 3768 2999 3820 naturae
3043 3762 3198 3818 illius
3241 3762 3469 3819 viribus
3492 3761 3584 3818 ni-

1932 3862 2088 3927 tens,
2120 3872 2305 3928 quam
2335 3853 2645 3927 proﬁtetur
2691 3853 2943 3919 Ochoza,
2973 3852 3077 3923 qui
3113 3850 3328 3906 dicitur
3358 3856 3582 3906 tenens.

1934 3944 2165 4003 Moralis
2198 3947 2303 4009 est,
2357 3958 2491 4014 quae
2522 3941 2581 3995 in
2613 3956 2714 3996 ore
2740 3944 2827 3995 est
2851 3939 3144 4006 omnium,
3176 3943 3233 3994 et
3259 3938 3337 3993 ad
3366 3953 3581 3993 omnes

1933 4034 2204 4110 pertinet,
2234 4037 2291 4087 et
2320 4048 2428 4104 pro
2460 4029 2874 4086 communium
2906 4027 3290 4084 similitudine
3319 4041 3581 4099 praecep-

1933 4132 2132 4182 torum
2178 4123 2239 4177 in
2290 4120 2563 4177 omnium
2611 4134 2712 4175 ore
2758 4122 3048 4185 versatur,
3079 4132 3266 4190 quam
3308 4115 3583 4185 designat

1933 4214 2039 4270 iste
2070 4211 2245 4278 Ficol,
2277 4210 2383 4283 qui
2434 4225 2495 4265 os
2542 4210 2805 4265 omnium
2852 4207 3288 4279 interpretatur.
3323 4205 3389 4261 Hi
3435 4221 3578 4275 ergo

1933 4317 2145 4359 omnes
2172 4300 2235 4356 in
2278 4296 2699 4369 hujuscemodi
2719 4295 3181 4353 institutionibus
3208 4293 3456 4350 instituti
3483 4309 3579 4349 ve-

1934 4392 2107 4448 niunt
2134 4389 2213 4446 ad
2260 4389 2474 4459 legem,
2506 4391 2563 4443 et
2609 4386 2859 4442 dicunt:
2908 4386 3173 4441 Vidimus
3217 4390 3406 4441 tecum
3456 4397 3577 4439 esse

1934 4482 2272 4542 Dominum,
2305 4482 2358 4535 et
2409 4477 2633 4532 idcirco
2684 4477 2948 4532 diximus
2982 4493 2995 4530 :
3024 4474 3113 4529 Sit
3156 4475 3574 4544 juramentum

1931 4571 2090 4625 inter
2114 4584 2240 4639 nos,
2281 4570 2338 4622 et
2362 4565 2588 4637 reliqua
2618 4580 2830 4637 usque,
2858 4563 2960 4620 sed
2997 4578 3127 4619 cum
3173 4576 3322 4630 pace
3347 4559 3572 4615 dimisi-

1929 4674 2059 4714 mus
2089 4662 2331 4714 auctum
2359 4654 2760 4711 benedictione
2788 4651 3045 4708 Domini.

2001 4748 2254 4801 Possunt
2277 4742 2524 4815 quidem
2544 4741 2637 4797 isti
2665 4745 2802 4806 tres,
2829 4738 2934 4811 qui
2960 4751 3173 4808 pacem
3199 4731 3512 4807 requirunt
3539 4748 3577 4789 a

1933 4834 2118 4892 verbo
2163 4832 2281 4894 Dei,
2313 4835 2369 4886 et
2419 4830 2721 4902 pervenire
2748 4826 2997 4899 cupiunt
3021 4828 3201 4898 pacto
3229 4822 3578 4881 etoocietati

1936 4925 2087 4995 ejus,
2100 4921 2359 4989 ﬁguram
2379 4923 2573 4973 tenere
2596 4914 2771 4973 trium
2788 4918 3144 4984 Margorum,
3159 4913 3262 4987 qui
3285 4930 3359 4969 ex
3379 4912 3576 4969 Orien-

1936 5013 2007 5070 tis
2036 5009 2304 5084 partibus
2333 5006 2598 5073 veniunt,
2621 5004 2833 5061 eruditi
2877 5003 3141 5077 paternis
3184 5003 3370 5063 libris.
3399 5005 3456 5058 et
3482 5001 3575 5058 in-

1931 5100 2229 5158 stitutione
2256 5098 2649 5169 majorum,et
2673 5095 2908 5151 dicunt:
2936 5094 3082 5167 quia
3121 5093 3387 5149 videntes
3431 5092 3577 5148 vidi-

1930 5207 2067 5247 mus
2095 5193 2305 5245 natum
2331 5201 2554 5255 regem,
2587 5189 2645 5241 et
2666 5183 2949 5253 vidimus,
2979 5182 3123 5256 quia
3143 5183 3296 5238 Deus
3325 5184 3413 5236 est
3435 5196 3576 5236 cum

1931 5280 2050 5346 illo,
2075 5284 2132 5335 et
2155 5277 2432 5335 venimus
2461 5274 2714 5332 adorare
2734 5289 2893 5330 eum.
2922 5271 3260 5330 Istiusmodi
3284 5271 3577 5327 accedens

1932 5368 2010 5425 ad
2058 5367 2253 5438 legem
2296 5365 2397 5421 Dei
2424 5363 2762 5421 necessario
2806 5361 2991 5419 dicit:
3023 5362 3262 5427 Juravi,
3308 5365 3362 5416 et
3392 5359 3581 5415 statui

1933 5457 2232 5515 custodire
2280 5455 2519 5527 judicia
2553 5454 2811 5524 justitice
2844 5457 2961 5507 tua?
2988 5450 3177 5521 (Psal.
3211 5464 3395 5517 cxv1u,
3432 5446 3575 5518 106).

1937 5546 2049 5603 Sed
2093 5545 2240 5602 dum
2291 5549 2498 5618 petunt
2550 5549 2615 5597 ut
2650 5558 2769 5598 non
2814 5541 3008 5610 facias
3037 5540 3203 5596 nobis
3252 5538 3577 5609 quidquam

1933 5634 2101 5701 mali,
2128 5637 2186 5689 et
2203 5632 2451 5709 reliqua,
2472 5629 2889 5688 remissionem
2916 5632 3302 5701 peccatorum
3320 5640 3427 5697 per
3449 5624 3578 5683 huic,
