4136 6176
484 150 588 209 211

1593 145 1952 205 ANGELOMI
1993 138 2466 203 LUXOVIENSIS
2500 142 2820 201 MONACHI

3801 153 3910 211 ιη

488 271 592 348 [Ζ.,
623 273 761 345 hoc]
786 272 1107 347 deposcere
1136 273 1432 337 videntur,
1455 276 1511 328 et
1539 286 1615 329 ne
1644 271 1935 345 recipiant
1959 268 2140 338 mala,
2184 267 2232 325 Δ
2257 264 2572 338 impletum
2593 268 2869 337 videmus
2896 270 3042 343 quia
3068 270 3133 327 in
3151 274 3411 343 quatuor
3430 274 3705 345 partibus
3729 291 3913 334 mun-

486 363 967 420 benedictionem
1001 360 1325 432 postulant,
1358 377 1481 416 non
1506 360 1979 417 retributionem.

559 454 736 507 Vens.
769 454 855 509 30.
880 482 948 491 —
968 451 1045 506 Et
1069 450 1213 519 fecit
1246 450 1370 504 illis
1400 450 1760 505 convivium.
1793 451 2033 505 Certum
2056 453 2147 502 est

489 541 651 599 enim
678 538 822 612 quia
874 539 977 612 qui
1007 536 1302 596 ministrat
1348 538 1625 609 verbum,
1666 538 2036 612 sapientibus
2092 540 2149 594 et

488 629 914 704 insipientibus
940 627 1175 682 debitor
1202 630 1308 683 est.

1086 733 1313 790 CAPUT
1350 735 1550 791 XXVII.

561 843 740 897 Vens.
775 840 863 896 42.
891 872 958 880 —
981 841 1260 912 Dixitque
1278 842 1537 898 Rebecca
1560 842 1641 897 ad
1659 842 1846 898 Jacob
1867 859 1879 897 :
1897 842 2141 907 Audivi,

491 931 649 1003 quod
670 932 873 999 frater
894 935 1030 984 tuus
1062 931 1225 985 Esau
1255 932 1526 986 minatur
1546 933 1811 987 occidere
1832 937 1902 987 te.
1929 931 2146 996 Quaeri-

492 1025 585 1077 tur
609 1019 919 1092 quomodo
938 1020 1292 1075 annuntiata
1310 1025 1447 1074 sunt
1466 1020 1648 1075 verba
1670 1024 1819 1075 Esau
1837 1020 2141 1089 Rebeccm,

489 1108 709 1182 quibus
740 1108 1143 1164 comminatus
1172 1113 1257 1163 est
1306 1108 1575 1164 occidere
1626 1109 1869 1164 fratrem
1925 1125 2141 1175 suum;

490 1215 625 1255 cum
661 1198 962 1267 Scriptura
1016 1198 1175 1253 dicat
1200 1198 1315 1253 hoc
1367 1214 1502 1253 eum
1534 1200 1597 1269 in
1649 1216 1756 1254 sua
1787 1199 2143 1268 cogitatione

489 1286 708 1343 dixisse
726 1287 754 1341 ἰν
780 1286 903 1341 Nisi
933 1289 1079 1360 quia
1102 1286 1196 1341 hic
1219 1286 1394 1342 nobis
1424 1286 1602 1342 datur
1630 1287 1955 1358 intelligere
1976 1287 2144 1359 quod
2224 1319 2228 1322 s

490 1374 774 1430 divinitus
807 1373 858 1430 ei
885 1371 986 1447 [Z.,
1016 1373 1122 1438 eis]
1155 1373 1579 1429 revelabantur
1606 1376 1830 1431 omnia.

1063 1499 1294 1556 CAPUT
1331 1500 1571 1556 XXVIII.

2257 353 2318 408 di
2350 354 2606 412 Ecclesia
2638 358 2847 415 Christi
2875 364 2967 415 est
2992 359 3255 417 dilatata.
3292 362 3369 418 Et
3400 362 3820 421 benedicentur
3844 367 3910 423 in

2258 449 2330 506 te,
2392 443 2454 499 id
2483 446 2660 503 estin
2713 449 2964 515 Christo,
2995 465 3177 522 quem
3212 454 3273 508 tu
3323 450 3675 524 praeﬁguras
3701 474 3716 518 ς
3747 459 3802 511 et
3846 457 3911 513 in

2255 534 2474 589 semine
2499 540 2618 598 tuo,
2652 536 2766 592 hoc
2791 541 2879 592 est
2907 536 2969 593 in
2999 538 3288 610 apostolis
3320 546 3549 597 cuncta:
3571 541 3759 602 tribus
3790 549 3913 603 ter-

2257 636 2361 690 rai,
2392 622 2456 679 id
2484 629 2571 682 est
2600 641 2813 684 omnes
2840 626 3115 685 nationes
3148 632 3337 687 terrai.

2325 713 2404 768 Et
2434 729 2534 770 ero
2580 721 2774 772 custos
2805 722 2964 784 tuus,
2991 733 3343 790 quocunque
3367 721 3731 790 perrexeris.
3764 723 3917 790 Quia

2254 801 2411 857 Deus
2442 802 2611 860 Pater
2640 804 2959 861 custodivit
2979 806 3249 872 eum,vel
3268 822 3489 880 corpus
3517 807 3724 882 ipsius,
3741 812 3915 884 quod

2254 894 2343 945 est
2373 890 2649 948 Ecclesia.
2677 894 2755 949 Et
2783 895 3065 950 reducam
3094 900 3150 951 te
3179 896 3240 950 in
3271 902 3495 954 terram
3527 897 3714 969 hanc;
3737 901 3915 971 juxta

2252 979 2417 1051 quod
2468 980 2686 1043 Paulus
2719 982 2845 1039 ait:
2888 981 3141 1039 Caecitas
3187 998 3263 1041 ea:
3314 990 3492 1053 parte
3546 986 3791 1056 conligit
3847 988 3911 1042 in

2252 1069 2466 1125 Israel.
2500 1071 2648 1126 Cum
2679 1077 2877 1128 autem
2924 1073 3243 1140 plenitudo
3271 1075 3552 1143 temporis
3607 1076 3913 1133 introierit

2255 1162 2397 1212 tunc
2427 1160 2616 1214 omnis
2650 1162 2842 1217 Israel
2867 1161 3070 1216 salvus
3098 1162 3198 1228 ﬁet
3228 1164 3416 1228 (Rom.
3448 1179 3528 1230 x1,
3555 1164 3670 1234 25).

2327 1246 2594 1317 Cumque
2638 1250 2973 1319 evigilasset
3019 1250 3204 1306 Jacob
3234 1250 3307 1306 de
3334 1266 3561 1321 somno,
3592 1253 3680 1311 ait
3711 1269 3727 1309 :
3770 1253 3919 1313 Vere

2253 1335 2543 1390 Dominus
2569 1342 2654 1393 est
2680 1338 2744 1392 in
2777 1339 2903 1394 loco
2932 1338 3063 1394 isto.
3116 1338 3539 1411 Prophetando
3568 1339 3735 1410 dixit,
3762 1342 3919 1401 sicut

2256 1422 2381 1494 jam
2408 1424 2724 1482 manifeste
2755 1425 3324 1487 demonstravimus.
3359 1428 3509 1493 Quia
3532 1428 3760 1489 futurm
3787 1434 3920 1489 erat

2259 1516 2321 1569 ut
2353 1514 2642 1571 Dominus
2687 1514 2750 1571 in
2794 1514 3009 1571 eadem
3044 1521 3198 1573 terra
3232 1515 3539 1575 visibiliter
3576 1524 3917 1591 appareret.

562 1611 727 1666 Vens.
785 1608 940 1665 ιι-ιο
987 1608 1234 1678 passim.
1263 1638 1333 1648 —
1381 1606 1524 1662 Inde
1572 1607 1839 1679 sequitur
1892 1609 2145 1681 qualiter
2191 1602 2337 1680 BE!
2364 1618 2469 1673 ego
2499 1604 2849 1662 nesciebam.
2885 1607 3005 1660 Hoc
3045 1620 3115 1660 ex
3162 1620 3424 1677 persona
3449 1606 3679 1665 ludaici
3705 1608 3920 1680 populi

493 1695 680 1753 Jacob
737 1696 800 1752 in
855 1695 1061 1752 itinere
1117 1694 1445 1763 dormiens,
1476 1693 1740 1767 lapidem
1798 1697 1977 1769 capiti
2032 1713 2142 1753 suo

494 1784 831 1857 supposuit,
860 1788 917 1840 et
962 1782 1348 1853 obdormivit,
1380 1787 1435 1839 et
1478 1783 1625 1839 vidit
1671 1784 1897 1842 scalam
1927 1803 1964 1841 a
1994 1793 2148 1843 terra

494 1874 645 1931 caelo
667 1874 1076 1940 inhaerentem,
1097 1872 1370 1928 innixum
1388 1872 1562 1928 scala;
1584 1873 1921 1944 Dominum,
1944 1890 2150 1931 ascen-

493 1962 701 2019 dentes
725 1977 970 2035 quoque
1000 1966 1056 2017 et
1084 1960 1515 2018 descendentes
1545 1962 1791 2031 angelos
1815 1966 2145 2036 conspexit.

493 2052 560 2107 In
614 2052 821 2107 itinere
868 2050 1092 2124 quippe
1140 2050 1401 2106 dormire
1450 2054 1537 2106 est
1583 2051 1644 2108 in
1696 2052 1809 2109 hoc
1838 2054 2148 2125 praesentis

492 2140 625 2198 vitae
657 2140 911 2200 transitu
937 2155 973 2195 a
994 2154 1197 2195 rerum
1246 2139 1670 2210 temporalium
1719 2156 1924 2197 amore
1953 2143 2148 2214 quies-

493 2243 647 2299 cere,
670 2231 728 2289 et
750 2227 829 2287 ab
858 2227 1127 2299 appetitu
1152 2226 1479 2285 visibilium
1513 2228 1731 2283 mentis
1760 2230 1969 2295 oculos
1993 2230 2153 2286 clau-

493 2317 656 2379 dere.
687 2316 946 2388 Angelos
990 2331 1133 2372 vero
1181 2315 1572 2372 ascendentes
1631 2322 1689 2373 et
1717 2317 2149 2375 descendentes

494 2422 735 2465 cernere
764 2409 820 2463 et
857 2404 1014 2461 cives
1055 2404 1310 2461 ocelestis
1358 2406 1562 2478 patriae
1594 2407 2007 2480 contemplari,
2057 2408 2151 2466 vel

493 2497 724 2568 quanto
753 2510 957 2551 amore
985 2492 1277 2550 conditori
1309 2509 1418 2548 suo
1448 2509 1629 2566 super
1675 2496 2029 2567 semetipsos
2065 2496 2152 2552 in-

493 2583 785 2652 hereant,
815 2583 911 2640 vel
961 2587 1191 2656 quanta
1238 2582 1658 2654 compassione
1685 2584 1985 2641 charitatis
2038 2601 2147 2641 no-

496 2673 603 2729 stri
644 2671 1094 2731 inﬁrmitatibus
1150 2670 1658 2727 condescendant.
1691 2675 1756 2729 Et
1812 2672 2149 2730 notandum

491 2761 670 2819 valde
701 2766 790 2819 est
830 2760 997 2834 quod
1024 2760 1118 2817 ille
1148 2759 1453 2823 dormiens
1506 2760 1753 2830 angelos
1781 2762 1941 2819 videt
1987 2767 2045 2819 et
2086 2763 2149 2820 in

490 2850 693 2924 lapide
722 2854 905 2923 caput
931 2850 1121 2922 ponit.
1154 2849 1305 2915 Quia
1334 2848 1618 2906 nimirum
1642 2849 1773 2923 ipse
1798 2851 1876 2908 ab
1897 2851 2146 2908 exterio-

2258 1690 2425 1757 dixit,
2456 1692 2559 1764 qui
2584 1693 2925 1751 nescierunt
2953 1693 3257 1750 Christum
3303 1710 3414 1767 pro
3463 1695 3654 1753 salute
3700 1698 3916 1757 mundi

2257 1781 2319 1836 in
2347 1782 2513 1838 terris
2537 1782 2870 1839 advenisse.
2909 1783 3186 1855 Sequitur
3217 1800 3229 1840 :

2327 1872 2794 1942 Appellavitque
2844 1886 3055 1931 nomen
3088 1872 3251 1928 vrbis
3282 1871 3513 1931 Bethel.
3568 1876 3710 1939 Quae
3737 1874 3915 1933 inter-

2257 1963 2525 2032 pretatur
2579 1961 2788 2017 domus
2840 1962 2972 2017 Dei.
3021 1960 3327 2029 Signiﬁcat
3383 1961 3731 2028 Ecclesiam,
3771 1980 3913 2036 quae

2256 2046 2475 2103 domus
2504 2048 2604 2104 Dei
2655 2053 2764 2109 est.
2799 2050 2942 2116 Quae
2966 2050 3140 2118 prius
3169 2051 3334 2107 Luza
3392 2052 3737 2121 vocabatur,
3763 2068 3908 2124 quae

2256 2136 2678 2208 interpretatur
2741 2139 3155 2208 amygdalum.
3244 2138 3548 2207 Signiﬁcat
3607 2140 3907 2200 Judaeam.

2258 2224 2418 2281 Sicut
2462 2226 2826 2298 amygdalus
2870 2226 3031 2285 enim
3078 2230 3216 2285 ante
3257 2244 3470 2287 omnes
3499 2228 3736 2289 arbores
3763 2228 3912 2287 folia

2259 2312 2488 2383 emittit,
2520 2314 2601 2368 ita
2631 2318 2688 2371 et
2731 2313 2938 2373 Judaea
2968 2318 3105 2370 ante
3152 2330 3362 2371 omnes
3390 2321 3594 2385 gentes
3638 2316 3912 2377 notitiam

2258 2401 2360 2457 Dei
2411 2405 2469 2459 et
2515 2401 2661 2471 legis
2689 2402 2919 2469 habuit,
2955 2408 3012 2460 et
3053 2403 3229 2476 quasi
3271 2402 3390 2461 ﬁde
3417 2403 3647 2471 ﬂoruit;
3681 2410 3737 2462 et
3759 2405 3915 2465 sicut

2259 2489 2505 2562 quidem
2530 2506 2716 2563 poma
2744 2490 3056 2563 amygdali
3086 2492 3197 2549 tria
3241 2493 3547 2551 continent
3572 2494 3634 2550 in
3681 2510 3766 2563 se,
3794 2496 3907 2553 hoc

2258 2582 2347 2634 est
2375 2578 2627 2647 corium,
2663 2584 2877 2636 testam
2928 2584 2986 2637 et
3029 2580 3313 2639 nucleum
3342 2599 3355 2649 ;
3382 2581 3465 2639 ita
3513 2598 3684 2639 sacra
3716 2583 3910 2655 Scrip-

2257 2671 2412 2735 tura,
2446 2683 2635 2741 quam
2661 2668 2868 2726 Judaea
2898 2668 3069 2741 plebs
3092 2669 3375 2742 percepit,
3407 2670 3625 2728 trinam
3654 2672 3917 2729 continet

2257 2756 2321 2815 in
2354 2772 2417 2815 se
2472 2758 2947 2827 intelligentiam,
2977 2758 3041 2814 id
3070 2764 3155 2815 est
3185 2759 3522 2832 physicam,
3548 2760 3824 2832 ethicam,
3855 2765 3919 2817 et

2258 2844 2542 2917 logicam,
2568 2846 2684 2904 hoc
2714 2852 2803 2904 est
2847 2847 3236 2916 historialem,
3267 2847 3673 2919 allegoricam,
3705 2854 3763 2906 et
3784 2865 3919 2907 mo-

495 2939 665 2998 ribus
726 2938 1011 3013 operibus
1064 2954 1327 3006 cessans,
1395 2937 1629 2995 interna
1681 2945 1969 3011 penetrat,
2044 2942 2146 3014 qui
2188 2973 2232 3033 ο
2257 2933 2446 2993 ralem
2476 2935 2996 3005 signiﬁcationem.

491 3028 720 3089 intenta
793 3030 1014 3096 mente,
1077 3026 1244 3100 quod
1307 3025 1637 3100 principale
1709 3031 1799 3084 est
1860 3028 2143 3097 hominis,

490 3118 889 3177 imitationem
946 3116 1040 3174 sui
1111 3116 1522 3189 Redemptoris
1598 3116 1899 3174 observat.
1956 3120 2148 3192 Caput

489 3207 717 3282 quippe
745 3206 809 3264 in
837 3206 1037 3280 lapide
1066 3220 1290 3280 ponere
1338 3208 1427 3262 est
1470 3208 1669 3261 mente
1701 3204 1930 3263 Christo
1958 3206 2147 3262 inhie-

490 3311 642 3357 rere.

564 3384 719 3452 Quid
750 3389 838 3442 est
866 3384 1033 3457 quod
1061 3383 1245 3441 Jacob
1275 3383 1424 3439 dixit
1456 3401 1469 3439 :
1507 3384 1815 3440 Terribilis
1871 3391 1954 3441 est
1984 3388 2149 3443 locus

487 3474 618 3529 iste.
649 3473 785 3529 Non
823 3477 906 3527 est
937 3471 1033 3527 hic
1062 3471 1257 3537 aliud,
1300 3471 1420 3525 nisi
1446 3470 1653 3527 domus
1703 3473 1815 3529 Dei
1862 3479 1915 3529 et
1966 3481 2149 3543 porta

493 3561 673 3619 creti?
702 3562 834 3616 Haec
863 3558 1052 3617 verba
1093 3558 1173 3615 ad
1218 3557 1599 3630 prophetiam
1630 3560 1945 3630 pertinent,
1981 3564 2147 3633 quod

488 3648 759 3706 futurum
790 3651 917 3704 erat
938 3647 1002 3704 in
1025 3651 1182 3705 terra
1210 3645 1691 3719 repromissionis
1718 3651 1905 3704 Deum
1935 3666 2147 3707 verum

488 3737 721 3805 timere,
751 3740 809 3794 et
838 3736 1055 3809 colere,
1085 3734 1665 3809 tabernaculumque
1691 3737 1744 3794 ei
1799 3738 1948 3807 ﬁeri,
1976 3755 2147 3797 eum-

488 3843 631 3900 que,
662 3826 767 3900 qui
792 3830 881 3884 est
910 3841 1149 3899 semper
1176 3824 1381 3881 omnia
1400 3823 1752 3883 benedictus
1778 3828 1957 3896 Deus,
1983 3830 2147 3902 pedi-

487 3915 606 3972 bus
635 3916 758 3973 suis
788 3915 1102 3973 ambulare
1131 3916 1195 3971 in
1243 3930 1335 3972 ea.
1372 3916 1605 3971 Portam
1643 3916 1773 3972 coeli
1823 3921 2027 3973 autem
2060 3918 2146 3975 sic

488 4004 814 4075 intelligere
843 4004 1137 4062 debemus
1165 4008 1463 4076 tanquam
1493 4002 1632 4060 inde
1662 4004 1765 4061 ﬁat
1794 4006 1994 4062 aditus
2027 4022 2149 4064 cre~

490 4090 773 4147 dentibus
798 4091 879 4147 ad
907 4091 1349 4164 capessendum
1380 4106 1635 4161 regnum
1666 4092 1976 4150 caelorum.

562 4181 678 4237 Cur
725 4180 909 4237 Jacob
962 4179 1162 4236 oleum
1218 4178 1372 4239 fudit
1419 4196 1598 4253 super
1645 4180 1913 4254 lapidem
1962 4198 2145 4254 quem

488 4268 674 4326 erexit
696 4269 759 4326 in
787 4268 1068 4327 titulum?
1098 4272 1224 4326 Non
1248 4267 1596 4325 idololatriae
1627 4268 1760 4325 fecit
1788 4269 1995 4326 simile.
2016 4275 2145 4328 Non

490 4358 655 4414 enim
702 4355 800 4415 vel
845 4361 987 4415 tunc
1036 4356 1129 4414 vel
1176 4360 1386 4430 postea
1439 4355 1836 4429 frequentavit
1877 4357 2142 4431 lapidem

490 4444 808 4505 adorando
832 4449 937 4503 aut
983 4445 1038 4503 ei
1068 4444 1499 4514 sacriﬁcando;
1534 4445 1642 4501 sed
1673 4446 1916 4514 signum
1946 4446 2054 4503 fuit
2082 4449 2145 4506 in

486 4535 805 4611 prophetia
832 4534 1283 4595 evidentissima
1312 4533 1700 4601 constitutum
1729 4549 1867 4606 quae
1893 4534 2147 4607 pertinet

489 4624 570 4682 ad
621 4624 987 4683 unctionem.
1024 4624 1190 4681 Unde
1242 4622 1451 4679 Christi
1509 4626 1799 4691 nomenja
1827 4623 2146 4683 chrismate

489 4718 596 4773 est.
631 4714 965 4779 Prodamus
990 4711 1367 4772 manifestius
1394 4726 1503 4784 per
1534 4710 1790 4781 singula.

570 4803 845 4874 Vidit”
859 4805 1183 4863 Dominum
1207 4800 1395 4859 Jacob
1418 4801 1697 4857 innixum
1720 4802 1921 4870 scalw,
1950 4802 2149 4860 dicen-

492 4895 607 4945 tem
635 4890 749 4945 sibi
775 4908 787 4945 :
820 4891 949 4961 Ego
979 4907 1109 4947 sum
1149 4892 1310 4947 Deus
1356 4889 1664 4947 Abraham
1706 4892 1904 4961 patris
1954 4893 2064 4959 tui,
2093 4897 2149 4949 et

488 4978 648 5033 Deus
693 4978 887 5035 Isaac.
938 4980 1185 5034 Terram
1241 4980 1304 5033 in
1360 4994 1480 5049 qua
1533 4979 1756 5036 dormis
1814 4981 1923 5037 tibi
1973 4981 2146 5037 dabo.

490 5062 878 5132 Subauditur,
927 5064 990 5121 in
1037 5081 1165 5137 spe,
1194 5070 1249 5120 et
1292 5067 1506 5120 semini
1548 5073 1670 5137 tuo,
1718 5066 1781 5123 in
1827 5083 1910 5122 re.
1939 5067 2006 5123 Id
2063 5072 2150 5126 est

493 5150 744 5222 Christo,
770 5152 943 5223 juxta
997 5151 1187 5208 illud:
1220 5154 1473 5213 Postulo
1523 5169 1561 5209 a
1610 5169 1701 5210 me
1749 5160 1805 5211 et
1858 5155 2011 5210 dabo
2042 5156 2155 5211 tibi

492 5245 692 5311 gentes
746 5240 935 5312 (Psal.
995 5257 1055 5312 ιι,
1113 5241 1189 5313 8).
1243 5239 1346 5298 Vel
1394 5256 1599 5298 semen
1656 5240 1835 5308 illius,
1891 5242 2149 5313 apostoli

492 5328 903 5399 designantur.
932 5332 1188 5403 Eritque
1212 5343 1456 5403 germen
1481 5334 1670 5398 tuum,
1702 5329 1763 5385 id
1784 5334 1872 5387 est
1916 5329 2146 5402 ﬁdeles,

492 5417 648 5477 sicut
669 5419 873 5489 pulvis
927 5425 1124 5486 terra,
1148 5435 1273 5492 prae
1303 5416 1681 5474 multitudine
1722 5416 1821 5492 [Z.,
1852 5420 2147 5488 magnitu-

495 5505 655 5582 dine]
699 5506 1074 5579 subauditur,
1118 5506 1470 5565 dilataberis
1524 5507 1605 5563 ad
1667 5509 2048 5581 occidentem,
2089 5516 2143 5567 et

494 5597 801 5667 orientem,
849 5603 905 5657 et
957 5598 1437 5671 septentrionem,
1489 5603 1544 5657 et
1592 5599 1915 5661 meridiem.
1968 5599 2141 5668 Quod

2865 3078 3090 3134 CAPUT
3130 3080 3299 3133 XXIX.

2327 3204 2497 3259 Vens.
2537 3202 2584 3259 l.
2614 3235 2683 3243 —
2708 3204 3024 3274 Profectus
3063 3217 3202 3273 ergo
3230 3202 3438 3273 Jacob,
3466 3202 3529 3258 id
3570 3205 3660 3261 est
3714 3203 3923 3262 Domi-

2256 3306 2374 3347 nus
2425 3294 2595 3348 Jesus
2642 3292 2933 3354 Christus.
2978 3293 3148 3364 cujus
3204 3296 3420 3364 typum
3468 3292 3656 3349 tenuit
3678 3291 3738 3349 in
3792 3292 3915 3352 hoc

2254 3380 2410 3448 loco,
2439 3382 2520 3438 ad
2565 3387 2789 3438 terram
2836 3383 3207 3449 orientalem,
3238 3383 3355 3438 hoc
3385 3383 3473 3436 est
3508 3379 3587 3437 ad
3614 3380 3915 3453 populum

2256 3471 2628 3540 Judaaorum,
2677 3471 2783 3543 qui
2812 3471 3172 3527 videbantur
3201 3471 3474 3527 notitiam
3504 3470 3652 3540 legis
3706 3474 3763 3527 et
3809 3472 3916 3531 Dei

2256 3560 2499 3626 habere,
2552 3559 2626 3614 de
2682 3574 2805 3631 quo
2851 3560 3143 3632 Propheta
3183 3560 3266 3616 ait
3296 3576 3308 3617 :
3342 3560 3496 3617 Ecce
3541 3560 3667 3627 vir,
3700 3559 3915 3617 Oriens

2257 3664 2467 3705 nomen
2497 3649 2626 3717 ejus
2676 3647 2870 3715 (Zach.
2902 3664 2980 3715 v1,
3012 3650 3117 3720 l2).
3308 3650 3313 3655 ’

2334 3740 2496 3795 Vens.
2529 3741 2657 3792 2.—
2687 3738 2765 3794 Et
2794 3738 2941 3795 vidit
2973 3745 3219 3809 puteum
3241 3739 3305 3794 in
3344 3754 3511 3809 agro.
3543 3736 3916 3795 Profundita—

2256 3829 2376 3882 tem
2406 3826 2678 3884 videlicet
2710 3827 3149 3899 Scripturarum
3178 3827 3239 3883 in
3265 3827 3492 3901 populo
3515 3826 3784 3891 Iudaico,
3803 3842 3913 3882 seu

2256 3914 2510 3983 gratiam
2561 3915 2867 3989 baptismi,
2898 3917 2958 3972 in
3006 3916 3171 3975 libris
3218 3916 3364 3985 legis
3395 3920 3452 3971 et
3478 3917 3913 3990 prophetarum

2253 4004 2723 4076 praeﬁguratam.
2762 4008 3016 4077 Tresque
3057 4021 3261 4077 greges
3314 4007 3512 4063 ovium
3554 4007 3916 4067 accubantes

2245 4095 2435 4163 juxta
2461 4108 2613 4151 eum.
2649 4094 2799 4160 Quia
2822 4093 3110 4150 Judaicus
3141 4094 3401 4167 populus
3441 4094 3741 4167 tripliciter
3764 4093 3917 4151 divi-

2256 4198 2361 4237 sus
2388 4185 2533 4252 erat,
2564 4181 2626 4239 id
2656 4187 2748 4237 est
2774 4182 2836 4237 in
2864 4182 3199 4253 Pharisaais,
3231 4187 3289 4239 et
3334 4183 3697 4251 Sadducmis,
3728 4187 3786 4238 et
3808 4197 3919 4255 po-

2255 4270 2402 4344 pulo
2432 4270 2684 4339 vulgari.
2716 4273 2869 4328 Nam
2899 4287 2975 4329 ex
3002 4274 3111 4329 illo
3159 4288 3377 4342 pecora
3424 4271 3914 4345 adaquabantur.

2183 4325 2229 4382 ο
2256 4325 2660 4417 malum
2675 4325 2964 4417 alia;
3003 4325 3189 4418 ὲέὶὶαζ
3209 4325 3702 4433 gis-aegri;
3716 4325 3919 4421 ea.

2256 4449 2475 4506 Veteris
2504 4449 2863 4506 Testamenti
2896 4450 3346 4509 instruebantur
3370 4469 3381 4518 ;
3410 4450 3502 4506 vel
3531 4455 3731 4522 patres
3760 4449 3920 4507 anti-

2254 4537 2378 4610 qui,
2410 4537 2782 4609 baptismum
2810 4538 2872 4595 in
2894 4538 3062 4594 libris
3090 4538 3237 4609 legis
3276 4543 3333 4594 et
3360 4538 3791 4611 prophetarum
3823 4539 3919 4595 in-

2256 4625 2582 4696 telligentes
2610 4623 2713 4699 [Z.,
2760 4642 2881 4682 non
2930 4626 3137 4701 intel.].
3170 4628 3250 4683 Et
3277 4642 3340 4683 os
3386 4630 3513 4697 ejus
3558 4626 3783 4698 grandi
3827 4628 3919 4689 la-

2250 4714 2393 4784 pide
2421 4712 2836 4771 claudebatur.
2876 4714 3047 4787 Lapis
3094 4714 3254 4773 enim
3311 4715 3629 4781 Christum,
3660 4713 3765 4786 qui
3815 4731 3919 4771 oc-

2256 4802 2595 4861 cultabatur
2649 4802 2995 4871 incredulis,
3047 4802 3136 4859 vel
3211 4802 3492 4860 duritiam
3552 4801 3719 4873 legis,
3785 4819 3919 4875 qua

2256 4891 2536 4965 spiritalis
2585 4890 2970 4961 intelligentia
2997 4891 3091 4948 vel
3122 4891 3317 4961 gratia
3359 4891 3648 4965 Baptismi
3678 4890 3922 4951 celaba-

2257 4985 2371 5047 tur,
2397 4980 2714 5051 signiﬁcat.

2328 5070 2500 5127 Vnus.
2516 5073 2711 5125 3-6.-—
2730 5070 3033 5140 Morisque
3059 5075 3189 5131 erat
3215 5076 3280 5129 ut
3302 5071 3533 5129 cunctis
3552 5069 3758 5129 ovibus
3777 5084 3921 5126 con,

2254 5157 2492 5225 gregali
2518 5158 2899 5238 devolverent
2933 5159 3213 5226 lapidem.
3248 5159 3399 5226 Quia
3428 5174 3568 5217 cum
3601 5157 3919 5230 plenitu:lo

2254 5243 2545 5315 temporis
2575 5243 2837 5313 advenit,
2864 5250 3049 5316 utper
3072 5247 3453 5316 Unigenitum
3480 5262 3672 5317 genus
3700 5247 3924 5305 humav

2255 5346 2400 5387 num
2432 5331 2780 5398 salvaretur,
2811 5332 2941 5404 ipse
2966 5333 3229 5391 revelare
3249 5336 3531 5406 dignatus
3561 5340 3670 5405 est,
3693 5340 3750 5393 et
3770 5341 3919 5393 tunc

2251 5420 2468 5477 duritia
2485 5420 2629 5481 lenis
2651 5419 3029 5478 manifestata
3049 5427 3157 5480 est.
3176 5425 3471 5498 Scriptum
3495 5439 3759 5496 namque
3781 5429 3878 5480 est
3901 5442 3915 5479 :

2258 5511 2422 5566 Tunc
2434 5512 2673 5580 aperuit
2686 5510 2765 5567 eis
2776 5525 3033 5581 sensum,
3050 5519 3113 5569 ut
3135 5516 3536 5585 intelligerent
3556 5514 3919 5583 Scripturas

2250 5601 2418 5669 (Luc.
2446 5602 2809 5671 mv,45).-—
2828 5602 2909 5658 Et
2939 5604 3174 5676 refectis
3201 5603 3503 5675 gregibus,
3521 5603 3638 5660 hoc
3667 5606 3759 5660 est
3788 5617 3922 5660 cre‘
