4130 6182
240 171 363 226 213.

1556 126 1891 221 comsur
1932 161 2004 217 ut
2043 161 2201 219 seu.

3557 148 3666 204 2M

240 293 506 353 dentibus
534 289 850 347 ﬁdelibus.
902 292 1156 347 Rursum
1199 305 1383 360 super
1402 305 1467 346 os
1498 288 1664 359 putei
1716 299 1892 355 pone-
1923 286 1972 340 Α
2004 284 2151 341 lium
2174 288 2394 344 sororis
2424 300 2549 343 sua
2589 280 2880 347 cucurrit,
2914 276 3228 349 gressibus
3261 272 3425 344 ﬁdei,
3451 275 3512 329 et
3557 286 3661 328 am

241 390 386 445 rent.
414 383 562 449 Quia
586 380 879 452 gentibus
908 379 1285 437 credentibus
1325 379 1513 436 Judaei
1540 379 1604 434 in
1629 392 1738 433 sua
1761 373 1890 431 inﬁ-

238 478 469 535 delitate
503 474 996 547 permanserunt,
1023 473 1080 524 et
1108 483 1304 542 neque
1342 468 1663 533 Christum,
1694 477 1889 537 neque

237 564 700 642 profunditatem
731 558 1178 631 Scripturarum
1197 557 1550 628 intelligunt.

308 648 960 718 Vanam—Dixitque
1012 647 1199 703 Jacob
1237 651 1434 717 pasto;
1452 646 1580 701 ibus
1606 659 1630 701 .'
1680 642 1891 698 Adhuc

250 746 500 802 multum
529 748 750 810 tempus
780 737 904 792 diei
936 743 1221 806 superest.
1255 736 1572 802 Quomodo
1604 732 1890 791 Dominus

253 834 365 891 ista
386 832 635 906 loquitur
658 825 1173 901 praedicatoribus,
1226 825 1520 895 videlicet,
1568 824 1711 898 quia
1738 820 1889 878 mul-

258 926 379 980 tum
405 921 657 996 spatium
680 920 771 973 est
798 914 1023 971 amodo
1070 930 1264 988 usque
1295 915 1375 971 ad
1403 913 1671 971 futuram
1689 925 1888 967 resur-

257 1012 586 1075 rectionem,
618 1004 782 1080 quod
810 1003 1071 1076 spatium
1098 1002 1217 1059 diei
1243 1018 1367 1060 non
1394 1001 1693 1059 immerito
1722 1014 1889 1056 com-

248 1104 521 1172 paratur;
546 1096 691 1169 quia
728 1092 915 1149 modo
938 1092 1073 1148 licet
1107 1092 1170 1147 in
1200 1092 1462 1149 claritate
1497 1090 1637 1147 ﬁdei
1667 1088 1891 1146 consis-

243 1193 423 1245 tentes
450 1188 608 1244 bona
638 1199 834 1257 usque
878 1181 957 1238 ad
1004 1181 1186 1238 ﬁnem
1237 1181 1442 1237 saeculi
1496 1179 1751 1253 operari.
1776 1181 1889 1234 Nec

238 1282 465 1352 tempus
483 1281 574 1335 est
594 1280 660 1331 ut
682 1274 763 1330 ad
780 1272 986 1329 caulas
1015 1286 1247 1342 greges,
1287 1271 1350 1327 id
1404 1275 1493 1327 est
1521 1270 1603 1326 ad
1631 1267 1888 1325 mansio.

246 1383 347 1424 nes
392 1367 675 1433 ccelestes,
706 1363 851 1436 quia
898 1361 1063 1434 prius
1133 1360 1391 1433 perfecte
1438 1359 1646 1416 ﬁdeles
1678 1359 1886 1414 instru-

252 1457 385 1512 endi
429 1462 563 1512 sunt
616 1452 947 1524 cognitione
999 1450 1158 1506 ﬁdei.
1233 1450 1400 1506 Unde
1446 1453 1501 1505 et
1559 1446 1878 1504 subditur:

258 1545 405 1601 Date
444 1551 577 1601 ante
598 1549 791 1613 potum
819 1541 1047 1597 ovibus.
1107 1538 1335 1597 Scilicet
1390 1555 1461 1595 ac
1509 1537 1557 1593 si
1602 1536 1880 1592 dicatur:

1999 371 2275 444 plexatus
2302 380 2390 432 est
2419 391 2559 432 eum
2587 369 2849 430 brachiis
2894 364 3246 434 dilectionis,
3294 366 3352 420 et
3375 360 3516 419 ﬁdei
3548 378 3564 429 ;
3595 365 3652 417 et

1999 463 2062 521 in
2072 471 2278 523 oscuta
2289 481 2489 533 ruens,
2506 461 2775 519 videlicet
2787 458 3128 516 societatem
3140 450 3656 514 reconciliationis,

1996 555 2328 631 promeruit
2353 559 2413 611 et
2466 550 2786 610 charitatis.
2830 549 3021 605 Duxit
3070 546 3135 601 in
3179 544 3421 600 domum

1998 628 2150 713 Quia
2178 643 2511 716 hospitium
2542 640 2759 697 mentis
2807 637 2861 694 ei
2909 632 3269 709 praeparavit
3315 628 3656 716 perﬁdem,

1996 738 2063 791 ut
2088 733 2151 790 in
2176 713 2318 805 ipso
2340 730 2615 787 habitare
2649 727 3018 797 dignaretur,
3035 722 3208 794 juxta
3234 716 3399 792 quod
3422 715 3550 789 ipse
3576 713 3660 771 ait

1994 839 2102 897 per
2128 804 2489 893 Prophetam
2518 835 2531 874 :
2556 818 2632 874 Et
2648 813 3023 882 inhabitabo,
3053 806 3440 897 inambulabo
3461 806 3525 860 in
3538 804 3653 897 eis,

1995 892 2210 983 eraque
2237 892 2319 967 eis
2334 915 2537 979 pater,
2582 912 2639 963 et
2665 905 2785 975 ipsi
2810 907 2988 961 erunt
3034 898 3188 957 mihi
3217 899 3280 954 in
3300 894 3477 966 ﬁlios,
3510 892 3656 949 dicit

1995 1001 2283 1057 Dominus
2307 999 2399 1066 (II
2428 996 2564 1054 Cor.
2590 1012 2665 1061 v1,
2704 993 2787 1063 ιθ,
2815 993 2926 1063 18).

2065 1105 2289 1164 Deinde
2312 1106 2440 1176 jam
2474 1102 2747 1176 sequitur
2774 1102 3076 1173 quatenus
3107 1092 3297 1150 Jacob
3338 1087 3657 1148 serviendo

1995 1195 2164 1268 apud
2193 1194 2400 1250 Laban
2418 1191 2574 1249 duas
2627 1188 2857 1263 accepit
2884 1199 3122 1250 uxores,
3149 1181 3265 1238 hoc
3310 1183 3419 1250 est,
3458 1177 3656 1252 primo

1996 1285 2182 1351 Liam,
2218 1281 2483 1338 secundo
2506 1280 2743 1347 Rachel,
2760 1292 2872 1352 pro
2887 1289 3012 1349 qua
3038 1270 3276 1329 servivit
3303 1272 3533 1341 septem
3553 1280 3658 1323 an-

1992 1373 2087 1428 nis
2110 1371 2261 1427 aliis.
2282 1369 2391 1427 Sed
2426 1363 3031 1425 animadvertendum
3051 1365 3144 1418 est
3165 1358 3310 1432 quia
3334 1370 3498 1414 nunc
3524 1353 3654 1428 qui-

1991 1461 2140 1517 dam
2187 1459 2343 1515 male
2372 1458 2672 1514 aestimant
2691 1458 2831 1529 post
2861 1455 3091 1526 septem
3116 1463 3310 1506 annos
3339 1446 3488 1503 alios
3515 1458 3653 1501 eam

1995 1550 2227 1623 accepit
2257 1562 2531 1617 uxorem,
2566 1547 2675 1602 sed
2704 1549 2840 1619 post
2867 1547 3097 1615 septem
3148 1538 3278 1595 dies
3301 1535 3653 1623 nuptiarum

257 1634 509 1689 ῙΠεῖπιίίθ
563 1631 896 1703 είωρῖίοί¹θι⁹
942 1628 1260 1701 Simplices,
1316 1632 1373 1684 et
1396 1628 1480 1684 Sic
1512 1626 1591 1683 ad
1614 1628 1883 1714 Pastum;
1918 1637 1957 1691 Β
1993 1622 2204 1714 primae
2234 1637 2458 1694 uxoris.
2510 1640 2655 1693 Nam
2700 1634 2998 1709 sequitur:
3030 1632 3109 1687 Et
3129 1631 3429 1699 ingressus
3456 1629 3541 1681 est
3570 1622 3654 1679 ad

246 1721 354 1777 hoc
389 1727 475 1777 est
522 1720 598 1777 ad
655 1718 1104 1776 meditationem
1173 1716 1635 1789 Scripturarum,
1708 1712 1885 1769 redu-

244 1809 361 1864 cite.

294 1897 455 1952 Vens.
488 1900 545 1952 8.
576 1928 650 1936 —
681 1896 797 1963 Qui
841 1894 1280 1963 responderunt
1309 1909 1332 1949 ,ο
1363 1894 1497 1949 Non
1542 1903 1882 1962 possumus,

219 1985 394 2041 donec
421 1985 635 2040 omnia
672 1998 895 2053 pecora
924 1986 1387 2053 congregentur,
1417 1987 1480 2037 et
1503 1991 1885 2038 amoveamus

220 2074 475 2144 lapidem
512 2074 593 2128 de
618 2087 726 2128 ore
763 2074 931 2141 putei
960 2077 1027 2125 ut
1054 2072 1422 2142 adaquemus
1470 2086 1697 2140 greges.
1730 2074 1883 2127 Bene

208 2161 455 2233 quidem
512 2162 690 2217 aiunt
721 2177 736 2215 :
787 2161 919 2215 Non
953 2175 1286 2229 possumus,
1319 2160 1508 2214 donec
1563 2160 1762 2214 omnia
1789 2174 1886 2228 pe-

203 2265 337 2307 cora
368 2256 861 2321 congregemur.
890 2248 1042 2313 Quia
1070 2248 1297 2319 antiqui
1330 2247 1752 2319 prmdicatores
1781 2263 1886 2304 nec

200 2339 706 2410 profunditatem
756 2338 1214 2409 Scripturarum,
1242 2353 1355 2393 nec
1383 2337 1633 2407 gratiam
1662 2337 1883 2411 baptis-

200 2427 274 2483 mi
326 2428 477 2485 aliis
568 2425 844 2499 pandere
888 2430 1226 2498 potuerunt,
1305 2426 1499 2482 donec
1583 2426 1883 2483 adveniret

201 2521 436 2589 tempus
468 2530 611 2588 quo
663 2530 883 2570 omnes
938 2518 1145 2585 gentes
1195 2531 1302 2587 per
1330 2515 1622 2571 Christum
1646 2514 1723 2571 ad
1748 2531 1883 2588 pro-

138 2596 141 2597 V
206 2604 571 2662 lunditatem
624 2603 1073 2676 Scripturarum
1126 2608 1185 2660 et
1234 2604 1313 2660 ad
1343 2603 1567 2660 fontem
1594 2604 1879 2677 baptismi

209 2696 704 2765 aggregarentur.

277 2783 451 2840 Vens.
479 2786 537 2839 9.
566 2814 641 2825 --
658 2783 877 2839 Achuc
904 2781 1318 2853 loquebantur,
1350 2788 1408 2839 et
1455 2797 1587 2839 ecce
1638 2784 1868 2840 Rachel

216 2873 481 2929 veniebat
502 2889 634 2928 cum
664 2872 877 2929 ovibus
902 2872 1101 2941 patris
1121 2872 1232 2927 sui.
1249 2870 1405 2928 Nam
1445 2887 1689 2943 gregem
1727 2874 1867 2943 ipsa

211 2961 506 3028 pascebat.
534 2964 731 3017 Potest
760 2960 925 3016 enim
943 2976 1051 3032 per
1077 2959 1312 3027 Rachel,
1356 2976 1493 3034 quae
1519 2962 1643 3018 ovis
1690 2962 1872 3018 inter-
1904 2986 1945 3042 ο

219 3053 498 3119 pretatur,
521 3050 778 3105 Ecclesia
804 3048 1149 3119 signiﬁcari,
1168 3065 1304 3122 qua:
1331 3050 1496 3122 pavit
1520 3050 1665 3106 olim
1689 3055 1744 3107 et
1771 3067 1874 3124 pa-

225 3137 333 3192 scit
355 3138 533 3193 modo
559 3138 852 3211 pOpulum
884 3138 1269 3205 catholicum,
1325 3155 1464 3212 quae
1506 3156 1648 3195 cum
1679 3139 1871 3196 ﬁdeli-

224 3221 344 3278 bus
361 3224 520 3280 venit
542 3226 622 3280 ad
636 3227 945 3283 Christum.

307 3313 481 3367 Vnus.
507 3317 589 3368 to.
612 3346 679 3354 —
707 3316 885 3383 Quam
906 3332 1037 3374 cum
1072 3317 1313 3374 vidisset
1341 3318 1551 3374 Jacob.
1582 3318 1869 3375 Dominus

248 3398 479 3465 scilicet,
507 3417 672 3457 verus
698 3407 1128 3474 supplantator;
1160 3412 1215 3462 et
1238 3408 1416 3463 sciret
1446 3409 1865 3465 consobrinam

246 3502 431 3554 suam,
460 3490 764 3548 Ecclesiam
796 3493 1062 3551 videlicet
1090 3494 1166 3551 de
1208 3495 1485 3564 gentibus
1533 3497 1866 3566 collectam,

237 3592 369 3649 quae
412 3577 523 3635 ﬁlia
550 3581 766 3638 exstitit
814 3585 1171 3655 Synagogas,
1213 3600 1348 3657 qua:
1378 3589 1466 3640 est
1508 3601 1677 3641 soror
1710 3585 1866 3642 unici

228 3665 351 3722 Filii
372 3668 465 3723 Dei
491 3670 694 3738 Patris,
722 3673 896 3744 cujus
923 3672 1049 3729 ﬁlia
1071 3673 1288 3729 dicitur
1307 3690 1436 3730 esse
1458 3690 1565 3747 per
1588 3675 1863 3745 gratiam.

225 3754 367 3811 Oves
398 3757 617 3824 Laban,
641 3763 934 3817 avunculi
948 3763 1062 3831 sui,
1088 3760 1150 3817 id
1163 3766 1252 3818 est
1273 3761 1505 3831 gentilis
1536 3763 1767 3836 populi,
1793 3780 1865 3820 ex

215 3860 341 3917 quo
367 3848 651 3919 processit
674 3851 844 3923 prius
878 3852 1200 3923 Synagoga
1227 3851 1581 3908 Iudaeorum
1624 3852 1699 3909 de
1743 3870 1867 3926 qua

208 3935 493 3992 Dominus
522 3953 772 3995 carnem
831 3952 1140 3996 assumere
1195 3940 1477 4012 dignatus
1529 3945 1636 3997 est.
1671 3943 1865 4008 Quan-

203 4039 385 4096 quam
436 4026 645 4081 Laban
710 4027 983 4084 divinam
1026 4029 1315 4099 signiﬁcet
1368 4029 1645 4101 gratiam,
1691 4031 1864 4101 cujus

200 4129 337 4169 oves
366 4119 513 4169 sunt
545 4130 759 4172 omnes
814 4116 1001 4173 electi.
1035 4118 1274 4174 Amavit
1324 4119 1586 4189 lapidem
1615 4135 1730 4191 quo
1758 4135 1866 4189 pu-

199 4207 317 4258 teus
356 4204 787 4271 claudebatur,
818 4204 879 4261 id
909 4210 998 4261 est
1024 4205 1305 4263 duritiam
1326 4207 1494 4278 legis,
1526 4223 1650 4281 qua
1687 4209 1859 4282 spiri-

196 4292 319 4347 talis
356 4293 757 4364 intelligentia
781 4294 1198 4353 claudebatur.

1992 1727 2241 1797 Rachel,
2283 1732 2338 1783 et
2366 1727 2582 1783 dilexit
2610 1724 2836 1782 Rachel
2875 1721 3065 1792 magis
3126 1731 3309 1790 quam
3354 1714 3545 1780 Liam,
3593 1715 3651 1768 et

1991 1818 2235 1874 servivit
2256 1817 2311 1873 ei
2328 1822 2543 1887 septem
2575 1815 2752 1871 annis
2781 1812 2941 1869 aliis.
2966 1808 3109 1866 Inde
3140 1805 3253 1863 sibi
3275 1801 3504 1876 accepit
3533 1800 3648 1857 Lim

1993 1904 2293 1972 ancillam,
2335 1904 2580 1960 nomine
2633 1901 2874 1971 Zelfam,
2932 1902 2989 1956 et
3042 1895 3323 1955 ancillam
3372 1888 3641 1950 Rachelis

1993 1994 2218 2060 Balam,
2253 2010 2325 2049 ex
2354 1994 2578 2066 quibus
2617 1997 2878 2065 quatuor
2910 1983 3445 2061 genuitduodecim
3486 1978 3642 2037 ﬁlios

1992 2086 2049 2139 et
2060 2097 2242 2138 unam
2256 2081 2463 2138 ﬁliam.
2481 2084 2559 2137 De
2570 2081 2675 2137 Lia
2686 2079 2907 2136 scilicet
2923 2076 3127 2148 genuit
3136 2073 3366 2140 Ruben,
3382 2070 3644 2135 Simeon,

1993 2172 2145 2241 Levi,
2177 2171 2416 2237 Iudam,
2444 2171 2704 2233 lsachar,
2736 2166 3003 2224 Zabulon
3034 2183 3048 2235 ;
3074 2164 3150 2219 de
3178 2157 3397 2218 Rachel
3444 2159 3647 2212 autem

1989 2260 2214 2333 Joseph
2268 2263 2328 2315 et
2366 2258 2719 2330 Benjamin;
2772 2257 2848 2312 de
2877 2254 3040 2320 Bala,
3090 2246 3308 2308 ancilla
3352 2243 3644 2333 Rachelis,

1992 2331 2204 2406 Dan—et
2229 2347 2607 2421 Nepthalim;
2656 2346 2730 2401 de
2761 2343 2936 2414 Zell‘a,
2969 2339 3184 2399 ancilla
3238 2336 3375 2407 lite,
3426 2331 3551 2390 Gad
3588 2334 3648 2388 et

1988 2438 2158 2494 Aser.
2183 2437 2253 2491 Hi
2279 2440 2420 2493 sunt
2447 2434 2769 2492 duodecim
2796 2432 2903 2489 ﬁlii
2924 2428 3105 2488 Israel
3125 2424 3496 2501 patriarcha.

2057 2563 2171 2620 Sed
2201 2566 2529 2637 antequam
2574 2561 2713 2619 inde
2761 2563 2971 2633 [Petr.,
3026 2555 3109 2633 in]
3150 2553 3390 2625 longius
3421 2548 3645 2625 stylum

1985 2656 2314 2721 vertamus,
2355 2652 2501 2709 libet
2528 2651 2779 2709 istorum
2807 2652 3051 2725 propter
3070 2643 3498 2720 compendium
3521 2639 3642 2697 lec-

1985 2740 2162 2797 tionis
2215 2740 2613 2813 etymologias
2666 2740 2985 2798 nominum
3035 2735 3257 2812 pariter
3308 2733 3524 2801 dicere,
3576 2731 3644 2786 ut

1985 2830 2415 2904 compendioso
2433 2846 2707 2889 sermone
2728 2826 3119 2885 ostendamus
3137 2820 3474 2895 legentibus
3493 2817 3645 2893 quid

1981 2918 2042 2974 in
2074 2917 2198 2975 suis
2228 2919 2537 2976 vocabulis
2557 2918 3020 2977 resonant.Nam
3050 2931 3124 2971 ex
3153 2912 3354 2970 causis
3384 2907 3640 2986 propriis

1979 3008 2229 3066 nomina
2248 3010 2492 3084 propria
2521 3011 2898 3082 acceperunt,
2928 3010 2995 3063 ut
3025 3008 3128 3061 aut
3152 3000 3365 3059 futuris
3396 2998 3643 3074 quibus-

1981 3097 2126 3154 dam
2158 3104 2263 3154 aut
2313 3098 2729 3172 praecendibus
2769 3112 2981 3153 eorum
3022 3093 3219 3150 causis
3257 3088 3637 3147 conveniant.

1980 3189 2197 3242 Verum
2246 3191 2526 3241 manente
2550 3186 2613 3241 in
2644 3184 2727 3238 eis
2773 3181 3001 3256 spritali
3040 3180 3439 3242 sacramento,
3476 3188 3641 3229 nunc

1979 3274 2146 3346 prius
2171 3278 2403 3329 tantum
2434 3272 2512 3328 ad
2535 3271 2769 3327 litteran
2803 3265 3332 3347 interpretationes
3376 3259 3638 3318 historiae

1979 3361 2423 3435 prosequimur,
2490 3364 2555 3417 ut
2599 3362 2812 3433 postea
2879 3355 3190 3431 valeamus
3264 3348 3637 3409 manifestius

1980 3449 2275 3525 spiritales
2306 3466 2514 3507 eorum
2551 3448 3013 3520 signiﬁcationes
3042 3444 3414 3520 depromere.
3445 3440 3637 3500 Jacob

1977 3540 2203 3614 quippe
2243 3544 2664 3615 interpretatur
2704 3540 3155 3611 supplantator,
3193 3535 3316 3592 sive
3368 3531 3536 3608 quod
3572 3549 3637 3591 in

1977 3634 2111 3687 ortu
2174 3630 2443 3703 plantam
2501 3629 2804 3687 nascentis
2872 3627 3069 3685 fratris
3149 3622 3632 3699 apprehenderit,

1979 3719 2100 3776 sive
2155 3720 2322 3792 quod
2370 3723 2580 3793 postea
2624 3719 2868 3776 fratrem
2926 3722 3050 3773 arte
3095 3715 3412 3789 deceperit.
3465 3710 3632 3771 Unde

1976 3813 2034 3866 et
2090 3813 2243 3866 Esau
2290 3809 2469 3865 dixit:
2523 3811 2692 3865 Juste
2756 3812 3030 3864 vocatum
3079 3811 3163 3861 est
3231 3818 3445 3860 nomen
3503 3805 3632 3872 ejus

1973 3899 2159 3956 Jacob
2180 3914 2202 3955 .·
2224 3899 2643 3968 supplantavit
2683 3898 2839 3953 enim
2858 3911 2950 3952 me
2973 3910 3045 3952 en
3075 3895 3274 3951 altera
3326 3893 3469 3948 vice.
3527 3890 3632 3946 Lia

1973 3989 2391 4061 interpretatur
2413 3988 2733 4053 laboriosa,
2766 3984 2970 4058 utique
3010 3981 3378 4055 generando.
3422 3978 3626 4037 Plures

1971 4079 2132 4135 enim
2179 4077 2416 4135 dolores
2468 4092 2657 4151 quam
2708 4074 2926 4133 Rachel
2954 4072 3317 4132 fecunditate
3351 4069 3627 4147 pariendi

1970 4172 2213 4243 experta
2233 4172 2343 4224 est.
2376 4166 2593 4224 Rachel
2634 4166 3053 4240 interpretatur
3078 4165 3221 4222 ovis.
3244 4166 3355 4222 Pro
3371 4178 3447 4221 ea
3463 4161 3627 4221 enim

1968 4258 2152 4316 Jacob
2181 4257 2350 4333 pavit
2368 4257 2631 4332 primum
2653 4273 2797 4315 oves
2828 4254 3054 4315 Laban.

256 4383 437 4437 Vens.
467 4342 655 4437 14.0—
682 4384 759 4439 Et
779 4342 1302 4456 adaqudto-Zrege.
1333 4385 1567 4443 Refecto
1587 4386 1861 4445 videlicet

2038 4369 2208 4423 Vens.
2238 4370 2419 4424 20.—
2439 4367 2519 4422 Et
2562 4366 2921 4424 videbantur
2976 4367 3032 4424 ei
3057 4367 3249 4456 pauci
3277 4365 3421 4423 dies.
3466 4360 3627 4428 Quid

195 4469 599 4543 populoﬁdeli
630 4487 701 4527 ex
726 4473 1131 4545 profunditate
1155 4474 1611 4547 Scripturarum,
1638 4492 1743 4533 seu
1771 4493 1862 4534 re-

200 4564 329 4615 nato
360 4559 535 4616 fonte
593 4560 996 4633 baptismatis.
1038 4564 1356 4619 Osculatus
1384 4570 1470 4620 est
1518 4578 1666 4621 eam.
1702 4566 1859 4631 Quia

200 4653 399 4717 postea
428 4649 854 4706 reconciliatus
883 4657 975 4708 est
1003 4651 1329 4709 Ecclesiam
1355 4668 1547 4709 suam.
1579 4654 1859 4713 Elevata-

212 4751 304 4805 que
326 4753 473 4795 voce
494 4740 688 4809 ﬂevit,
719 4739 919 4809 Flevit,
952 4742 1099 4814 quia
1152 4742 1432 4798 misertus
1486 4747 1573 4800 est
1627 4745 1859 4815 generis

211 4819 467 4882 humani.

278 4912 434 4971 liras.
467 4917 553 4973 l2.
580 4948 653 4957 —-
678 4918 757 4973 Et
784 4918 1075 4976 indicavit
1097 4920 1151 4976 ei
1168 4920 1329 4992 quod
1358 4922 1563 4991 frater
1585 4929 1730 4980 esset
1748 4938 1857 4993 pa-

219 4999 320 5053 tris
368 5005 486 5071 ejus
537 5011 592 5061 et
626 5006 797 5074 ﬁlius
850 5008 1145 5065 Rebeccae.
1178 5009 1331 5064 Bene
1360 5008 1461 5081 ait,
1492 5016 1548 5066 et
1566 5012 1857 5067 indicavit

206 5089 368 5157 quod
388 5092 573 5158 frater
592 5099 745 5152 esset
764 5097 961 5165 patris
983 5099 1115 5167 eius
1134 5103 1189 5154 et
1208 5098 1372 5166 ﬁlius
1395 5100 1685 5156 Rebeccae.
1706 5100 1855 5162 Quia

200 5191 275 5233 ex
300 5178 482 5252 stirpe
504 5184 983 5255 patriarcharum
1039 5190 1096 5242 et
1123 5202 1195 5243 ex
1243 5188 1564 5259 Synagoga
1626 5190 1855 5247 Iudaeo-

189 5282 324 5324 rum
346 5269 632 5328 Dominus
660 5272 971 5328 incarnari
992 5272 1275 5345 dignatus
1298 5281 1417 5333 est:
1442 5277 1525 5333 At
1553 5278 1663 5335 illa
1690 5280 1853 5349 festi-

188 5367 338 5410 nans
360 5358 676 5414 nuntiavit
708 5358 884 5427 patri
909 5373 1033 5414 suo.
1068 5360 1217 5425 Quia
1235 5361 1492 5417 Ecclesia
1521 5377 1645 5417 non
1675 5363 1851 5420 exsti-

182 5441 245 5498 tit
261 5450 548 5502 contenta
564 5446 958 5503 solummodo
969 5448 1212 5521 propria
1224 5449 1431 5515 salute,
1451 5450 1552 5507 sed
1574 5452 1849 5522 gentibus

182 5538 355 5607 atque
382 5535 770 5609 sapientibus
801 5537 986 5609 hujus
1016 5538 1228 5594 mundi
1249 5540 1576 5612 praedicare
1601 5543 1844 5601 studuit.

244 5623 435 5682 ναις.
484 5630 574 5683 13.
592 5657 667 5669 -
684 5627 802 5696 Qui
829 5642 965 5685 cum
996 5629 1258 5686 audisset
1294 5630 1522 5689 venisse
1548 5633 1753 5703 Jacob,
1780 5636 1849 5705 ﬁ-

1969 4456 2221 4525 esthoc,
2281 4472 2422 4513 cum
2457 4455 2653 4527 magis
2688 4456 2871 4514 breve
2922 4460 3163 4529 tempus
3211 4454 3467 4525 longum
3493 4465 3625 4508 esse

1969 4545 2156 4603 soleat
2183 4545 2526 4604 amantibus
2550 4547 2578 4603 ‘l
2606 4545 2721 4604 Sed
2736 4545 2965 4602 dictum
2984 4549 3075 4601 est
3092 4547 3335 4616 propter
3353 4539 3627 4596 laborem

1962 4635 2287 4723 servitutis,
2319 4653 2503 4708 quem
2543 4636 2783 4694 facilem
2838 4638 2896 4690 et
2921 4633 3118 4689 levem
3149 4644 3321 4684 amor
3347 4624 3622 4683 faciebat.

2038 4742 2265 4805 Ruben,
2293 4743 2497 4799 videns
2509 4745 2727 4812 ﬁlium,
2752 4740 2849 4796 vel
2864 4741 3032 4807 ﬁlius
3056 4736 3315 4793 visionis.
3333 4734 3426 4791 Sic
3440 4732 3622 4806 enim,

1964 4831 2213 4904 quando
2233 4844 2373 4885 eum
2395 4831 2625 4901 peperit
2636 4830 2757 4899 Lia,
2772 4826 3003 4883 vocavit
3034 4839 3260 4882 nomen
3273 4826 3403 4899 ejus
3415 4823 3625 4884 Ruben

1963 4918 2170 4974 dicens
2199 4934 2212 4972 :
2254 4918 2411 4973 Vidit
2424 4919 2581 4973 Deus
2600 4917 2999 4973 humilitatem
3017 4931 3229 4974 meam.
3257 4917 3498 4975 Simecn
3521 4931 3627 4975 au-

1962 5008 2110 5066 ditio
2128 5006 2224 5063 vel
2252 5006 2595 5063 exauditus.
2618 5006 2710 5063 Sic
2737 5005 2897 5064 enim
2919 5002 3069 5065 dixit
3097 5007 3197 5066 Lia
3216 5009 3465 5084 quando
3485 5022 3627 5066 eum

1962 5097 2221 5174 peperit:
2249 5098 2401 5166 Quia
2424 5098 2735 5155 exaudivit
2756 5113 2848 5156 me
2866 5103 3038 5157 Deus.
3058 5098 3339 5156 Nonnulli
3359 5100 3521 5157 enim
3541 5099 3632 5156 111·-

1959 5191 2357 5261 terpretantur
2372 5187 2604 5245 audivit
2622 5188 2953 5257 tristitiam,
2965 5188 3062 5245 vel
3073 5204 3296 5247 nomen
3312 5188 3629 5248 habitacu-

1958 5277 1996 5334 li
2011 5277 2174 5351 quod
2192 5276 2527 5351 spiritaliter
2542 5292 2653 5333 con
2660 5278 2836 5349 gruit.
2853 5277 2990 5335 Levi
3004 5278 3267 5352 additus,
3286 5278 3383 5335 vel
3397 5294 3626 5337 assum-

1958 5373 2114 5438 ptus.
2149 5367 2301 5423 Dixit
2325 5366 2485 5423 enim
2512 5366 2613 5424 Lia
2633 5367 2881 5440 quando
2897 5383 3038 5425 eum
3060 5366 3265 5440 genuit
3283 5382 3409 5426 non
3440 5369 3630 5427 ambi‘

1960 5472 2106 5528 gens
2135 5457 2211 5514 de
2242 5473 2448 5514 amore
2471 5458 2622 5516 viri:
2679 5459 2858 5515 Nunc
2882 5473 3111 5516 mecum
3158 5460 3277 5516 erit
3303 5460 3398 5515 vir
3441 5475 3623 5527 meus,

1959 5548 2101 5620 quia
2136 5549 2351 5616 peperi
2400 5549 2454 5605 ei
2510 5555 2626 5605 tres
2644 5549 2820 5617 ﬁlios.
2866 5548 3020 5605 Juda
3049 5551 3338 5620 confessio
3368 5549 3622 5606 dicitur:

1959 5635 2209 5709 quando
2225 5636 2387 5694 enim
2406 5638 2639 5712 peperit
2661 5652 2803 5696 eum
2821 5637 2942 5703 Lia,
2965 5637 3233 5709 laudem,
3251 5638 3503 5695 Domino
3532 5650 3623 5690 rc-
