4130 6182
435 128 541 185 215

1579 141 1938 197 ANGELOMI
1962 133 2416 194 LUXOVIENSIS
2440 136 2751 193 MONACHI

3760 141 3888 196 216

437 251 584 322 tulit,
602 253 808 312 dicens
829 276 840 313 :
863 259 1233 328 Nuncsuper
1255 261 1364 315 hoc
1381 263 1706 330 conﬁtebor
1725 264 1999 319 Domino.
2029 264 2093 315 Et
2109 253 2174 314 Ἀ
2205 261 2442 329 Moysen
2470 259 2611 316 data
2641 265 2922 333 cooperta
2952 263 3039 316 est
3057 264 3235 330 atque
3262 258 3532 326 signata?
3555 263 3734 327 Quod
3773 279 3896 318 au-

437 342 514 399 ob
538 343 600 399 id
618 351 859 401 vocatus
874 352 960 401 est
979 349 1006 400 J
1015 347 1152 401 uda.
1176 353 1222 402 Λ
1239 349 1613 406 confessione
1644 353 1847 425 itaque
1874 366 2094 407 nomen

437 433 567 503 ejus
595 438 681 488 est
705 434 950 503 dictum,
981 436 1144 506 quod
1173 441 1260 491 est
1283 439 1612 506 gratiarum
1651 443 1823 498 actio.
1859 441 2099 497 Isachar

439 522 854 594 interpretatus
875 529 1213 581 estmerces.
1239 528 1296 580 Is
1319 527 1542 600 quippe
1569 531 1809 588 dicitur:
1841 538 1922 588 est
1950 547 2093 588 mer-

440 626 548 666 ces.
584 610 704 666 Hoc
736 618 933 668 autem
961 613 1118 683 ideo,
1145 616 1288 686 quia
1319 618 1741 689 mandragoris
1768 622 1870 677 ﬁlii
1893 623 2098 678 Ruben

442 702 743 756 introitum
769 702 895 768 viri,
920 702 1022 774 qui
1055 703 1658 772 Rachelidebebatur,
1687 711 1762 765 ad
1783 728 1846 767 se
1878 717 2104 767 emerat

445 791 562 844 bia.
599 790 759 844 Unde
784 794 838 844 et
868 790 1015 845 dum
1039 797 1214 848 natus
1246 799 1351 856 est,
1388 797 1489 851 Lia
1514 797 1661 853 dixit
1687 817 1698 854 :
1727 801 1901 856 Dedit
1945 803 2101 857 Deus

439 878 768 933 mercedum
793 894 1002 935 meam.
1041 881 1309 938 Zabulon
1343 886 1762 958 interpretatur
1792 891 2100 946 habitacu-

442 969 586 1022 lum.
619 968 862 1022 Sextum
888 968 1044 1024 enim
1069 971 1233 1026 hunc
1261 973 1450 1028 tilium
1483 985 1770 1044 genuerat
1793 979 1912 1035 Lia.
1963 981 2102 1034 Pro-

441 1061 643 1128 pterea
677 1057 805 1126 jam
867 1075 1077 1114 secura
1117 1060 1300 1117 dixit:
1341 1065 1654 1124 Habitabit
1733 1086 1958 1126 mecum
2009 1072 2104 1126 vir

439 1163 622 1204 meus.
660 1148 820 1202 Unde
840 1155 892 1203 et
919 1150 1082 1216 ﬁlius
1109 1153 1237 1219 ejus
1269 1161 1518 1210 vocatus
1545 1164 1628 1212 est
1661 1158 2099 1215 habitaculum.

442 1236 819 1308 Nephthalim
876 1253 905 1293 e
989 1243 1386 1310 conversione,
1460 1245 1582 1301 sive
1658 1256 2106 1316 comparatione

442 1343 628 1382 causa
655 1326 916 1381 nominis
947 1328 1075 1398 ejus
1105 1335 1212 1385 est.
1248 1333 1411 1389 Unde
1436 1339 1494 1390 et
1522 1334 1670 1391 dixit
1693 1337 1932 1403 Rachel,
1965 1355 2101 1394 cum

443 1431 582 1471 eum
613 1416 939 1486 peperisset
967 1418 1184 1475 ancilla
1214 1421 1344 1491 ejus
1372 1425 1410 1476 Β
1433 1423 1509 1478 ala
1537 1441 1548 1478 :
1576 1425 1868 1482 Habitare
1895 1443 1985 1482 me
2009 1429 2106 1496 fa-

444 1505 523 1560 cit
542 1505 698 1560 Deus
711 1504 1077 1563 habitatione
1099 1524 1230 1564 cum
1249 1525 1450 1568 sorore
1463 1527 1612 1570 mea.
1624 1515 1744 1569 Dan
1768 1514 2124 1587 interpretam

2210 351 2325 401 tem
2357 346 2418 400 in
2465 353 2636 403 nocte
2670 349 3055 419 conjungitur
3083 346 3287 416 Jacob,
3339 348 3633 416 signiﬁcat
3664 350 3891 423 ipsam

2209 436 2594 505 Synagogam
2640 439 2756 493 Deo
2801 438 3184 508 conjunctam
3235 436 3296 491 in
3355 437 3610 493 tenebris
3657 439 3895 497 litteras

2207 524 2310 592 [Z.,
2343 522 2564 594 latere].
2589 525 2784 581 'l‘urba
2812 542 2952 581 vero
2983 525 3312 581 amicorum
3348 525 3536 597 ipsius
3586 526 3897 598 designat

2209 611 2443 668 turbam
2466 613 2942 685 patriarcharum
2969 618 3026 670 et
3053 615 3504 686 prophetarum,
3539 618 3604 670 ut
3622 617 3898 689 quibus-

2209 699 2350 755 dam
2400 701 2646 757 videtur.
2697 703 2912 759 Rachel
2953 708 3173 764 autem,
3220 703 3424 772 junior
3478 709 3534 758 et
3588 705 3894 778 pulchra,

2209 789 2373 861 prius
2420 790 2630 845 sterilis
2661 796 2770 857 est,
2805 791 3196 863 postmodum
3227 791 3506 861 fecunda,
3541 793 3896 852 similitudo

2210 884 2299 932 est
2326 879 2618 934 Ecclesiae.
2650 882 2887 949 Junior,
2915 881 3057 952 quia
3086 884 3355 952 tempore
3376 883 3687 953 posterior.
3727 886 3896 940 Pul-

2210 969 2378 1034 chra,
2413 969 2556 1040 quia
2599 985 2848 1042 corpore
2879 975 2936 1025 et
2985 969 3197 1041 spiritu
3239 975 3468 1025 sancta.
3517 972 3683 1028 Oculi
3743 976 3891 1046 ejus

2209 1055 2428 1122 decori,
2481 1058 2624 1129 quia
2668 1058 3053 1127 Evangelium
3103 1059 3438 1130 perspicere
3499 1071 3890 1121 meruerunt.

2211 1148 2351 1210 Qme
2396 1145 2575 1202 etiam
2624 1147 2832 1202 tandiu
2890 1146 3098 1202 sterilis
3140 1147 3266 1216 fuit,
3309 1165 3627 1222 quousque
3678 1154 3893 1224 Syna-

2211 1248 2366 1304 goga
2411 1235 2702 1306 populum
2754 1235 3099 1304 generabat.
3142 1237 3284 1301 Quae
3337 1237 3397 1292 in
3451 1238 3546 1294 die
3588 1242 3896 1313 copulata

2211 1329 2298 1377 est
2345 1323 2551 1393 Jacob,
2579 1323 2723 1395 quia
2751 1324 3016 1380 Ecclesia
3044 1325 3310 1394 gentium
3339 1326 3400 1381 in
3427 1327 3523 1382 die
3560 1330 3706 1386 Novi
3742 1334 3889 1388 Tes-

2213 1413 2458 1468 tamenti
2503 1412 2763 1468 sociatur
2804 1413 3054 1470 Christo.
3099 1413 3190 1468 Ad
3219 1415 3392 1486 cujus
3421 1417 3600 1472 etiam
3631 1421 3892 1492 nuptias

2215 1500 2400 1555 tUI'htB
2459 1501 2794 1557 amicorum
2843 1502 3229 1568 conveniunt,
3276 1504 3420 1575 quia
3476 1521 3582 1578 per
3633 1514 3889 1566 sanctos

443 1598 536 1648 tur
553 1592 872 1660 judicium.
905 1595 1043 1652 Bala
1067 1597 1246 1664 enim,
1281 1598 1428 1654 dum
1458 1617 1596 1656 eum
1646 1603 1990 1673 peperisset,
2025 1603 2106 1658 di-

2217 1589 2540 1662 apostolos,
2599 1591 2702 1662 qui
2734 1596 2876 1645 sunt
2908 1590 3086 1671 amici
3133 1591 3341 1662 ipsius,
3377 1594 3633 1652 Ecclesia
3680 1596 3890 1655 incor-

443 1681 528 1736 xit
567 1681 809 1751 Rachel,
857 1683 1106 1741 domina
1156 1687 1286 1756 ejus
1341 1689 1648 1750 Judicavit
1705 1692 1992 1747 Dominus
2052 1698 2104 1748 et

445 1771 770 1828 exaudiens
799 1772 958 1828 dedit
991 1775 1141 1830 mihi
1155 1777 1374 1846 ﬁlium,
1401 1793 1649 1834 causam
1679 1780 1944 1835 nominis
1977 1782 2106 1852 ejus

446 1860 751 1932 expressit,
783 1865 846 1916 ut
875 1861 952 1917 ab
974 1878 1044 1918 eo
1070 1865 1235 1935 quod
1276 1865 1610 1936 judicasset
1639 1869 1954 1940 Dominus,
1982 1870 2106 1926 filio

447 1949 676 2006 ancilla;
699 1950 908 2020 judicii
951 1967 1174 2007 nomen
1205 1953 1558 2026 imponeret.
1593 1957 1728 2012 Gad
1762 1957 1840 2012 ab
1891 1964 2108 2014 eventu

450 2038 573 2094 sive
604 2038 914 2110 procinctu
963 2045 1210 2097 vocatus
1257 2048 1364 2098 est.
1398 2045 1646 2109 Quando
1677 2046 1834 2102 enim
1883 2047 2109 2120 peperit

447 2143 586 2182 eum
617 2126 793 2196 Zelfa,
825 2127 974 2184 dixit
1003 2129 1252 2186 domina
1291 2133 1422 2202 ejus
1475 2133 1602 2189 Lia:
1662 2135 1725 2189 In
1756 2135 2013 2203 fortuna,
2047 2137 2106 2191 id

449 2216 728 2287 estquod
749 2216 964 2272 dicitur
1009 2217 1071 2273 in
1129 2221 1462 2291 procinctu,
1503 2223 1592 2278 vel
1644 2229 1882 2294 eventu,
1933 2229 1991 2280 et
2047 2230 2110 2281 ut

449 2303 712 2376 apertius
741 2303 993 2374 dicatur,
1025 2308 1443 2380 interpretatur
1493 2314 1741 2368 tentatio
1773 2313 1864 2368 vel
1905 2315 2105 2370 accin-

450 2399 598 2448 ctus.
632 2395 781 2448 Aser
810 2394 1013 2450 beatus
1067 2396 1303 2452 dicitur.
1361 2402 1514 2455 Dum
1568 2401 1728 2456 enim
1780 2403 2109 2474 peperisset

449 2497 590 2537 eum
616 2481 794 2551 Zelfa,
850 2482 999 2538 dixit
1030 2484 1162 2540 Lia:
1202 2491 1377 2543 Beata
1407 2503 1518 2559 ego
1548 2494 1604 2544 et
1645 2489 1983 2545 beatiﬁcant
2013 2506 2108 2545 me

450 2569 752 2639 mulieres,
785 2574 841 2626 et
879 2571 955 2627 ab
981 2588 1053 2627 eo
1082 2573 1249 2645 quod
1276 2574 1454 2631 beata
1490 2576 1742 2644 dicatur,
1774 2593 1848 2632 ex
1876 2585 2107 2649 etymo-

448 2657 610 2728 logia
641 2659 900 2714 nominis
925 2660 1154 2716 beatum
1185 2663 1437 2718 vocavit.
1480 2665 1700 2736 Joseph
1735 2665 1813 2720 ab
1843 2680 1914 2721 eo
1943 2667 2110 2738 quod

453 2748 567 2804 sibi
596 2747 779 2802 alium
811 2748 956 2804 addi
978 2755 1170 2805 mater
1205 2757 1536 2824 optaverat,
1568 2755 1802 2810 vocavit
1832 2770 2112 2825 augmen-

451 2840 598 2892 tum.
631 2836 776 2892 Hinc
828 2839 1054 2894 Pharao
1102 2839 1444 2911 Saphaneth
1497 2842 1778 2914 ZEgyptio
1834 2859 2109 2899 sermone

453 2926 795 2999 appellavit,
849 2928 1014 3000 quod
1062 2928 1344 2985 Hebraice
1386 2931 1866 2988 absconditorum
1916 2949 2110 3002 reper-
2137 2959 2179 3012 ο

455 3021 639 3072 torem
690 3020 885 3086 sonat,
935 3033 1043 3088 pro
1092 3034 1162 3073 eo
1202 3019 1365 3090 quod
1398 3021 1657 3076 obscura
1689 3022 1924 3077 somnia
1946 3037 2108 3077 reve-

453 3105 601 3162 lavit
631 3111 687 3160 et
716 3105 1078 3161 sterilitatem
1111 3107 1407 3178 praedixit.
1442 3109 1667 3164 Tamen
1690 3110 1832 3182 quia
1863 3111 1977 3166 hoc
2007 3127 2110 3166 no-

453 3209 593 3250 men
622 3193 701 3256 ab
731 3193 1011 3265 zEgyptio
1040 3195 1300 3267 ponitur,
1336 3195 1522 3269 ipsius
1551 3197 1770 3267 linguai
1798 3198 1976 3254 debet
2006 3199 2109 3254 ha-

455 3282 597 3337 bere
655 3281 969 3337 rationem.
1047 3284 1470 3355 Interpretatur
1544 3287 1704 3341 enim
1766 3287 2109 3359 Saphaneth

455 3371 738 3443 IEgyptio
767 3387 1044 3426 sermone
1068 3374 1338 3428 salvator
1358 3375 1589 3440 mundi,
1616 3391 1687 3430 eo
1712 3376 1875 3447 quod
1898 3377 2108 3432 orbem

456 3465 624 3516 terrae
655 3458 733 3514 ab
758 3459 1092 3515 imminenti
1123 3458 1296 3516 famis
1327 3462 1557 3518 excidio
1578 3462 1851 3519 liberavit
1908 3465 2108 3534 Benja-

458 3547 584 3603 min
604 3547 1024 3619 interpretatur
1043 3549 1209 3615 ﬁlius
1232 3550 1513 3620 dextera’,
1546 3551 1712 3622 quod
1737 3557 1826 3607 est
1855 3553 2105 3609 virtutis.

457 3636 706 3692 Dextera
730 3638 888 3692 enim
919 3637 1254 3709 appellatur
1281 3640 1498 3695 lamin.
1526 3644 1700 3696 Mater
1729 3643 1950 3714 quippe
1980 3645 2110 3714 ejus

457 3726 720 3781 moriens
748 3725 982 3781 vocavit
1035 3741 1259 3782 nomen
1290 3729 1418 3799 ejus
1462 3730 1710 3796 Benoni,
1745 3729 1802 3784 id
1835 3737 1922 3786 est
1947 3733 2110 3799 ﬁlius

459 3815 684 3870 doloris
709 3817 841 3870 mei.
876 3814 1047 3871 Pater
1069 3816 1182 3871 hoc
1215 3817 1483 3880 mutavit,
1519 3817 1704 3873 tilium
1729 3819 1984 3876 dexterae
2008 3838 2111 3876 no-

459 3902 716 3958 minans.
753 3904 899 3958 Dina
948 3904 1303 3960 transfertur
1335 3906 1389 3960 in
1443 3922 1705 3962 causam.
1739 3909 1919 3977 iurgii
1953 3911 2112 3965 enim

457 3990 519 4046 in
553 3991 781 4047 Sieimis
812 4007 995 4047 causa
1024 3993 1260 4048 exstitit.

531 4078 941 4133 Verumtatam
978 4079 1161 4134 Jacob
1207 4081 1546 4151 spiritaliter
1594 4084 1886 4153 signiﬁcat
1916 4088 2112 4143 Domi-

461 4180 611 4220 num
642 4181 712 4220 ac
743 4165 1198 4238 Redemptorem
1250 4175 1543 4240 nostrum,
1570 4172 1662 4228 vel
1698 4174 1992 4245 perfectos
2035 4177 2114 4232 vi-

461 4269 561 4308 ros
583 4253 708 4325 qui,
748 4254 954 4309 omnia
998 4254 1428 4329 desiderantes,
1459 4261 1666 4318 volunt
1699 4263 1880 4334 quieti
1901 4281 2112 4322 vevere

460 4341 522 4397 in
552 4341 673 4397 vita
696 4341 1235 4412 contemplationis.
1272 4347 1488 4402 Rachel
1527 4365 1688 4415 vero,
1745 4351 1928 4407 vitam
1973 4369 2112 4410 con-

463 4429 907 4504 templativam;
944 4431 1041 4487 Lia
1069 4437 1292 4500 autem,
1325 4437 1604 4493 activam.
1656 4440 1860 4496 Laban
1885 4443 2111 4516 quippe

458 4521 565 4596 qui
589 4521 1006 4594 interpretatur
1026 4522 1346 4595 dealbatio,
1379 4527 1569 4596 gratia
1605 4527 1704 4582 Dei
1733 4530 2111 4603 omnipoten-

461 4612 552 4679 tis,
585 4628 692 4685 per
747 4626 934 4684 quam
963 4611 1031 4668 ﬁt
1079 4611 1352 4670 remissio
1391 4620 1800 4688 peccatorum,
1855 4619 1948 4674 cui
1998 4638 2114 4677 ser~

457 4701 624 4758 viunt
645 4701 886 4775 perfecti
912 4701 1021 4759 viri
1045 4701 1124 4759 ob
1152 4701 1336 4760 vitam
1358 4705 1906 4778 contemplativam.
1940 4711 2111 4775 Quod

460 4789 506 4842 si
532 4789 764 4845 libitum
813 4792 916 4846 tibi
947 4792 1138 4854 fuerit,
1194 4793 1396 4862 lector,
1431 4794 1665 4868 plenius
1719 4812 1918 4868 nosse,
1951 4799 2111 4857 beati

457 4889 633 4945 papas
692 4879 951 4945 Gregorii
1015 4881 1237 4937 summi
1287 4885 1716 4957 prtedicatoris,
1773 4895 1828 4944 et
1903 4890 2109 4947 lsidori

459 4962 682 5017 strenui
743 4963 1006 5020 doctoris
1054 4968 1214 5025 dicta
1273 4974 1541 5042 vigilanti
1593 4993 1737 5034 cura
1794 4979 2106 5050 perlustra,

455 5062 590 5118 qua:
623 5063 745 5120 pra:
798 5053 1076 5120 angustia
1110 5070 1222 5110 nos
1277 5062 1560 5131 temporis
1605 5065 1866 5120 inserere
1895 5079 2014 5120 non
2038 5065 2107 5118 li-

451 5133 601 5190 buit.
635 5138 995 5212 Quanquam
1024 5141 1347 5201 Victorinus
1383 5155 1611 5222 martyr
1641 5152 1857 5223 aliique
1907 5151 2104 5206 docto-

451 5239 568 5293 res,
629 5242 812 5298 super
865 5227 1208 5302 Synagoga,
1240 5238 1296 5290 et
1345 5237 1605 5294 Ecclesia
1651 5239 1896 5308 intelligi
1929 5237 2108 5294 velint

449 5311 563 5368 has
593 5312 747 5370 duas
777 5332 992 5373 uxores
1021 5320 1225 5376 Jacob.
1261 5323 1379 5392 Lia,
1404 5324 1700 5397 inquiunt,
1721 5327 1916 5396 major
1937 5329 2102 5394 natu,

449 5404 663 5474 typum
692 5405 878 5461 ῐθηιιὶῐ
910 5409 1267 5480 Synagogaa,
1317 5412 1461 5484 quia
1505 5414 1667 5484 prior
1709 5414 1808 5468 Dei
1850 5415 1952 5485 [Z.,
1983 5414 2102 5486 pri-

447 5489 656 5563 oridie]
704 5496 908 5562 genuit
933 5497 1251 5570 populum.
1301 5502 1364 5555 Et
1408 5499 1554 5570 quid
1612 5505 1698 5557 est
1753 5503 1918 5574 quod
1967 5518 2103 5558 ocu-

443 5576 517 5633 lis
561 5579 776 5652 legitur
802 5585 1053 5655 gravida
1098 5587 1208 5661 [F.,
1239 5588 1527 5666 gravata],
1558 5587 1673 5657 nisi
1697 5589 1842 5668 quis
1866 5592 1967 5650 lex
1996 5605 2103 5670 per

2214 1681 2459 1750 poratur
2485 1678 2754 1734 Domino.
2809 1669 3025 1735 Habuit
3052 1679 3232 1736 etiam
3260 1682 3506 1738 ancillas
3533 1700 3749 1742 earum
3778 1690 3885 1744 Ja-

2215 1767 2346 1832 cob,
2381 1771 2434 1822 et
2483 1783 2555 1822 ex
2586 1767 2670 1822 eis
2705 1767 2908 1838 genuit
2971 1767 3145 1836 filios,
3173 1770 3316 1841 quia
3346 1776 3485 1827 sunt
3526 1773 3586 1828 in
3618 1778 3887 1849 utroque

2213 1855 2439 1928 populo
2498 1856 2782 1912 docentes
2837 1856 3130 1926 carnales,
3185 1862 3366 1930 atque
3405 1859 3464 1915 in
3513 1862 3634 1918 vita
3664 1867 3886 1921 veteris

2214 1944 2472 1999 hominis
2495 1949 2940 2016 permanentes,
2987 1961 3245 2017 quorum
3298 1947 3726 2020 praedicatione
3775 1953 3883 2010 ﬁlii

2215 2033 2466 2087 Domino
2492 2037 2869 2102 generantur.
2899 2033 3061 2089 Unde
3097 2035 3238 2091 Bala
3267 2035 3686 2110 interpretatur
3715 2043 3882 2099 inve-

2215 2127 2429 2189 terata,
2453 2121 2584 2176 illos
2606 2121 3030 2178 demonstrans
3071 2123 3174 2195 qui
3227 2125 3572 2182 carnalibus
3602 2130 3879 2186 sensibus

2214 2209 2416 2277 dediti,
2475 2214 2675 2266 tamen
2720 2210 3004 2282 spiritalia
3089 2212 3267 2268 etiam
3312 2213 3385 2269 de
3464 2216 3595 2288 ipsa
3647 2217 3874 2275 incom-

2214 2297 2519 2354 mutabilis
2541 2298 2876 2354 substantia
2926 2299 3253 2356 Divinitatis
3308 2305 3685 2362 annuntiant.
3714 2307 3870 2363 Zelfa

2213 2402 2374 2454 vero,
2401 2403 2536 2459 quas
2562 2387 2978 2460 interpretatur
3003 2405 3064 2444 os
3093 2390 3287 2459 hians,
3317 2391 3447 2448 illos
3479 2394 3691 2465 ﬁgurat
3716 2411 3861 2468 quo-

2214 2491 2349 2530 rum
2382 2476 2802 2547 praedicatione
2833 2493 2894 2532 os
2919 2479 3182 2549 aperitur
3212 2485 3268 2535 et
3298 2496 3400 2537 cor
3424 2497 3548 2539 non
3573 2485 3856 2556 sequitur;

2215 2563 2289 2618 de
2336 2565 2617 2635 qualibus
2672 2565 2961 2638 scriptum
2991 2572 3110 2622 est:
3155 2569 3428 2638 Populus
3454 2572 3551 2628 hic
3590 2573 3751 2628 labiis
3777 2587 3865 2627 me

2217 2653 2511 2723 honorat;
2561 2669 2663 2709 cor
2688 2661 2883 2710 autem
2908 2670 3109 2711 eorum
3145 2658 3318 2728 longe
3337 2665 3420 2715 est
3450 2675 3487 2716 ιι
3517 2677 3610 2718 me
3636 2659 3872 2732 (Matth.

2218 2759 2308 2806 xv,
2345 2744 2417 2810 8).
2455 2745 2520 2798 Et
2550 2741 2731 2798 alibi:
2791 2743 2931 2810 Qua:
2984 2745 3215 2812 dicunt,
3248 2749 3476 2816 facite:
3517 2766 3650 2821 qua:
3679 2757 3874 2806 autem

2213 2830 2451 2898 faciunt
2478 2832 2685 2900 facere
2714 2833 2900 2888 nolite
2919 2833 3162 2894 (Matth.
3187 2850 3345 2902 XXIII,
3369 2839 3444 2906 2).

2291 2921 2405 2973 Cur
2434 2925 2634 2975 autem
2665 2919 2848 2976 Jacob
2879 2937 2988 2992 pro
3014 2921 3234 2978 Rachel
3266 2925 3461 2990 servit,
3495 2930 3553 2979 et
3584 2928 3876 2998 supponi-

2219 3013 2311 3063 tur
2340 3009 2458 3078 Lia,
2483 3008 2594 3063 nisi
2621 3009 2764 3081 quia
2793 3011 3101 3074 Dominus,
3131 3017 3190 3065 ut
3225 3011 3550 3066 Ecclesium
3598 3027 3877 3068 assume-

2215 3101 2300 3152 ret
2330 3097 2495 3170 prius
2545 3099 2929 3169 Synagogam
2961 3099 3066 3154 sibi
3092 3099 3397 3168 conjunxit
3425 3100 3453 3154 ?
3481 3099 3598 3156 Sed
3655 3100 3870 3158 videa-

2216 3202 2352 3240 mus
2381 3186 2588 3258 quales
2614 3186 3056 3244 tilinascuntur.
3079 3190 3158 3242 Ex
3183 3187 3282 3244 Lia
3310 3203 3577 3261 namque
3605 3205 3876 3246 nascun-

2219 3279 2312 3329 tur
2356 3274 2588 3342 Ruben,
2621 3275 2859 3331 Simeon
2887 3281 2941 3332 et
2975 3276 3130 3347 Levi,
3156 3282 3212 3332 et
3232 3276 3482 3349 reliqua.
3511 3278 3744 3347 Ruben,
3771 3279 3877 3352 qui

2217 3362 2636 3436 interpretatur
2683 3365 2886 3421 videns
2930 3367 3146 3434 litium,
3201 3365 3504 3436 significat
3548 3367 3873 3438 perfectum

2217 3451 2522 3508 doctorem
2551 3469 2623 3508 ex
2645 3469 2960 3525 synagoga
2986 3454 3328 3510 .ludaiorum
3359 3454 3418 3509 in
3449 3455 3568 3511 fide
3621 3471 3874 3512 nascen-

2220 3545 2358 3595 tem.
2389 3541 2498 3606 Qui
2517 3541 2670 3596 bene
2699 3543 2900 3598 videns
2925 3544 3123 3612 ﬁlium
3177 3543 3453 3614 [dicitur].
3488 3548 3545 3599 in
3575 3544 3712 3600 ﬁliis
3738 3561 3876 3617 ope-

2218 3645 2285 3684 i'a
2311 3629 2608 3698 designari
2654 3630 2960 3686 Psalmista
3017 3637 3281 3696 testatur,
3323 3633 3427 3705 qui
3460 3633 3520 3687 in
3571 3632 3726 3688 beati
3766 3620 3870 3688 viri

2219 3717 2732 3773 benedictionibus
2757 3719 2908 3775 inter
2937 3726 3150 3776 caetera
3174 3721 3316 3776 dicit
3347 3739 3359 3775 :
3406 3723 3553 3777 Filii
3581 3724 3670 3776 tui
3722 3725 3871 3778 sicut

2222 3807 2474 3862 novella:
2513 3807 2809 3863 olivarum
2863 3810 3046 3878 (Psal.
3080 3825 3286 3874 cxxvu,
3324 3810 3399 3879 4).
3454 3813 3519 3865 Et
3551 3811 3703 3866 infra
3737 3827 3751 3864 :
3798 3812 3877 3865 Et

2224 3895 2422 3952 videas
2451 3897 2609 3965 ﬁlios
2634 3897 2901 3966 ﬁliorum
2936 3905 3172 3954 tuorum
3221 3899 3420 3970 (Ibid,
3459 3915 3609 3955 vers.
3642 3901 3712 3969 ‘7).
3750 3904 3876 3954 Non

2224 3985 2384 4040 enim
2413 3985 2516 4057 qui
2542 3985 2707 4042 timet
2739 3986 3080 4052 Dominum,
3105 3987 3214 4042 nisi
3241 3989 3509 4055 genuerit
3524 3987 3673 4042 ﬁlios
3700 4003 3883 4060 nepo-

2225 4078 2429 4146 tesque
2461 4075 2804 4148 susceperit,
2847 4075 3059 4130 beatus
3114 4092 3241 4132 esse
3289 4092 3411 4132 non
3465 4081 3674 4149 potest.
3735 4093 3882 4133 cum

2223 4163 2437 4232 virgini
2469 4163 2627 4218 fideli
2656 4163 2852 4236 potior
2877 4179 3106 4220 merces
3133 4170 3451 4237 exspectat.
3485 4165 3599 4222 Sed
3627 4165 3685 4220 in
3717 4165 3880 4236 ﬁliis,

2225 4256 2290 4307 ut
2313 4251 2594 4322 diximus,
2627 4267 2830 4325 opera,
2867 4252 2927 4308 in
2970 4253 3106 4308 ﬁliis
3155 4269 3297 4308 vero
3336 4253 3594 4309 ﬁliorum
3651 4255 3884 4310 fructus

2224 4357 2497 4412 operum,
2526 4340 2585 4396 id
2607 4345 2694 4396 est
2712 4341 3049 4397 mercedem
3071 4342 3348 4412 designat
3367 4348 3671 4398 aeternam.
3706 4342 3886 4398 Deni-

2221 4430 2465 4503 queiste
2498 4429 2704 4485 Ruben
2734 4446 3008 4500 egressus
3061 4436 3329 4503 tempore
3383 4432 3594 4486 messis
3640 4432 3886 4489 triticeas

2218 4519 2280 4573 in
2301 4533 2514 4588 agrum
2534 4518 2752 4590 reperit
2779 4519 3236 4588 mandragoras,
3266 4536 3420 4591 quas
3447 4520 3621 4574 matri
3657 4520 3764 4574 Liw
3795 4527 3887 4576 at-

2221 4607 2368 4674 tulit,
2402 4611 2459 4662 et
2487 4605 2736 4678 reliqua.
2773 4607 3079 4676 Signiﬁcat
3124 4612 3361 4663 sanctos
3399 4607 3706 4678 apostolos
3767 4625 3886 4665 ca:-

2220 4701 2496 4768 terosque
2525 4695 2965 4768 praedicatores,
2993 4697 3094 4768 qui
3127 4697 3457 4768 possuntin
3491 4712 3703 4765 agrum
3731 4713 3886 4768 prae-

2219 4786 2533 4844 dicationis
2581 4786 2760 4853 exire,
2813 4790 2870 4842 et
2913 4785 2994 4842 ad
3018 4785 3329 4858 publicum
3369 4789 3711 4858 procedere,
3747 4803 3884 4842 ver-

2219 4878 2488 4950 bumque
2515 4875 2896 4941 annuntiare,
2952 4873 3356 4947 Operibusque
3415 4873 3773 4946 adimplere,
3824 4879 3890 4928 et

2219 4965 2450 5034 prolem
2504 4963 2826 5037 spiritalem
2858 4964 3120 5034 gignere.
3159 4966 3494 5018 Possumus
3525 4979 3630 5035 per
3659 4977 3886 5030 agrum

2219 5054 2396 5107 etiam
2418 5051 2602 5108 libros
2644 5052 2790 5120 legis
2826 5052 3379 5124 prophetarumque
3412 5051 3747 5123 praeconia;
3773 5064 3889 5122 per

2217 5140 2657 5208 mandragoras
2683 5155 2845 5205 vero,
2878 5156 3014 5210 quae
3058 5139 3290 5196 bonum
3337 5141 3560 5197 habent
3603 5139 3886 5204 odorem,

2220 5229 2324 5284 sed
2354 5227 2678 5299 insipidum
2728 5244 3030 5299 saporem,
3065 5230 3386 5286 Dominum
3433 5234 3634 5286 Jesum
3682 5229 3886 5284 Chris-

2218 5323 2344 5375 tum
2376 5315 2718 5386 intelligere,
2752 5317 3073 5372 habentem
3117 5317 3350 5375 bonum
3408 5320 3654 5375 odorem
3712 5318 3886 5389 apud

2216 5423 2319 5463 eos
2339 5405 2443 5478 qui
2472 5405 2850 5461 crediderunt
2869 5405 2928 5462 in
2978 5416 3139 5479 eu’m,
3171 5407 3501 5482 insipidum
3531 5406 3693 5480 apud
3748 5405 3886 5462 illos

2216 5497 2320 5571 qui
2350 5495 2410 5550 in
2426 5493 2772 5552 inﬁdelitate
2801 5502 3263 5568 permanserunt
3291 5502 3348 5553 et
3372 5498 3476 5569 qui
3505 5511 3690 5570 prave
3712 5495 3786 5551 de
3809 5495 3884 5550 il-

2214 5587 2273 5646 lo
2304 5588 2633 5653 senserunt,
2657 5585 2830 5656 juxta
2857 5587 3023 5660 quod
3051 5587 3342 5660 scriptum
3372 5591 3461 5643 est
3491 5603 3505 5642 :
3537 5586 3693 5643 Attii
3720 5586 3883 5642 dice-
