4136 6176
243 158 352 213 217

1619 159 1969 217 COMMENT.
2003 159 2072 217 IN
2098 162 2255 219 GEN.

3545 163 3656 221 218

241 279 423 334 bant:
451 279 660 334 Bonus
690 284 776 334 est
797 293 820 349 ;
850 282 961 336 alii
985 296 1143 353 vero,
1170 285 1327 355 Non,
1366 286 1470 341 sed
1505 285 1734 342 seducit
1761 291 1890 340 tur-
1920 287 1965 340 Α
2001 286 2171 341 micis
2208 291 2454 360 putatur
2479 286 2808 353 inﬁrmum,
2854 290 2912 341 et
2969 302 3076 358 per
3129 286 3302 358 cujus
3339 286 3651 343 materiam

238 368 549 438 bas(Joan.
585 383 685 433 vn,
739 372 844 438 t2).
881 370 987 425 Sed
1021 371 1175 427 bene
1207 378 1475 446 tempore
1507 374 1715 430 messis
1746 374 1890 429 triti-

233 471 352 512 cem
380 455 540 525 exiit,
572 455 719 527 quia
777 473 847 512 eo
900 463 1166 532 tempore
1209 461 1486 519 destinati
1533 463 1772 519 fuerunt
1813 462 1890 518 ad

229 543 714 618 praedicandum,
747 547 994 618 quando
1011 550 1138 619 jam
1173 554 1410 623 tempus
1442 557 1568 607 erat
1597 557 1658 607 ut
1700 567 1891 624 popu-

227 633 326 688 lus
361 632 735 703 colligeretur
766 635 845 689 ad
859 635 1070 701 ﬁdem,
1099 640 1435 696 secundum
1470 641 1636 713 quod
1689 641 1764 697 de
1803 640 1887 696 eis

229 721 492 778 dicitur:
521 724 736 779 Levate
766 725 966 780 oculos
1000 734 1243 798 vestros,
1283 735 1338 784 et
1379 730 1566 786 videte
1595 732 1881 801 regiones,

228 813 384 882 quia
413 811 562 866 albae
588 818 726 866 sunt
731 815 867 882 jam
891 815 972 869 ad
993 818 1329 872 metendum
1352 820 1542 888 (Joan.
1566 836 1638 886 ιγ,
1673 825 1782 886 35).
1803 821 1888 892 Ip-

226 915 292 954 se
323 898 522 954 attulit
573 899 685 955 Liee
716 902 912 968 matri,
938 906 1082 974 quia
1114 905 1432 962 Dominum
1463 909 1626 980 prius
1672 909 1885 980 praedi-

221 992 520 1044 caverunt
547 990 884 1060 Synagogaa
910 993 1103 1048 matri.
1136 994 1247 1050 Sed
1279 1011 1386 1068 per
1406 996 1570 1052 Liam
1617 997 1886 1069 pervenit

220 1076 296 1132 ad
329 1076 582 1145 Rachel,
609 1077 753 1148 quia
778 1094 888 1150 per
914 1081 1276 1152 primitivam
1331 1085 1652 1141 Ecclesium
1682 1102 1886 1158 perve-

221 1166 306 1220 nit
330 1165 414 1220 ad
449 1165 773 1222 Ecclesiam
805 1171 1074 1236 gentium
1106 1172 1394 1228 Christus.

287 1253 524 1310 Deinde
555 1256 822 1327 sequitur
844 1258 1104 1315 Simeor.
1129 1260 1369 1317 Simeon
1389 1279 1546 1329 vero,
1577 1263 1682 1335 qui
1711 1263 1886 1319 inter-

219 1347 500 1416 pretatur
523 1345 760 1400 audivit
810 1348 1116 1403 tristitiam
1147 1349 1242 1404 vel
1286 1367 1496 1407 nomen
1529 1352 1884 1424 habitaculi,

220 1436 282 1488 ut
311 1431 693 1504 quibusdam
720 1434 974 1505 videtur,
1025 1436 1160 1492 illos
1191 1438 1491 1509 signiﬁcat
1517 1441 1623 1513 qui
1653 1441 1747 1496 hic
1771 1446 1887 1496 stu-

221 1522 396 1578 diose
419 1522 722 1592 laborant,
757 1529 813 1579 et
836 1525 1142 1582 tristantur
1191 1543 1302 1600 pro
1356 1530 1478 1584 suis
1507 1530 1883 1603 aliorumque

2000 376 2204 431 animo
2235 393 2477 450 quoque
2499 377 2713 432 inferre
2730 376 2998 431 nituntur
3027 376 3349 445 interitum,
3376 379 3492 432 Deo
3509 390 3652 432 con-

1997 463 2252 520 fortante
2277 466 2615 538 experiatur
2644 464 2949 520 invictum.

2067 554 2466 626 Nephthalim,
2525 554 2629 627 qui
2658 555 3076 626 interpretatur
3103 553 3381 623 latitudo,
3414 552 3546 608 illos
3578 554 3652 608 si-

1997 648 2140 714 gnat
2160 643 2266 716 qui
2290 645 2517 701 dilatati
2539 649 2680 700 sunt
2696 643 2876 714 largis
2905 642 3190 716 operibus
3204 642 3646 711 misericordia,

1997 735 2174 802 atque
2207 731 2452 788 dilatato
2475 733 2652 788 corde
2683 733 2762 787 ad
2790 731 3056 788 ccelestia
3075 731 3345 797 tendunt,
3373 735 3430 786 et
3453 730 3648 786 carnis

1995 836 2203 876 curam
2236 837 2357 877 non
2415 823 2476 877 in
2516 821 2850 891 desideriis,
2883 821 2989 876 sed
3022 819 3148 876 sola
3176 820 3525 876 necessitate
3555 834 3646 874 re-

1994 909 2258 982 quirunt,
2294 911 2444 967 sicut
2473 909 2793 983 Apostolus
2811 910 2928 966 ait:
2980 911 3061 965 Et
3091 910 3291 965 carnis
3321 923 3529 965 curam
3572 921 3648 963 ne

1991 1000 2252 1068 feceritis
2282 1001 2344 1055 in
2383 1000 2689 1055 desideriis
2709 999 2900 1074 (Rom.
2927 1015 3044 1065 XIII,
3071 1000 3181 1064 14).

2073 1088 2218 1143 Gad.
2254 1089 2377 1144 Gad
2399 1089 2819 1161 interpretatur
2840 1088 3089 1143 tentatio
3104 1085 3198 1141 vel
3219 1086 3541 1143 accinctus.
3564 1083 3643 1140 Si-

1993 1175 2234 1246 gniﬁcat
2269 1193 2371 1233 eos
2395 1178 2498 1250 qui
2525 1177 2585 1232 in
2612 1176 2889 1233 exercitio
2920 1175 3314 1232 tentationum
3348 1178 3485 1230 sunt
3522 1173 3642 1228 for-

1991 1269 2114 1333 tes;
2147 1266 2249 1338 qui
2278 1271 2601 1338 postquam
2626 1267 2790 1322 bona
2818 1265 3124 1331 inchoant,
3158 1262 3489 1335 majoribus
3522 1265 3646 1318 ten-

1993 1356 2314 1411 tationibus
2343 1373 2585 1412 necesse
2615 1361 2704 1412 est
2721 1365 2786 1412 ut
2810 1356 3157 1428 probentur,
3181 1358 3360 1426 atque
3390 1352 3468 1409 ab
3488 1351 3646 1408 bella

1992 1445 2268 1515 graviora
2324 1447 2734 1516 accingantur,
2791 1450 2857 1501 ut
2905 1444 3025 1499 ﬁde
3063 1443 3301 1499 illorum
3362 1440 3646 1498 fortitudo

1991 1535 2436 1605 comprobetur,
2471 1535 2702 1590 dicente
2733 1533 3082 1590 Salomone:
3106 1534 3249 1599 Fili,
3268 1532 3550 1589 accedens
3566 1530 3646 1586 ad

221 1611 477 1678 delictis,
512 1611 887 1685 audiuntque
917 1615 1218 1688 quidquid
1245 1618 1330 1672 eis
1360 1619 1706 1689 pmnitendo
1734 1637 1884 1692 prae-
1911 1640 1952 1694 Β
1990 1624 2332 1679 servitutem
2363 1626 2492 1692 Dei,
2516 1630 2609 1679 sta
2630 1626 2693 1679 in
2719 1625 2964 1693 justilia
2991 1629 3046 1679 et
3069 1624 3298 1692 timore,
3324 1627 3377 1678 et
3406 1635 3646 1691 prrepa‘

218 1701 480 1756 dicatur.
521 1701 688 1756 Unde
713 1701 870 1757 bene
900 1705 1136 1760 audivit
1171 1707 1476 1763 tristitiam
1510 1709 1605 1763 vel
1658 1725 1881 1765 nomen

219 1792 564 1847 habitaculi
587 1791 823 1860 dicitur,
851 1798 915 1848 ut
957 1793 1137 1850 etiam
1167 1795 1347 1866 hujus
1377 1796 1660 1869 qualitate
1702 1815 1880 1855 voca-

219 1879 340 1934 buli
363 1879 708 1935 evidentius
738 1880 1064 1938 inculcaret
1117 1887 1174 1938 et
1199 1884 1344 1956 quid
1374 1885 1470 1940 hic
1527 1887 1878 1943 habendum

219 1975 270 2025 et
293 1968 448 2041 quid
481 1969 556 2024 sit
578 1969 896 2026 salubriter
922 1973 1418 2044 exspectandum.
1440 1974 1554 2030 Illis
1584 1977 1743 2032 enim
1760 1993 1877 2033 caa-

223 2058 384 2113 lestis
433 2058 765 2114 habitaculi
815 2059 1106 2129 gaudium
1160 2061 1422 2130 dabitur,
1472 2080 1734 2136 quorum
1781 2067 1876 2122 hic

227 2149 456 2203 animus
487 2147 796 2203 fructuosa
829 2149 1174 2220 poenitentia
1205 2152 1604 2221 contristatur,
1654 2155 1877 2227 quibus

233 2242 284 2290 et
305 2235 543 2292 dicitur:
598 2237 869 2293 Tristitia
924 2244 1122 2294 vestra
1153 2245 1418 2296 vertetur
1464 2242 1526 2298 in
1583 2245 1872 2313 gaudium

240 2324 425 2392 (Joan.
456 2342 561 2394 xvi,
593 2327 709 2396 20).

302 2413 432 2469 Levi
460 2413 716 2486 proinde
732 2414 994 2471 Simeoni
1023 2418 1307 2488 succedit,
1331 2419 1390 2475 id
1416 2425 1503 2475 est
1517 2422 1780 2478 additus.
1812 2422 1873 2478 ln

225 2518 340 2574 quo
367 2502 756 2573 intelligimus
776 2503 900 2559 sive
927 2521 1031 2560 eos
1053 2507 1157 2578 qui
1197 2509 1623 2580 temporalibus
1654 2516 1875 2567 aeterna

223 2597 581 2658 mercantur,
618 2591 1068 2649 sicutSalomon
1088 2595 1254 2651 dicit:
1289 2598 1630 2668 Redemptio
1661 2602 1876 2656 animas

221 2683 332 2737 viri
359 2683 629 2751 propria:
657 2682 884 2736 divitiae
899 2684 1029 2751 ejus
1049 2684 1485 2757 (Prov.xm,8);
1511 2704 1615 2742 seu
1632 2688 1760 2744 illos
1772 2690 1877 2762 qui

217 2771 316 2826 Dei
342 2770 656 2843 sequendo
688 2770 1005 2826 consilium
1043 2773 1380 2844 percipiunt
1405 2775 1468 2830 in
1513 2777 1626 2832 hoc
1657 2779 1875 2836 saeculo

215 2858 574 2930 centuplicia
594 2875 733 2913 cum
745 2859 1313 2928 tribulationibus,in
1337 2862 1536 2920 futuro
1549 2869 1747 2921 autem
1772 2884 1876 2923 see-

1989 1727 2061 1767 ra
2093 1713 2356 1768 animam
2403 1719 2567 1769 tuam
2627 1713 2708 1769 ad
2764 1713 3149 1768 tentationem
3191 1712 3397 1782 (Eccli.
3448 1726 3509 1775 ιι,
3569 1709 3640 1776 l).

1989 1800 2254 1873 Itemque
2309 1801 2657 1858 Psalmista:
2699 1801 3088 1858 Praecina'isti
3137 1815 3248 1868 me,
3307 1799 3519 1871 inquit,
3563 1799 3647 1855 ad

1992 1887 2209 1944 bellum
2246 1891 2434 1954 (Psal.
2465 1906 2614 1959 xvu,
2652 1890 2761 1961 40).

2060 1979 2125 2032 Et
2153 1978 2446 2049 quoniam
2501 1977 2918 2034 beatiﬁcamus
2968 1992 3071 2032 eos
3100 1977 3205 2049 qui
3236 1975 3647 2032 sustinuerunt

1989 2067 2416 2122 sufferentiam.
2445 2072 2626 2122 Aser:
2655 2070 2802 2122 Aser
2825 2067 3246 2138 interpretatur
3267 2067 3490 2134 beatus,
3509 2063 3642 2118 illos

1987 2155 2332 2227 praeﬁgurat
2357 2156 2461 2228 qui
2508 2155 2862 2211 tentationes
2891 2155 3182 2228 patienter
3212 2153 3522 2221 sufferunt,
3550 2165 3642 2206 se-

1987 2243 2112 2299 curi
2139 2243 2213 2298 de
2239 2244 2642 2315 promissione
2686 2242 2941 2299 cmlestis
2971 2241 3202 2314 praemii
3233 2256 3303 2296 ac
3337 2239 3535 2295 felices
3565 2238 3641 2295 de

1983 2333 2234 2388 victoria
2254 2331 2841 2388 certaminum.Unde
2857 2334 3000 2405 post
3015 2329 3140 2386 Gad
3161 2327 3391 2395 Aser,id
3409 2329 3499 2383 est
3514 2328 3643 2384 bea-

1987 2427 2102 2491 tus,
2135 2424 2403 2491 congruo
2453 2421 2597 2478 satis
2637 2421 2848 2476 ordine
2868 2419 3133 2493 ponitur.
3172 2420 3394 2474 Beatus
3421 2418 3516 2473 vir
3537 2417 3644 2487 qui

1985 2511 2195 2579 suffert
2229 2511 2604 2576 tentationes,
2633 2511 2935 2581 quoniam,
2968 2523 3099 2564 cum
3128 2506 3411 2576 probatus
3426 2505 3640 2574 fuerit,

1985 2601 2238 2670 accipiet
2265 2615 2543 2656 coronam
2566 2599 2890 2669 vitw(Jac.,
2916 2614 2954 2664 I,
2979 2599 3051 2668 ὅ).
3073 2595 3224 2662 Quia
3244 2594 3424 2664 hujus
3449 2591 3640 2648 beati-

1985 2689 2207 2745 tudinis
2222 2689 2345 2745 ﬁda
2365 2687 2767 2761 promissione
2784 2686 3077 2759 patientes
3104 2699 3227 2740 non
3243 2684 3602 2752 angustatur
3623 2699 3639 2750 ;

1985 2777 2092 2833 sed
2124 2794 2230 2852 spe
2260 2777 2616 2848 gaudentes,
2651 2776 2712 2831 in
2762 2773 3142 2831 tribulatione
3182 2771 3471 2844 patientes
3501 2784 3640 2824 cum

1990 2865 2458 2938 Psalmographo
2485 2865 2837 2920 decantant:
2862 2863 2933 2918 In
2962 2861 3349 2917 tribulatione
3366 2857 3644 2913 dilutasti

222 2946 356 3002 culo
385 2947 575 3010 vitam
601 2951 910 3002 aeternam.
943 2948 1040 3002 His
1064 2949 1242 3004 etiam
1259 2951 1424 3022 quod
1471 2953 1754 3026 scriptum
1789 2960 1878 3011 est
1903 2986 1946 3044 ο
1981 2969 2074 3010 nte
2103 2955 2288 3022 (Psal.
2311 2970 2387 3019 IV,
2417 2955 2484 3024 I).
2511 2953 2748 3008 Etitem:
2768 2953 2934 3007 Viam
2953 2949 3378 3044 mandato-rum
3401 2951 3639 3001 tuorum

215 3035 533 3091 convenit:
601 3036 716 3102 Qui
766 3037 938 3091 addit
980 3038 1310 3106 scientiam,
1374 3040 1548 3097 addit
1609 3043 1871 3100 laborem
1909 3035 1946 3044 '
1983 3044 2246 3110 cucurri,
2299 3058 2433 3097 cum
2484 3042 2776 3097 dilatares
2816 3055 2920 3096 cor
2957 3053 3148 3094 meum
3191 3035 3378 3107 (Psal.
3439 3049 3637 3105 cxvm,

211 3124 400 3192 (Eccl.
429 3140 470 3193 ι,
507 3124 615 3194 18).
638 3126 786 3180 Nam
810 3129 867 3180 et
893 3129 1099 3180 sancto
1127 3127 1312 3182 Jacob
1350 3129 1430 3184 ad
1459 3130 1574 3185 hoc
1625 3131 1874 3188 tribula-

209 3211 446 3267 tionum
481 3211 778 3267 acerbitas
803 3212 1138 3269 addebatur
1178 3219 1243 3270 ut
1286 3217 1544 3288 probato
1591 3220 1871 3292 praemio-

205 3316 351 3356 rum
382 3315 625 3355 merces
651 3301 896 3372 amplior
932 3301 1300 3360 redderetur.

279 3389 501 3442 Judas.
527 3389 557 3441 J
564 3387 716 3443 udas
732 3389 902 3459 enim,
918 3392 1021 3463 qui
1038 3391 1459 3463 interpretatur
1478 3396 1767 3464 confessio
1777 3397 1870 3453 vel

210 3477 663 3546 laudatio,illos
685 3477 977 3548 signiﬁcat
991 3482 1092 3553 qui
1105 3481 1165 3536 in
1182 3497 1325 3538 vera
1345 3483 1718 3542 confessione
1731 3486 1870 3544 ﬁdei

213 3571 620 3636 perseverant,
667 3566 948 3623 etlaudes
999 3569 1328 3637 gratiarum
1371 3572 1620 3628 Domino
1655 3591 1868 3648 repen-

220 3652 389 3708 dunt.
421 3655 550 3709 Sive
576 3653 712 3710 illos
741 3656 848 3728 qui
870 3655 1085 3712 delicta
1115 3673 1227 3714 sua
1254 3659 1543 3716 veraciter
1584 3664 1870 3719 conﬁten-

227 3742 481 3810 και-,φύει
501 3742 618 3797 sine
637 3743 1019 3800 confessione
1037 3745 1358 3813 malorum,
1398 3747 1634 3804 culmen
1675 3750 1868 3806 bono-

235 3843 367 3882 rum
389 3828 568 3886 nullus
596 3833 1016 3904 apprehendit,
1040 3839 1097 3890 et
1125 3835 1236 3890 nisi
1274 3851 1381 3908 per
1427 3837 1868 3896 confessionem

227 3919 618 3974 renuntiemus
639 3921 877 3977 actibus
899 3922 1094 3989 malis,
1117 3939 1240 3979 non
1261 3924 1662 3982 informamur
1675 3928 1872 3999 rectis.

281 4007 536 4063 Isachar.
573 4010 817 4074 [sachar
860 4010 1279 4083 interpretatur
1302 4029 1544 4070 merces.
1568 4015 1876 4086 Signiﬁcat

207 4093 337 4150 illos
355 4096 461 4168 qui
494 4099 854 4154 tentationes
886 4100 1195 4171 praesentis
1208 4100 1362 4168 vitae,
1401 4103 1689 4174 patientia
1720 4105 1872 4178 fulti,

203 4185 596 4242 solummodo
623 4202 733 4259 pro
759 4203 1024 4260 superna
1034 4189 1712 4249 mercedelibentissime
1734 4194 1874 4250 tole-

199 4279 349 4342 rant,
367 4281 426 4330 et
457 4275 676 4331 futurae
693 4276 986 4332 mercedis
1013 4279 1514 4351 contemplatione
1527 4282 1865 4352 ﬁrmantur,

198 4365 334 4435 quia
364 4364 573 4420 sciunt
583 4365 756 4435 juxta
772 4365 1150 4438 Apostolum,
1177 4369 1346 4434 Quod
1364 4385 1482 4424 non
1503 4377 1643 4426 sunt
1663 4373 1866 4428 condi-

193 4465 323 4518 gne
334 4454 668 4521 passiones
692 4455 872 4523 hujus
895 4456 1176 4524 temporis
1197 4456 1566 4526 adfuturam
1581 4461 1864 4532 gloriam,

195 4555 319 4608 qua:
339 4540 729 4597 revelabitur
755 4543 819 4597 in
849 4543 929 4598 eis
969 4544 1159 4613 (Rom.
1192 4559 1310 4609 VIII,
1349 4545 1452 4615 18).
1484 4545 1866 4602 Fructuosius

192 4630 417 4703 quippe
454 4635 792 4702 pugnatur,
820 4629 925 4685 ubi
948 4647 1180 4687 merces
1213 4637 1506 4704 speratur.

255 4718 409 4774 Dan.
453 4722 591 4774 Dan
625 4719 1046 4791 interpretatur
1062 4721 1387 4791 judicium.
1423 4722 1681 4779 Eximios
1703 4723 1867 4779 vide-

191 4809 278 4859 tur
302 4814 506 4880 atque
535 4823 810 4864 summos
860 4809 953 4864 sui
985 4809 1470 4881 interpretatione
1496 4811 1756 4867 nominis
1788 4813 1865 4868 si-

185 4894 462 4965 gniﬁcat,
496 4895 606 4968 qui
630 4896 1017 4968 spiritualiter
1047 4903 1466 4954 conversantes
1493 4900 1687 4955 sciunt
1709 4900 1868 4969 judi-

182 4999 315 5039 care
345 4984 599 5051 omnia,
624 4985 800 5056 juxta
828 4986 996 5058 quod
1029 4986 1249 5043 Paulus
1279 4987 1396 5043 ait:
1427 4987 1736 5057 Spiritalis
1757 4992 1864 5059 ju-

177 5073 343 5130 dicat
376 5075 624 5144 omnia,
656 5081 709 5132 et
741 5077 867 5145 ipse
905 5090 942 5131 a
973 5077 1204 5132 nemine
1221 5077 1545 5146 judicatur
1573 5079 1632 5144 (I
1651 5079 1859 5146 Cor.u,

182 5162 292 5228 15).

247 5251 852 5308 Zabulon.Zabulon
872 5251 1296 5325 interpretatur
1319 5254 1732 5312 habitaculum
1738 5259 1866 5327 for-

177 5342 500 5397 titudinis.
526 5340 659 5396 Illos
670 5341 951 5410 designat
971 5341 1075 5414 qui
1096 5359 1206 5415 pro
1227 5343 1456 5398 Christo
1469 5344 1703 5400 animas
1725 5362 1865 5402 suas

177 5436 450 5500 ponunt,
491 5429 555 5483 in
607 5429 832 5501 quibus
885 5431 1173 5486 Dominus
1215 5431 1364 5500 haec,
1409 5449 1544 5504 quae
1588 5435 1864 5505 superius

177 5517 487 5583 diximus,
513 5523 799 5589 Operatur
823 5523 880 5572 et
904 5519 1168 5590 perﬁcit;
1203 5521 1475 5578 videlicet
1493 5523 1741 5594 quando
1753 5523 1865 5577 vir-

180 5611 270 5664 tus
289 5610 356 5666 in
390 5606 755 5665 inﬁrmitate
775 5609 1098 5681 perﬁcitur,
1132 5616 1194 5666 ut
1213 5626 1433 5682 corpus
1461 5613 1627 5684 quod
1647 5613 1727 5670 ab
1757 5613 1865 5669 ini-

1983 3134 2092 3194 32).

2052 3218 2525 3291 Joseph.Joseph
2554 3217 2975 3288 interpretatur
3003 3216 3389 3281 augmentum
3409 3207 3504 3263 vel
3525 3209 3637 3264 ad-

1980 3309 2146 3365 dens.
2191 3306 2494 3377 Signiﬁcat
2523 3305 2654 3361 illos
2683 3303 2786 3377 qui
2815 3318 2926 3375 pro
2955 3303 3280 3370 augmento
3312 3297 3638 3370 spiritualis

1981 3397 2326 3454 substantiae
2355 3396 2760 3466 virtutumque
2777 3391 3033 3448 student.
3049 3388 3214 3446 Unde
3236 3393 3293 3444 et
3312 3390 3637 3457 augmento

1979 3485 2130 3542 felici
2152 3484 2505 3540 succedente
2543 3482 2873 3553 gratiarum
2903 3478 3065 3535 dona
3093 3476 3435 3533 tribuuntur
3448 3474 3554 3544 eis,
3581 3477 3639 3531 et

1979 3573 2224 3645 insuper
2245 3573 2484 3628 additur
2508 3570 2696 3641 gloria
2713 3568 2967 3625 ccelestis
2986 3565 3271 3635 muneris,
3289 3562 3434 3636 quia
3455 3576 3637 3635 super

1978 3667 2280 3735 praecepta
2313 3661 2411 3717 Dei
2434 3660 2661 3732 aliquid
2683 3657 2944 3730 amplius
2966 3655 3058 3711 vel
3081 3656 3141 3710 in
3185 3652 3521 3724 virginitate
3539 3648 3637 3706 vel

1979 3767 2052 3807 ex
2091 3752 2441 3806 facultatum
2471 3765 2718 3805 suarum
2749 3746 3077 3819 quantitate
3104 3743 3381 3800 offerunt.

2049 3840 2383 3912 Benjamin.
2415 3838 2724 3910 Benjamin
2742 3838 3158 3908 interpretatur
3180 3834 3346 3902 ﬁlius
3374 3831 3636 3888 dexteras

1982 3931 2113 3986 illos
2143 3931 2564 3984 demonstrans
2592 3927 2695 3999 qui
2743 3925 2948 3981 omnia
2995 3939 3106 3978 sua
3148 3922 3284 3977 ideo
3315 3919 3541 3974 faciunt
3567 3921 3633 3972 ut

1983 4019 2062 4074 ad
2089 4019 2396 4074 dexteram
2439 4015 2658 4087 judicis
2691 4017 3046 4070 statuantur.
3083 4014 3148 4066 Et
3182 4010 3336 4065 bene
3367 4011 3631 4062 extremo

1983 4107 2292 4178 Benjamin
2319 4105 2562 4178 ponitur
2589 4103 2754 4171 loco;
2797 4101 2939 4174 quia
2979 4116 3117 4156 cum
3165 4097 3498 4154 novissima
3527 4094 3634 4149 ini-

1982 4197 2139 4252 mica
2166 4211 2328 4250 mors
2355 4194 2710 4262 destruetur,
2729 4191 2976 4247 felicitas
3007 4188 3366 4244 haereditatis
3395 4189 3630 4240 aeternas

1981 4285 2307 4342 donabitur
2336 4283 2567 4351 electis;
2592 4281 2711 4338 sive
2734 4279 3151 4352 unusquisque
3181 4277 3447 4334 ﬁdelium
3471 4274 3630 4330 ﬁlius

1979 4375 2236 4430 dexterae
2262 4374 2396 4446 jure
2426 4372 2678 4435 dicatur,
2723 4385 2830 4426 seu
2887 4368 3083 4425 omnis
3115 4372 3302 4423 cmtus
3335 4363 3626 4430 Ecclesiae,

1979 4463 2053 4518 de
2085 4479 2208 4535 qua
2230 4462 2540 4518 canimus:
2582 4461 2794 4515 Astitit
2838 4459 3049 4529 regina
3079 4471 3117 4512 a
3150 4456 3382 4512 dextris
3414 4455 3533 4508 tuis
3564 4452 3628 4506 in

1978 4554 2193 4608 vestitu
2242 4551 2555 4620 deaurato,
2595 4547 3048 4605 circumamicta
3101 4545 3394 4600 varietate
3436 4539 3624 4608 (Psal.

1977 4658 2123 4708 xuv,
2161 4643 2264 4713 10).
2292 4645 2356 4696 Et
2379 4642 2506 4695 haec
2535 4638 2810 4694 videlicet
2834 4633 3112 4701 Ecclesia,
3140 4649 3212 4687 ex
3239 4636 3492 4701 utroque
3521 4642 3629 4698 po-

1975 4729 2120 4802 pulo
2141 4729 2408 4793 collecta,
2431 4733 2720 4798 tanquam
2743 4724 2878 4779 duae
2904 4735 3123 4777 uxores
3144 4717 3326 4774 Jacob
3349 4717 3504 4790 parit
3518 4715 3628 4771 hos

1975 4816 2156 4881 ﬁlios,
2185 4822 2240 4872 et
2261 4833 2371 4889 pro
2392 4815 2484 4870 his
2515 4813 2770 4869 deservit
2798 4809 2982 4866 Jacob
3015 4813 3242 4881 septem
3273 4806 3466 4864 annis.
3502 4806 3628 4862 Ser-

1975 4907 2132 4962 vitus
2162 4907 2361 4977 itaque
2399 4903 2583 4959 Jacob
2615 4906 2840 4975 septem
2871 4915 3171 4955 annorum
3227 4914 3338 4971 pro
3387 4895 3626 4952 duabus

1977 4995 2288 5056 uxoribus,
2321 4994 2504 5063 huius
2534 4991 2671 5047 vitm
2701 4989 3006 5064 praesentis
3043 4993 3283 5060 tempus
3305 4985 3624 5056 signiﬁcat,

1977 5083 2081 5156 qui
2112 5099 2216 5156 per
2239 5087 2465 5155 septem
2496 5081 2622 5136 dies
2646 5079 2921 5142 volvitur,
2955 5078 3014 5134 in
3043 5093 3166 5150 quo
3201 5075 3484 5131 Dominus
3515 5074 3629 5130 for-

1976 5189 2142 5229 mam
2176 5173 2327 5228 servi
2359 5170 2605 5243 accepit,
2635 5169 2825 5225 factus
2873 5167 3162 5224 obediens
3217 5170 3479 5238 paternae
3529 5179 3630 5219 vo-

1975 5262 2188 5319 luntati
2219 5276 2412 5334 usque
2453 5260 2530 5316 ad
2580 5263 2854 5314 mortem.
2917 5256 3014 5312 Ille
3058 5256 3215 5312 enim
3257 5269 3367 5326 pro
3416 5251 3629 5308 ovibus

1977 5350 2185 5417 servit;
2210 5354 2266 5405 et
2291 5349 2577 5405 Dominus
2606 5350 2808 5402 noster
2833 5345 2946 5400 ait:
2971 5344 3110 5400 Non
3136 5344 3296 5399 venit
3312 5343 3506 5397 Filius
3529 5342 3628 5396 ho-

1974 5441 2150 5495 minis
2224 5437 2582 5502 ministrari,
2643 5435 2746 5492 sed
2811 5435 3162 5489 ministrare
3225 5431 3463 5501 (Matth.
3524 5446 3626 5496 xx,

1974 5523 2085 5594 28).
2167 5522 2261 5578 Ille
2345 5539 2484 5578 oves
2545 5519 2712 5593 pavit
2773 5519 2896 5590 [Ζ.
2963 5517 3229 5589 pascit];
3299 5519 3354 5569 et
3433 5512 3626 5567 Domi-

1975 5628 2089 5667 nus
2145 5611 2205 5667 in
2263 5611 2582 5682 Evangelio
2627 5609 2824 5666 dicit:
2892 5609 3020 5678 Ego
3076 5623 3203 5662 sum
3257 5610 3469 5673 pastor
3535 5601 3628 5654 bo-
