4130 6182
463 137 570 199 M9

1564 131 1921 195 ANGELOMI
1972 128 2427 191 LUXOVIENSlS
2459 133 2773 190 MONACHI

3784 132 3903 187 210

464 273 579 315 nus
610 258 910 330 (10012.11,
949 256 1057 327 14).
1090 256 1190 312 Ille
1221 254 1525 312 mercedis
1549 253 1722 330 lucro
1750 253 1986 310 varium
2010 252 2126 310 sibi
2152 256 2200 310 Α
2233 254 2401 311 sione
2427 255 2585 313 illius
2612 258 3062 327 argumentetur
3089 255 3248 312 hanc
3269 257 3595 327 conceptus
3623 270 3769 311 esse
3791 270 3906 310 na-

466 326 654 421 pecus
683 345 925 407 abstulit
954 326 1216 401 Christus
1244 326 1911 412 diversarum‘gentium
1942 342 2127 398 varie-

469 441 652 494 tatem
681 436 919 491 sibimet
946 433 1350 504 congregavit.
1384 433 1481 489 Ille
1512 437 1627 489 tres
1668 433 1864 502 virgas
1917 448 2125 505 ampu-

470 526 604 583 tatis
630 523 949 583 corticibus
978 523 1040 579 in
1064 522 1247 580 alveis
1268 539 1566 595 aquarum
1597 522 1897 595 apposuit,
1926 528 1993 579 ut
2030 537 2125 577 ea-

469 630 604 671 rum
626 612 1126 685 contemplatione
1148 611 1683 684 multiplicarentur
1710 612 1841 683 ejus
1869 627 2044 678 oves;
2068 613 2126 667 et

472 703 759 761 Dominus
786 706 983 757 uoster
1001 700 1063 756 in
1098 716 1260 774 aqua
1304 700 1685 773 baptismatis
1718 700 1894 757 trium
1923 715 2125 773 perso-

471 792 687 853 nariJm
720 790 988 860 nomina,
1015 790 1221 861 Patris,
1262 794 1319 846 et
1348 790 1495 861 Filii,
1536 796 1592 847 et
1637 790 1884 863 Spiritus
1913 788 2121 859 sancti,

470 880 696 953 populo
733 878 895 935 ﬁdeli
923 880 1257 952 proposuit,
1286 884 1348 936 ut
1373 880 1630 952 quisque
1657 881 1771 937 hoc
1799 880 1979 953 pleno
2001 894 2126 935 cor-

471 968 544 1025 de
574 968 961 1040 perspexerit,
993 967 1283 1025 eﬁiciatur
1312 985 1465 1041 opus
1508 969 1629 1025 Dei.

542 1056 742 1115 Aliter.
767 1056 922 1123 Quid
951 1061 1040 1113 est
1066 1057 1228 1113 enim
1240 1057 1441 1127 virgas
1459 1057 1677 1114 virides
1706 1056 2125 1129 amygdalinas

473 1149 655 1220 atque
684 1163 757 1203 ex
782 1146 1043 1218 platanis
1067 1151 1204 1205 ante
1229 1161 1482 1218 gregum
1511 1147 1721 1203 oculos
1751 1145 2125 1219 ponere,nisi

468 1252 579 1311 per
609 1236 923 1307 Scriptura?»
949 1236 1167 1291 seriem
1198 1236 1585 1308 antiquorum
1607 1241 1847 1308 patrum
1863 1236 2013 1292 vitas
2044 1238 2128 1291 at-

472 1341 593 1398 que
624 1324 946 1381 sententias
997 1324 1059 1381 in
1111 1320 1457 1397 exemplum
1501 1325 1743 1398 populis
1799 1323 2125 1398 praebere?

475 1416 617 1480 Quae
646 1414 952 1483 nimirum,
979 1414 1123 1485 quia
1167 1415 1340 1485 juxta
1382 1415 1627 1471 rationis
1656 1430 1910 1470 examen
1954 1417 2127 1469 rectae

475 1506 634 1572 sunt,
659 1502 842 1571 virgea
868 1502 1274 1561 nominantur.
1305 1504 1531 1569 Quibus
1561 1520 1631 1558 ex
1654 1508 1821 1575 parte
1850 1502 2129 1559 corticem

2231 348 2428 400 turam
2451 354 2638 417 quam
2684 361 2868 418 supra
2905 344 3190 401 diximus.
3242 347 3309 400 Et
3364 343 3555 399 multa
3601 343 3909 399 dicuntur

2232 432 2496 489 similiter
2521 433 2651 489 ﬁeri
2673 434 2736 489 in
2766 432 3118 491 animalium
3153 432 3393 489 fetibus.
3427 432 3541 488 Sed
3566 438 3624 489 et
3652 431 3911 488 mulieri

2232 518 2517 576 accidisse
2547 521 2815 589 traditur,
2858 526 2915 578 et
2942 523 3232 595 scriptum
3274 521 3569 596 reperitur
3615 521 3681 577 in
3729 520 3911 577 libris

2232 608 2633 681 antiquissimi
2701 615 2759 667 et
2812 611 3163 684 peritissimi
3221 610 3440 667 medici
3510 611 3911 683 Hippocratis

2231 698 2396 769 quod
2419 700 2761 771 suspicione
2790 699 3066 756 adulterii
3113 699 3305 756 fuerat
3360 699 3705 772 punienda,
3762 715 3911 755 cum

2231 785 2702 857 pulcherrimum
2731 788 3058 862 peperisset
3098 788 3335 862 utrique
3384 788 3620 861 parenti
3659 789 3911 857 generi-
3968 784 3972 788 ’

2231 891 2349 947 que
2373 876 2745 946 dissimilem,
2774 878 2887 935 nisi
2908 882 3280 934 memoratus
3300 877 3573 945 medicus
3619 878 3912 935 solvisset

2231 966 2649 1037 quaestionem,
2674 967 2788 1024 illis
2817 966 3141 1024 admonitis
3169 983 3437 1040 quaerere
3484 982 3560 1023 ne
3608 966 3774 1024 forte
3804 967 3911 1024 ali-

2233 1069 2356 1126 qua
2375 1054 2509 1110 talis
2538 1056 2770 1128 pictura
2822 1060 2980 1112 esset
3023 1057 3087 1112 in
3116 1055 3417 1127 cubiculo,
3471 1071 3596 1128 qua
3643 1056 3908 1113 inventa

2232 1142 2448 1199 mulier
2476 1160 2512 1199 a
2538 1144 2880 1217 suspicione
2910 1144 3163 1201 liberata
3191 1148 3302 1201 est.

2304 1234 2468 1290 Vsus.
2498 1237 2664 1291 42.—-
2689 1236 2882 1300 Quare
2903 1234 3087 1290 Jacob
3116 1234 3294 1307 primi
3321 1235 3607 1307 temporis
3638 1251 3766 1292 sua
3809 1252 3900 1291 es-

2236 1337 2297 1377 se
2322 1321 2526 1391 voluit,
2557 1328 2616 1380 et
2631 1324 2893 1380 serotina
2924 1323 3169 1380 Laban?
3201 1324 3302 1380 Vel
3347 1340 3453 1380 cur
3471 1325 3589 1381 hac
3618 1330 3756 1381 arte
3789 1340 3907 1384 sua

2234 1425 2358 1466 non
2391 1412 2585 1482 magis
2605 1413 2812 1469 omnia
2841 1429 2970 1469 esse
2992 1412 3271 1469 fecisset?
3294 1412 3500 1483 Jacob,
3536 1414 3818 1486 prudens
3847 1418 3905 1470 et

2237 1499 2506 1567 callidus,
2530 1500 2822 1572 justitiam
2848 1506 2906 1557 et
2919 1501 3264 1574 mquitatem
3278 1502 3459 1557 etiam
3488 1502 3552 1558 in
3576 1518 3746 1559 nova
3776 1508 3902 1559 arte

475 1590 788 1655 subtrahit,
825 1594 889 1648 ut
911 1590 974 1645 in
1003 1591 1095 1647 his
1124 1608 1261 1663 quae
1296 1592 1701 1664 exspoliantur
1726 1592 1968 1647 intimus
1992 1605 2131 1645 can-
2159 1607 2199 1661 Β
2238 1589 2538 1649 servabat.
2574 1590 2630 1645 Si
2676 1590 2838 1647 enim
2878 1606 3091 1647 omnes
3120 1606 3311 1661 agnos
3350 1596 3407 1647 et
3457 1591 3664 1648 haedos
3699 1592 3901 1648 varios

476 1678 587 1739 dor
616 1682 922 1751 appareat.
948 1682 1014 1734 Et
1041 1695 1111 1734 ex
1144 1685 1310 1751 parte
1338 1680 1616 1736 corticem
1647 1684 1861 1744 servat,
1890 1684 1954 1734 ut
1981 1678 2131 1733 sicut

475 1767 711 1825 fuerant
740 1767 1014 1834 exterius,
1034 1768 1095 1825 in
1127 1769 1418 1827 viriditate
1449 1772 1860 1841 permaneant.
1895 1766 2130 1822 Varius-

477 1871 595 1928 que
624 1855 924 1926 virgarum
961 1856 1125 1912 color
1163 1856 1434 1924 efﬁcitur,
1462 1858 1609 1913 dum
1632 1863 1833 1914 cortex
1862 1873 1933 1912 ex
1964 1860 2130 1928 parte

478 1945 896 2013 substrabitur,
929 1961 1002 2002 ex
1039 1951 1206 2018 parte
1263 1947 1566 2003 retinetur.
1599 1951 1746 2002 Ante
1795 1944 2130 2001 considera-

478 2032 655 2093 tionis
684 2033 845 2091 enim
874 2040 1095 2089 nostrae
1136 2034 1343 2090 oculos
1376 2035 1842 2107 praecedentium
1889 2038 2131 2105 patrum

481 2120 785 2181 sententiis
808 2122 986 2194 quasi
1010 2122 1191 2191 virgas
1224 2123 1399 2179 variae
1437 2127 1762 2189 ponuntur.
1799 2126 1859 2178 ln
1889 2121 2130 2194 quibus,

478 2208 625 2269 dum
651 2209 1005 2283 plerumque
1027 2210 1389 2271 intellectum
1410 2211 1613 2266 litterae
1643 2212 1926 2280 fugimus,
1955 2209 2128 2282 quasi

479 2298 757 2359 corticem
790 2297 1231 2366 subtrahimus;
1286 2306 1342 2357 et
1367 2300 1512 2355 dum
1576 2299 1929 2371 plerumque
1968 2297 2135 2355 intel-

476 2387 699 2443 lectum
734 2385 941 2445 litteras
972 2387 1299 2459 sequimur,
1342 2388 1516 2460 quasi
1546 2389 1824 2443 corticem
1866 2400 2133 2441 reserva-

478 2493 636 2533 mus.
672 2477 944 2548 Dumque
982 2476 1060 2535 ab
1106 2477 1252 2548 ipsis
1281 2482 1483 2534 cortex
1511 2477 1716 2533 litterae
1756 2476 2130 2542 subducitur,

479 2565 778 2634 allegoriae
810 2565 1038 2625 candor
1067 2565 1307 2621 interior
1336 2566 1822 2634 demonstratur;
1881 2569 1938 2620 et
1985 2565 2133 2621 dum

478 2658 682 2711 cortex
713 2653 1085 2725 relinquitur,
1116 2654 1418 2711 exterioris
1458 2654 1853 2724 intelligentiae
1884 2652 2134 2710 virentia

479 2731 756 2815 exempla
782 2746 1216 2801 monstrantur.
1250 2744 1413 2808 Quas
1439 2742 1595 2799 bene
1636 2742 1823 2800 Jacob
1857 2743 1919 2799 in
1959 2756 2134 2813 aqua;

479 2830 793 2893 canalibus
819 2830 1036 2903 posuit,
1067 2830 1212 2903 quia
1239 2836 1295 2887 et
1318 2831 1677 2903 Redemptor
1720 2838 1922 2889 noster
1966 2829 2027 2885 in
2074 2828 2137 2884 li-

477 2919 603 2981 bris
631 2936 733 2983 eas
762 2936 947 3001 sacres
973 2920 1252 2990 scientiae,
1275 2920 1497 2992 quibus
1528 2936 1639 2976 nos
1676 2920 2031 2976 intrinsecus
2050 2920 2139 2979 in-
2167 2958 2206 3017 ρ

477 3008 808 3077 fundimur.
835 3009 981 3069 ﬁxit.
1007 3010 1123 3069 Has
1147 3009 1502 3081 aspicientes
1531 3010 1741 3069 arietes
1757 3025 1896 3064 cum
1917 3008 2133 3065 ovibus

479 3103 716 3167 coeunt,
738 3098 883 3171 quia
903 3098 1224 3154 rationales
1252 3099 1444 3153 nostri
1475 3098 1736 3170 spiritus,
1764 3098 1914 3153 dum
1946 3098 2005 3152 in
2038 3113 2132 3157 ea-

476 3201 612 3247 rum
633 3187 963 3247 intentione
991 3187 1174 3245 deﬁxi
1194 3191 1353 3257 sunt,
1387 3186 1637 3256 singulis
1666 3185 2009 3258 quibusque
2034 3202 2133 3242 ac-

478 3275 741 3336 tionibus
769 3276 1224 3349 permiscentur,
1255 3281 1321 3333 ut
1340 3275 1488 3332 tales
1527 3275 1681 3333 fetus
1710 3290 1963 3347 operum
1994 3291 2135 3346 pro-

480 3369 700 3431 creent.
728 3364 932 3435 qualia
956 3365 1239 3437 exempla
1262 3364 1727 3435 prmedentium
1775 3364 1838 3418 in
1888 3363 2136 3425 vocibus

478 3454 918 3522 praeceptorum
938 3451 1162 3520 vident,
1206 3456 1263 3507 et
1286 3452 1590 3511 diversum
1643 3451 1906 3509 colorem
1952 3451 2136 3524 prolis

479 3536 627 3599 boni
645 3537 845 3609 operis
875 3537 1095 3596 habeat
1116 3557 1128 3606 ;
1152 3538 1293 3610 quia
1317 3542 1376 3594 et
1398 3554 1838 3612 nonnunquam
1874 3540 2138 3597 subtrac-

482 3630 542 3686 ta
575 3624 780 3683 litterae
802 3626 1019 3683 cortice
1042 3627 1274 3683 acutius
1296 3626 1530 3682 interna
1551 3627 1910 3698 considerat,
1958 3632 2024 3684 ut
2053 3643 2137 3684 re-

480 3717 712 3768 servato
752 3727 1199 3786 nonnunquam
1239 3714 1500 3771 historias
1550 3715 1833 3786 tegmine,
1868 3717 2023 3775 bene
2075 3733 2138 3772 se

481 3800 546 3865 in
571 3800 964 3861 exterioribus
993 3802 1233 3860 format.

554 3893 977 3951 Verumtamen
1005 3891 1437 3964 requirendum
1468 3896 1559 3949 est
1596 3893 1770 3964 juxta
1825 3894 2138 3951 historiam

480 3980 791 4051 quomodo
820 3995 931 4052 pro
983 3985 1234 4052 aspectu
1281 3980 1590 4051 virgarum
1644 3981 1945 4038 variarum
1991 3983 2139 4038 varii

481 4082 769 4139 pecorum
797 4066 951 4124 fetus
970 4068 1770 4127 nascebantur.0bservabat
1786 4085 1928 4139 ergo
1951 4070 2139 4127 Jacob

481 4156 749 4227 tenipore
769 4170 892 4227 quo
904 4156 1387 4214 ascendebantur
1398 4162 1452 4213 et
1463 4173 1703 4230 pecora,
1718 4161 1854 4229 post
1875 4157 2137 4215 calorem

480 4242 599 4303 diei
627 4243 703 4301 ad
734 4245 1070 4316 potandum
1096 4245 1277 4303 avida
1296 4245 1649 4318 pergebant.
1680 4245 2006 4303 Discolores
2024 4263 2137 4303 vm

481 4348 590 4404 gas
620 4305 885 4404 ponebat
910 4334 973 4393 in
988 4305 1323 4405 canalibus:
1356 4305 1729 4397 etvadmissis
1768 4334 2050 4393 arietibus
2079 4341 2137 4397 et
2164 4305 2209 4360 Β

478 4421 659 4481 hircis
681 4427 737 4479 et
760 4421 895 4495 ipsa
925 4423 1171 4495 potandi
1211 4423 1516 4494 aviditate,
1547 4439 1689 4481 oves
1735 4428 1793 4485 et
1816 4440 2031 4497 capras
2052 4426 2136 4483 fa-

480 4510 677 4573 ciebat
702 4512 968 4584 ascendi,
1008 4516 1066 4569 et
1090 4528 1162 4571 ex
1192 4511 1417 4585 duplici
1457 4512 1756 4573 desiderio
1786 4512 1935 4569 dum
1966 4514 2138 4571 avide

476 4599 696 4657 bibunt
722 4606 780 4659 et
807 4602 1222 4663 ascenduntur
1246 4617 1283 4658 a
1309 4600 1597 4669 maribus,
1638 4601 1782 4657 tales
1800 4601 1957 4657 fetus
1993 4618 2136 4659 con-

482 4690 748 4761 ciperent
777 4692 989 4765 quales
1019 4691 1271 4754 umbras
1298 4691 1554 4749 arietum
1591 4695 1650 4751 et
1674 4691 1979 4751 hircorum
2033 4692 2137 4753 de-

483 4793 662 4849 super
691 4783 1141 4845 ascendentium
1177 4782 1240 4841 in
1265 4798 1566 4854 aquarum
1598 4780 1845 4855 specula
1872 4787 2138 4840 contem-

481 4866 824 4939 plahantur.
858 4874 937 4926 Ex
961 4872 1145 4941 virgis
1173 4872 1336 4933 enim
1364 4873 1427 4928 in
1459 4871 1773 4931 canalibus
1803 4872 2015 4946 positis
2044 4889 2142 4935 va-

480 4955 606 5011 rius
635 4960 762 5017 erat
789 4960 969 5017 etiam
996 4958 1334 5029 imaginum
1363 4961 1546 5018 color.
1574 4965 1690 5019 Nec
1715 4963 1937 5019 mirum
1982 4963 2141 5020 hanc

482 5044 545 5101 in
575 5051 871 5118 conceptu
898 5046 1260 5105 feminarum
1292 5064 1420 5105 esse
1467 5055 1770 5120 naturam,
1801 5056 1886 5116 ut,
1930 5052 2140 5123 quales

482 5134 848 5207 perrexerint
884 5133 997 5206 [F.,
1020 5137 1449 5209 perspexerint]
1478 5138 1603 5196 sive
1630 5144 1828 5197 mente
1847 5154 2139 5211 concepe-

484 5222 601 5278 rint
626 5222 690 5281 in
739 5228 1006 5281 extremo
1036 5224 1360 5297 voluptatis
1389 5231 1560 5296 testu,
1592 5244 1717 5300 quo
1772 5227 2135 5298 concipiunt,

484 5312 665 5370 talem
684 5311 956 5371 sobolem
978 5320 1312 5385 procreent,
1335 5330 1474 5375 cum
1502 5317 1617 5372 hoc
1646 5317 1846 5389 ipsum
1871 5314 2050 5372 etiam
2077 5316 2137 5373 in

487 5416 778 5474 equarum
812 5401 1095 5471 gregibus
1125 5402 1288 5473 apud
1319 5404 1611 5475 Hispanos
1638 5405 1871 5460 dicatur
1886 5402 2012 5459 ﬁeri
2037 5423 2051 5473 ;
2082 5411 2141 5462 et

491 5488 883 5557 Quintilianus
907 5489 968 5544 in
998 5504 1070 5544 ea
1114 5491 1523 5547 controversia
1550 5492 1613 5547 in
1660 5507 1783 5562 qua
1813 5492 2138 5549 accusaba-

489 5584 585 5637 tur
607 5583 885 5638 matrona
903 5576 1072 5651 quod
1098 5576 1439 5651 IEthiopem
1469 5578 1721 5655 peperit,
1763 5595 1873 5651 pro
1926 5580 2135 5640 defen-

2238 1693 2457 1750 pecora
2476 1684 2911 1751 procreassent,
2947 1685 3075 1739 erat
3120 1680 3324 1752 aliqua
3351 1681 3612 1752 suspicio
3659 1682 3812 1751 doli,
3844 1684 3901 1737 et

2238 1772 2441 1838 aperte
2466 1768 2603 1824 huic
2631 1768 2716 1824 rei
2743 1768 2945 1825 Laban
2973 1767 3211 1824 invidus
3242 1768 3609 1825 contraisset.
3627 1772 3784 1840 Ergo
3815 1772 3899 1826 ita

2239 1856 2444 1912 omnia
2473 1857 2827 1929 temperavit
2856 1862 2921 1914 ut
2947 1856 3076 1929 ipse
3093 1855 3352 1913 fructum
3383 1860 3477 1913 sui
3494 1857 3722 1914 laboris
3736 1859 3895 1915 acci-

2238 1948 2422 2015 peret,
2457 1948 2515 2000 et
2544 1944 2746 2001 Laban
2766 1960 2890 2000 non
2915 1945 3152 2017 penitus
3168 1945 3527 2019 spoliaretur
3546 1964 3560 2014 ;
3576 1946 3893 2020 siquando

2239 2047 2383 2088 oves
2405 2036 2462 2089 et
2490 2048 2686 2105 caprae
2704 2033 2900 2106 primo
2920 2037 3189 2106 tempore
3211 2034 3712 2101 ascendebantur;
3744 2036 3893 2108 quia

2241 2120 2450 2176 melior
2478 2137 2695 2177 vernus
2712 2126 2806 2178 est
2823 2121 3003 2191 fetus,
3037 2126 3176 2178 ante
3191 2123 3355 2195 ipsas
3384 2122 3645 2195 ponebat
3666 2123 3883 2192 virgas,

2241 2215 2306 2265 ut
2332 2210 2496 2267 varia
2518 2210 2758 2266 soboles
2770 2216 3136 2267 nasceretur.
3153 2214 3536 2284 Quaecunque
3559 2228 3696 2267 oves
3715 2220 3771 2267 et
3788 2227 3885 2267 ca—

2240 2313 2363 2370 pras
2377 2315 2507 2354 sero
2524 2299 2877 2372 quaerebant
2891 2306 3283 2365 marem,ante
3300 2302 3518 2356 harum
3543 2301 3745 2357 oculos
3760 2316 3882 2357 non

2240 2386 2525 2458 ponebat,
2564 2393 2630 2443 ut
2677 2387 2856 2444 unius
2888 2387 3103 2445 coloris
3137 2403 3358 2460 pecora
3399 2394 3794 2457 nascerentur,
3821 2393 3878 2444 et

2242 2475 2535 2548 quidquid
2548 2476 2811 2548 primum
2831 2476 3213 2545 nascebatur,
3238 2492 3415 2533 suum
3443 2484 3590 2549 erat,
3619 2477 3877 2551 quiadis—

2242 2562 2405 2619 color
2430 2568 2487 2619 et
2509 2564 2744 2622 varium
2765 2569 2910 2635 erat,
2945 2569 3003 2621 et
3030 2565 3329 2638 quidquid
3356 2569 3587 2638 postea,
3639 2567 3835 2624 Laban
3864 2583 3881 2633 ς

2243 2652 2421 2708 unius
2461 2652 2620 2713 enim
2651 2656 2775 2711 tam
2804 2652 2865 2711 in
2894 2652 3067 2724 nigro
3096 2669 3285 2725 quam
3308 2653 3369 2710 in
3390 2653 3531 2711 albo
3560 2654 3776 2715 coloris
3793 2668 3891 2727 pe-

2245 2757 2351 2798 cus
2375 2741 2699 2798 oriebatur.

2316 2834 2430 2888 Cur
2444 2845 2555 2887 nec
2574 2832 2604 2884 J
2612 2830 2766 2887 acob
2785 2830 3016 2888 fraudis
3030 2831 3091 2888 in
3105 2832 3223 2889 hoc
3239 2832 3393 2889 facto
3414 2832 3762 2902 arguendus
3774 2833 3893 2890 est?

2245 2924 2349 2976 Per
2376 2920 2491 2976 hoc
2511 2920 2669 2989 cogit
2689 2915 2906 2992 inquiri
2922 2921 3299 2993 prophetiam
3314 2925 3372 2976 et
3391 2920 3655 2992 aliquam
3666 2921 3892 2990 ﬁgura-

2242 3013 2367 3069 tam
2415 3008 2916 3078 signiﬁcationem
2931 3025 3025 3065 res
3049 3009 3535 3080 ista,quanquam
3553 3007 3679 3062 sine
3694 3007 3887 3063 dubio

2242 3103 2309 3157 ut
2324 3098 2620 3170 propheta
2638 3096 2775 3153 fecit
2793 3097 2997 3154 Jacob.
3021 3100 3144 3153 Non
3168 3096 3327 3151 enim
3356 3095 3471 3151 tale
3513 3094 3743 3167 aliquid
3771 3095 3891 3152 nisi

2242 3185 2601 3241 revelatione
2631 3185 2881 3257 spiritali
2907 3200 3044 3242 eum
3072 3183 3278 3239 fecisse
3308 3183 3677 3239 credendum
3704 3189 3813 3239 est.

2315 3274 2631 3340 Quomodo
2643 3273 2943 3331 sexdecim
2964 3272 3189 3330 vicibus
3200 3271 3343 3329 dicit
3355 3274 3378 3328 J
3386 3271 3540 3329 acob
3559 3287 3768 3329 socero
3782 3289 3893 3329 suo

2243 3368 2511 3419 mutasse
2529 3379 2665 3419 eum
2688 3362 3027 3419 mercedem
3056 3363 3262 3418 suam?
3277 3362 3381 3418 Hic
3400 3365 3489 3417 est
3509 3361 3665 3416 enim
3682 3377 3893 3416 sensus

2244 3451 2407 3523 quod
2424 3466 2530 3523 per
2552 3450 2819 3520 singulos
2838 3450 2990 3508 fetus
3013 3465 3249 3523 semper
3261 3450 3462 3507 Laban
3489 3449 3893 3506 conditionem

2244 3539 2902 3596 mutaverit.Sividebat
2914 3540 3147 3597 varium
3163 3539 3331 3596 nasci
3341 3542 3688 3612 pecus,post
3706 3538 3892 3595 fetum

2244 3627 2484 3684 dicebat
2506 3645 2518 3683 :
2540 3627 2689 3683 Volo
2719 3633 2784 3683 ut
2812 3628 2873 3684 in
2902 3628 3171 3685 futurum
3192 3628 3341 3685 mihi
3362 3629 3525 3684 varia
3545 3633 3886 3683 nascantur.

2246 3720 2502 3773 Rursum
2530 3733 2671 3774 cum
2700 3717 2950 3774 vidisset
2999 3720 3181 3775 unius
3234 3718 3449 3775 coloris
3480 3718 3646 3773 nasci
3674 3732 3894 3790 pecora

2245 3806 2450 3878 (Jacob
2471 3806 2696 3879 quippe
2716 3806 2831 3863 hoc
2855 3807 3058 3863 audito
3090 3808 3289 3877 virgas
3330 3807 3391 3862 in
3435 3805 3747 3862 canalibus
3768 3821 3893 3861 non

2245 3894 2826 3968 ponebat),dicebat,
2843 3900 2909 3952 ut
2936 3896 3166 3952 futuros
3194 3896 3346 3951 fetus
3371 3895 3550 3951 unius
3579 3894 3794 3950 coloris
3823 3894 3897 3949 si-

2245 3983 2308 4040 bi
2328 3998 2549 4057 pecora
2568 3988 2971 4057 procrearent.
2991 3987 3054 4039 Et
3073 3983 3223 4056 quid
3239 3984 3412 4055 plura
3426 3984 3454 4039 ?
3485 3986 3685 4055 Usque
3705 3982 3785 4037 ad
3814 3981 3893 4037 vi-

2248 4088 2347 4133 ces
2377 4073 2585 4129 decem
2616 4089 2852 4145 semper
2880 4089 2917 4129 a
2950 4072 3152 4129 Laban
3178 4072 3408 4144 pecoris
3430 4072 3523 4128 sui
3549 4070 3732 4128 Jacob
3764 4087 3900 4127 mu-

2248 4167 2368 4218 tata
2403 4162 2683 4228 conditio,
2726 4168 2781 4218 et
2818 4162 3229 4234 quodcunque
3271 4161 3384 4217 sibi
3404 4165 3802 4234 proposuerat
3830 4166 3900 4217 ut

2246 4250 2969 4317 nasceretur,incolorem
3017 4250 3384 4305 contrarium
3426 4249 3779 4306 vertebatur.
3813 4253 3899 4305 Ne

2246 4339 2564 4410 quiautem
2588 4339 2649 4394 in
2678 4355 2783 4395 sex
2804 4340 2977 4395 annis
2997 4339 3206 4394 decem
3229 4339 3502 4411 pariendi
3528 4338 3684 4396 vices
3709 4338 3902 4393 incre-

2245 4429 2457 4486 dibiles
2490 4430 2819 4497 videantur,
2845 4429 2976 4500 lege
3009 4428 3333 4499 Virgilium,
3380 4429 3442 4484 in
3482 4443 3606 4501 quo
3643 4427 3895 4484 dicitur:

2245 4519 2349 4573 Bis
2378 4519 2651 4588 gravida
2672 4520 2948 4587 pecudes.
2992 4518 3277 4575 Nafuram
3320 4522 3522 4573 autem
3556 4516 3899 4573 ltalicarum

2245 4606 2450 4662 ovium
2483 4611 2539 4661 et
2566 4607 3003 4679 Mesopotamiae
3031 4622 3154 4663 una
3178 4620 3311 4662 esse
3340 4605 3702 4678 perhibetur.

2320 4695 2665 4766 Spiritaliter
2686 4711 2829 4753 vero
2860 4697 3086 4765 Laban,
3111 4696 3216 4768 qui
3248 4696 3569 4767 separavit,
3610 4695 3764 4751 sicut
3792 4709 3899 4749 su-

2246 4784 2446 4857 perius
2469 4783 2703 4855 legitur,
2735 4801 2952 4859 capras
2993 4790 3051 4841 et
3097 4801 3261 4851 oves,
3319 4783 3517 4840 hircos
3568 4790 3627 4840 et
3677 4783 3898 4840 arietes

2246 4872 2441 4928 varios
2472 4878 2652 4946 atque
2681 4874 3052 4941 maculosos,
3097 4878 3383 4929 cunctum
3413 4878 3619 4930 autem
3648 4887 3898 4943 gregem

2247 4961 2490 5019 tradidit
2535 4962 2597 5017 in
2653 4979 2871 5019 manus
2923 4962 3181 5019 ﬁliorum
3253 4977 3524 5030 suorum,
3598 4960 3902 5033 signiﬁcat

2245 5052 2563 5109 Judaicum
2610 5053 2925 5125 populum.
2990 5053 3155 5109 Unde
3212 5057 3269 5109 et
3321 5052 3527 5110 Laban
3591 5052 3899 5109 deatbatio

2245 5140 2709 5211 interpretatur;
2754 5142 2898 5214 quia
2926 5140 3089 5196 idem
3138 5142 3402 5215 populus
3449 5141 3765 5197 dealbatus
3816 5141 3898 5196 si-

2245 5228 2493 5300 quidem
2522 5233 2611 5284 est
2638 5230 2802 5302 apud
2855 5229 3246 5301 semetipsum
3297 5245 3405 5303 per
3445 5228 3792 5302 hypocrisin
3841 5235 3904 5286 et

2248 5316 2710 5373 simulationem.
2790 5317 2994 5373 Laban
3060 5318 3292 5390 accepit
3363 5319 3505 5374 alba
3579 5321 3637 5374 et
3698 5318 3898 5388 nigra,

2247 5406 2389 5478 quia
2419 5406 2679 5478 populus
2698 5407 3052 5463 Judseorum
3078 5407 3257 5464 albus
3312 5407 3559 5481 quidem
3605 5411 3694 5462 est
3729 5408 3901 5478 apud

2247 5495 2657 5566 semetipsum,
2728 5499 2795 5552 ut
2847 5495 3134 5565 diximus,
3192 5495 3515 5570 hypocrisi,
3567 5495 3674 5551 sed
3727 5494 3903 5565 niger

2252 5582 2629 5641 multitudine
2711 5590 3097 5663 peccatorum
3116 5630 3129 5643 .
3216 5585 3343 5642 Filii
3436 5584 3533 5641 vel
3622 5590 3900 5656 pastores
