4130 6182
288 138 384 201 221
1676 138 1946 197 com

2060 137 2315 197 INGEN.

288 262 488 321 Laban
518 260 879 332 signiﬁcant
900 260 1229 319 Pharins
1260 264 1318 320 et
1340 260 1722 330 Sadducaeon,
1738 261 1845 335 qui
1863 261 1948 318 vi-
1978 263 2028 319 Α
2062 261 2143 318 ab
2171 259 2519 319 hominibus
2547 260 2611 319 in
2632 259 2980 334 prasidium
3002 259 3230 328 salutis,
3261 274 3340 316 ne
3365 262 3713 333 pratermit-

286 351 578 411 dabantur
593 367 869 424 praeesse
880 350 1105 423 populo
1126 350 1493 421 Iudmorum,
1517 352 1696 424 quasi
1712 350 1947 408 ovibus.

282 441 464 498 Iacob
484 441 715 514 quippe
731 444 953 512 typum
971 439 1158 499 tenuit
1173 439 1511 499 Salvatoris.
1528 441 1798 513 Spatium
1812 454 1950 496 vero

287 529 468 589 trium
490 528 727 587 dierum
741 527 898 586 inter
922 543 1028 585 eos
1058 527 1370 598 signiﬁcat,
1401 528 1548 601 quia
1575 527 1696 587 ﬁde
1729 530 1950 585 sanctas

292 616 615 681 Trinitatis,
636 631 741 671 seu
768 615 832 670 in
878 615 1242 686 cognitione,
1296 615 1615 687 locutione,
1665 620 1723 675 ct
1771 628 1953 688 opere

300 708 689 777 peccaverunt
720 707 931 763 contra
970 704 1310 765 Dominum.
1345 704 1664 778 Sequitur:

901 819 1129 874 CAPUT
1165 821 1336 875 XXXI.

378 937 537 991 Vsus.
564 940 647 993 19.
676 965 742 975 --
772 934 991 991 Eodem
1024 940 1282 1006 tempore
1311 934 1518 992 Laban
1549 936 1701 991 ierat
1731 935 1813 992 ad
1829 940 1955 990 ton-

309 1027 525 1083 dendas
551 1042 697 1091 oves,
734 1031 786 1081 et
816 1024 1047 1081 Rachel
1072 1025 1289 1095 furata
1322 1029 1406 1081 est
1435 1024 1595 1081 idola
1618 1026 1815 1097 patris
1836 1025 1947 1081 sui.

310 1114 412 1170 Ubi
432 1131 586 1171 nunc
616 1115 779 1170 idola
795 1113 1074 1183 legimus,
1100 1111 1162 1168 in
1186 1111 1435 1168 Hebraeo
1452 1114 1791 1184 theraphim
1815 1112 1952 1169 scri-

297 1207 462 1275 ptum
490 1209 601 1274 est,
634 1219 771 1276 qum
797 1200 1010 1276 Aquila
1036 1203 1287 1273 ﬁguras,
1312 1201 1404 1257 vel
1435 1203 1721 1275 imagines
1775 1202 1949 1259 inter-

298 1296 575 1364 pretatur.
611 1294 727 1347 Hoc
756 1296 955 1346 autem
986 1289 1120 1346 ideo
1152 1294 1216 1347 ut
1249 1290 1515 1346 sciamus
1538 1291 1685 1364 quid
1706 1290 1768 1347 in
1792 1291 1949 1347 Iudi-

305 1395 440 1435 cum
465 1379 618 1436 libro
642 1379 803 1453 (Iud.
833 1395 951 1434 xvn
980 1382 1037 1435 et
1065 1379 1229 1451 XVIII)
1264 1379 1605 1453 theraphim
1640 1384 1829 1449 sonet,
1860 1378 1946 1435 di-

311 1466 527 1523 ximus.

385 1557 543 1611 Vens.
574 1558 659 1611 25.
679 1586 746 1595 —
767 1556 1023 1628 Jamque
1051 1555 1241 1611 Jacob
1262 1555 1618 1613 extenderat
1647 1557 1708 1612 in
1751 1558 1949 1611 monte

315 1643 543 1700 Galaaa'
565 1645 1034 1703 tabernaculum.
1070 1648 1197 1700 Non
1242 1644 1409 1719 quod
1434 1661 1506 1701 eo
1533 1649 1801 1717 tempore
1832 1645 1945 1698 Ga-

302 1731 434 1787 laad
462 1750 635 1789 mons
660 1734 975 1803 diceretur,
1010 1732 1118 1790 sed
1169 1749 1277 1807 per
1329 1732 1842 1807 anticipationem,
1884 1736 1950 1787 ut

289 1818 623 1895 frequenter
652 1823 940 1887 diximus,
973 1822 1075 1880 illo
1104 1827 1351 1879 vocatur
1376 1823 1618 1879 nomine
1666 1837 1791 1895 quo
1838 1835 1947 1895 po-

288 1913 410 1966 stea
430 1916 826 1987 nuncupatus
855 1916 961 1967 est.

353 2001 522 2057 Vsus.
555 2004 649 2069 45,
676 2004 767 2057 46.
802 2034 870 2040 -
907 2002 1069 2056 Tulit
1098 2003 1298 2072 itaque
1327 2001 1511 2057 Jacob
1559 2000 1842 2071 lapidem,
1893 2002 1949 2056 et

274 2091 465 2147 erexit
484 2092 674 2147 illum
704 2092 767 2146 in
800 2093 1064 2159 titulum,
1108 2091 1381 2161 dixitque
1427 2089 1724 2159 fratribus
1781 2089 1898 2144 suis
1927 2104 1948 2143 .·

267 2178 514 2247 Afferte
556 2179 810 2247 lapides,
831 2182 889 2233 et
913 2179 1161 2249 reliqua.
1196 2177 1489 2238 Qmeritur
1520 2193 1706 2248 quare
1736 2176 1949 2231 consti-

264 2265 383 2322 tuit
413 2265 628 2336 Iacob
652 2264 919 2335 lapidem
945 2280 1123 2336 super
1171 2263 1456 2319 titulum?
1499 2264 1611 2320 Sed
1648 2264 1951 2333 diligenter

262 2352 749 2415 advertendum
775 2352 881 2425 [Z.,
909 2352 1533 2424 animadvertendum]
1562 2356 1648 2408 est
1686 2353 1850 2425 quod
1876 2354 1948 2413 is-

262 2448 356 2503 tos
394 2440 623 2504 titulos
641 2440 706 2499 in
728 2440 812 2501 rei
831 2441 925 2512 cuj
938 2457 1124 2515 usque
1148 2439 1479 2499 testimonio
1496 2441 1945 2506 constituebant,

266 2547 388 2591 non
415 2535 482 2589 ut
507 2545 620 2585 eos
645 2544 760 2601 pro
791 2528 907 2585 diis
939 2528 1214 2597 colerent,
1250 2528 1357 2584 sed
1381 2534 1441 2587 ut
1465 2530 1545 2586 eis
1587 2529 1811 2603 aliquid
1869 2530 1947 2589 si-

274 2619 663 2690 gniﬁcarent.

344 2711 516 2765 Vsus.
556 2709 643 2765 47.
672 2736 744 2747 -
778 2705 961 2773 Quem
992 2706 1223 2762 vocavit
1245 2705 1499 2779 Laban‘:
1534 2707 1948 2766 Tumulustcs-

285 2798 379 2863 tis,
408 2803 462 2853 et
493 2795 705 2864 Jacob,
733 2795 1036 2853 Aeervum
1068 2796 1411 2862 testimonii,
1470 2801 1719 2868 uterque
1757 2798 1947 2867 juxta

279 2886 712 2955 proprietatem
741 2884 965 2955 linguae
992 2898 1135 2941 suis.
1156 2884 1418 2939 Acervus
1447 2882 1657 2953 lingua.
1701 2883 1947 2943 Hebraea

289 2975 392 3042 gal
418 2973 657 3041 dicitur,
685 2973 810 3031 aad
839 2988 982 3028 vero
1000 2971 1433 3033 testimonium.
1456 2974 1715 3032 Rursum
1738 2972 1945 3045 lingua
1984 2956 2027 3017 ὓ

296 3061 445 3135 Syra
471 3078 719 3121 acervus
749 3078 886 3135 agar
913 3061 1272 3139 appellatur,
1302 3061 1650 3130 testimonii,
1667 3062 1941 3122 sedutha.

298 3150 482 3207 Iacob
508 3151 681 3220 igitur
707 3167 990 3209 acervum
1022 3150 1368 3219 testimonii,
1400 3151 1517 3209 hoc
1564 3155 1656 3209 est
1709 3151 1946 3210 Galaad

306 3237 515 3308 lingua
529 3239 775 3298 Hebraea
794 3241 1105 3315 appellavit
1124 3259 1137 3311 ;
1156 3240 1364 3301 Laban
1380 3256 1522 3296 vero
1534 3241 1818 3315 idipsum,
1830 3242 1946 3300 hoc

320 3329 416 3381 est
437 3342 709 3385 acervum
736 3330 1053 3402 testimonii,
1084 3332 1224 3404 ἐραν
1269 3330 1525 3391 sedutha
1580 3332 1770 3402 gentis
1823 3348 1946 3388 suas

325 3428 587 3472 sermone
613 3417 850 3476 vocavit.
882 3421 1010 3481 Erat
1067 3419 1229 3479 enim
1271 3420 1472 3492 Syrus,
1526 3423 1583 3475 et
1633 3419 1947 3492 antiquam

315 3499 569 3572 linguam
589 3509 900 3577 parentum
947 3507 1273 3582 provinciae
1322 3506 1386 3564 in
1440 3524 1563 3583 qua
1609 3508 1944 3577 habitabat,

279 3605 572 3653 sermone
600 3608 724 3651 non
752 3600 1105 3655 mutaverat.

372 3682 535 3739 Vsus.
568 3686 654 3738 53.
687 3714 755 3727 ——
782 3684 1023 3741 Juravit
1053 3684 1239 3743 Jacob
1269 3700 1378 3754 per
1418 3685 1688 3747 timorem
1746 3687 1947 3756 patris

298 3770 397 3826 sui
416 3770 603 3829 Isaac.
640 3771 792 3844 Quid
819 3777 911 3829 est
936 3769 1101 3848 quod
1127 3774 1348 3846 juravit
1367 3789 1473 3846 per
1518 3775 1793 3832 timorem
1846 3789 1947 3847 pa-

292 3858 392 3916 tris
422 3860 511 3916 sui
536 3862 754 3919 isaac?
805 3864 910 3920 Per
941 3864 1125 3921 Deum
1180 3863 1405 3935 utique,
1465 3878 1651 3936 quem
1698 3863 1947 3927 timebat

284 3947 449 4007 Isaac
480 3954 653 4022 pater
704 3950 834 4021 ejus
881 3950 1084 4023 jurare
1138 3950 1505 4021 intelligitur,
1536 3965 1721 4023 quem
1780 3950 1946 4008 timo-

278 4052 405 4093 rem
440 4037 623 4094 etiam
656 4038 930 4112 superius
972 4038 1416 4097 commendavit
1480 4053 1620 4097 cum
1677 4037 1898 4097 diceret
1929 4056 1942 4095 :

277 4127 437 4183 Deus
473 4127 678 4196 patris
734 4128 851 4185 mei
901 4127 1187 4196 Abrahae,
1241 4134 1296 4186 et
1372 4127 1552 4184 timor
1586 4129 1785 4200 patris
1834 4144 1945 4189 me:

274 4214 478 4273 Isaae.

884 4314 1111 4372 CAPUT
1146 4314 1345 4373 XXXII.

339 4430 522 4485 Vens.
564 4428 713 4487 1—10.
738 4429 1210 4499 ~Fueruntque
1235 4428 1292 4485 ei
1308 4427 1541 4487 obviam
1569 4429 1775 4498 angeli
1787 4430 1899 4487 Dei
1921 4445 1944 4487 .·

277 4533 419 4589 quos
466 4534 606 4575 cum
654 4519 914 4584 vidisset,
955 4518 1042 4575 ait
1095 4533 1119 4575 .·
1173 4516 1391 4575 Castra
1447 4518 1561 4575 Dei
1611 4523 1753 4576 sunt
1798 4519 1942 4577 hac.

278 4607 450 4663 Nulla
477 4607 778 4664 dubitatio
810 4613 899 4664 est
924 4607 1091 4680 quod
1121 4605 1476 4677 angelorum
1507 4607 1698 4665 fuerat
1744 4607 1943 4666 multi-

282 4696 457 4766 tudo;
488 4712 566 4753 ea
593 4696 823 4771 quippe
849 4696 914 4753 in
973 4695 1288 4773 Scripturis
1326 4695 1545 4754 militia
1575 4697 1712 4759 caeli
1754 4697 1944 4757 nomi-

290 4785 409 4841 nari
440 4785 617 4842 solet.

355 4875 517 4931 Vsus.
555 4875 643 4935 11.
672 4906 742 4922 -ε
764 4876 1054 4950 Dixitque
1076 4874 1262 4933 Jacob
1291 4875 1373 4932 ad
1412 4876 1945 4933 Dominuszrue

301 4972 387 5017 me
409 4962 665 5022 demanu
674 4965 898 5035 fratris
912 4964 1029 5021 mei
1040 4966 1226 5035 Esau,
1248 4978 1392 5035 quia
1413 4964 1728 5022 valdeeam
1745 4965 1941 5023 timeo.

302 5046 485 5108 Quaeri
504 5052 644 5114 solet
672 5052 991 5129 quomodo
1019 5052 1201 5111 ﬁdem
1232 5051 1509 5110 habuerit
1528 5051 1739 5117 Iacob,
1756 5069 1944 5127 quanv

294 5133 615 5208 doquidum
636 5145 878 5197 tantum
902 5141 1097 5197 timuit
1118 5144 1271 5197 Esau
1291 5141 1535 5201 fratrem
1561 5141 1943 5201 suum?Satis

285 5224 445 5282 enim
473 5228 530 5283 in
560 5230 762 5287 verbis
782 5228 1054 5300 ejusdem
1085 5229 1292 5300 Iacob,
1324 5245 1459 5302 quae
1490 5233 1841 5301 sequuntur,
1888 5234 1945 5286 et

274 5311 547 5373 humana
573 5318 899 5375 infirmitas
929 5322 986 5374 et
1002 5317 1155 5374 ﬁdes
1179 5318 1415 5391 pietatis
1466 5321 1752 5390 apparet;
1804 5322 1869 5372 ut
1888 5322 1945 5373 et

274 5404 721 5466 Deusliberaret
733 5423 897 5473 eum,
911 5411 1115 5479 etquae
1130 5406 1403 5480 promisit
1417 5404 1709 5478 impleret.
1729 5404 1945 5462 Admo-

271 5493 459 5552 nendi
470 5499 679 5555 tamen
690 5495 919 5553 fuimus
934 5496 1048 5554 hoc
1063 5495 1340 5569 exemplo
1353 5499 1437 5563 ut,
1451 5493 1730 5569 quamvis
1744 5493 1945 5552 creda-

272 5583 489 5647 musin
510 5588 728 5656 Deum,
750 5584 1045 5647 faciamus
1074 5588 1279 5649 tamen
1306 5600 1446 5657 quae
1473 5581 1751 5645 facienda
1803 5586 1945 5643 sunt

2065 352 2252 411 tentes
2279 365 2373 420 ca,
2404 353 2593 409 Deum
2618 354 2843 406 tentare
2870 347 3204 406 videamur.

2128 441 2298 496 Vens.
2325 438 2414 497 22.
2448 470 2517 483 --
2533 437 2612 497 Et
2636 439 2919 496 transivit
2940 438 3158 495 vadum
3177 437 3383 494 Jaboc.
3403 440 3530 495 Non
3549 439 3712 497 enim

2054 524 2381 597 legendum
2409 530 2516 594 est,
2548 531 2613 585 ut
2641 526 2798 585 falso
2824 526 2887 583 in
2905 525 3270 599 quibusdam
3289 524 3598 583 codicibus
3616 527 3706 584 in-

2055 614 2291 674 venitur
2343 631 2358 675 :
2413 616 2490 673 Et
2537 617 2817 675 transicit
2863 615 3086 672 vadum
3112 614 3321 684 Jac-ob,
3370 614 3477 671 scd
3503 616 3709 687 Jabcc,

2058 703 2226 776 quod
2250 709 2342 761 est
2368 703 2682 777 proprium
2703 719 2927 762 nomen
2956 702 3143 775 ipsius
3166 701 3324 759 vadi.
3356 703 3579 776 Itaque.

2131 793 2297 849 Vsus.
2328 796 2513 853 2&29.
2543 821 2612 835 -—
2650 792 3153 863 Transduclisque
3181 791 3448 848 omnibus
3472 809 3604 864 qua
3631 795 3715 852 ad

2059 894 2122 938 se
2145 879 2547 949 pertinebant,
2570 881 2859 941 remansit
2887 880 3068 937 solus.
3123 879 3204 935 Et
3232 894 3363 936 ecce
3391 881 3487 936 vir
3529 881 3718 939 lucta-

2063 968 2242 1027 batur
2258 985 2393 1028 cum
2421 984 2487 1029 eo
2516 984 2701 1041 usque
2727 985 2919 1036 mane,
2938 973 2996 1026 ct
3020 968 3250 1041 reliqua
3268 984 3583 1043 usquequo
3612 972 3711 1041 ait,

2061 1072 2456 1129 nequaquam,
2524 1059 2740 1130 inquit,
2785 1058 2967 1117 Iacob
3032 1058 3448 1127 appellabitur
3501 1075 3713 1118 nomen

2063 1148 2385 1213 tuum,'sed
2417 1148 2626 1205 Israel.
2646 1146 2964 1214 Quomodo
2988 1161 3131 1215 ergo
3158 1146 3343 1203 Iacob
3382 1146 3461 1203 ab
3489 1163 3562 1204 co
3603 1164 3714 1221 pc-

2060 1235 2322 1295 stulabat
2365 1236 2575 1307 [Petr.,
2601 1235 2883 1309 postulat]
2936 1234 3229 1301 benedici,
3279 1238 3375 1291 cui
3428 1235 3714 1294 luctando

2058 1324 2415 1397 prmvaluit?
2440 1328 2651 1395 Magna
2665 1326 2794 1383 hinc
2828 1328 2920 1383 est
2965 1324 3040 1381 de
3094 1323 3327 1380 Christo
3373 1325 3709 1397 prophetia.

2055 1412 2287 1485 Duplex
2315 1413 2477 1473 enim
2500 1414 2596 1473 hic
2616 1413 2802 1471 Iacob
2825 1413 3188 1484 intelligitur,
3219 1412 3282 1469 id
3325 1417 3415 1470 est
3455 1413 3714 1470 carnalis

2057 1505 2115 1558 et
2140 1501 2437 1573 spiritalis.
2473 1501 2789 1561 Prmvaluit
2815 1501 2976 1561 enim
3001 1501 3186 1559 Iacob
3209 1501 3463 1571 Lhristc,
3492 1502 3589 1558 vel
3606 1517 3715 1574 po-

1991 1613 2032 1673 B
2057 1590 2174 1646 tius
2198 1589 2517 1663 prmvalere
2547 1590 2712 1647 visus
2741 1596 2846 1648 est.
2882 1594 2985 1648 Per
3003 1607 3106 1648 eos
3131 1590 3291 1648 enim
3342 1590 3709 1657 lsraeliticos,

2058 1693 2095 1734 a
2118 1677 2341 1751 quibus
2356 1679 2673 1739 cruciﬁxus
2703 1680 2991 1747 Christus,
3023 1684 3081 1736 et
3111 1679 3191 1735 ab
3212 1694 3285 1736 eo
3340 1679 3715 1736 benedicitur

2056 1765 2117 1825 in
2149 1766 2234 1825 eis
2263 1767 2613 1837 lsraeliticis,
2638 1767 2744 1841 qui
2774 1766 3157 1825 crediderunt
3183 1767 3245 1825 in
3267 1768 3586 1838 Christum,
3638 1783 3713 1824 ex

2056 1854 2277 1927 quibus
2306 1861 2432 1915 erat
2454 1856 2559 1928 qui
2585 1856 2863 1917 dicebat:
2896 1858 3051 1915 Nam
3074 1862 3129 1915 et
3147 1872 3253 1927 ego
3273 1858 3552 1915 Israelita
3580 1871 3710 1914 sum

2057 1957 2133 2000 ea:
2157 1958 2373 2014 genere
2398 1944 2729 2011 Abraham,
2757 1946 2830 2003 de
2859 1946 3020 2003 tribu
3044 1946 3368 2016 Beniamin
3408 1948 3597 2016 (Rom.
3628 1962 3708 2015 in,

2060 2034 2132 2099 1).
2166 2034 2327 2089 Unus
2355 2046 2497 2101 ergo
2519 2037 2699 2105 atque
2718 2033 2879 2091 idem
2900 2033 3084 2091 Iacob
3113 2038 3171 2090 et
3198 2032 3452 2113 claudus
3500 2037 3557 2089 et
3612 2032 3714 2088 be-

2055 2118 2328 2177 nedictus
2350 2136 2366 2188 ;
2400 2119 2651 2179 claudus
2672 2120 2733 2177 in
2752 2120 3060 2178 latitudine
3082 2119 3324 2178 femoris
3346 2124 3635 2190 tanquam
3650 2119 3712 2176 in

2058 2208 2436 2269 multitudine
2464 2210 2567 2279 [Z.,
2596 2207 3033 2279 magnitudine]
3062 2207 3319 2277 generis,
3370 2206 3446 2263 de
3490 2206 3713 2279 quibus

2055 2291 2281 2353 dictum
2311 2298 2401 2353 est
2431 2309 2444 2354 :
2474 2292 2985 2353 Claudicaverunt
3016 2307 3051 2349 a
3096 2291 3314 2351 semitis
3347 2291 3469 2347 suis
3518 2290 3709 2360 (Psal.

2053 2397 2194 2451 xvu,
2223 2384 2337 2449 46).
2366 2381 2718 2439 Benedictus
2736 2386 2940 2439 autem
2970 2381 3031 2437 in
3053 2379 3138 2436 eis
3148 2379 3225 2435 de
3243 2378 3466 2452 quibus
3482 2378 3713 2438 dictum

2054 2476 2144 2527 est
2171 2489 2184 2527 :
2209 2472 2497 2543 Reliquiae
2521 2487 2633 2541 per
2651 2472 2989 2533 electionem
3038 2472 3251 2543 gratiae
3304 2470 3489 2527 salva
3528 2469 3712 2540 facta

2053 2565 2193 2617 sunt
2217 2559 2404 2631 (Rom.
2433 2576 2516 2628 Il,
2538 2561 2614 2621 5i.

2128 2650 2271 2715 Quae
2299 2653 2390 2709 est
2412 2665 2597 2709 causa
2621 2649 2922 2709 immutati
2938 2649 3204 2707 nominis
3224 2648 3433 2720 Iacob,
3456 2646 3714 2707 utlsracl

2057 2743 2377 2801 vocaretur
2406 2740 2435 2800 ‘I
2460 2740 2634 2803 Varia
2654 2740 2838 2812 hujus
2858 2741 3119 2799 nominis
3136 2740 3541 2813 interpretatio
3562 2738 3712 2797 msti-

2055 2832 2277 2887 matur.
2301 2828 2413 2889 Sed
2440 2828 2656 2891 beatus
2679 2829 3077 2902 Hieronymus
3105 2829 3296 2889 taliter
3344 2828 3420 2885 de
3457 2828 3589 2900 ejus
3629 2828 3717 2884 in-

2054 2917 2479 2989 terpretatione
2507 2918 2654 2981 dixit
2686 2936 2698 2975 :
2728 2922 2947 2979 Sensus
2976 2920 3178 2992 itaque
3203 2918 3299 2975 hic
3328 2921 3422 2974 est
3440 2933 3453 2970 :
3472 2931 3597 2974 non
3611 2930 3714 2972 vo-

2052 3004 2286 3067 cabitut‘
2316 3022 2542 3069 nomen
2573 3011 2745 3069 tuum
2775 3006 3210 3079 supplantator,
3233 3007 3348 3063 hoc
3380 3008 3471 3061 est
3502 3002 3711 3071 Iacob,

2053 3094 2159 3149 sed
2186 3094 2499 3157 vocabitur
2529 3096 2811 3167 princeps
2841 3110 2982 3153 cum
3004 3097 3146 3161 Deo,
3202 3094 3317 3149 hoc
3371 3095 3459 3148 est
3512 3089 3708 3147 Israel.

2054 3183 2371 3248 Quomodo
2397 3182 2558 3243 enim
2588 3198 2702 3251 ego
2732 3182 3011 3254 princeps
3035 3196 3193 3246 sum,
3224 3180 3308 3235 sic
3334 3183 3418 3244 tu,
3451 3177 3555 3249 qui
3586 3190 3712 3233 me-

2055 3287 2196 3332 cum
2223 3270 2438 3330 luctari
2466 3270 2731 3343 potuisti,
2763 3268 3043 3343 princeps
3064 3265 3399 3326 vocaberis.
3425 3264 3483 3323 Si
3507 3268 3713 3323 autem

2054 3375 2317 3431 mecum,
2354 3364 2490 3429 Deo,
2526 3359 2652 3421 sive
2680 3358 2916 3431 angelo,
2934 3357 3224 3431 quoniam
3267 3355 3535 3430 plerique
3550 3355 3714 3413 varie

2054 3451 2542 3524 interpretantur,
2554 3464 2825 3524 pugnare
2837 3448 3099 3522 potuisti,
3122 3451 3353 3521 quanto
3366 3445 3560 3518 magis
3573 3460 3714 3503 cum

2053 3540 2428 3612 hominibus,
2452 3540 2569 3601 hoc
2589 3544 2678 3601 cst
2697 3555 2837 3597 cum
2880 3541 3037 3596 Esau
3066 3553 3338 3612 pugnare
3390 3534 3714 3595 formidare

2055 3645 2178 3688 non
2207 3630 2411 3687 debes.
2450 3629 2601 3686 lllud
2630 3635 2831 3686 autem
2859 3627 3027 3700 quod
3073 3634 3136 3683 1n
3185 3627 3337 3683 libro
3389 3625 3715 3684 Nominum

2056 3720 2518 3791 interpretantur
2547 3718 2725 3777 Israel
2749 3719 2844 3775 vir
2866 3716 3071 3777 videns
3112 3717 3323 3785 Deum,
3374 3715 3498 3772 sive
3548 3729 3712 3772 mens

2055 3808 2259 3865 videns
2286 3810 2493 3876 Deum,
2518 3807 2793 3865 omnium
2815 3820 2967 3877 pene
2987 3819 3263 3865 sermone
3274 3802 3714 3869 detritum,non

2053 3899 2179 3954 tam
2209 3910 2346 3954 vere
2388 3909 2574 3967 quam
2615 3893 2899 3952 violenter
2935 3891 3085 3950 mihi
3130 3892 3585 3962 interpretatum
3631 3888 3718 3945 vi-

2056 3984 2248 4042 detur.

2125 4071 2415 4133 Moraliter
2440 4086 2585 4131 vero
2613 4070 2888 4142 designat
2914 4068 3164 4139 angelus
3195 4072 3386 4128 Deum
3414 4070 3473 4126 et
3504 4065 3713 4140 Iacob,

2054 4162 2159 4235 qui
2185 4178 2325 4220 cum
2356 4160 2574 4232 angelo
2599 4159 2905 4222 contendit
2941 4159 3421 4232 uniuscujusque
3472 4155 3719 4232 perfecti

2054 4251 2164 4309 viri
2189 4255 2248 4309 et
2274 4251 2336 4309 in
2348 4249 2851 4324 contemplatione
2863 4249 3038 4323 positi
3058 4249 3330 4308 animam
3350 4246 3646 4320 exprimit.
3663 4248 3716 4303 is

2055 4340 2216 4399 enim
2244 4339 2350 4413 qui
2362 4341 2617 4400 certatin
2628 4339 2974 4407 luctamine,
2999 4337 3327 4411 aliquando
3344 4336 3718 4408 superiorem

2056 4444 2143 4500 se,
2174 4427 2505 4500 aliquando
2515 4444 2657 4486 vero
2690 4443 2831 4488 eum
2852 4442 2993 4487 cum
3008 4429 3132 4499 quo
3158 4424 3464 4483 contendit
3481 4420 3716 4481 inferio.

2051 4532 2180 4577 rem
2207 4516 2456 4579 invenit.
2491 4518 2643 4583 Quia
2652 4516 2925 4573 videlicet
2943 4515 3147 4572 anima
3162 4526 3301 4584 quae
3320 4506 3716 4581 contemplari

2053 4608 2241 4665 Deum
2269 4606 2495 4667 nititur.
2528 4604 2691 4663 velut
2718 4605 2781 4665 in
2810 4602 3078 4675 quodam
3127 4598 3449 4655 certamine
3496 4592 3715 4665 posita,

2052 4694 2236 4753 modo
2247 4694 2421 4767 quasi
2438 4690 2925 4770 cxsuperat,quia
2935 4683 3320 4756 intelligendo
3333 4686 3392 4738 et
3404 4680 3716 4743 sentiendo

2051 4783 2128 4839 de
2152 4782 2670 4852 incircumscripto
2683 4779 2925 4836 nomine
2937 4774 3161 4847 aliquid
3187 4773 3498 4845 degustat;
3530 4771 3719 4837 modo

2051 4885 2196 4927 vero
2226 4867 2584 4934 succumbit,
2614 4866 2760 4937 quia
2789 4868 2848 4923 et
2874 4864 2949 4921 de
2973 4863 3274 4935 gustando
3309 4864 3527 4921 iterum
3573 4860 3719 4923 ἀρᾶν

2054 4954 2345 5022 cit.Quasi
2376 4970 2517 5025 ergo
2550 4952 2804 5009 vincitur
2837 4951 3378 5026 angelus,quando
3416 4950 3717 5014 intellectu

2053 5042 2914 5118 intimoapprehenditurneus
2943 5043 3059 5105 Sed
3099 5041 3438 5103 notandum
3453 5041 3621 5115 quod
3641 5042 3715 5099 is-

2051 5136 2193 5197 dem
2218 5135 2406 5195 victus
2439 5133 2691 5205 angelus
2725 5148 2980 5193 nervum
3017 5132 3260 5193 femoris
3296 5130 3483 5189 Iacob
3504 5131 3713 5202 tenuit,

2051 5240 2313 5299 eumque
2326 5237 2689 5285 marcescere
2720 5221 2921 5281 statim
2952 5221 3089 5279 fecit
3115 5226 3295 5294 atque
3324 5219 3403 5279 ab
3433 5236 3509 5279 eo
3530 5219 3716 5279 Iacob

2052 5318 2327 5388 tempore
2356 5327 2477 5371 uno
2504 5310 2866 5374 claudicavit
2891 5309 3065 5383 pede.
3089 5310 3239 5376 Quia
3268 5309 3491 5369 scilicet
3526 5307 3717 5368 omniv

2053 5409 2265 5476 potens
2282 5406 2455 5470 Deus,
2476 5401 2754 5473 cumjam
2778 5416 2884 5473 per
2908 5399 3268 5460 desiderium
3281 5403 3338 5454 et
3352 5397 3712 5457 intellectum

2054 5492 2457 5563 cognoscitur,
2490 5506 2737 5549 omnem
2778 5489 2840 5546 in
2891 5489 3069 5549 nobis
3096 5488 3467 5559 voluptatem
3515 5483 3710 5543 carnis

2057 5581 2323 5652 mfacit,
2343 5585 2402 5642 et
2418 5581 2525 5654 qui
2540 5580 2710 5654 prius
2720 5578 2898 5653 quasi
2910 5577 3153 5639 duobus
3174 5575 3432 5653 pedibus
3462 5572 3713 5633 inniten—
