4130 6182
378 153 485 208 223

1449 155 1805 214 ANGELOMI
1840 149 2303 209 LUXOVIENSIS
2344 153 2689 212 MONACHI.

3691 157 3803 215 224

380 278 468 332 tes
494 278 551 334 et
582 279 769 336 Deum
797 278 1156 336 videbamur
1181 294 1468 351 quaerere,
1506 283 1564 336 et
1613 277 1900 335 saaculum
1946 278 2024 331 te-
2063 286 2111 338 Α
2137 274 2454 333 aediﬁcavit
2495 277 2900 350 tabernacula,
2944 277 3079 333 ideo
3129 277 3364 333 vocavit
3407 294 3633 337 nomen
3705 299 3780 339 oc

381 380 543 435 nere,
574 373 711 440 post
738 368 1104 436 agnitionem
1135 367 1445 424 suavitatis
1468 368 1568 424 Dei
1599 382 1756 423 unus
1771 366 1833 422 in
1854 364 2028 421 nobis

381 469 488 527 pes
520 453 706 511 sanus
734 459 1004 512 remanet
1031 460 1208 528 atque
1235 455 1387 513 alius
1418 456 1732 514 claudicat.
1759 454 1908 522 Quia
1932 469 2030 510 ne-

381 557 548 600 cesse
577 546 665 599 est
692 547 757 599 ut
784 543 1109 600 debilitatio
1135 559 1340 602 amore
1370 545 1571 602 saeculi
1587 544 1750 602 solus
1773 544 1836 600 in
1854 541 2030 599 nobis

383 646 554 690 amor
581 632 964 689 convalescat
990 632 1110 689 Dei.
1141 633 1198 689 Si
1218 634 1377 690 enim
1405 639 1678 692 tenemus
1723 632 2028 705 angelum,

381 736 505 777 uno
531 720 938 777 claudicamus
967 721 1121 794 pede
1154 740 1167 790 ;
1199 723 1344 795 quia
1372 723 1521 780 dum
1543 722 1752 780 crescit
1778 721 1840 777 in
1857 721 2032 777 nobis

382 807 662 864 fortitudo
686 807 908 864 amoris
948 807 1160 878 intimi,
1214 811 1551 869 inﬁrmatur
1583 811 1793 886 procul
1846 809 2033 866 dubio

381 895 662 952 fortitudo
692 895 912 951 carnis.
942 898 1147 954 Omnis
1176 899 1400 974 quippe
1426 901 1531 974 qui
1562 916 1684 957 uno
1699 899 1852 965 pede
1873 898 2033 954 clau-

382 984 558 1052 dicat,
591 984 706 1041 soli.
724 984 804 1041 illi
835 986 971 1058 pedi
1000 986 1267 1044 innititur
1313 1005 1499 1062 quem
1554 1006 1770 1046 sanum
1829 987 2030 1055 habet,

381 1072 525 1146 quia
547 1073 643 1130 hic
668 1074 764 1130 cui
788 1075 1150 1134 desiderium
1173 1082 1474 1136 terrenum
1517 1081 1646 1152 jam
1704 1078 2033 1135 arefactum

382 1162 574 1231 fuerit,
605 1162 667 1219 in
694 1163 821 1220 solo
851 1164 1004 1236 pede
1037 1169 1261 1223 amoris
1289 1169 1391 1226 Dei
1421 1173 1544 1226 tota
1574 1169 1786 1225 virtute
1816 1183 1878 1222 se
1908 1183 2035 1221 sus-

384 1250 546 1307 tinet.
582 1254 648 1308 Et
666 1251 727 1307 in
756 1252 890 1325 ipso
911 1257 1044 1322 stat,
1077 1256 1223 1328 quia
1265 1257 1483 1330 pedem
1534 1257 1756 1314 amoris
1809 1254 2031 1321 saeculi,

383 1355 566 1412 quem
591 1356 814 1413 ponere
842 1341 904 1398 in
960 1347 1116 1400 terra
1167 1351 1577 1416 consueverat,
1627 1347 1758 1418 jam
1807 1360 1844 1401 a
1881 1350 2038 1400 terra

386 1444 749 1502 suspensum
780 1435 994 1503 portat.
1043 1436 1107 1489 Et
1136 1450 1247 1489 nos
1299 1450 1462 1506 ergo,
1519 1435 1567 1491 si
1622 1435 1702 1490 ad
1753 1436 2034 1506 parentes

383 1519 678 1591 proprios,
711 1519 771 1574 id
799 1522 984 1576 estad
1017 1523 1307 1595 spiritales
1335 1529 1558 1597 patres,
1618 1523 1904 1589 redimus,
1947 1526 2033 1578 te-

383 1622 636 1663 neamus
659 1609 720 1663 in
744 1609 839 1666 via
861 1612 1162 1680 angelum,
1196 1619 1260 1668 ut
1281 1615 1569 1670 suavitate
1594 1613 1804 1669 intima
1824 1627 2033 1684 appre-

383 1695 722 1752 hendamus
753 1701 956 1755 Deum.
979 1701 1463 1775 C-mtemplativaa
1480 1702 1697 1758 etenim
1714 1701 1847 1756 vitae.
1871 1716 2033 1755 ama-

382 1783 518 1839 bilis
538 1785 710 1841 valde
763 1787 1019 1858 dulcedo
1065 1796 1169 1857 est,
1218 1807 1354 1864 qum
1412 1807 1595 1864 super
1643 1789 2033 1862 semetipsum

386 1872 654 1929 animum
682 1875 855 1946 rapit,
888 1877 1150 1934 coelestia
1177 1880 1385 1952 aperit,
1421 1885 1651 1936 terrena
1697 1883 1898 1935 autem
1929 1877 2033 1932 de-

383 1959 526 2016 bere
563 1977 693 2018 esse
733 1968 1098 2039 contemptui
1151 1968 1424 2036 ostendit,
1477 1967 1761 2041 spiritalia
1818 1965 2033 2022 mentis

383 2048 571 2104 oculis
588 2051 888 2122 patefacit,
921 2055 1250 2127 corporalia
1277 2056 1610 2112 abscondit.
1670 2055 1835 2111 Unde
1881 2054 2034 2110 bene

384 2137 642 2194 Ecclesia
656 2139 716 2194 in
731 2142 984 2197 Canticis
1005 2144 1373 2200 canticorum
1389 2145 1556 2201 dicit:
1577 2146 1702 2215 Ego
1715 2145 1964 2210 dormio,
1980 2148 2034 2198 et

385 2241 488 2282 cor
505 2243 699 2284 meum
711 2231 920 2300 vigilat
948 2232 1143 2301 (Cant.
1159 2249 1215 2304 v,
1234 2236 1309 2304 2).
1330 2233 1601 2304 Vigilanti
1617 2233 1838 2290 etenim
1855 2232 2034 2288 corde

383 2314 622 2387 dormit,
636 2317 739 2389 qui
753 2334 858 2390 per
868 2319 983 2375 hoc
994 2321 1159 2393 quod
1169 2322 1413 2378 interius
1424 2321 1891 2395 contemplanda
1903 2336 2037 2393 pro-

384 2402 524 2474 ﬁcit,
557 2405 916 2478 abinquieto
931 2409 1071 2464 foris
1087 2427 1264 2482 opere
1283 2411 1551 2484 quiescit.
1587 2411 1862 2483 Sequitur
1893 2427 1906 2464 :

965 2500 1191 2554 CAPUT
1229 2503 1446 2554 XXXIII.

456 2582 622 2636 Vens.
659 2587 770 2638 1-9.
797 2615 863 2623 —-
878 2586 1200 2656 Divisitque
1213 2588 1392 2643 Jacob
1410 2589 1567 2656 ﬁlios
1585 2589 1706 2644 [κίειν
1722 2593 1775 2643 et
1789 2587 2033 2653 Rachel,

385 2667 813 2742 ambarumque
835 2673 1234 2740 famularum,
1265 2681 1319 2731 et
1346 2678 1545 2745 posuit
1584 2683 1899 2746 utramque
1927 2690 2034 2730 an-

387 2756 591 2812 cillam
613 2763 667 2813 et
701 2759 912 2816 liberos
937 2777 1141 2818 earum
1162 2765 1223 2818 in
1251 2765 1546 2833 principio
1570 2781 1584 2831 ;
1621 2765 1786 2820 Liam
1819 2779 1954 2820 vero
1982 2770 2037 2819 et

383 2845 541 2914 ﬁlios
572 2849 699 2915 ejus
722 2849 784 2903 in
808 2851 1063 2906 secundo
1096 2853 1221 2908 Ioco
1245 2871 1259 2921 ;
1285 2853 1508 2909 Rachel
1523 2858 1719 2909 autem
1742 2859 1796 2910 et
1819 2853 2036 2921 Joseph

388 2935 751 2993 novissimos.
778 2939 858 2993 Et
883 2940 1005 3009 ipse
1017 2941 1405 3011 progrediens
1425 2941 1704 2998 adoravit
1723 2957 1953 3011 pronus
1974 2942 2035 2995 in

389 3029 634 3094 terram,
666 3031 722 3081 et
741 3025 987 3099 reliqua.
1017 3032 1163 3095 Non,
1199 3035 1263 3086 ut
1281 3029 1549 3102 plerique
1581 3029 1896 3094 aestimant,
1924 3034 2037 3084 tres

389 3116 616 3169 turmas
633 3113 785 3177 fecit,
807 3115 913 3171 sed
929 3117 1101 3172 duas.
1122 3117 1385 3190 Denique
1411 3117 1515 3174 ubi
1567 3133 1680 3174 nos
1718 3117 2034 3186 habemus,

386 3200 1444 3278 divisit,Aquilaposuit,dimidiavit;
1477 3211 1540 3264 ut
1554 3222 1744 3262 unum
1778 3221 2036 3262 cuneum

388 3289 605 3348 faceret
629 3293 982 3350 ancillarum
1005 3311 1143 3352 cum
1167 3297 1434 3369 parvulis
1463 3297 1611 3364 suis;
1638 3301 1696 3352 et
1715 3296 1900 3352 alium
1922 3296 2036 3351 Liae

388 3383 444 3434 et
473 3380 709 3446 Rachel,
731 3398 867 3452 quae
897 3383 1094 3438 liberae
1115 3390 1448 3442 erantcum
1475 3385 1610 3440 filiis
1641 3401 1849 3440 earum
1879 3403 1892 3451 ;
1917 3385 2038 3456 pri-

388 3483 645 3538 masque
667 3467 748 3522 ire
774 3468 993 3524 faceret
1021 3471 1293 3540 ancillas,
1317 3473 1612 3528 secundas
1638 3472 1879 3539 liberas,
1910 3473 2036 3544 ipse

391 3558 591 3609 autem
613 3557 750 3610 ante
774 3559 1094 3628 utrumque
1113 3573 1374 3627 gregevn,
1404 3559 1645 3616 fratrem
1676 3560 2035 3616 adoraturus

387 3646 739 3698 occurreret.

459 3732 629 3786 Vens.
669 3731 846 3788 10-16.
877 3763 946 3774 --
973 3735 1260 3807 Dixitque
1285 3737 1470 3793 Jacob
1519 3753 1532 3793 :
1592 3737 1693 3793 Sic
1730 3739 1885 3793 enim
1917 3738 2042 3794 vidi

383 3819 601 3890 faciem
633 3826 816 3884 tuam,
845 3824 1021 3892 quasi
1047 3823 1302 3881 viderem
1333 3826 1562 3880 vultum
1585 3825 1712 3895 Dei,
1739 3825 2038 3898 etreliqua

385 3923 577 3980 usque
602 3909 902 3978 praecedat
932 3911 1217 3967 Dominus
1245 3929 1407 3969 meus
1437 3919 1578 3970 ante
1591 3929 1824 3970 servum
1839 3930 2033 3979 suum,

385 4001 440 4052 et
468 4012 573 4067 ego
602 4012 819 4069 sequar
834 4001 1133 4068 paulatim
1164 4003 1410 4072 vestigia
1441 4005 1589 4071 ejus.
1614 4001 1766 4066 Quid
1783 4002 1896 4057 sibi
1912 4002 2038 4059 vult

385 4085 550 4159 quod
579 4086 762 4142 Jacob
793 4087 874 4142 ait
896 4087 1060 4145 fratri
1091 4105 1200 4145 suo
1225 4107 1237 4144 :
1277 4091 1412 4146 Vidi
1429 4092 1650 4161 faciem
1675 4097 1837 4147 tuam
1865 4094 2042 4162 quasi

387 4173 641 4228 viderem
663 4173 883 4244 faciem
904 4177 1012 4232 Dei
1033 4181 1061 4232 ?
1083 4179 1286 4232 Utrum
1311 4177 1583 4249 paventis
1612 4182 1670 4234 et
1706 4178 2036 4250 perturbati

385 4261 571 4317 animi
591 4261 774 4318 verba
801 4279 992 4334 usque
1021 4265 1082 4320 in
1110 4265 1266 4320 hanc
1287 4265 1694 4322 adulationem
1750 4282 2038 4339 prorupe-

384 4349 569 4405 runt?
600 4351 731 4404 Hac
752 4350 935 4406 verba
965 4351 1223 4408 fraterna
1254 4358 1394 4408 sunt
1422 4358 1479 4410 et
1510 4355 1773 4425 benigno
1830 4356 2035 4412 animo

384 4436 560 4494 dicta.
595 4439 890 4505 Quoniam
919 4443 1055 4513 post
1080 4438 1406 4509 benignam
1440 4443 1880 4516 susceptionem
1907 4462 2034 4500 me-

386 4529 478 4582 tus
505 4527 631 4601 ipse
661 4530 990 4586 transierat.
1028 4532 1090 4584 Et
1118 4528 1386 4584 fortassis
1414 4532 1525 4587 Dei
1563 4547 1807 4603 nomen,
1840 4539 1898 4590 et
1933 4551 2035 4590 an-

385 4616 675 4687 gelorum,
701 4619 789 4673 vel
810 4620 1071 4690 aliquem
1103 4621 1376 4674 sanctum
1401 4618 1517 4675 hoc
1543 4619 1677 4676 loco
1709 4620 2031 4692 intelligere

382 4704 697 4771 debemus,
725 4707 1060 4762 secundum
1093 4707 1465 4780 Apostolum,
1495 4707 1599 4781 qui
1630 4708 1776 4766 dixit
1833 4730 1846 4768 :
1903 4712 2037 4768 Etsi

381 4800 520 4849 sunt
547 4797 654 4865 qui
678 4795 966 4851 dicuntur
991 4797 1080 4852 dii
1098 4798 1220 4853 sive
1246 4797 1309 4852 in
1352 4798 1519 4865 caelo,
1573 4799 1694 4856 sive
1735 4815 1797 4856 in
1848 4806 2031 4865 terra,

383 4882 873 4951 quemadmodum
903 4891 1041 4940 sunt
1071 4887 1159 4942 dii
1185 4887 1364 4943 multi
1387 4894 1440 4944 et
1485 4888 1714 4946 domini
1763 4893 1941 4948 multi
1979 4893 2040 4962 (Ι

384 4968 521 5024 Cor.
539 4984 654 5035 vm,
687 4970 762 5040 5).

455 5057 771 5122 Quomodo
797 5059 1074 5132 promisit
1095 5061 1277 5116 Jacob
1307 5063 1473 5120 fratri
1499 5082 1612 5122 suo
1637 5073 1702 5124 ut
1754 5085 2033 5142 sequere-

384 5149 478 5201 tur
501 5147 752 5217 vestigia
783 5149 933 5220 ejus,
961 5166 1100 5206 cum
1130 5150 1249 5207 alio
1279 5151 1484 5210 itinere
1523 5151 1836 5214 tenderet?
1870 5161 2033 5213 Forte

383 5233 463 5291 ad
487 5235 700 5292 horam
729 5237 1110 5312 sequebatur,
1127 5240 1222 5297 vel
1242 5242 1438 5316 primo
1459 5245 1655 5301 veraci
1673 5245 1878 5301 animo
1901 5261 2033 5316 pro-

380 5324 644 5395 miserat,
676 5326 782 5382 scd
809 5326 975 5383 aliud
997 5334 1202 5400 postea
1233 5332 1551 5400 cogitando
1579 5332 1816 5402 delegit.

452 5415 622 5469 Vens.
661 5414 742 5469 l7.
767 5447 836 5457 —
855 5417 935 5472 Et
952 5419 1131 5473 Iacob
1152 5421 1308 5474 venit
1327 5421 1390 5474 in
1406 5421 1646 5489 Socoth,
1661 5427 1714 5478 et
1737 5422 2034 5489 mdiﬁcata

381 5503 575 5573 domo,
604 5509 659 5560 et
687 5506 827 5573 ﬁxis
841 5505 1127 5573 tentoriis,
1147 5508 1479 5576 appellavit
1502 5525 1714 5566 nomen
1739 5511 1856 5567 loci
1868 5512 2032 5568 illius

379 5592 686 5667 Socoth,id
693 5598 778 5650 est
797 5593 1227 5653 Tabernacula.
1244 5595 1394 5662 Quia
1405 5595 1565 5653 enim
1575 5599 1894 5670 pecoribus
1905 5599 2030 5658 suis

2133 364 2289 420 illius
2310 367 2740 424 Tabernacula.
2763 367 2871 423 Ubi
2898 383 3007 422 nos
3027 366 3446 424 Tabernacula
3469 369 3801 436 habemus,

2135 454 2196 509 in
2224 453 2468 511 Hebrmo
2492 455 2705 525 legitur
2722 455 3027 513 Sotheoth.
3057 457 3156 511 Est
3179 460 3382 512 autem
3403 473 3597 530 usque
3620 460 3804 518 hodie

2138 543 2344 600 ciwtas
2368 548 2532 600 trans
2560 544 2886 601 Jordanem
2917 546 3031 601 hoc
3068 544 3370 602 vocabulo
3415 546 3566 604 inter
3595 555 3802 622 partes

2141 631 2592 706 Scythopoleos.

2210 723 2374 778 Vens.
2407 722 2488 779 18.
2517 753 2588 764 —
2620 723 3040 794 Transivitque
3062 724 3126 778 in
3159 725 3384 796 Solem,
3417 727 3623 784 urbem
3656 729 3807 786 Sici-

2140 827 2388 879 morum,
2421 828 2550 884 quae
2569 817 2651 868 est
2682 813 2744 868 in
2768 818 2933 869 terra
2958 813 3276 876 Chanaan,
3313 818 3370 870 et
3412 815 3665 888 reliqua.
3702 821 3805 874 Er-

2138 916 2237 956 ror
2261 900 2563 957 oboritur:
2605 901 2916 974 quomodo
2965 901 3161 958 Salem
3200 903 3409 960 civitas
3439 906 3804 979 appellatur,

2141 1004 2279 1044 cum
2319 988 2709 1060 Hierusalem,
2744 989 2804 1044 in
2860 1004 2984 1062 qua
3035 991 3306 1060 regnavit
3351 991 3804 1058 Melchisedech,

2139 1076 2333 1133 Salem
2388 1081 2523 1133 ante
2576 1077 2649 1134 sit
2690 1077 2896 1133 dicta?
2933 1081 3049 1133 Aut
3089 1077 3268 1148 igitur
3316 1080 3495 1136 unius
3538 1083 3808 1138 nominis

2140 1166 2283 1221 urbs
2315 1171 2566 1238 utraque
2595 1171 2700 1233 est,
2732 1165 2897 1238 quod
2924 1166 3104 1222 etiam
3144 1166 3218 1222 de
3249 1167 3524 1240 pluribus
3575 1170 3806 1228 Judaeas

2140 1254 2284 1310 locis
2312 1270 2640 1326 possumus
2665 1254 2952 1318 invenire,
2985 1260 3051 1310 ut
3077 1253 3239 1310 idem
3270 1255 3438 1311 urbis
3464 1261 3521 1312 et
3549 1257 3663 1314 loci
3698 1275 3808 1314 no-

2145 1357 2280 1398 men
2306 1341 2366 1397 in
2397 1341 2516 1398 alia
2540 1347 2720 1414 atque
2743 1341 2859 1397 alia
2884 1341 3070 1409 tribu;
3094 1343 3175 1398 ita
3203 1347 3267 1399 ut
3292 1349 3396 1399 aut
3424 1350 3580 1400 certe
3625 1346 3806 1402 istam

2139 1431 2356 1500 Salem,
2387 1447 2524 1506 quae
2569 1447 2731 1486 nunc
2779 1446 2890 1502 pro
2943 1431 3204 1487 Sichima
3254 1433 3622 1499 nominatur,
3655 1435 3808 1492 dici-

2143 1536 2280 1575 mus
2311 1519 2405 1575 hic
2430 1519 2801 1592 interpretari
2830 1526 3322 1586 consummatam,
3349 1526 3532 1594 atque
3569 1526 3808 1593 perfec-

2075 1615 2310 1689 Btam;
2359 1612 2416 1664 et
2469 1607 2632 1664 illam
2675 1625 2812 1681 quae
2860 1613 3069 1679 postea
3118 1609 3480 1665 Hierusalem
3519 1611 3676 1667 dicta
3721 1619 3811 1670 est

2138 1699 2396 1766 paciﬁca
2467 1701 2670 1752 nostro
2727 1712 3002 1752 sermone
3073 1696 3410 1753 transferre.
3476 1702 3808 1773 Utrumque

2142 1786 2302 1841 enim
2329 1790 2578 1842 accentu
2607 1785 2818 1856 [Petr.,
2848 1786 3121 1857 acceptu]
3151 1786 3466 1858 paululum
3505 1788 3808 1846 declinato

2141 1876 2254 1931 hoc
2285 1873 2648 1931 vocabulum
2681 1879 2874 1930 sonat.
2916 1875 3170 1931 l‘radunt
3196 1875 3425 1932 Hebrmi
3450 1878 3617 1950 quod
3647 1879 3807 1935 clau-

2140 1963 2393 2020 dicantis
2422 1964 2616 2018 femur
2653 1962 2840 2018 Jacob
2884 1963 2965 2018 ibi
3015 1964 3384 2020 convaluerit
3430 1970 3487 2021 et
3521 1973 3806 2023 sanatum

2142 2054 2233 2122 sit,
2267 2057 2579 2125 propterea
2609 2052 2890 2108 eamdem
2922 2052 3220 2109 civitatem
3246 2053 3437 2110 curati
3467 2059 3644 2128 atque
3673 2072 3812 2128 per-

2143 2141 2274 2198 fecti
2306 2141 2669 2197 vocabulum
2694 2146 3098 2198 consecutam.

2729 2266 2961 2324 CAPUT
2986 2268 3207 2322 XXXIV.

2214 2393 2382 2447 Vsas.
2418 2391 2523 2445 1-4.
2544 2391 2890 2460 —Egressa
2918 2396 3002 2446 est
3035 2391 3192 2448 Dina
3242 2397 3308 2447 ut
3337 2392 3564 2450 videret
3599 2395 3798 2449 mulie-

2143 2494 2235 2535 res
2283 2480 2540 2549 regionis
2612 2479 2861 2546 illius,et
2918 2477 3146 2550 reliqua
3210 2495 3406 2552 usque
3465 2481 3797 2552 tristemque

2147 2568 2454 2623 blanditiis
2523 2567 2814 2622 delinivit.
2883 2565 3031 2622 Dina
3105 2567 3330 2640 quippe
3383 2571 3450 2624 ut
3529 2568 3800 2624 mulieres

2145 2657 2345 2712 videat
2369 2661 2662 2711 extraneae
2700 2655 2962 2725 regionis
3010 2656 3328 2725 egreditur,
3359 2657 3608 2730 quando
3653 2673 3804 2713 una-

2145 2761 2401 2817 quaeque
2429 2760 2617 2806 mens,
2653 2759 2762 2798 sua
2794 2743 2992 2799 studia
3028 2743 3322 2814 ngligens,
3351 2745 3615 2802 actiones
3661 2745 3808 2802 alie-

2145 2849 2255 2888 nas
2293 2849 2532 2897 curans,
2561 2837 2726 2888 extra
2776 2831 3051 2887 habitum
3097 2837 3276 2906 atque
3315 2838 3481 2890 extra
3529 2833 3807 2890 ordinem

2146 2921 2408 2994 positum
2435 2925 2736 2991 evagatur.
2759 2923 2953 2986 Quam
2969 2921 3199 2977 Sichem
3220 2922 3497 2994 princeps
3513 2926 3680 2976 terras
3699 2937 3808 2993 0p-

2147 3008 2367 3081 primit,
2391 3008 2533 3081 quia
2570 3006 2838 3064 videlicet
2880 3008 3178 3063 inventam
3217 3009 3275 3062 in
3307 3008 3463 3063 curis
3498 3006 3800 3062 exteriori-

2146 3095 2261 3151 bus
2289 3095 2566 3152 diabolus
2589 3097 2931 3170 corrumpit.
2965 3098 3041 3151 Et
3073 3097 3456 3166 agglutinato
3481 3102 3563 3152 est
3589 3096 3802 3152 anima

2146 3186 2274 3254 ejus
2295 3201 2428 3241 cum
2461 3200 2548 3252 ea,
2581 3184 2726 3257 quia
2755 3186 2982 3240 unitam
3011 3184 3122 3240 sibi
3149 3200 3256 3258 per
3283 3184 3658 3257 iniquitatem
3677 3199 3805 3238 res-

2143 3273 2302 3345 picit,
2345 3277 2403 3330 et
2461 3275 2606 3347 quia
2662 3291 2802 3329 cum
2834 3289 3003 3329 mens
3055 3289 3092 3329 a
3151 3273 3329 3346 culpa
3372 3271 3683 3346 resipiscit,
3714 3275 3805 3326 at-

2146 3379 2263 3434 que
2321 3363 2655 3418 admissum
2713 3363 2852 3418 flere
2893 3367 3163 3430 conatur,
3217 3366 3528 3435 corruptor
3601 3367 3804 3416 autem

2146 3468 2285 3523 spes
2311 3468 2381 3507 ac
2411 3452 2752 3508 securitates
2773 3467 2999 3508 vacuas
3020 3456 3156 3507 ante
3195 3451 3402 3507 oculos
3431 3455 3625 3516 vocat,
3658 3465 3806 3522 qua-

2145 3545 2316 3596 tenus
2339 3541 2649 3596 utilitatem
2682 3541 2924 3597 tristitiae
2971 3541 3304 3607 subtrahat,
3337 3545 3490 3596 recte
3532 3539 3651 3595 illic
3693 3538 3802 3595 ad-

2055 3674 2061 3679 .
2139 3629 2428 3699 jungitur,
2454 3631 2796 3702 tristemque
2809 3630 3116 3686 blanditiis
3137 3629 3430 3686 delinivit.
3453 3629 3624 3686 Modo
3640 3628 3801 3684 enim

2143 3716 2397 3772 aliorum
2427 3716 2582 3773 facta
2609 3717 2904 3786 graviora,
2937 3717 3121 3773 modo
3146 3717 3293 3772 nihil
3322 3732 3450 3772 esse
3481 3715 3645 3788 quod
3668 3731 3800 3788 per-

2143 3810 2441 3876 petratum
2473 3811 2578 3873 est,
2607 3806 2788 3862 modo
2810 3806 3255 3861 misericordem
3288 3807 3475 3861 Deum
3507 3804 3799 3876 loquitur;

2144 3893 2328 3949 modo
2358 3894 2556 3950 adhuc
2586 3899 2823 3966 tempus
2856 3894 3234 3966 subsequens
3273 3893 3352 3949 ad
3395 3892 3800 3964 paenitentiam

2144 3981 2470 4054 pollicetur,
2505 3989 2569 4040 ut
2593 3984 2740 4040 dum
2773 3999 2879 4056 per
2907 3979 3035 4056 haec
3055 3983 3306 4055 decepta
3343 3996 3516 4037 mens
3543 3981 3802 4050 ducitur,

2144 4069 2221 4124 ab
2248 4071 2569 4129 intentione
2597 4072 2956 4144 poenitentiae
3004 4071 3444 4144 suspendatur:
3503 4073 3804 4142 quatenus

2146 4167 2284 4214 tunc
2307 4160 2470 4216 bona
2499 4161 2662 4216 nulla
2690 4161 2994 4235 percipiat,
3029 4177 3216 4233 quam
3240 4176 3402 4216 nunc
3441 4159 3604 4214 mala
3633 4157 3802 4212 nulla

2148 4249 2526 4305 contristant:
2579 4255 2636 4306 et
2664 4255 2804 4306 tunc
2841 4251 3077 4324 plenius
3126 4249 3417 4306 obruatur
3469 4246 3796 4320 suppliciis,

2078 4328 2118 4381 Ι)
2147 4355 2281 4411 quae
2311 4354 2474 4396 nunc
2502 4340 2768 4410 gaudent
2796 4341 2974 4398 etiam
2998 4341 3060 4396 in
3089 4339 3339 4395 delictis.

2218 4449 2379 4504 Vsus.
2413 4454 2464 4504 7.
2499 4480 2568 4489 —
2599 4448 2819 4504 Deinde
2857 4448 3124 4521 sequitur
3166 4445 3478 4519 quomodo
3525 4444 3647 4500 duo
3694 4441 3800 4498 filii

2139 4537 2345 4604 Jacob,
2375 4539 2613 4594 Simeon
2651 4545 2708 4595 et
2739 4538 2893 4604 Levi,
2927 4541 3169 4594 Emmor
3198 4542 3256 4593 et
3295 4536 3530 4592 Sichem
3577 4533 3801 4607 pariter

2139 4625 2576 4699 interfecerunt,
2607 4631 2664 4683 et
2691 4628 2939 4700 reliqua.

2212 4731 2528 4798 Quomodo
2555 4731 2678 4789 duo
2715 4732 2820 4788 ﬁlii
2848 4732 3031 4789 Iacob
3069 4735 3296 4788 tantam
3340 4729 3568 4786 caedem
3607 4733 3664 4784 et
3700 4727 3801 4784 de-

2137 4821 2562 4893 praecationem
2589 4838 2696 4894 per
2739 4838 2803 4878 se
2832 4823 2893 4877 in
2936 4826 3093 4877 terra
3137 4819 3330 4876 aliena
3368 4818 3560 4874 facere
3588 4822 3801 4890 potue-

2138 4912 2316 4966 runt?
2347 4911 2650 4968 Multitudo
2682 4912 2845 4968 enim
2872 4927 2995 4967 non
3028 4925 3216 4982 parva
3256 4913 3382 4964 erat
3427 4924 3564 4962 cum
3590 4905 3799 4972 Jacob,

2138 4999 2242 5073 qui
2261 5000 2587 5073 plurimum
2614 5001 2836 5058 ditatus
2869 5000 2997 5056 fuit.
3031 4997 3141 5055 Sed
3167 4997 3272 5053 ﬁlii
3312 4998 3440 5069 ejus
3471 4997 3530 5053 in
3575 4997 3690 5052 hoc
3721 4995 3804 5050 fa-

2140 5093 2234 5142 cto
2265 5090 2670 5156 nominantur,
2693 5091 2836 5162 quia
2862 5087 3134 5159 ejusdem
3155 5086 3292 5143 facti
3305 5085 3606 5159 principes
3619 5089 3801 5157 atque

2140 5179 2414 5231 auctores
2445 5175 2704 5232 fuerunt.

2735 5299 2970 5355 CAPUT
2997 5298 3222 5354 XXXV.

2209 5426 2372 5479 Vsus.
2391 5428 2536 5482 {-29.
2559 5455 2608 5465 -
2648 5427 2814 5481 Dixit
2837 5426 3024 5482 Jacob
3046 5441 3069 5483 .'
3091 5425 3356 5496 Abjicite
3379 5422 3514 5479 deos
3545 5422 3799 5486 alienos,

2137 5515 2244 5587 qui
2256 5515 2320 5568 in
2339 5514 2527 5570 medio
2546 5517 2730 5571 vestri
2743 5516 2983 5572 sunt.Et
3000 5517 3292 5574 dederunt
3312 5516 3367 5574 ei
3378 5519 3583 5585 postea
3600 5525 3803 5567 omnes

2141 5604 2276 5661 deos
2300 5603 2525 5660 alienos
2555 5621 2702 5678 quos
2743 5605 3062 5677 habebant,
3095 5612 3148 5664 et
3177 5607 3420 5662 inaures
3468 5617 3604 5675 quae
3621 5606 3803 5663 erant
