4136 6176
227 193 324 245 225

1596 178 1946 236 ΟΟΜΜΕΝΤ.
1986 181 2054 235 ΙΝ
2095 180 2251 238 GEN.

3529 192 3634 245 226

221 314 283 368 in
307 306 556 366 auribus
585 319 814 360 eorum.
838 302 1054 359 Deinde
1082 302 1263 359 etiam
1287 303 1554 376 sequitur
1577 300 1870 375 quemad-
1903 316 1948 368 Α
1988 302 2233 361 videbat
2286 320 2415 360 esse
2460 305 2828 378 parentibus,
2857 309 2915 362 et
2964 312 3224 379 coeperat
3277 309 3546 367 habitare
3576 313 3637 368 in

220 397 473 456 modum
502 395 786 466 apparuit
813 393 1022 448 iterum
1074 394 1228 448 Deus
1257 393 1466 460 Jacob,
1495 398 1551 448 et
1575 391 1877 448 benedixit

219 489 289 555 ei,
314 493 373 542 et
403 485 537 558 ipse
587 481 978 554 postmodum
1009 497 1287 552 egressus
1317 481 1455 537 inde
1489 480 1648 536 venit
1694 495 1879 534 verno

219 583 489 648 tempore
531 571 609 628 ad
656 576 875 626 terrain
928 587 1062 643 quae
1095 571 1261 626 ducit
1289 571 1634 644 Ephratam,
1663 573 1720 624 et
1747 569 1879 624 reli-

219 681 344 739 qua
377 675 565 732 usque
597 659 692 715 hcc
721 665 861 714 sum
884 665 1079 716 autem
1109 666 1522 729 generationes
1548 660 1735 714 Esau.

299 747 614 818 Quomodo
669 745 768 821 [Z.,
801 747 955 813 Quid
1004 755 1112 816 est,
1140 748 1304 820 quod
1352 745 1498 820 Jac.]
1528 746 1710 802 Jacob
1737 743 1884 800 dixit

227 839 434 898 domui
478 853 599 891 suae
632 854 644 891 :
677 838 968 906 Projicite
1011 837 1144 892 deos
1198 839 1426 893 alie-nos
1470 838 1574 908 qui
1602 839 1663 891 in
1692 834 1882 889 medio

221 938 360 988 sunt
406 929 588 986 vestri
611 932 638 982 ξ)
666 929 735 981 Et
757 926 969 980 iterum
1003 942 1015 980 :
1051 926 1359 982 Dederunt
1407 941 1547 996 ergo
1589 927 1644 982 ei
1686 938 1884 980 omnes

221 1021 358 1077 deos
386 1020 619 1075 alienos
651 1031 794 1086 quos
826 1015 1143 1081 habebant,
1176 1020 1230 1070 et
1262 1017 1505 1070 inaures
1529 1029 1660 1085 qua?
1689 1015 1750 1068 in
1780 1029 1885 1069 au-

221 1108 391 1164 ribus
442 1121 648 1162 eorum
679 1107 900 1159 erant?
929 1104 1070 1167 Quae
1102 1103 1149 1156 si
1193 1107 1548 1158 ornamenta
1591 1107 1776 1167 erant,
1808 1100 1886 1156 ad

223 1196 633 1254 idololatriam
679 1208 800 1247 non
853 1191 1248 1263 pertinebant.
1303 1191 1758 1260 Intelligendum
1801 1195 1887 1245 est

223 1287 329 1343 has
355 1287 609 1341 inaures
639 1281 1008 1354 phylacteria
1033 1280 1216 1336 fuisse
1246 1281 1499 1336 deorum
1530 1279 1884 1336 alienorum.

226 1380 374 1432 Nam
412 1373 747 1429 Rebeccam
774 1386 810 1426 a
836 1386 1006 1426 servo
1031 1369 1285 1426 Abrahae
1316 1369 1557 1426 inaures
1587 1370 1888 1440 accepisse

231 1467 539 1537 Scriptura
571 1466 836 1526 testatur,
868 1459 1034 1532 quod
1061 1475 1185 1516 non
1215 1459 1382 1516 ﬁeret
1423 1459 1471 1514 si
1511 1459 1596 1515 eis
1650 1459 1890 1514 inaures

236 1554 456 1610 habere
511 1548 850 1606 ornamenti
895 1549 1086 1617 gratia
1139 1563 1263 1604 non
1307 1548 1526 1604 liceret.
1579 1550 1730 1616 Ergo
1779 1546 1890 1602 illae

1989 398 2191 449 monte
2224 393 2365 450 Seir.
2397 393 2620 450 Deinde
2644 399 2779 467 post
2806 395 3061 451 reditum
3091 396 3278 453 Jacob
3298 397 3494 455 fratris
3525 401 3636 471 sui,

1989 481 2145 537 facta
2173 482 2325 538 inter
2353 499 2456 539 eos
2498 483 2842 550 concordia,
2874 499 3149 540 reversus
3181 490 3266 541 est
3295 491 3350 543 et
3400 487 3528 560 ipse
3562 489 3641 546 ad

1989 575 2287 642 parentes,
2319 577 2538 628 etcum
2583 578 2887 628 mortuum
2917 577 3150 645 patrem
3195 574 3374 631 simul
3403 577 3642 650 sepelis-

1991 663 2122 714 sent
2163 659 2307 732 quia
2353 676 2456 716 eos
2512 659 2839 733 plurimum
2889 661 3105 718 ditatos
3157 666 3312 720 terra
3337 663 3458 733 illa,
3493 665 3644 722 sicut

1992 747 2282 820 scriptum
2335 754 2439 815 est,
2469 749 2717 806 minime
2769 749 3065 824 capiebat,
3098 751 3386 809 abscessit
3436 771 3643 811 rursus

1992 835 2050 890 in
2085 837 2229 903 Seir,
2263 829 2318 892 et
2346 837 2429 892 ibi
2459 838 2817 910 propagavit
2845 843 3080 908 gentem
3113 840 3534 899 Idumaeorum.

2061 927 2258 982 Erant
2290 931 2486 983 autem
2510 928 2630 996 ﬁlii
2655 928 2840 984 Jacob
2871 928 3200 997 duodecim,
3233 937 3289 987 et
3336 940 3642 1002 computa-

1993 1016 2067 1070 tis
2118 1014 2420 1082 omnibus,
2452 1016 2784 1086 Benjamin,
2813 1016 2978 1090 quod
3027 1022 3080 1072 et
3127 1017 3377 1091 addidit,
3411 1021 3474 1076 hz
3527 1023 3647 1090 ﬁlii

1992 1104 2178 1160 Jacob
2207 1105 2311 1175 qui
2355 1105 2491 1161 nati
2515 1111 2654 1160 sunt
2682 1107 2736 1161 ei
2761 1106 2823 1161 in
2863 1106 3286 1175 Mesopotamia
3310 1109 3493 1179 Syria
3538 1112 3644 1181 [Z.,

1997 1192 2220 1265 Syriae].
2252 1192 2402 1248 Dum
2433 1197 2666 1250 constat
2693 1195 2808 1248 Ben
2812 1195 2832 1264 j
2843 1193 3003 1249 amin
3028 1200 3236 1251 natum
3261 1212 3392 1253 esse
3417 1198 3477 1254 in
3501 1200 3648 1256 Cha-

1995 1297 2231 1352 nanaea,
2260 1282 2570 1354 quomodo
2618 1287 2758 1338 tunc
2788 1283 3108 1339 duodecim
3153 1286 3315 1341 nasci
3369 1285 3648 1344 dicuntur

1996 1368 2058 1424 in
2091 1372 2516 1443 Mesopotamia
2536 1375 2565 1428 ‘2

2070 1458 2238 1514 Nulla
2267 1460 2426 1516 enim
2462 1464 2550 1518 est
2579 1461 2806 1517 facilior
2836 1461 3053 1519 solutio
3073 1464 3253 1536 hujus
3277 1467 3646 1538 quaestionis,

1999 1563 2184 1618 quam
2227 1554 2292 1604 ut
2337 1565 2443 1622 per
2491 1551 2916 1624 synecdochen
2965 1553 3307 1626 accipiatur.
3343 1555 3446 1612 Ubi
3489 1557 3650 1613 enim

237 1644 474 1698 inaures
505 1655 644 1711 qua:
673 1654 813 1693 cum
841 1637 1015 1692 idolis
1064 1637 1220 1692 datae
1248 1641 1406 1706 sunt,
1439 1640 1505 1692 ut
1529 1635 1756 1692 dictum
1783 1639 1890 1702 est,
1921 1664 1964 1717 Β
2001 1637 2197 1707 major
2227 1654 2366 1709 pars
2387 1644 2494 1710 est,
2518 1643 2622 1695 aut
2645 1639 2868 1711 fortior,
2889 1639 3038 1697 solet
3051 1642 3185 1713 ejus
3209 1643 3451 1700 nomine
3473 1645 3651 1702 etiam

239 1731 538 1787 idolorum
569 1726 941 1801 phylacteria
972 1725 1226 1782 fuerant.

303 1823 505 1887 Quare
540 1817 806 1873 secundo
837 1815 1051 1871 dicitur
1083 1815 1161 1871 ad
1188 1815 1372 1872 Jacob
1399 1833 1411 1870 :
1435 1816 1572 1872 Non
1595 1814 1894 1871 vocaberis

237 1909 444 1979 Jacob,
474 1908 580 1962 sed
610 1907 806 1962 Israel
844 1906 958 1962 erit
991 1919 1203 1961 nomen
1235 1910 1427 1976 tuum,
1459 1910 1512 1961 et
1565 1902 1897 1973 appellavit

243 2015 361 2055 eum
401 1996 600 2052 Israel
626 1999 656 2049 ?

312 2085 552 2142 Dudum
575 2099 966 2156 nequaquam
987 2083 1039 2139 ei
1069 2083 1148 2138 ab
1171 2082 1386 2154 angelo
1408 2098 1630 2139 nomen
1647 2081 1901 2154 imponi-

253 2181 363 2243 tur;
389 2173 500 2230 sed
529 2173 698 2246 quod
729 2171 1168 2244 imponendum
1193 2188 1230 2228 a
1252 2175 1370 2228 Deo
1402 2173 1497 2234 sit,
1518 2170 1896 2243 praedicatur.

259 2263 416 2328 Quod
442 2263 621 2333 igitur
643 2260 914 2316 futurum
941 2259 1321 2332 promittitur.
1344 2259 1440 2315 hic
1463 2259 1678 2316 dicitur
1707 2257 1902 2331 exple—

267 2360 395 2407 tum.
431 2351 720 2407 Nimirum
752 2363 896 2418 ergo
926 2364 1150 2405 nomen
1180 2349 1294 2404 hoc
1324 2349 1402 2404 ad
1431 2348 1596 2404 illam
1623 2353 1779 2403 recte
1809 2347 1899 2402 in-

267 2440 522 2510 telligitur
548 2438 846 2512 pertinere
869 2437 1350 2510 promissionem,
1375 2437 1478 2493 ubi
1503 2437 1585 2492 sic
1607 2436 1904 2492 videbitur

261 2532 422 2596 Deus,
457 2527 771 2601 quomodo
802 2542 925 2582 non
956 2531 1041 2582 est
1070 2530 1246 2583 antea
1276 2542 1312 2582 a
1335 2526 1606 2598 patribus
1634 2525 1818 2580 visus.

323 2621 461 2684 Quae
478 2622 567 2673 est
591 2617 874 2689 Ephrata,
893 2615 997 2670 ubi
1019 2614 1206 2671 Jacob
1225 2614 1440 2671 Rachel
1459 2630 1709 2670 uxorem
1731 2629 1906 2668 suam

259 2706 594 2762 condidisse
643 2704 881 2771 dicitur,
913 2703 1308 2776 quaerendum
1356 2703 1606 2759 videtur.
1650 2703 1910 2774 Ephrata

263 2812 396 2851 vero
423 2801 479 2851 et
503 2793 852 2850 Bethlehem
880 2793 1059 2848 unius
1087 2792 1254 2848 urbis
1286 2792 1649 2848 vocabulum
1678 2796 1766 2846 est
1794 2789 1908 2844 sub

262 2884 740 2956 interpretatione
773 2881 1099 2950 consimili;
1125 2881 1421 2953 siquidem
1453 2881 1515 2936 in
1541 2879 1908 2950 frugiferam

2002 1725 2148 1781 illud
2205 1728 2634 1800 comprehendi
2685 1729 2852 1801 quod
2895 1729 2974 1786 ad
3019 1733 3221 1804 ipsum
3265 1749 3490 1790 nomen
3530 1751 3654 1792 non

2004 1815 2276 1886 pertinet.

2076 1909 2240 1962 Vens.
2269 1909 2392 1963 8-2l
2411 1948 2424 1962 .
2441 1939 2509 1948 —
2525 1909 2964 1982 Habitavitque
2983 1911 3148 1968 Esau
3178 1913 3239 1970 in
3269 1921 3469 1986 monte
3486 1916 3621 1972 Seir
3634 1928 3658 1987 ;

2005 1997 2128 2065 ipse
2157 2003 2242 2053 est
2267 1997 2462 2063 Edon,
2493 2005 2548 2054 et
2582 1998 2708 2055 haec
2753 2016 2998 2056 nomina
3032 2003 3298 2070 ﬁliorum
3330 2007 3494 2073 ejus:
3526 2007 3655 2061 Eli-

2002 2086 2165 2154 phaz
2178 2087 2342 2154 ﬁlius
2363 2087 2538 2158 Ada;
2559 2089 2765 2143 uxoris
2779 2089 2964 2156 Esau,
2998 2095 3055 2145 et
3083 2090 3310 2162 reliqua
3341 2108 3658 2164 usquequo

2008 2172 2108 2239 ait,
2133 2174 2200 2229 hi
2220 2174 2395 2230 duces
2416 2189 2640 2241 eorum,
2674 2175 2799 2244 ipse
2827 2182 2912 2231 est
2931 2177 3126 2246 Edon,
3158 2185 3212 2233 et
3245 2181 3345 2233 isti
3384 2181 3504 2248 ﬁlii
3525 2182 3660 2236 Seir

2007 2262 2249 2317 Horraei
2275 2263 2638 2318 habitatores
2671 2269 2846 2320 terra:
2877 2280 2889 2318 :
2917 2265 3134 2334 Lotha,
3161 2272 3216 2321 et
3245 2267 3448 2337 Sobal,
3473 2275 3528 2324 et
3554 2270 3657 2324 Se-

2013 2350 2177 2416 beon,
2209 2356 2264 2406 et
2307 2351 2464 2407 Ana.
2497 2351 2758 2424 Eliphaz,
2786 2352 2944 2407 ﬁlius
2979 2355 3152 2421 Esau,
3185 2354 3311 2426 ipse
3337 2361 3425 2411 est
3464 2357 3570 2428 qui
3599 2357 3660 2413 in

2010 2439 2163 2496 libro
2193 2439 2350 2495 beati
2372 2439 2482 2496 Job
2501 2440 2733 2510 legitur.
2761 2441 2949 2497 Edom
2979 2458 3137 2506 vero,
3165 2448 3222 2498 et
3250 2443 3392 2513 Seir,
3424 2449 3481 2500 et
3505 2449 3662 2502 Esau

2011 2524 2189 2579 unius
2220 2539 2442 2580 nomen
2471 2529 2562 2580 est
2589 2523 2850 2580 hominis
2878 2542 2892 2580 :
2925 2525 3240 2582 trinomius
3271 2528 3431 2583 enim
3456 2529 3584 2597 fuit,
3609 2534 3666 2586 et

2013 2629 2087 2668 ex
2117 2613 2372 2686 propriis
2397 2613 2594 2668 causis
2625 2613 2787 2669 varie
2817 2620 3225 2688 nuncupatus.
3259 2616 3479 2672 Dicitur
3504 2619 3665 2675 enim

2017 2705 2192 2766 Esau,
2219 2701 2279 2756 id
2309 2708 2399 2758 est
2423 2704 2620 2772 rufus,
2648 2701 2727 2758 ob
2763 2703 3094 2759 coctionem
3126 2704 3344 2760 scilicet
3373 2707 3518 2762 rufae
3546 2707 3662 2763 len-

2015 2791 2088 2847 tis
2115 2792 2194 2847 ita
2221 2790 2573 2864 appellatur,
2606 2791 2780 2862 cujus
2813 2792 3011 2848 edulio
3041 2793 3441 2866 primogenita
3469 2796 3667 2869 perdi-

2017 2880 2122 2936 dit.
2159 2880 2344 2935 Edom
2377 2885 2579 2936 autem
2611 2881 2689 2937 ob
2719 2880 3004 2938 ruborem
3031 2884 3297 2955 corporis
3337 2885 3530 2942 dictus
3561 2892 3668 2956 est,

263 2974 491 3029 domum
520 2978 577 3029 et
600 2973 841 3027 domum
867 2972 1047 3040 panis
1076 2970 1342 3041 vertitur,
1372 2973 1616 3043 propter
1640 2983 1779 3023 eum
1807 2981 1912 3038 pa-
1941 3015 1981 3068 Ο
2019 2971 2184 3043 quod
2236 2971 2433 3026 Latine
2481 2973 2844 3041 sanguineus
2873 2972 3106 3028 dicitur.
3143 2974 3266 3030 Seir
3312 2991 3474 3046 vero,
3506 2977 3670 3050 quod

264 3079 395 3118 nem
419 3063 523 3135 qui
553 3062 629 3118 de
661 3060 813 3116 ccelo
840 3058 1220 3116 descendisse
1250 3057 1484 3114 dicitur.

334 3152 447 3208 Sed
474 3155 678 3208 movet
702 3148 803 3227 ubi
832 3155 918 3205 est
937 3153 1125 3205 turris
1155 3150 1376 3220 gregis,
1400 3147 1592 3218 juxta
1618 3163 1804 3220 quam
1831 3145 1914 3200 di-

268 3243 414 3297 citur
441 3239 624 3294 Jacob
653 3238 953 3294 habitasse
973 3239 1002 3293 ?
1036 3239 1210 3293 Juxta
1257 3235 1616 3305 Bethlehem,
1663 3235 1767 3290 ubi
1828 3232 1917 3288 vel

272 3327 635 3398 angelorum
662 3342 800 3396 grex
826 3326 1058 3383 Domini
1090 3326 1151 3382 in
1176 3330 1312 3381 ortu
1337 3325 1548 3380 cecinit
1572 3343 1584 3391 ;
1612 3323 1707 3380 vel
1734 3322 1916 3379 Jacob

277 3432 501 3490 pecora
543 3431 655 3470 sua
708 3417 879 3486 pavit,
927 3416 1061 3472 loco
1121 3431 1346 3471 nomen
1390 3415 1743 3487 imponens;
1803 3411 1916 3473 vel,

278 3505 443 3580 quod
494 3503 683 3560 verius
731 3509 834 3568 est,
863 3505 1031 3577 quod
1074 3504 1410 3560 vaticinatio
1459 3503 1573 3574 [F.,
1619 3501 1920 3571 vaticinio]

278 3597 604 3651 futurorum
631 3594 758 3664 jam
791 3598 930 3650 tunc
960 3594 1314 3667 mysterium
1343 3590 1810 3648 monstrabatur.

349 3683 492 3748 Quid
522 3687 608 3738 est
630 3683 798 3755 quod
825 3682 901 3738 de
935 3687 1094 3738 Isaac
1138 3681 1353 3737 dicitur
1387 3699 1398 3737 :
1432 3682 1508 3736 Et
1543 3685 1923 3748 consumptus

302 3778 454 3825 atate
479 3781 735 3827 mortuus
766 3779 871 3835 est,
906 3780 958 3828 et
987 3774 1292 3842 appositus
1312 3771 1538 3840 pOpulo
1580 3785 1685 3824 suo
1708 3774 1734 3824 ?
1765 3770 1922 3833 Quo-

307 3859 467 3914 modo
506 3866 922 3933 consumptus,
956 3861 1048 3916 vel
1079 3877 1116 3917 a
1145 3876 1268 3932 quo
1308 3860 1536 3932 populo
1565 3859 1879 3930 oppositus
1899 3857 1926 3910 ‘I

299 3955 662 4022 consumptus
709 3955 903 4016 aetate,
933 3950 996 4004 id
1043 3954 1135 4006 est
1161 3949 1458 4022 perfectus
1490 3953 1678 4003 aetate.
1713 3949 1927 4001 Verum

290 4039 625 4107 angelorum
655 4038 906 4111 populo,
934 4038 1029 4094 vel
1059 4043 1405 4094 sanctarum
1449 4036 1790 4092 animorum
1820 4051 1927 4106 ap—

282 4133 602 4199 ponuntur,
634 4127 739 4199 qui
786 4127 944 4184 hanc
974 4126 1158 4183 vitam
1204 4126 1507 4199 placentes
1536 4128 1654 4180 Deo
1691 4123 1928 4179 ﬁniunt.

280 4217 425 4272 Tunc
450 4217 742 4273 dicuntur
765 4215 1012 4288 apponi,
1044 4215 1294 4289 quando
1323 4215 1488 4271 nulla
1501 4214 1633 4286 jam
1661 4215 1933 4269 remanet

279 4303 614 4362 sollicitudo
646 4305 1044 4360 tentationum
1070 4310 1126 4361 et
1149 4303 1481 4377 periculum
1520 4307 1926 4375 peccatorum.

278 4394 435 4457 Quod
456 4396 711 4450 intuens
743 4393 826 4449 ait
848 4393 1149 4466 Scriptura
1183 4409 1196 4448 :
1224 4394 1383 4450 Ante
1409 4399 1654 4448 mortem
1687 4407 1759 4448 ne
1803 4393 1932 4447 lau-

275 4484 363 4540 des
388 4484 699 4541 hominem
727 4499 1083 4556 quemquam
1114 4484 1318 4556 (Eccli.
1357 4499 1438 4554 x1,
1465 4483 1574 4551 30).

868 4630 1092 4686 CAPUT
1129 4630 1345 4685 XXXVI.

334 4757 494 4812 Vnus.
546 4757 613 4823 7,
669 4758 723 4811 8.
767 4786 837 4796 —
871 4753 1186 4823 Quomodo
1247 4752 1549 4825 Scriptura
1606 4751 1747 4807 dicit
1802 4754 1939 4822 post

277 4850 517 4902 mortem
553 4850 733 4901 Isaac
760 4843 947 4917 patris
978 4843 1069 4899 sui
1101 4846 1256 4899 Esau
1286 4841 1654 4898 abscessisse
1681 4839 1756 4896 de
1781 4843 1938 4896 terra

277 4932 603 5002 Chanaam,
659 4937 715 4988 et
767 4932 1070 4989 habitasse
1108 4932 1169 4988 in
1219 4935 1422 4987 monte
1474 4929 1618 4998 Seir,
1657 4945 1796 4984 cum
1843 4944 1940 4983 ve-

274 5021 456 5078 niente
519 5023 607 5079 de
678 5020 1105 5094 Mesopotamia
1159 5020 1365 5087 Jacob,
1418 5019 1634 5088 legitur
1709 5017 1940 5073 misisse

277 5122 401 5166 eum
448 5110 715 5168 nuntios
759 5109 840 5166 ad
887 5110 1129 5166 fratrem
1183 5126 1361 5165 suum
1411 5109 1471 5164 in
1515 5113 1670 5164 terra
1702 5107 1825 5163 Seir
1853 5122 1942 5162 re-

277 5196 480 5266 gionis,
512 5199 987 5271 Idumaeumque
1019 5198 1098 5254 ibi
1125 5198 1426 5254 habitasse
1457 5200 1584 5252 tum
1611 5196 1943 5270 temporis?

273 5283 332 5340 In
357 5294 661 5363 promptu
687 5291 776 5344 est
801 5287 1061 5358 cogitare
1079 5287 1246 5360 quod
1277 5286 1496 5342 scilicet
1526 5288 1686 5341 Esau
1710 5289 1944 5357 postea-

273 5387 449 5444 quam
479 5379 546 5433 in
581 5377 1085 5450 Mesopotamiam
1133 5376 1313 5433 frater
1341 5375 1471 5446 ejus
1503 5373 1814 5443 abscessit,
1844 5389 1948 5428 no-

2022 3060 2195 3115 fuerit
2225 3059 2496 3132 hispidus
2518 3068 2574 3116 et
2603 3060 2832 3133 pilosus
2855 3062 3136 3133 :quando
3167 3063 3327 3118 enim
3356 3072 3533 3120 natus
3563 3071 3670 3132 est,

2022 3154 2180 3206 totus
2208 3149 2359 3204 sicut
2387 3149 2556 3220 pellis
2582 3148 2812 3221 pilosus
2845 3155 2973 3205 erat
3002 3155 3057 3204 et
3085 3167 3206 3205 non
3236 3151 3499 3207 habebat
3525 3152 3673 3208 leni-

2025 3244 2226 3295 tatem.
2263 3237 2434 3302 Quod
2462 3243 2664 3293 autem
2691 3237 2957 3309 sequitur
2989 3255 3001 3292 :

2095 3327 2174 3382 Et
2203 3328 2446 3382 Horraei
2468 3326 2827 3393 habitantes,
2861 3342 2988 3393 seu,
3023 3327 3171 3384 sicut
3221 3328 3283 3384 in
3307 3328 3675 3400 quibusdam

2027 3415 2334 3472 cod;cil)us
2371 3414 2682 3482 invenitur,
2713 3416 2956 3483 Corraei,
2991 3420 3047 3472 et
3071 3416 3318 3490 reliqua.
3352 3420 3677 3490 Postquam

2029 3504 2369 3560 numeravit
2408 3503 2562 3559 ﬁlios
2613 3506 2787 3570 Esau,
2823 3504 2998 3560 altius
3052 3506 3281 3578 repetit,
3331 3511 3388 3562 et
3439 3506 3682 3578 exponit

2029 3593 2234 3666 quanti
2288 3596 2446 3648 Esau
2485 3592 2546 3647 in
2583 3593 2769 3648 Edom
2815 3597 2970 3648 terra
3015 3594 3315 3666 principes
3364 3594 3580 3650 fuerint
3608 3611 3682 3651 ex

2032 3697 2246 3752 genere
2273 3685 2668 3748 Horraeorum,
2697 3681 2800 3753 qui
2844 3681 2904 3736 in
2935 3681 3139 3750 lingua
3166 3688 3372 3739 nostra
3401 3685 3682 3756 interpre-

2031 3777 2230 3827 tantur
2261 3771 2453 3826 liberi.
2488 3773 2780 3840 Legamus
2812 3771 3123 3839 diligenter
3156 3772 3681 3840 Deuterononium,

2032 3859 2136 3915 ubi
2185 3857 2559 3914 manifestius
2602 3857 2878 3914 scribitur
2926 3857 3236 3930 quomodo
3282 3860 3552 3915 venerint
3581 3859 3686 3916 ﬁlii

2035 3952 2214 4011 Esau,
2244 3951 2301 4003 et
2327 3947 2748 4004 interfecerunt
2777 3949 3062 4018 Corraeos,
3093 3963 3164 4004 ac
3209 3951 3428 4004 terram
3476 3965 3685 4004 eorum

2034 4038 2096 4094 in
2123 4036 2530 4093 hmreditatem
2575 4036 2980 4109 possederunt
3029 4039 3140 4110 [Z.,
3183 4053 3303 4094 eor.
3345 4038 3688 4095 haereditate

2035 4125 2304 4200 possed.]
2316 4167 2329 4180 .

2108 4219 2276 4272 Vens.
2309 4219 2398 4285 22,
2421 4216 2510 4272 23.
2534 4247 2603 4256 —
2633 4215 2715 4271 Et
2732 4216 2986 4286 fuerunt
3009 4216 3131 4285 ﬁlii
3153 4216 3389 4274 Lothan
3410 4218 3606 4285 Bosri,
3635 4222 3691 4274 et

2039 4307 2317 4372 Emman,
2350 4309 2405 4361 et
2429 4319 2602 4360 soror
2623 4305 2862 4362 Lothan
2900 4305 3148 4362 Tamna.
3185 4305 3318 4361 Haec
3367 4310 3456 4362 est
3485 4312 3691 4362 autem

2041 4397 2288 4459 Tamna,
2319 4393 2394 4450 de
2421 4409 2544 4466 qua
2575 4409 2757 4466 supra
2787 4394 3013 4450 dictum
3041 4399 3130 4450 est
3162 4411 3175 4449 :
3211 4400 3268 4451 et
3291 4397 3520 4452 Tamna
3549 4411 3692 4451 con-

2041 4483 2264 4540 cubina
2304 4487 2432 4541 erat
2475 4483 2734 4556 Eliphaz,
2766 4483 2871 4539 ﬁlii
2909 4484 3290 4557 primogeniti
3334 4487 3509 4550 Esau,
3542 4488 3600 4539 et
3621 4499 3696 4540 ex

2040 4568 2174 4641 ipsa
2203 4573 2378 4625 natus
2399 4571 2487 4626 est
2516 4567 2822 4626 Amalech.
2848 4568 3072 4624 Idcirco
3092 4572 3293 4622 autem
3321 4567 3694 4622 Corrteorum

2040 4658 2388 4715 recordatus
2414 4662 2522 4723 est,
2549 4659 2695 4731 quia
2741 4656 3176 4731 primogenitus
3232 4655 3495 4710 ﬁliorum
3541 4657 3696 4710 Esau

2043 4763 2115 4802 ex
2161 4746 2403 4802 ﬁliabus
2457 4762 2666 4802 eorum
2715 4749 3026 4816 acceperat
3069 4742 3494 4799 concubinam.
3525 4741 3698 4810 Quod

2045 4840 2250 4891 autem
2281 4835 2496 4891 dicitur
2524 4851 2536 4890 :
2575 4835 2858 4896 Theman,
2892 4839 2946 4890 et
2975 4833 3180 4904 Cenef,
3213 4839 3269 4890 et
3297 4834 3610 4901 Amalech,
3643 4836 3701 4890 et

2045 4923 2296 4996 reliqua,
2331 4923 2591 4980 sciamus
2648 4927 2858 4996 postea
2901 4922 3247 4993 regionibus
3295 4923 3700 4980 Idumaeorum

2047 5029 2120 5071 ex
2149 5013 2242 5068 his
2271 5011 2570 5070 vocabula
2599 5011 2899 5088 imposita.

2119 5103 2294 5161 Vsus.
2327 5105 2415 5159 24.
2442 5134 2510 5143 -
2540 5104 2659 5160 Iste
2681 5107 2765 5159 est
2785 5103 2945 5173 Ana,
2977 5105 3084 5174 qui
3102 5105 3332 5160 invenit
3352 5119 3541 5176 aquas
3558 5103 3704 5160 cali-

2050 5195 2164 5250 das
2181 5195 2243 5249 in
2260 5194 2601 5264 solitudine,
2615 5208 2749 5250 cum
2761 5198 3034 5262 pasceret
3057 5195 3253 5249 asinos
3268 5193 3489 5250 Sebeon
3509 5194 3704 5262 patris

2049 5283 2361 5341 suiJudaei
2384 5288 2660 5340 asserunt
2674 5283 2840 5356 quod
2862 5283 2970 5339 iste
2991 5287 3119 5341 Ana
3143 5299 3330 5357 nepos
3352 5287 3504 5339 Esau
3525 5298 3707 5356 equa-

2051 5391 2187 5430 rum
2232 5390 2441 5446 greges
2488 5374 2549 5430 in
2593 5375 2828 5431 deserto
2883 5373 2961 5431 ab
3005 5374 3190 5430 asinis
3231 5374 3433 5431 fecerit
3473 5375 3704 5447 primus

273 5465 372 5531 [uit
419 5467 716 5524 habitare
766 5483 905 5522 cum
962 5466 1316 5540 parentibus
1363 5465 1509 5532 suis,
1562 5464 1682 5518 sive
1726 5479 1798 5519 ex
1849 5462 1949 5518 illa
2054 5463 2317 5535 ascendi,
2332 5468 2397 5519 ut
2411 5462 2714 5520 mulorum
2731 5463 2869 5519 inde
2887 5479 3046 5520 nova
3063 5469 3270 5521 contra
3284 5468 3564 5520 naturam
3583 5463 3708 5519 ani-

283 5555 698 5612 commotione
749 5571 873 5627 qua
916 5555 1178 5622 dolebat,
1210 5553 1623 5610 benedictione
1677 5568 1738 5608 se
1787 5552 1946 5607 frau-

273 5637 499 5716 datum,
565 5645 699 5701 sive
743 5660 928 5702 causa
981 5661 1241 5702 uxorum
1285 5659 1554 5712 suarum,
1599 5657 1753 5716 quas
1783 5641 1950 5699 odio-

2054 5553 2236 5608 malia
2264 5557 2666 5608 nascerentur.
2690 5555 2961 5624 Onagros
2987 5570 3229 5627 quoque
3251 5553 3330 5610 ad
3359 5553 3473 5609 hoc
3490 5553 3563 5608 ad
3574 5552 3709 5606 mis-

2059 5655 2160 5698 sos
2213 5656 2340 5698 esse
2379 5640 2460 5700 ad
2487 5642 2710 5711 asinas,
2739 5647 2796 5700 et
2822 5643 3024 5716 ipsum
3053 5641 3390 5700 istiusmodi
3416 5638 3707 5711 reperisse
