4136 6176
424 203 529 258 12⁸1

1510 190 1865 255 ANGELOMI
1903 180 2369 254 LUXOVlENSIS
2409 190 2721 254 nossem

3724 192 3843 254 228

425 325 833 392 concubitum,
866 327 931 379 ut
957 322 1311 379 velocissimi
1334 337 1408 378 ex
1449 320 1544 377 his
1572 320 1728 378 asini
1753 326 2071 377 nasceren-
2101 320 2151 376 Α
2191 317 2348 389 gitur
2395 315 2561 392 quod
2606 317 2791 377 Iacob
2838 316 2981 375 dicit
3008 334 3023 373 :
3054 317 3345 385 Quoniam
3382 316 3731 376 descendam
3762 318 3846 377 ad

426 417 540 470 tur.
576 411 868 469 industria
889 411 1114 483 quippe
1141 410 1412 466 humana
1437 408 1742 465 diversum
1772 406 1994 465 animal
2015 407 2077 463 in

427 503 585 560 coitu
612 501 822 570 coegit.
854 500 1062 572 sicque
1082 499 1418 555 adulterina
1439 498 1856 555 commistione
1887 512 2079 569 genus

424 589 590 648 aliud
617 588 853 663 reperit,
886 588 1037 644 sicut
1063 591 1120 643 et
1149 588 1336 644 Iacob
1378 592 1585 645 contra
1613 589 1893 647 naturam
1924 585 2079 643 colo-

423 693 560 735 rum
584 676 998 734 similitudines
1024 676 1385 747 procuravit.

988 796 1216 857 CAPUT
1258 800 1502 857 XXXVII.

492 927 666 981 Vens.
692 927 745 980 2.
772 954 841 967 ——
866 923 1086 993 Joseph
1115 936 1247 981 cum
1297 925 1548 981 sedecim
1577 931 1723 982 esset
1750 938 2073 990 annorum,

413 1013 699 1085 pascebat
731 1028 967 1085 gregem
995 1028 1129 1070 cum
1153 1014 1454 1083 fratribus
1482 1015 1625 1084 suis,
1657 1015 1856 1071 adhuc
1901 1028 2075 1083 puer,
2159 1060 2184 1086 ,

421 1108 474 1159 et
504 1107 635 1160 erat
667 1118 799 1161 eum
827 1104 970 1172 ﬁliis
1022 1103 1194 1160 Bato
1243 1109 1299 1161 et
1345 1104 1531 1174 Zelfa!
1576 1119 1837 1161 uxorum
1873 1104 2076 1173 patris

418 1191 532 1247 sui.
563 1191 1003 1262 Accusavitque
1024 1192 1251 1260 fratres
1279 1206 1415 1247 suos
1457 1192 1624 1261 apud
1662 1196 1899 1267 patrem
1954 1192 2074 1247 cri-

419 1282 581 1334 mine
607 1279 1169 1349 pessimo.Quaerunt
1189 1278 1348 1334 enim
1369 1278 1548 1350 quale
1567 1278 1641 1335 sit
1663 1278 1780 1334 hoc
1807 1278 2032 1334 crimen
2048 1279 2076 1334 ?

418 1364 677 1420 Nonnuli
702 1364 913 1420 volunt
939 1364 1184 1435 intelligi
1212 1364 1615 1422 idololatriam
1643 1365 1714 1436 [fl
1748 1364 2074 1422 idololatri-

418 1453 576 1528 cam]
633 1455 1135 1527 superstitionem,
1187 1456 1363 1529 quasi
1417 1456 1649 1513 idolum
1700 1456 2071 1513 adorasseut.

416 1543 526 1601 Alii
571 1560 714 1602 vero
763 1561 942 1618 super
989 1545 1235 1603 crimine
1275 1546 1676 1605 Sodomorum
1727 1551 1785 1603 et
1827 1548 2074 1603 Gomor-

416 1634 720 1692 rhieorum
748 1635 1229 1709 interpretantur.
1250 1637 1677 1728 Yerumtamen
1707 1652 1948 1728 movere
1967 1652 2074 1710 po-
2102 1670 2143 1728 Β

414 1726 529 1780 test
551 1724 656 1796 qui
679 1727 773 1781 est
798 1725 963 1796 quod
994 1726 1090 1782 hic
1128 1724 1357 1782 ancillas
1408 1740 1624 1784 uxores
1672 1725 2071 1799 appellantur,

415 1828 555 1868 cum
588 1814 861 1886 superius
887 1816 1232 1872 concubinae
1261 1814 1556 1886 dicantur,
1586 1815 1701 1871 nisi
1730 1815 1878 1888 quia
1904 1829 2071 1872 more

412 1902 857 1976 Scripturarum
900 1902 1049 1961 forte
1102 1905 1301 1962 omnis
1342 1905 1683 1963 concubina
1730 1921 1901 1975 uxor,
1946 1920 2070 1962 non

413 1995 616 2050 autem
667 2009 819 2050 uxor
863 1993 1220 2051 concubina.
1245 1998 1393 2052 Nam
1443 1997 1650 2064 Saraa,
1676 1998 1733 2052 et
1780 1994 2067 2064 Rebecca,

418 2086 477 2139 et
535 2081 655 2145 Lia,
687 2086 745 2139 et
773 2083 990 2140 Rachel
1041 2084 1394 2141 concubinas
1439 2084 1557 2142 dici
1602 2100 1725 2140 non
1776 2087 2067 2157 possunt:

416 2174 577 2241 Agar
607 2186 773 2242 vero,
805 2175 862 2226 et
890 2172 1171 2237 Cethura,
1197 2177 1255 2229 et
1284 2172 1444 2241 Bala,
1474 2178 1533 2230 et
1558 2172 1733 2242 Zelfa,
1765 2177 1824 2230 et
1849 2188 2069 2229 uxores

412 2261 470 2316 et
498 2258 851 2316 concubinae
875 2259 1174 2317 dicuntur.

484 2348 662 2405 Vnus.
692 2352 745 2404 3.
773 2380 842 2391 -—
874 2350 1152 2421 Fecitque
1165 2351 1344 2407 Iacob
1367 2352 1631 2409 tunicam
1658 2352 1879 2421 Joseph
1896 2355 2069 2423 poly-

411 2437 642 2494 mitam.
676 2440 785 2493 Pro
814 2437 1109 2509 polymita
1139 2440 1371 2496 variam
1402 2440 1675 2497 nonnulli
1704 2442 2067 2514 interpretati

414 2530 573 2592 sunt,
590 2525 756 2597 quod
786 2526 1001 2598 Aquila
1026 2527 1446 2601 interpretatus
1467 2534 1556 2586 est
1580 2529 1843 2587 tunicam
1871 2537 2065 2589 astra-

412 2614 622 2683 galon,
646 2612 709 2670 id
733 2618 820 2670 est
844 2614 1113 2671 talarem.

484 2700 659 2759 Vsus.
683 2705 840 2760 9-24.
870 2732 940 2744 -—
963 2703 1156 2759 Aliud
1196 2719 1428 2775 quoque
1450 2708 1672 2777 Ioseph
1726 2709 1875 2765 vidit
1913 2724 2062 2766 som-

412 2790 604 2858 nium,
631 2792 791 2863 quod
820 2807 1083 2850 narrans
1108 2795 1408 2863 fratribus
1428 2797 1570 2864 suis,
1599 2798 1717 2853 ait:
1757 2799 1890 2854 Vidi
1913 2813 2062 2856 som-

418 2881 606 2950 nium,
636 2883 813 2952 quasi
837 2883 1040 2951 solem,
1071 2888 1124 2939 et
1175 2885 1404 2955 lunam,
1436 2892 1489 2942 et
1535 2888 1742 2942 stellas
1786 2889 2059 2945 undecim

414 2971 673 3029 adorare
700 2988 810 3027 me.
836 2972 1153 3037 Quomodo
1180 2972 1461 3045 impletur
1489 2976 1791 3032 somnium
1819 2979 2058 3050 Ioseph.

2188 409 2379 465 tilium
2401 418 2593 466 meum
2622 411 2832 479 lugens
2858 409 2920 464 in
2944 410 3251 478 infernum
3266 412 3294 464 ?
3314 407 3640 465 Perturbati
3664 412 3721 465 et
3742 409 3847 466 do-

2186 496 2358 555 lentis
2389 498 2575 555 verba
2604 501 2762 565 sunt,
2790 497 2949 554 mala
2975 514 3084 553 sua
3106 496 3284 554 etiam
3309 496 3450 553 hinc
3479 512 3845 567 exaggeran-

2184 586 2277 643 tis.
2311 587 2410 643 Vel
2436 586 2616 644 etiam
2646 586 2860 643 inferni
2886 586 3129 643 nomine
3163 585 3508 660 sepulcrum
3540 587 3843 657 signiﬁca-

2184 674 2304 730 vit:
2332 675 2511 746 qnasi
2540 674 2821 731 dixisset:
2857 678 2920 731 In
2940 674 3104 732 luctu
3129 690 3346 731 maneo
3376 673 3570 731 donec
3601 690 3697 731 me
3726 681 3842 732 ter-

2184 777 2265 820 ras
2296 764 2580 838 suscipiat
2608 764 2713 837 [Z.,
2750 762 3051 838 suscipiet]
3099 763 3442 837 sepulcrum
3472 765 3625 821 sicut
3648 764 3842 825 illum.

2736 887 2973 947 CAPUT
3015 891 3281 946 XXXVIII.

2255 1012 2435 1071 Vsus.
2468 1015 2607 1072 1-30.
2628 1046 2696 1056 -—
2711 1014 2933 1071 Eodem
2958 1020 3220 1084 tempore
3242 1015 3602 1073 descendens
3629 1018 3837 1088 ludas,

2183 1116 2220 1159 α
2267 1104 2569 1172 fratribus
2619 1104 2744 1159 suis
2788 1104 3034 1160 diuertit
3060 1104 3143 1160 ad
3170 1105 3366 1161 virum
3398 1105 3838 1175 Odollamitem,

2181 1192 2422 1247 nomine
2459 1192 2697 1259 Hiram,
2731 1195 2789 1247 et
2839 1196 3051 1247 caetera
3088 1207 3284 1264 usque
3318 1199 3528 1262 postea
3572 1208 3839 1265 egressus

2182 1286 2266 1336 est
2290 1281 2492 1349 frater
2511 1283 2660 1350 ejus,
2680 1281 2744 1336 in
2771 1282 2947 1350 cujus
2965 1294 3153 1337 manu
3171 1286 3304 1337 erat
3325 1284 3651 1352 coccinum,
3665 1297 3837 1355 quem

2180 1369 2514 1438 appellavit
2533 1370 2769 1426 Zaram.
2799 1368 3059 1435 Qualiter
3084 1368 3331 1426 historia
3354 1370 3430 1427 de
3450 1370 3622 1439 Iuda,
3654 1376 3714 1428 et
3737 1372 3839 1428 tri-

2178 1454 2296 1511 bus
2322 1455 2459 1511 ﬁliis
2488 1457 2638 1528 ejus,
2671 1460 2731 1512 et
2757 1471 2941 1513 uxore
2983 1457 3242 1514 Thamar
3270 1458 3425 1516 intra
3451 1464 3575 1515 tam
3604 1475 3838 1533 paucos

2180 1558 2374 1600 annos
2429 1544 2717 1618 compleri
2767 1545 3003 1618 potuit?
3048 1560 3186 1602 cum
3235 1560 3380 1617 ergo
3433 1547 3561 1621 ipse
3616 1549 3838 1622 Ioseph

2179 1648 2341 1689 anno
2372 1633 2629 1706 septimo
2659 1633 2894 1690 decimo
2923 1635 3113 1691 astatis
3167 1650 3291 1691 suas
3333 1637 3611 1693 venditus
3655 1638 3838 1694 fuisse

2179 1721 2476 1788 credatur,
2538 1721 2826 1778 tredecim
2877 1737 3073 1779 annos
3115 1729 3425 1796 peregerat
3476 1725 3537 1781 in
3582 1729 3839 1800 Egypto

2176 1809 2419 1880 ignotus
2454 1812 2766 1868 Pharaoni.
2798 1811 2889 1867 Ad
2930 1812 3043 1869 hos
3091 1812 3253 1868 enim
3300 1813 3582 1870 tredecim
3638 1830 3837 1872 annos

2177 1904 2559 1956 accesserunt
2588 1905 2819 1973 septem
2869 1900 3013 1957 anui
3063 1900 3370 1971 ubertatis,
3403 1907 3461 1960 et
3505 1902 3643 1960 facti
3693 1910 3838 1963 sunt

2177 1988 2321 2044 anni
2339 1988 2575 2059 viginti;
2598 1989 2691 2045 his
2717 1988 3023 2045 adduntur
3040 1989 3182 2058 duo,
3207 1990 3352 2063 quia
3381 1992 3646 2049 secundo
3668 2008 3833 2050 anno

2176 2076 2354 2133 famis
2385 2077 2626 2134 intravit
2652 2078 2838 2135 Iacob
2882 2078 2945 2134 in
2972 2080 3294 2151 Egyptum
3324 2094 3463 2136 cum
3518 2081 3653 2137 ﬁliis
3682 2085 3831 2153 suis,

2175 2170 2233 2222 et
2254 2166 2641 2223 inveniuntur
2667 2167 2878 2237 viginti
2906 2167 3030 2223 duo
3061 2168 3203 2224 anni
3264 2168 3489 2241 quibus
3516 2170 3702 2227 abfuit
3730 2173 3828 2227 Io-

2175 2256 2326 2328 seph
2353 2271 2390 2312 a
2418 2261 2586 2329 patre
2615 2260 2675 2312 et
2711 2272 2749 2313 a
2777 2256 3058 2313 fratribus
3101 2260 3264 2323 suis;
3293 2273 3418 2331 quo
3459 2260 3654 2316 medio
3676 2264 3827 2317 tem-

2173 2359 2322 2417 pore
2352 2343 2661 2418 quomodo
2688 2345 2816 2402 ﬁeri
2841 2347 3206 2419 potuerunt?

2248 2434 2405 2490 Solet
2450 2434 2614 2491 enim
2655 2435 2959 2507 Scriptura
3005 2439 3216 2494 sancta
3265 2450 3378 2509 pro
3406 2437 3830 2510 capitulatione

2172 2522 2363 2579 multa
2373 2523 2671 2596 praeferre.
2689 2524 2932 2598 Aliquot
2941 2538 3136 2582 annos
3149 2529 3285 2582 ante
3301 2525 3593 2584 vinditum
3604 2527 3831 2600 Joseph

2169 2610 2301 2667 haec
2314 2611 2443 2668 ﬁeri
2457 2613 2710 2686 coepisse
2730 2613 2974 2687 intelligi
2989 2614 3185 2672 datur.
3202 2614 3393 2673 Etiam
3419 2630 3583 2685 mox,
3601 2621 3667 2673 ut
3686 2616 3830 2673 ado-

2174 2700 2417 2758 lesce1et
2448 2703 2661 2773 Iudas,
2691 2704 2937 2777 coeperit
2961 2703 3243 2762 incidisse
3288 2705 3349 2761 in
3397 2720 3666 2762 amorem
3696 2709 3829 2776 ejus

2169 2804 2358 2862 quam
2388 2790 2558 2848 duxit
2604 2804 2874 2860 uxorem,
2902 2792 3178 2850 nondum
3215 2794 3459 2852 vendito
3502 2796 3720 2869 Ioseph
3763 2795 3826 2851 in

2168 2880 2512 2952 Egyptum.
2535 2884 2647 2938 Cur
2674 2881 2822 2938 dixit
2840 2881 2916 2939 de
2931 2883 3209 2955 Thamar,
3222 2883 3503 2954 depositis
3522 2886 3829 2941 vestimen-

2172 2968 2245 3023 tis
2266 2970 2580 3025 viduitatis
2600 2974 2766 3029 sum?
2795 2972 3099 3037 Quatenus
3121 2972 3472 3043 intelligeres
3502 2988 3573 3027 ex
3596 2976 3831 3045 tempoe

408 3059 575 3132 quod
603 3060 744 3117 dicit
774 3075 836 3117 se
865 3061 1088 3117 vidisse
1117 3062 1324 3130 solem,
1355 3066 1413 3119 et
1437 3063 1668 3137 lunam,
1697 3070 1756 3124 et
1782 3067 2057 3124 undecim

2176 3055 2335 3111 ribus
2361 3057 2843 3129 patriarcharum
2870 3063 3029 3116 certa
3053 3064 3111 3115 et
3136 3075 3246 3115 sua
3262 3059 3442 3115 fuisse
3466 3059 3831 3116 vestimenta

407 3147 610 3206 stellas
664 3149 947 3206 adorasse
994 3167 1094 3219 se;
1126 3151 1276 3208 dum
1305 3158 1537 3210 constat
1562 3170 1634 3211 eo
1684 3162 1971 3225 regnante
1999 3157 2062 3214 in

406 3238 660 3309 Egypto
689 3242 942 3294 matrem
969 3240 1099 3311 ejus
1144 3241 1360 3298 Rachel
1406 3242 1597 3299 multo
1641 3248 1778 3300 ante
1807 3260 1935 3300 esse
1964 3244 2064 3301 de-

405 3322 707 3393 functam;
741 3327 863 3383 imo
894 3343 1004 3384 nec
1030 3334 1261 3400 patrem
1283 3346 1421 3387 eum
1444 3331 1698 3402 legimus
1728 3334 2011 3390 adorasse
2032 3338 2059 3392 ?

407 3416 562 3483 Ergo
582 3414 643 3469 in
666 3415 894 3471 Christo
913 3415 1079 3471 facile
1100 3419 1370 3489 [uterque
1391 3421 1543 3489 cod.,
1557 3421 1767 3493 facilis]
1788 3427 1876 3478 est
1902 3439 2059 3479 som-

404 3501 487 3559 nii
508 3501 933 3573 perfectionem
953 3504 1297 3575 intelligere,
1317 3510 1419 3563 cui
1438 3509 1725 3565 donatum
1746 3517 1830 3566 est
1846 3527 2055 3569 nomen

404 3591 565 3661 quod
604 3596 687 3647 est
735 3607 917 3661 super
962 3608 1133 3650 omne
1171 3611 1405 3667 nomen,
1434 3604 1500 3653 ut
1543 3600 1604 3654 in
1657 3603 1893 3658 nomine
1917 3604 2055 3659 Jesu

405 3694 578 3735 omne
605 3694 763 3750 genu
786 3682 1089 3751 flectatur,
1120 3687 1177 3739 et
1196 3684 1429 3756 reliqua
1459 3688 1748 3759 (Philipp.
1776 3704 1835 3757 ιι,
1873 3695 1979 3759 lO).

476 3767 651 3825 Vnus.
676 3771 866 3827 25-34.
897 3802 968 3812 —
1009 3773 1295 3829 Viderunt
1326 3776 1581 3834 viatores
1611 3778 1945 3837 Ismaelitas
1969 3797 2056 3839 ve-

401 3857 535 3917 nire
562 3860 635 3918 de
666 3860 925 3933 Gclaad,
956 3868 1013 3920 et
1042 3866 1297 3920 camelos
1325 3879 1526 3923 eorum
1554 3875 1870 3938 portantes
1925 3888 2058 3929 aro-

402 3954 588 4016 mata,
622 3956 678 4006 et
706 3952 987 4023 resinam,
1014 3958 1071 4009 et
1098 3959 1325 4011 stacten
1352 3958 1416 4011 in
1444 3959 1812 4029 (Egyplum,
1845 3965 1902 4017 et
1926 3962 2056 4017 reli-

404 4051 531 4108 qua
558 4053 753 4110 usque
801 4044 854 4095 et
890 4042 1388 4108 praetereuntibus
1410 4045 1762 4104 Madianitis
1791 4051 2055 4120 negotia-

409 4125 637 4180 toribus
658 4127 1052 4183 vendiderunt
1070 4131 1285 4200 viginti
1302 4133 1411 4203 ]Z,,
1431 4137 1707 4207 triginta]
1732 4140 2049 4208 argenteis.

399 4214 691 4278 Quaeritur
719 4232 908 4288 quare
936 4219 1264 4276 lsmaelitas
1290 4221 1612 4296 Scriptura,
1635 4224 1859 4297 quibus
1884 4242 1920 4284 a
1940 4227 2053 4284 fra-

398 4301 589 4359 tribus
616 4304 895 4361 venditus
924 4311 1017 4363 est
1040 4309 1285 4381 Ioseph,
1302 4310 1482 4367 etiam
1504 4312 1850 4371 Madianitas
1878 4321 2049 4373 vocet

396 4406 539 4448 cum
560 4393 774 4450 lsmaei
803 4394 877 4451 sit
903 4396 979 4452 de
1008 4400 1168 4469 Agar
1206 4398 1366 4456 ﬁlius
1414 4401 1689 4470 Abrahae,
1718 4403 2046 4462 Madianitaa

394 4495 535 4537 vero
561 4480 636 4538 de
667 4483 921 4542 Cethura
939 4485 967 4543 ‘l
993 4486 1145 4552 Quia
1179 4488 1482 4561 Scriptura
1509 4489 1739 4549 dixerat
1756 4492 1833 4549 de
1861 4492 2050 4550 Abra—

397 4567 546 4627 ham
588 4572 754 4644 quod
800 4590 1056 4633 munera
1109 4575 1338 4634 dederit
1380 4578 1519 4635 filiis
1569 4582 2045 4640 concubinarum

397 4673 668 4728 suarum,
700 4665 860 4733 Agar
885 4663 1109 4721 scilicet
1136 4670 1192 4722 et
1219 4665 1493 4739 Cethura,
1511 4672 1568 4724 et
1588 4668 1813 4727 dimisit
1841 4688 1944 4728 eos
1968 4672 2047 4729 ab

394 4750 564 4806 lsaac
593 4749 717 4808 ﬁlio
748 4768 878 4824 suo,
906 4753 968 4810 in
996 4758 1157 4812 terra
1185 4755 1434 4812 Orientis
1464 4772 1649 4815 uuam
1677 4764 1915 4830 gentem
1967 4762 2048 4818 fe-

394 4836 552 4896 cisse
580 4839 946 4913 intelligendi
998 4849 1155 4901 sunt.
1191 4845 1536 4919 Spiritaliter
1582 4865 1726 4908 vero
1771 4856 2045 4911 aromata

390 4940 528 4999 qum
555 4926 617 4985 in
645 4931 891 4987 camelis
913 4936 1248 5006 portantur,
1280 4934 1436 4992 duas
1462 4936 1625 5009 leges
1653 4939 1995 5010 signiﬁcant
2026 4959 2042 4998 :

388 5029 497 5087 per
523 5016 790 5075 resinam
831 5023 1034 5075 autem
1080 5020 1275 5091 legem
1318 5023 1631 5091 librorum,
1658 5042 1767 5099 per
1819 5034 2043 5086 stacten

387 5104 615 5179 quippe
638 5105 833 5177 legem
862 5108 1315 5181 prophetarum.
1350 5113 1458 5167 Per
1484 5113 1747 5169 camelos
1775 5131 2042 5187 namque

386 5192 663 5252 doctores
704 5195 1117 5267 designantur.
1157 5198 1332 5264 Quod
1386 5204 1590 5258 autem
1642 5204 1866 5276 Ioseph
1916 5218 2040 5259 non

386 5284 476 5338 est
499 5280 789 5341 liberatus
813 5300 922 5357 per
963 5284 1280 5343 consilium
1324 5286 1511 5357 ludio,
1544 5289 1841 5359 signiﬁcat
1874 5291 2040 5348 Chri-

387 5371 547 5425 stum
586 5383 708 5428 non
736 5370 1059 5430 liberatum
1098 5389 1172 5430 ex
1223 5378 1393 5447 parte
1439 5371 1636 5434 carnis
1678 5393 1792 5451 per
1841 5395 2038 5438 seram

382 5454 795 5526 paenitentiam
823 5459 990 5517 Iudae
1020 5460 1306 5519 Scarioth.

455 5542 635 5602 Vens.
666 5550 755 5604 35.
785 5578 854 5589 —
885 5549 1163 5621 Dixitque
1208 5551 1389 5607 Iacob
1420 5568 1435 5607 :
1467 5554 1831 5613 Descendam
1860 5557 1943 5615 ad
1966 5559 2037 5628 ﬁ-

385 5631 536 5695 lium
556 5648 752 5699 meum
783 5637 995 5712 ιασακ
1021 5638 1089 5697 in
1113 5639 1444 5712 infernum.
1477 5643 1797 5710 Quomodo
1819 5647 2033 5707 intelli-

2167 3143 2513 3214 viduarum,
2542 3161 2667 3203 non
2699 3147 2908 3222 utique
2937 3147 3075 3205 talia
3101 3147 3301 3221 qualia
3331 3148 3825 3219 conjugatarum.

2238 3235 2432 3300 Quare
2448 3235 2595 3292 dixit
2606 3237 2791 3294 Iudas
2810 3255 2823 3294 :
2841 3239 3073 3293 Justior
3087 3242 3170 3294 est
3194 3238 3457 3294 Thamar
3480 3250 3660 3309 quam
3677 3250 3782 3308 ego
3796 3236 3827 3290 7

2165 3319 2436 3380 Thamar
2460 3340 2604 3381 vero
2632 3324 2695 3381 in
2726 3325 2886 3382 bivio
2913 3326 3035 3383 sive
3064 3326 3126 3381 in
3155 3326 3419 3399 compito
3449 3323 3682 3385 sedens,
3713 3324 3827 3381 ubi

2163 3408 2504 3482 diligentius
2515 3413 2694 3470 debet
2712 3414 2905 3470 viator
2924 3415 3189 3486 aspicere
3204 3414 3372 3486 quod
3390 3414 3499 3470 iter
3510 3412 3824 3483 gradiendi

2163 3500 2381 3573 capiat,
2398 3516 2520 3558 non
2541 3507 2606 3558 ut
2623 3516 2851 3572 vagans
2872 3502 3255 3575 turpitudinis
3281 3502 3592 3558 libidinem
3613 3501 3825 3575 imple-

2161 3596 2269 3659 ret,
2304 3590 2409 3646 sed
2438 3595 2503 3647 ut
2531 3590 2751 3647 liberos
2795 3607 2834 3648 a
2882 3604 3094 3648 socero
3140 3592 3454 3665 acciperet,
3478 3592 3693 3664 justior
3729 3599 3825 3650 est

2164 3693 2351 3735 causa
2377 3694 2566 3752 quam
2591 3694 2781 3735 socer.
2813 3679 2912 3735 ille
2935 3679 3218 3745 libidinis,
3249 3680 3354 3738 illa
3379 3681 3728 3738 liberorum.
3750 3683 3825 3738 Et

2161 3767 2299 3825 ideo
2326 3768 2389 3824 in
2415 3767 2867 3841 comparatione
2894 3769 3026 3841 ejus
3049 3769 3251 3826 minus
3280 3771 3437 3827 male
3468 3770 3705 3827 fecerat.

2234 3857 2293 3915 Si
2318 3856 2481 3915 enim
2519 3858 2739 3915 Phares
2766 3858 2906 3916 inde
2929 3859 3170 3916 sortitus
3197 3862 3287 3916 est
3331 3874 3555 3916 nomen
3583 3860 3825 3918 divisio-

2159 3946 2275 4018 nis,
2297 3947 2440 4019 quia
2454 3946 2737 4004 diviserat
2759 3948 3180 4005 membranam
3207 3949 3631 4020 secundarum,
3653 3949 3820 4006 unde

2159 4038 2306 4093 Zara
2331 4036 2415 4092 sic
2439 4051 2662 4093 nomen
2688 4037 2960 4109 accepit?
2985 4037 3563 4111 Zaraiuterpretatur
3584 4038 3822 4103 Oriens,

2158 4122 2290 4179 Sive
2315 4123 2494 4193 igitur
2542 4124 2687 4196 quia
2734 4123 2966 4196 primus
2998 4125 3295 4198 apparuit,
3330 4124 3453 4181 sive
3499 4124 3644 4198 quia
3686 4124 3825 4198 plu-

2156 4211 2292 4267 rimi
2322 4227 2396 4268 ex
2418 4227 2492 4269 eo
2514 4212 2640 4270 nati
2677 4217 2816 4269 sunt
2839 4212 3003 4285 justi,
3040 4214 3212 4271 sicuti
3234 4215 3295 4271 in
3316 4213 3823 4289 Paralipomenon

2157 4299 2435 4373 legimus.

2745 4408 2978 4468 CAPUT
3012 4412 3229 4468 XXXIX.

2228 4517 2396 4571 Vnus.
2430 4518 2479 4571 t.
2512 4547 2581 4556 —
2611 4517 2813 4588 Igitur
2860 4514 3083 4589 Joseph
3124 4519 3340 4576 ductus
3377 4520 3441 4576 in
3478 4519 3818 4593 Egyptum,

2153 4604 2412 4673 emitque
2440 4619 2571 4661 eum
2616 4605 2947 4676 Putiphar,
2973 4609 3281 4666 eunuchus
3309 4609 3671 4666 Pharaonis.
3702 4609 3820 4667 Ubi

2151 4691 2438 4764 qua:ritur
2451 4694 2760 4771 quomodo
2780 4701 2990 4768 postea
3018 4713 3267 4753 uxorem
3287 4698 3514 4754 habere
3536 4698 3770 4755 dicatur
3784 4700 3819 4756 ‘2

2150 4780 2415 4838 Tradunt
2435 4782 2659 4839 Hebraei
2684 4788 2957 4859 emptum
2979 4785 3058 4842 ab
3078 4786 3193 4842 hoc
3212 4787 3435 4861 Ioseph
3454 4787 3534 4844 ob
3557 4786 3819 4847 nimiam

2150 4869 2657 4944 pulchritudinem
2686 4874 2748 4930 in
2770 4879 2939 4950 turpe
2968 4875 3386 4947 ministerium,
3408 4882 3465 4933 et
3492 4894 3530 4934 a
3554 4878 3816 4935 Domino

2150 4960 2378 5018 viribus
2426 4962 2557 5034 ejus
2606 4962 2902 5034 arefactis,
2933 4970 3143 5038 postea
3172 4965 3426 5023 electum
3457 4982 3588 5023 esse
3633 4967 3819 5040 juxta

2149 5063 2384 5106 morem
2422 5050 2962 5123 Hierophautarum
2994 5052 3056 5110 in
3086 5054 3500 5127 pontiﬁcatum
3532 5055 3816 5130 Heliopo-

2147 5135 2298 5208 leos,
2352 5142 2409 5193 et
2454 5138 2636 5211 hujus
2686 5139 2878 5197 ﬁliam
2926 5158 3059 5199 esse
3108 5147 3333 5203 Asenec
3391 5145 3504 5219 [Z.,
3533 5147 3813 5221 Asanez],

2147 5240 2337 5299 quam
2361 5230 2572 5299 postea
2598 5228 2818 5303 Ioseph
2847 5246 3099 5288 uxorem
3131 5235 3444 5309 acceperit.

2786 5357 3012 5414 CAPUT
3049 5359 3170 5415 XL.

2216 5472 2382 5528 Vens.
2411 5475 2547 5527 6.-
2573 5475 2683 5531 His
2704 5476 2905 5550 itaque
2918 5481 3118 5552 gestis,
3142 5483 3360 5540 accidit
3391 5487 3459 5539 ut
3471 5488 3807 5553 peccarent

2145 5560 2263 5618 duo
2293 5562 2571 5632 eunuchi,
2582 5567 2879 5634 pincerna
2899 5571 3056 5641 regis
3072 5572 3367 5642 ngyptii
3388 5578 3442 5628 et
3464 5573 3676 5643 pistor,
3700 5571 3808 5627 do-

2142 5651 2306 5709 mino
2327 5666 2453 5710 suo.
2479 5653 2801 5729 [ratusque
2813 5663 2899 5715 est
2916 5658 3165 5719 Pharao
3192 5665 3403 5720 contra
3418 5675 3535 5728 eos,
3552 5665 3610 5719 et
3633 5662 3804 5718 misit
