4136 6176
1594 178 1936 248 COMEENT.
1966 184 2049 247 ΙΝ
2089 183 2247 249 GEN.

3524 196 3651 264 236-

218 327 305 368 eos
339 312 401 367 in
431 324 731 367 cm'cerem
766 312 831 368 in
871 329 983 384 quo
1011 318 1143 369 erat
1174 320 1408 371 vinctus
1447 320 1501 371 et
1530 314 1768 386 Joseph,
1802 318 1861 371 et
1887 318 1934 371 Α
1968 321 2110 371 sunt
2149 316 2222 374 de
2244 313 2574 388 femoribus
2595 321 2807 378 Jacob:
2840 321 2986 395 quid
3018 324 3513 397 respondendum
3542 340 3632 393 est

216 408 420 457 caatera
452 416 774 473 usquequo
828 403 907 457 ait
936 402 1216 458 fratribus
1249 402 1372 458 suis
1398 420 1410 458 :
1443 405 1572 476 Ego
1601 420 1729 460 sum
1759 406 1857 459 Jo-

214 489 369 560 seph,
404 504 581 560 quem
624 491 979 547 vendidistis
1032 492 1096 547 in
1152 493 1520 562 zEgyptum.
1567 493 1672 548 Hic
1702 493 1862 548 enim

214 577 534 651 spiritalem
563 577 1013 648 intelligentiam
1056 581 1584 652 praetermittimus,
1626 580 1775 637 sicut
1802 580 1864 636 in

210 666 560 740 praefatione
588 666 1000 739 prmdiximus,
1031 673 1088 723 et
1110 668 1481 725 historialem
1504 669 1864 726 intellectum

212 756 498 828 prosequi
549 755 816 823 nitimur,
856 773 934 812 ne
973 758 1224 813 modum
1265 758 1447 814 libelli
1477 759 1861 815 excedamus.

214 845 479 916 Denique
516 845 809 916 queri'ur,
865 845 1034 901 salvo
1068 846 1361 919 spirituali
1404 846 1718 913 intellectu,
1761 864 1866 903 cur

210 934 460 1003 gentiles
492 932 772 988 homines
826 934 1067 989 fuerunt
1092 935 1155 990 in
1185 952 1421 992 carcere
1452 948 1591 992 cum
1623 936 1863 1009 Joseph,

206 1028 260 1077 et
304 1022 619 1093 praesagia
675 1023 1012 1078 futurorum
1074 1025 1398 1081 viderunt?
1438 1030 1561 1082 Non
1604 1043 1714 1099 pro
1747 1026 1867 1080 suis

207 1111 455 1177 meritis,
482 1110 587 1165 sed
617 1117 680 1166 ut
706 1112 1195 1181 magniﬁcaretur
1222 1116 1465 1187 Joseph,
1497 1119 1553 1171 et
1585 1114 1868 1171 manifes-

204 1205 430 1256 taretur
462 1201 571 1271 qui
594 1200 835 1257 latebat.

268 1291 310 1354 Q
324 1304 423 1344 uas
456 1294 601 1344 sunt
623 1293 740 1345 tres
771 1291 1133 1362 propagines
1148 1292 1178 1346 ‘i
1195 1295 1333 1348 Tres
1346 1293 1712 1365 propagines
1734 1294 1872 1348 sunt

208 1380 312 1433 bes
350 1378 529 1433 rami.

275 1469 399 1522 Cur
426 1467 669 1523 Pharao
696 1468 790 1524 vel
822 1468 1083 1524 Herodes
1114 1469 1243 1525 dies
1266 1470 1586 1526 nativitatis
1617 1484 1740 1525 suae
1762 1471 1869 1527 ho-

210 1556 461 1611 noribus
489 1557 739 1611 festivos
788 1558 1172 1614 habuerunt?
1212 1562 1293 1614 Eo
1317 1559 1484 1631 quod
1515 1562 1875 1631 putaverunt

1969 404 2052 459 eis
2081 406 2183 478 qui
2221 406 2335 463 hoc
2384 408 2726 465 testimonio
2758 412 3115 468 conﬁrmare
3157 414 3427 472 nituntur
3455 434 3491 474 a
3528 434 3632 492 pa-

1966 495 2234 550 rentibus
2262 496 2441 552 simul
2470 498 2704 555 animas
2736 515 2875 555 cum
2898 501 3249 575 corporibus
3279 507 3632 578 propagari?

1970 583 2215 639 Animas
2242 585 2400 640 enim
2433 584 2623 642 dictas
2647 603 2756 660 pro
2782 588 3154 659 hominibus,
3180 606 3217 647 a
3241 597 3409 664 parte
3440 598 3630 650 totum

1975 670 2349 739 signiﬁcante
2377 672 2699 742 locutione,
2730 675 2931 731 nullus
2952 675 3131 734 debet
3157 678 3450 738 dubitare.

2042 761 2210 815 Vens.
2246 742 2326 816 i5.
2359 793 2429 803 ——
2456 763 2543 817 Hi
2575 763 2693 831 ﬁlii
2718 764 2862 829 Βία),
2886 780 3031 836 quos
3050 769 3259 836 genuit
3279 769 3343 824 in
3370 770 3634 842 Mesopo-

1975 850 2159 904 tamia
2180 851 2375 920 Syria:
2400 866 2532 907 cum
2548 852 2711 908 Dina
2723 866 2747 924 ;
2769 855 2987 910 anima:
3005 856 3272 922 ﬁliorum
3293 861 3350 913 et
3361 858 3629 927 ﬁliarum

1976 938 2227 1007 triginta
2252 944 2390 995 tres.
2420 940 2701 1013 Nunquid
2726 940 2855 997 istae
2887 942 3400 1013 omnestringinta
3431 951 3487 1002 et
3510 952 3628 1003 tres

1976 1026 2193 1080 animas
2239 1044 2309 1082 ex
2342 1028 2441 1084 Lia
2497 1029 2556 1084 in
2596 1031 3025 1102 Mesopotamia
3067 1032 3249 1103 Syrias
3280 1036 3433 1091 natae
3466 1036 3627 1103 sunt,

1976 1112 2126 1170 dum
2164 1114 2246 1172 ibi
2275 1116 2461 1172 Jacob
2491 1132 2614 1172 non
2654 1118 2790 1191 plus
2820 1118 3025 1189 viginti
3051 1121 3225 1176 annis
3254 1137 3391 1179 cum
3422 1136 3630 1181 socero

1981 1219 2092 1258 suo
2122 1209 2393 1260 moratus
2422 1209 2531 1272 est,
2565 1210 2621 1262 et
2647 1211 2875 1278 septem
2909 1208 3051 1263 anni
3080 1210 3444 1268 transierunt
3463 1216 3629 1269 ante-

1979 1306 2164 1364 quam
2205 1292 2367 1349 Liam
2397 1308 2645 1350 uxorem
2672 1292 2973 1351 duxisset?
2991 1295 3130 1354 Ideo
3166 1298 3345 1355 etiam
3373 1300 3630 1375 Scriptu-

1979 1395 2045 1436 ra
2077 1385 2288 1437 sancta
2334 1383 2447 1438 hos
2479 1399 2692 1439 omnes
2745 1384 2806 1439 in
2845 1385 3274 1457 Mesopotamia
3303 1392 3465 1445 ortos
3497 1405 3631 1447 esse

1979 1468 2142 1537 dixit,
2175 1471 2465 1542 quoniam
2491 1488 2700 1528 eorum
2727 1478 2926 1545 patres
2956 1473 3039 1529 ibi
3068 1476 3179 1531 orti
3210 1480 3367 1533 sunt.

2052 1559 2217 1614 Vens.
2250 1559 2433 1615 26-27.
2463 1591 2532 1601 —
2558 1559 2614 1614 Si
2637 1561 2951 1630 sexaginta
2972 1566 3029 1617 et
3078 1574 3182 1617 sex
3216 1569 3356 1620 sunt
3383 1580 3518 1638 quae
3546 1564 3634 1621 in-

210 1646 376 1718 quod
421 1645 575 1701 hora
618 1647 943 1703 nativitatis
971 1663 1180 1703 eorum
1212 1664 1276 1703 se
1319 1648 1656 1703 ordinasset
1682 1648 1741 1703 in
1785 1664 1871 1704 re-
1903 1663 1941 1718 3
1981 1662 2197 1715 gressus
2225 1654 2363 1704 sunt
2391 1649 2607 1705 animae
2639 1667 2777 1706 cum
2808 1651 2991 1707 Jacob
3012 1652 3072 1706 in
3096 1652 3447 1726 Egyptum,
3476 1653 3632 1711 etibi

212 1750 419 1805 gnum,
444 1735 704 1791 similem
732 1751 861 1791 rem
910 1736 1191 1792 facientes
1221 1736 1607 1803 adorationis,
1638 1741 1703 1792 ut
1730 1737 1871 1792 dici-

212 1826 315 1891 tur,
352 1839 624 1896 quorum
673 1829 801 1880 erat
846 1840 958 1897 par
993 1826 1292 1897 impietas,
1339 1830 1490 1881 esset
1530 1830 1588 1881 et
1618 1840 1738 1881 una
1782 1842 1872 1881 so-

214 1911 509 1968 lemnitas.

279 2001 431 2067 Quid
464 2006 556 2057 est
574 2002 743 2074 quod
770 2003 1003 2059 Pharao
1032 2003 1214 2059 dixit:
1246 2005 1546 2061 Putabam
1576 2020 1669 2061 me
1693 2021 1873 2075 super

219 2092 461 2159 [invitam
489 2096 656 2147 stare
676 2095 706 2145 ?
750 2091 812 2146 ld
841 2095 932 2147 est
960 2092 1125 2163 quod
1154 2096 1212 2147 et
1239 2091 1300 2147 in
1331 2092 1449 2180 alii.)
1494 2092 1628 2149 loco
1658 2094 1872 2150 dicitur

224 2178 278 2234 in
303 2181 515 2235 Genesi
548 2180 743 2235 :Ecce
784 2195 890 2250 ego
928 2196 1112 2250 super
1135 2182 1362 2250 fontem
1392 2178 1501 2238 sto.
1534 2188 1727 2254 Atque
1756 2184 1871 2239 hoc

233 2283 432 2337 genere
460 2269 779 2325 locutionis
808 2274 866 2326 et
892 2269 953 2324 in
1003 2270 1239 2342 psalmo
1285 2271 1540 2327 dicitur:
1576 2271 1691 2338 Qui
1725 2274 1868 2342 fun-

237 2357 389 2412 davit
446 2364 665 2415 terram
720 2374 901 2427 super
958 2374 1176 2431 aquam
1217 2360 1403 2429 (Psat.
1444 2376 1606 2427 χχιιι,
1634 2361 1708 2433 2).
1744 2364 1871 2416 Non

232 2452 508 2516 cogantur
541 2448 827 2503 homines
854 2452 1061 2519 putare
1086 2464 1098 2503 :
1128 2447 1417 2504 Fundavit
1446 2452 1665 2505 terram
1693 2464 1873 2521 super

225 2551 460 2608 aquam.
498 2536 844 2592 Secundum
896 2536 1054 2592 hanc
1108 2536 1269 2592 enim
1318 2537 1682 2594 locutionem
1715 2542 1871 2594 recte

221 2624 558 2696 intelligitur
605 2624 773 2697 quod
804 2624 979 2680 altior
1030 2625 1104 2681 sit
1155 2629 1313 2682 terra
1349 2643 1535 2699 quam
1568 2643 1766 2700 aqua;
1793 2627 1872 2683 ab

220 2713 305 2768 his
338 2714 575 2787 quippe
605 2714 781 2787 aquis
812 2713 1158 2782 sustollitur,
1190 2714 1296 2771 ubi
1330 2715 1598 2771 habitent
1638 2720 1873 2773 terrena

217 2802 521 2859 animalia.

287 2891 606 2956 Quomodo
642 2889 965 2948 multitudo
1012 2890 1253 2961 frugum
1283 2907 1480 2948 arente
1508 2891 1872 2949 multitudini

1977 1737 2196 1809 ioseph
2225 1754 2363 1793 cum
2379 1738 2620 1794 duobus
2638 1739 2792 1795 ﬁlius
2811 1740 2933 1795 suis
2960 1740 3238 1798 inventus
3258 1746 3366 1806 est,
3380 1759 3633 1817 quomo-

1978 1825 2057 1881 do
2075 1828 2454 1899 septuaginta
2469 1832 2677 1900 postea
2706 1829 2985 1885 dicuntur
3014 1846 3146 1887 esse
3171 1832 3387 1888 anima:
3409 1832 3630 1889 domus

1977 1914 2168 1970 Jacob
2190 1914 2218 1970 7
2248 1915 2383 1988 Ipso
2414 1924 2552 1971 vero
2597 1921 2765 1989 patre
2792 1917 2976 1973 Jacob
3004 1919 3183 1990 quasi
3212 1919 3411 1976 radice
3444 1932 3632 1976 annu-

1979 1993 2207 2060 merato
2233 2008 2613 2077 septuaginta
2644 2021 2775 2061 esse
2814 2012 3166 2063 noscuntur.

2053 2095 2206 2148 Dum
2245 2094 2405 2149 enim
2445 2093 2504 2148 in
2556 2093 2769 2149 Genesi
2820 2094 3073 2164 legimus
3105 2098 3483 2168 septuaginta
3510 2097 3634 2152 ani-

1980 2190 2115 2236 mas
2138 2196 2270 2236 esse
2290 2182 2509 2236 domus
2529 2182 2731 2249 Jacob,
2763 2183 3073 2254 quomodo
3102 2184 3163 2238 in
3189 2184 3432 2239 Actibus
3460 2200 3633 2257 apos-

1982 2269 2239 2326 tolorum
2265 2266 2479 2324 dicitur
2507 2270 2570 2325 in
2603 2270 2923 2326 animabus
2954 2271 3335 2343 septuaginta
3363 2272 3631 2344 quinque

1979 2358 2358 2414 descendisse
2388 2358 2574 2415 Jacob
2593 2360 2655 2414 in
2679 2359 3053 2435 Egyptuma‘?
3076 2363 3203 2416 Non
3222 2359 3383 2417 enim
3403 2358 3633 2435 aliquid

1977 2450 2210 2519 poterat
2241 2450 2426 2503 Lucas
2455 2447 2820 2503 contrarium
2850 2446 3108 2504 scribere
3140 2448 3458 2505 adversum
3492 2464 3630 2506 eam

1981 2535 2344 2607 Scripturam
2359 2550 2495 2608 quae
2515 2536 2644 2607 jam
2673 2535 2866 2592 fuerat
2892 2536 3169 2606 gentibus
3199 2535 3542 2609 divulgata;
3568 2538 3637 2594 ut

1980 2623 2184 2696 utique
2236 2624 2483 2695 majoris
2540 2623 2839 2696 opinionis
2890 2625 2991 2681 illo
3034 2625 3327 2682 duntaxat
3368 2632 3634 2699 tempore

1979 2713 2360 2785 septuaginta
2372 2713 2765 2786 Interpretutn
2793 2710 3089 2769 habeatur
3106 2715 3428 2772 auctoritas
3447 2730 3631 2788 quam

1981 2803 2188 2872 Lucas,
2216 2800 2319 2875 qui
2348 2801 2610 2871 ignotus,
2642 2805 2700 2858 et
2725 2800 2880 2869 vilis,
2915 2802 2972 2857 et
3000 2802 3172 2858 malae
3191 2801 3331 2858 ﬂdei
3359 2802 3421 2858 in
3450 2802 3635 2859 natio-

1977 2889 2158 2945 nibus
2189 2889 2540 2946 ducebatur.
2571 2890 2691 2946 Hoo
2713 2893 2914 2947 autem
2937 2891 3291 2962 generaliter
3305 2890 3635 2947 observan-6

218 2982 645 3053 comparatur?
669 2981 823 3046 Quia
852 2980 1007 3037 sicut
1048 2995 1234 3037 arena
1260 2980 1741 3071 innumerabilis
1762 2984 1867 3047 est,
1906 3018 1946 3071 ο
1980 2978 2148 3071 dum,
2180 2978 2369 3071 quod,
2397 2978 2747 3051 ubicunque
2779 2980 2970 3071 sancti
3003 2972 3259 3071 apostoli
3304 2980 3405 3071 aut
3457 2994 3636 3052 apos-

218 3068 297 3124 ita
323 3069 650 3126 multitudo
681 3069 922 3139 frugum
956 3069 1174 3125 usitato
1202 3085 1456 3126 numero
1484 3070 1872 3142 comprehen-

216 3157 277 3213 di
303 3175 427 3215 non
457 3163 719 3231 poterat.
1320 3222 1329 3229 1

286 3247 621 3313 Quomodo
636 3246 712 3301 de
736 3247 860 3303 viro
881 3250 1091 3303 sancto
1108 3247 1332 3319 Joseph
1347 3246 1671 3315 intelligere
1690 3246 1874 3302 debe—

216 3352 361 3392 mus
410 3334 594 3407 quod
625 3334 826 3390 fratres
866 3351 1007 3393 suos
1048 3334 1447 3393 inebriasset?
1478 3334 1747 3390 Ebrietas
1773 3350 1879 3390 au-

216 3429 348 3481 tem
374 3422 725 3480 secundum
751 3423 965 3482 idioma
990 3424 1291 3481 Hebraicis
1315 3422 1537 3494 linguas
1566 3439 1677 3495 pro
1706 3422 1878 3480 satie~

217 3518 341 3570 tate
358 3512 634 3587 ponitur,
658 3511 805 3568 sicut
830 3513 943 3569 ibi:
960 3515 1225 3571 Visitasti
1248 3518 1494 3582 terram,
1509 3518 1565 3570 et
1587 3512 1878 3570 inebrias-

228 3605 272 3658 ti
301 3619 425 3660 eam
457 3603 652 3673 (Psal.
678 3618 828 3673 wa,
864 3604 970 3672 10).
1014 3605 1081 3659 Et
1107 3604 1355 3659 iterum:
1410 3602 1881 3659 Inebriabuntur

236 3692 309 3746 ab
331 3693 597 3748 ubertate
622 3693 833 3748 domus
857 3699 973 3748 tuas
1003 3692 1190 3763 (Psat.
1212 3708 1399 3756 xxxv,
1424 3692 1499 3763 9).

321 3779 467 3844 Quid
502 3780 604 3837 sibi
629 3780 760 3838 vult
802 3780 972 3854 quod
1011 3781 1233 3853 Joseph
1279 3780 1489 3839 fratres
1528 3796 1669 3837 suos
1708 3779 1881 3838 toties

250 3862 571 3939 ludiﬁcavit,
610 3874 666 3927 et
693 3873 864 3927 tanta
894 3869 1334 3942 exspectatione
1376 3869 1689 3941 suspendit
1715 3872 1883 3925 ante-

240 3970 410 4027 quam
439 3958 826 4015 manifestare
842 3975 907 4015 se
925 3958 1247 4015 voluisset?
1262 3957 1609 4015 Tribulabat
1628 3973 1731 4015 eos
1758 3972 1883 4016 non

232 4050 295 4101 ut
321 4062 374 4102 se
405 4047 742 4104 vindicaret
770 4048 834 4103 in
863 4048 968 4117 eis,
1001 4047 1107 4103 sed
1136 4052 1202 4104 ut
1219 4046 1355 4103 illos
1396 4050 1683 4119 purgaret
1709 4062 1746 4103 a
1777 4046 1886 4102 cri-

222 4134 377 4191 mine
424 4137 718 4192 transacti
751 4134 992 4190 sceleris
1023 4136 1085 4191 in
1118 4152 1275 4191 eum.
1301 4135 1402 4190 Vel
1430 4133 1646 4205 magis,
1678 4139 1745 4191 ut
1769 4134 1885 4191 hac

221 4223 507 4281 dilatione
536 4223 1021 4282 accumularetur
1038 4224 1331 4294 gaudium
1361 4238 1591 4291 eorum,
1620 4222 1769 4279 dum
1794 4234 1886 4278 Os-

220 4313 585 4381 tenderetur,
616 4318 675 4369 et
699 4318 930 4373 tantam
951 4312 1204 4384 gloriam
1232 4312 1362 4383 ejus
1389 4312 1681 4370 vidissent
1700 4325 1887 4383 quem

220 4418 256 4458 a
290 4420 353 4459 se
373 4403 751 4460 exstinctum
781 4418 922 4461 esse
956 4401 1420 4461 arbitrabantur.

842 4547 1067 4605 CAPUT
1104 4544 1278 4601 XLVI.

284 4675 465 4730 Vens.
504 4677 561 4728 5.
593 4703 663 4712 -
689 4671 973 4729 Surrexit
1002 4676 1199 4728 autem
1220 4667 1405 4727 Jacob
1433 4682 1471 4725 a
1498 4671 1676 4737 puteo
1702 4669 1888 4725 Iura-a

220 4764 409 4819 menti
428 4767 490 4819 et
512 4761 824 4818 descendit
853 4762 919 4818 in
934 4761 1302 4831 Egi/ptum,
1321 4761 1375 4815 et
1402 4757 1522 4826 ﬁlii
1536 4758 1690 4829 ejus,
1707 4761 1762 4813 et
1785 4772 1888 4813 ne-

210 4856 411 4919 potes,
444 4850 621 4919 ﬁlice,
654 4856 709 4906 et
741 4855 959 4907 cuncta
990 4848 1172 4906 simul
1203 4846 1544 4917 progenies,
1570 4856 1892 4918 usquequo

214 4939 329 4996 ait:
359 4953 574 4996 omnes
603 4940 823 4996 animai
839 4938 1050 4995 domus
1078 4935 1266 4993 Jacob
1283 4950 1418 5007 quae
1434 4934 1725 5006 ingressae
1751 4938 1892 4991 sunt

214 5029 585 5101 ﬂgyptum
598 5028 639 5097 Ῑ
638 5033 853 5084 uerunt
870 5026 1288 5096 septuaginta.
1306 5022 1624 5085 Quomodo
1638 5022 1852 5079 dicitur
1875 5039 1889 5079 :

384 5119 527 5187 ejus
583 5121 643 5173 et
690 5116 825 5172 ﬁliae
876 5115 1009 5186 ejus
1056 5112 1496 5170 descenderunt
1545 5128 1685 5169 eum
1734 5127 1804 5168 eo
1830 5110 1895 5168 in

215 5206 590 5279 Egyptum,
620 5221 763 5262 cum
813 5202 999 5261 Jacob
1028 5201 1320 5275 pluriores
1349 5216 1475 5259 non
1503 5201 1718 5259 habuit
1738 5200 1896 5259 ﬁlias

211 5311 428 5369 quam
458 5294 677 5351 Dinam
704 5291 1172 5351 tantummodo?
1200 5294 1315 5348 Aut
1341 5290 1522 5348 etiam
1549 5294 1803 5363 nepotes
1832 5289 1898 5345 ﬂ-

209 5384 452 5442 liarum
500 5382 751 5440 nomine
799 5381 1167 5453 signiﬁcatus
1196 5378 1524 5450 intelligere
1561 5378 1895 5447 debemus;

211 5480 324 5533 aut
356 5473 621 5548 pluralis
649 5486 939 5528 numerus
966 5486 1078 5543 pro
1126 5468 1416 5539 singulari
1441 5471 1655 5541 postus
1680 5471 1788 5537 est,
1821 5466 1897 5522 si-

213 5569 320 5622 cut
348 5563 478 5620 ibi:
512 5564 678 5620 Misit
708 5563 774 5618 in
811 5563 893 5619 eis
922 5574 1189 5618 muscam
1211 5560 1517 5616 caninam.

290 5653 486 5723 Quod
512 5652 661 5715 dicit
684 5651 1013 5724 Scriptura:
1033 5650 1249 5709 Omnes
1276 5648 1495 5707 aniznaz
1507 5662 1641 5718 quas
1659 5660 1905 5720 egressa

1980 3067 2139 3123 tolici
2192 3067 2299 3122 viri
2353 3065 2684 3139 loquuntur
2737 3067 2815 3122 ad
2840 3067 3119 3140 populos,
3150 3067 3243 3123 his
3279 3067 3635 3140 plerumque

1981 3154 2334 3212 testimoniis
2366 3155 2697 3210 abutuntur
2714 3170 2850 3226 quae
2866 3156 2996 3224 jam
3018 3157 3253 3211 fuerant
3273 3155 3336 3210 in
3359 3154 3636 3224 gentibus

1981 3243 2305 3313 divulgata.
2342 3244 2496 3299 Licet
2517 3240 2785 3317 plerique
2814 3241 3056 3298 tradunt
3081 3242 3537 3313 evangelistam,
3570 3245 3637 3297 ut

1983 3332 2375 3405 proselytum,
2409 3328 2692 3387 Hebraeus
2721 3329 2947 3387 litteras
2988 3330 3318 3401 ignorasse.

2585 3474 2809 3530 CAPUT
2845 3474 3046 3533 XLVII.

2058 3601 2225 3655 Vens.
2258 3598 2405 3654 3-3l.
2434 3628 2503 3636 —
2531 3595 2659 3650 Filii
2686 3595 2891 3663 Jacob,
2916 3594 3258 3665 interrogati
3280 3595 3427 3667 quid
3443 3597 3639 3666 operis

1992 3682 2327 3744 haberent?
2348 3683 2812 3754 responderunt:
2852 3682 3132 3740 Pastores
3171 3685 3365 3740 ovium
3412 3698 3637 3754 sumus,

1990 3779 2143 3833 sicut
2191 3778 2247 3831 et
2283 3780 2487 3843 patres
2524 3773 2735 3840 nostri,
2785 3776 2843 3828 et
2892 3773 3143 3845 reliqua,
3189 3786 3508 3845 usquequo
3536 3772 3636 3841 ait,

1992 3864 2226 3922 vocavit
2255 3869 2450 3919 autem
2462 3862 2647 3917 Jacob
2670 3861 2826 3930 ﬁlios
2850 3876 3006 3931 suos,
3035 3866 3089 3917 et
3127 3863 3215 3918 ait
3244 3861 3358 3917 eis:
3388 3861 3641 3931 Congre-

1991 3953 2238 4026 gamini,
2283 3956 2352 4006 ut
2391 3952 2745 4007 annuntiem
2796 3964 2931 4020 quae
2978 3955 3236 4007 ventura
3285 3954 3425 4005 sunt
3480 3949 3642 4006 vobis

1992 4042 2195 4100 diebus
2242 4040 2597 4096 novissimis.
2830 4039 3035 4108 Jacob,
3100 4038 3445 4109 interrogati
3495 4035 3643 4111 quid

1993 4132 2190 4205 operis
2245 4128 2555 4197 haberent,
2602 4125 3082 4200 responderunt:
3125 4131 3394 4185 Pastores
3446 4128 3644 4184 ovium

1993 4235 2217 4288 sumus,
2259 4220 2412 4275 sicut
2466 4223 2521 4275 et
2562 4222 2771 4289 patres
2808 4219 3017 4274 nostri.
3051 4218 3247 4283 Quare
3273 4215 3646 4290 patriarchas

1994 4310 2224 4385 primos
2252 4312 2527 4382 pastOres
2547 4307 2776 4379 ovium,
2807 4310 2866 4363 et
2890 4321 3015 4363 non
3068 4320 3241 4377 reges
3270 4306 3538 4377 gentium
3564 4304 3647 4363 le-

1915 4369 1963 4424 Β
1996 4369 2197 4471 gimus
2224 4369 2357 4454 esse
2373 4397 2401 4453 ‘I
2432 4396 2584 4463 Quia
2631 4369 2773 4453 sine,
2789 4395 2914 4452 ulla
2940 4369 3313 4452 dubitatione
3341 4395 3502 4467 iusta
3529 4404 3649 4452 ser-

1993 4489 2151 4547 vitus
2180 4490 2237 4544 et
2259 4487 2425 4559 justa
2453 4485 2806 4553 dominatio,-
2856 4500 2996 4540 cum
3020 4496 3241 4555 pecora
3263 4482 3495 4539 homini
3523 4495 3649 4538 ser-

1995 4578 2184 4647 viunt,
2213 4581 2271 4634 et
2287 4576 2472 4633 homo
2497 4575 2815 4648 pecoribus
2844 4572 3208 4628 dominatur.
3226 4572 3319 4629 Sic
3344 4570 3505 4626 enim
3524 4569 3648 4625 dic-

1998 4671 2124 4724 tum
2173 4670 2261 4723 est
2309 4680 2450 4722 cum
2500 4668 2834 4720 crearetur:
2864 4662 3187 4717 Faciamus
3233 4660 3528 4715 hominem
3566 4658 3650 4714 ad

1997 4757 2316 4827 imaginem
2345 4760 2401 4810 et
2437 4751 2888 4808 similitudinem
2908 4753 3199 4815 nostram,
3226 4750 3281 4803 et
3303 4746 3520 4804 habeat
3542 4761 3649 4817 po-

2001 4848 2267 4901 testatem
2288 4842 2547 4911 piscium
2573 4839 2777 4906 maris,
2799 4843 2855 4894 et
2882 4837 3221 4893 votatitium
3250 4835 3404 4907 cesti,
3432 4840 3487 4892 et
3523 4850 3651 4892 om-

2000 4935 2166 4990 nium
2197 4943 2329 5003 quae
2349 4933 2487 4985 sunt
2512 4941 2694 4997 super
2721 4935 2965 4983 terram.
2989 4924 3095 4982 Ubi
3109 4924 3447 4982 insinuatur
3468 4924 3651 4982 ratio-

2000 5037 2142 5080 nem
2171 5019 2273 5093 [Z.,
2310 5014 2687 5091 rationalem]
2714 5015 2933 5073 debere
2961 5014 3279 5074 dominare
3324 5012 3652 5071 irrationali

1999 5113 2155 5170 vitae.
2188 5113 2434 5167 Servum
2456 5113 2657 5167 autem
2671 5105 2981 5164 hominem
3005 5105 3236 5163 homini
3256 5104 3350 5162 vel
3367 5105 3655 5179 iniquitas

1998 5198 2097 5256 vel
2129 5194 2459 5253 adversitas
2481 5192 2636 5250 fecit.
2669 5191 2954 5264 Iniquitas
2973 5189 3240 5263 quidem,
3260 5189 3412 5247 sicut
3423 5189 3654 5247 dictmn

2001 5291 2092 5345 est
2124 5303 2138 5343 ε
2170 5284 2528 5343 Maledictas
2577 5281 2894 5350 Chanaan,
2942 5281 3058 5337 erit
3101 5293 3308 5336 servus
3350 5279 3654 5350 fratribus

2000 5378 2142 5434 suis.
2176 5372 2526 5431 Adversitas
2549 5380 2713 5440 vero,
2737 5368 2891 5426 sicut
2921 5366 3140 5425 accidit
3169 5366 3288 5441 ipsi
3312 5367 3559 5441 Joseph,
3590 5370 3659 5424 ut

2001 5465 2277 5523 venditus
2312 5479 2349 5520 a
2376 5461 2657 5519 fratribus
2687 5476 2896 5517 servus
2944 5457 3292 5528 alienigenae
3319 5455 3507 5514 ﬁeret.
3548 5461 3659 5513 tta-

2006 5571 2125 5628 que
2142 5554 2373 5626 primos
2392 5566 2596 5607 servos
2615 5548 2838 5622 quibus
2860 5548 2976 5604 hoc
2990 5561 3215 5603 nomen
3227 5545 3291 5600 in
3318 5544 3523 5602 Latina
3545 5543 3655 5599 lin-

2012 5658 2134 5714 gua
2158 5640 2473 5698 inductum
2513 5642 2627 5710 est,
2646 5636 2811 5696 bella
2830 5635 3123 5695 fauerunt.
3141 5632 3254 5701 Qui
3278 5632 3443 5691 enim
3467 5631 3654 5690 homo
