4136 6176
477 142 577 196 231

479 261 560 318 ab
589 259 834 316 homine
866 261 1183 330 superatus
1201 254 1334 324 jure
1361 251 1498 308 belli
1527 255 1723 323 potest
1751 246 1966 312 occidi,
1987 245 2132 319 quia

479 353 750 406 servatus
782 343 1241 417 est,appellatus
1268 340 1407 414 inde
1440 355 1650 394 servus
1677 355 1690 404 ;
1723 343 1776 394 et
1807 335 2128 407 mancipia,

477 438 621 510 quia
651 450 840 490 manu
869 440 1046 506 capta
1084 434 1240 486 sunt.

549 527 691 590 Quae
722 528 808 579 est
865 527 1019 578 terra
1049 523 1274 576 Gessen
1314 516 1406 573 vel
1436 514 1800 578 Ramesses?
1845 515 1914 570 Ut
1941 511 2131 567 Judaei

478 616 813 678 autumant,
837 626 974 683 quae
1003 624 1164 663 nunc
1184 605 1496 662 Thebaida
1521 609 1785 661 vocatur.
1814 606 2129 658 Ramesses

476 703 654 773 igitur
673 715 898 773 pagum
926 695 1274 752 Arsenoiten
1306 695 1388 750 sic
1409 694 1552 750 olim
1581 697 1863 749 vocatum
1894 694 2126 764 putant.

549 789 839 855 Quaeritur
881 785 1194 858 quomodo
1226 785 1286 840 in
1319 789 1474 840 terra
1504 782 1747 854 IEgypti
1776 795 2006 854 pascua
2031 795 2130 851 pe-

475 877 714 934 coribus
763 875 1030 931 invenire
1079 873 1434 947 potuissent,
1483 873 1631 928 dum
1689 877 1843 926 terra
1887 867 2131 939 1Egypti

473 965 691 1039 pluviis
723 980 846 1022 non
876 963 1170 1032 irrigatur,
1195 963 1342 1017 dum
1375 962 1579 1017 fratres
1598 960 1816 1032 Joseph
1857 958 1990 1013 ideo
2022 963 2130 1011 ter-

474 1071 606 1111 ram
661 1054 945 1109 Chanaan
1004 1051 1310 1123 reliquisse
1341 1067 1404 1105 se
1436 1049 1642 1105 dicunt
1675 1047 1841 1120 quod
1877 1045 2129 1101 herbam

476 1142 757 1214 gregibus
788 1141 910 1197 suis
932 1157 1053 1196 non
1083 1139 1495 1195 invenissent?
1525 1136 1874 1192 Perhibetur
1905 1133 1983 1190 ab
2023 1134 2127 1203 eis,

475 1232 580 1305 qui
607 1232 739 1287 loca
769 1230 980 1299 sciunt,
1009 1229 1072 1285 in
1124 1229 1323 1284 multis
1377 1225 1618 1298 Egypti
1657 1223 1984 1298 paludibus
2025 1238 2129 1294 po-

478 1322 660 1377 tuisse
681 1336 909 1393 pascua
939 1334 1058 1374 non
1087 1318 1314 1386 deesse,
1357 1317 1536 1372 etiam
1579 1331 1716 1369 cum
1753 1317 1938 1368 i’ames
1970 1315 2130 1366 esset

475 1410 934 1476 frumentorum,
953 1423 1088 1479 quae
1120 1405 1311 1462 solent
1327 1405 1434 1461 Nili
1454 1402 1717 1459 fluminis
1734 1400 2127 1456 inundatione

475 1498 812 1572 provenire.
866 1495 1047 1565 Magis
1096 1495 1256 1550 enim
1303 1494 1584 1549 dicuntur
1614 1489 1866 1564 paludes
1903 1488 2016 1544 illae
2044 1488 2128 1542 fe-

475 1604 644 1643 races
693 1601 922 1659 pascua
961 1584 1223 1654 gignere,
1275 1581 1522 1656 quando
1553 1596 1713 1653 aqua
1769 1577 1877 1636 Nili
1929 1577 2129 1632 minus

477 1678 840 1731 excresceret
869 1673 947 1744 [Ζ.
981 1671 1400 1742 excrevisset}.
1443 1668 1606 1726 Unde
1633 1669 1858 1724 Gessen
1885 1664 2130 1721 vertitur

475 1764 533 1819 in
567 1764 832 1819 imbrem.

548 1851 700 1917 Quid
731 1850 843 1906 sibi
872 1849 998 1906 vult
1023 1865 1057 1904 a
1089 1852 1250 1904 tanto
1273 1848 1401 1904 viro
1431 1851 1488 1903 et
1515 1845 1616 1903 tali
1647 1843 1984 1918 patriarcha
2009 1849 2129 1898 tam

479 1940 732 1996 sollicita
760 1939 1026 2012 corporis
1069 1935 1580 2006 commendantia,
1621 1939 1686 1990 ut
1713 1949 1837 1990 non
1872 1933 1934 1988 in
1977 1937 2130 1987 terra

477 2029 719 2102 {Egypti
750 2028 1089 2101 sepeliatur,
1111 2028 1212 2083 sed
1243 2026 1303 2081 in
1333 2030 1490 2082 terra
1521 2026 1809 2080 Chanaan
1823 2023 1998 2093 juxta
2025 2036 2128 2092 pa-

479 2125 592 2174 tres
623 2135 766 2173 suos
789 2119 816 2173 ‘?
849 2121 908 2172 In
961 2117 1052 2172 his
1083 2132 1224 2187 ergo
1257 2118 1634 2170 sacramenta
1673 2112 1776 2168 tibi
1805 2109 2131 2183 quaerenda

477 2212 615 2262 sunt
644 2212 700 2262 et
726 2205 1140 2262 admirationis
1173 2203 1464 2274 gaudium
1495 2202 1780 2258 invenies.
1807 2198 2130 2255 Cadaveri-

475 2295 591 2352 bus
618 2295 842 2368 quippe
873 2298 1250 2350 mortuorum
1281 2296 1531 2366 peccata
1559 2289 1879 2361 significari
1915 2288 1974 2344 in
2001 2287 2129 2358 lege

473 2399 596 2440 non
621 2383 877 2439 dubium
911 2387 1018 2438 est.
1055 2382 1196 2438 Hinc
1221 2380 1322 2437 illa
1351 2380 1640 2436 sententia
1670 2379 1830 2434 dicta
1859 2381 1983 2432 est:
2018 2375 2134 2444 Qui

477 2473 818 2542 baptizatur
841 2487 878 2527 a
905 2477 1159 2533 mortuo,
1185 2476 1240 2526 et
1287 2471 1503 2526 iterum
1536 2469 1730 2538 tangit
1764 2467 1958 2532 illum,
1986 2464 2132 2536 quid

469 2562 709 2630 pro/icit
739 2561 841 2631 [Z.,
888 2559 1150 2630 prodest]
1211 2559 1434 2614 lavatio
1463 2560 1589 2627 ejus
1613 2560 1640 2611 ?
1686 2555 1896 2623 (Eccli.
1928 2569 2130 2619 xxxw,

475 2650 585 2719 30).
608 2649 697 2704 Sic
728 2649 905 2720 etqui
920 2648 1154 2718 jejunat
1179 2662 1358 2718 super
1385 2649 1634 2718 peccato
1665 2660 1797 2709 suo,
1831 2643 2130 2698 etfiterum

475 2737 793 2794 ambulans
819 2737 948 2792 haec
968 2736 1182 2792 eadem
1203 2733 1682 2806 facit.Sepultura
1707 2747 1850 2800 ergo,
1869 2736 2133 2786 mortuo-

472 2842 608 2882 rum
639 2825 1053 2882 remissionem
1087 2823 1384 2893 signiﬁcat
1410 2826 1814 2895 peccatorum.
1851 2822 1930 2875 Eo
1961 2821 2132 2892 perti-

472 2920 571 2971 net
601 2915 765 2987 quod
795 2914 1022 2969 dictum
1051 2917 1170 2968 est:
1204 2913 1382 2968 Beati
1407 2926 1660 2984 quorum
1702 2911 1962 2966 remisste
1993 2912 2134 2963 sunt

472 2971 835 3074 iniquitates,
880 3007 934 3058 et
980 3017 1232 3073 quorum
1276 2971 1434 3057 tectd
1475 3006 1613 3055 sunt
1661 3004 1909 3069 peccata
1940 2997 2131 3067 (Psal-
2169 2971 2209 3026 Ο

470 3108 633 3159 xxxx,
661 3091 888 3162 25).Ubi
913 3105 1056 3160 ergo
1087 3088 1430 3162 sepelienda
1451 3093 1619 3144 erant
1639 3088 1767 3144 haec
1791 3086 1984 3158 signiti
1995 3100 2131 3140 can-.-

474 3181 554 3236 tia
612 3181 912 3237 cadavera
942 3179 1442 3252 patriarcharum,
1489 3177 1601 3234 nisi
1645 3177 1706 3233 in
1734 3193 1808 3233 ea
1835 3181 1993 3232 terra
2026 3173 2128 3229 ubi

470 3268 564 3324 ille
587 3270 904 3325 cruciﬁxus
925 3274 1032 3336 est,
1052 3269 1224 3340 cujus
1251 3267 1541 3339 sanguine
1565 3267 1722 3323 facta
1749 3271 1836 3322 est
1856 3263 2126 3322 remissio

469 3362 854 3429 peccatorum
872 3357 900 3410 ?

542 3443 695 3508 Quid
725 3449 812 3499 est
839 3442 1006 3514 quod
1035 3442 1223 3498 Jacob
1254 3457 1580 3498 conversus
1611 3441 1689 3496 ad
1721 3446 1902 3511 caput
1927 3439 2123 3495 lectuli

470 3531 562 3588 sui
591 3531 780 3587 oravit
809 3531 995 3585 Deum
1018 3531 1045 3585 ?
1101 3529 1328 3587 Scilicet
1357 3534 1680 3603 postquam
1724 3530 2028 3598 juraverat
2070 3528 2122 3584 ei

467 3620 626 3676 ﬁlius
647 3619 723 3677 de
753 3619 1076 3694 petititione
1101 3636 1288 3693 quam
1311 3623 1646 3689 rogaverat,
1661 3618 1912 3674 adorare
1935 3621 2120 3674 Deum

469 3716 676 3767 contra
703 3715 886 3784 caput
935 3709 1131 3766 lectuli
1171 3709 1262 3765 sui
1291 3708 1493 3764 voluit.
1531 3711 1780 3765 Sanctus
1822 3708 2046 3781 quippe
2067 3713 2124 3765 et

470 3803 588 3857 Deo
617 3800 854 3856 deditus
887 3800 993 3868 vir,
1023 3816 1348 3874 oppressus
1380 3803 1698 3866 senectute,
1723 3798 1988 3855 habebat
2011 3799 2126 3856 lec-

467 3891 660 3948 tulum
682 3891 1039 3964 positum,ut
1066 3891 1195 3964 ipse
1219 3891 1428 3962 jacens
1449 3889 1688 3946 habitus
1717 3890 1946 3962 absque
1973 3890 2124 3946 ditii-

469 3982 685 4038 cultate
707 3982 828 4038 ulla
858 3981 937 4038 ad
966 3981 1299 4038 orationem
1329 3986 1488 4037 esset
1516 3987 1779 4054 paratus.

1039 4072 1266 4128 CAPUT
1327 4073 1551 4128 XLVIII.

539 4163 708 4218 Vens.
731 4165 877 4216 5-22.
918 4192 988 4201 —
1026 4161 1178 4225 Quid
1215 4165 1308 4216 est
1346 4161 1513 4232 quod
1552 4160 1735 4217 Jacob
1765 4160 1942 4216 dicit:
1988 4162 2120 4216 Duo

464 4251 582 4320 ﬁlii
606 4251 714 4320 tui,
751 4251 1017 4320 Ephrem
1044 4256 1099 4306 et
1128 4251 1453 4318 Manasses,
1485 4251 1638 4307 sicut
1674 4251 1879 4306 Ruben
1928 4255 1984 4306 et
2029 4251 2122 4306 Si-

465 4355 636 4396 meon
659 4319 1036 4407 duteitribus,
1065 4346 1264 4404 erunt,
1285 4346 1339 4396 et
1360 4341 1480 4395 suis
1508 4339 1808 4396 vocabulis
1826 4339 2118 4395 vocabun-
2150 4319 2194 4373 Ῑ)

468 4436 568 4486 tur
589 4434 618 4485 ?
647 4429 807 4487 Sicut
836 4429 1118 4501 Ephraim
1147 4433 1517 4488 etManasses
1547 4429 1682 4485 duae
1711 4428 1900 4486 tribus
1922 4433 2114 4491 erunt,

465 4517 744 4591 duosque
771 4517 1030 4592 populos
1048 4517 1469 4591 procreabunt,
1500 4522 1558 4573 et
1572 4517 1654 4572 sic
1679 4517 2120 4574 haereditabunt

462 4608 942 4681 repromissionis
969 4612 1186 4664 terram
1209 4607 1362 4664 sicut
1387 4611 1444 4664 et
1467 4605 1571 4662 ﬁlii
1591 4605 1707 4662 mei
1737 4603 1839 4680 [Z.,
1870 4605 1993 4662 duo
2013 4607 2119 4663 ﬁlii

466 4698 550 4752 tui
594 4698 772 4770 Ephr.
803 4703 862 4754 et
902 4701 1009 4754 Ma.
1044 4697 1196 4754 sicut
1232 4696 1382 4754 Rub.
1409 4700 1467 4752 et
1494 4697 1732 4753 Simeon
1763 4701 1937 4752 erunt
1955 4696 2070 4753 mei
2090 4697 2117 4752 ?

467 4785 795 4854 Signiﬁcat,
829 4787 980 4843 sicut
1008 4787 1159 4843 Rub.
1192 4791 1248 4843 et
1277 4787 1420 4842 Sim.
1449 4785 1586 4842 duae
1618 4785 1806 4842 tribus
1835 4792 2027 4857 erunt,
2060 4792 2118 4844 et

468 4873 591 4928 suis
611 4874 921 4930 vocabulis
943 4875 1334 4946 vocabuntur,
1358 4875 1442 4932 sic
1464 4875 1639 4949 Ephr.
1654 4879 1710 4931 et
1733 4878 1841 4933 Ma.
1860 4875 1996 4932 duae
2018 4877 2116 4932 tri-

463 4963 582 5019 bus
614 4969 806 5032 erunt,
821 4965 1094 5039 duosque
1110 4983 1253 5040 pop.
1283 4965 1704 5040 procreabunt,
1734 4970 1792 5022 et
1823 4967 1906 5022 sic
1926 4967 2048 5024 h.r.
2073 4971 2112 5022 t.

467 5071 514 5109 s.
537 5058 595 5110 et
622 5054 662 5110 f.
685 5071 766 5110 m.
789 5054 856 5132 ι].
889 5057 1165 5129 Reliquos
1195 5063 1393 5114 autem
1421 5057 1578 5126 ﬁlios
1625 5071 1768 5127 quos
1793 5063 1929 5126 post
1956 5073 2114 5112 mor-

466 5148 580 5201 tem
607 5159 793 5201 meam
819 5148 1114 5218 genueris,
1149 5148 1240 5202 tui
1267 5151 1464 5203 erunt.
1501 5146 1573 5200 In
1603 5147 1839 5201 nomine
1864 5151 2113 5213 patrum

461 5248 708 5291 suorum
739 5236 1115 5293 vocabuntur
1144 5237 1208 5290 in
1231 5235 1581 5292 htereditate
1600 5247 1731 5289 sua.
1753 5232 1862 5296 Qui
1881 5247 2001 5287 non
2023 5249 2116 5288 ac-

464 5322 684 5397 cipient
709 5327 1034 5398 separatim
1065 5329 1306 5390 terram,
1339 5338 1448 5378 nec
1479 5321 1774 5378 funiculos
1805 5320 2116 5378 habebunt

462 5415 762 5488 proprios,
778 5415 1096 5487 utreliqute
1119 5413 1305 5469 tribus
1325 5431 1338 5467 :
1358 5412 1418 5467 in
1446 5410 1603 5466 tribu
1619 5409 1899 5481 Ephraim
1927 5415 1982 5466 et
2003 5415 2112 5468 Ma-

463 5520 643 5562 nasse
669 5505 843 5577 quasi
885 5503 1248 5577 appendices
1284 5499 1492 5572 populi
1545 5499 2108 5559 commiseebuntur.

533 5601 552 5625 ⁸
581 5595 686 5651 Hic
707 5592 939 5650 desinet
957 5591 1148 5650 codex
1174 5589 1529 5649 Zwetlensis.

1605 125 1960 184 ANGELOII
2003 119 2454 179 LUXOVIENSIS
2492 121 2810 179 MONACHI

3789 125 3897 181 232

2311 243 2428 298 Cur
2453 243 2637 299 Jacob
2661 243 2885 316 Joseph
2910 242 3032 300 tilio
3060 258 3191 310 suo,
3224 243 3397 316 quasi
3419 243 3896 312 nescienti,.indi-

2239 349 2377 388 care
2408 333 2593 389 voluit
2622 334 2728 390 ubi
2756 341 2812 390 et
2831 333 3078 407 quando
3109 333 3402 406 sepelierit
3434 341 3689 390 matrem
3721 335 3897 405 ejus?

2241 424 2405 477 Forte
2423 422 2766 494 prophetice
2789 437 3266 478 commemorare
3283 421 3469 479 voluit
3490 422 3574 478 ibi
3597 422 3898 496 sepultam

2239 515 2494 565 matrem
2523 511 2742 583 Joseph
2770 511 2873 566 ubi
2902 511 3166 566 Christus
3193 511 3388 567 fuerat
3423 511 3783 567 nasciturus.

2311 599 2452 663 Quae
2479 603 2566 655 est
2593 616 2734 672 pars
2758 615 2879 656 una
2902 616 3090 672 quam
3115 599 3297 656 Jacob
3327 599 3491 657 dedit
3519 601 3743 674 Joseph
3773 602 3897 658 ﬁlio

2241 703 2352 743 suo
2380 693 2546 745 extra
2592 689 2801 745 fratres
2832 706 2995 757 suos,
3042 705 3231 762 quam
3260 689 3464 746 tulisse
3507 705 3570 745 se
3599 690 3673 746 de
3707 707 3899 748 manu

2239 779 2722 834 Amorrhteorum
2742 779 2884 836 dicit
2912 785 2971 835 in
2991 780 3197 850 gladio
3226 786 3280 835 et
3310 795 3459 836 arcu
3482 795 3588 836 suo
3604 781 3632 835 ‘?
3659 781 3896 850 Signiﬁ-

2237 869 2395 924 cavit
2427 868 2660 937 urbem,
2687 885 2823 942 qute
2859 869 3139 925 Hebraice
3184 868 3417 926 Sichem
3451 869 3685 939 dicitur,
3717 876 3774 926 et
3804 888 3895 926 se-

2238 956 2506 1014 cundum
2529 960 2798 1015 Graecam
2845 964 2902 1015 et
2920 959 3188 1015 Latinam
3211 959 3673 1016 declinationem
3698 960 3897 1017 Sicma

2238 1046 2592 1119 appellatur,
2624 1053 2682 1104 et
2700 1053 2974 1121 corrupte
3000 1065 3036 1104 a
3061 1047 3333 1120 plurimis
3365 1049 3595 1120 Sycbar
3621 1050 3900 1106 nomina-

2239 1138 2363 1190 tur:
2394 1152 2528 1208 quae
2560 1143 2616 1192 et
2639 1153 2803 1193 nunc
2828 1137 3100 1211 Neapolis
3128 1137 3362 1203 dicitur,
3396 1139 3540 1194 urbs
3573 1140 3898 1197 Samarita-

2237 1241 2474 1281 norum.
2499 1226 2732 1283 Sichem
2755 1228 3001 1284 Hebraea
3017 1228 3222 1298 lingua
3243 1229 3592 1286 transfertur
3611 1230 3671 1286 in
3692 1231 3896 1287 hume-

2236 1331 2393 1371 rum.
2429 1316 2594 1372 Unde
2619 1319 3010 1390 Septuaginta
3051 1318 3132 1375 ita
3156 1319 3520 1391 interpretati
3553 1325 3691 1376 sunt
3720 1321 3896 1387 Quod

2237 1411 2438 1462 autem
2466 1406 2607 1462 dicit
2628 1423 2689 1462 se
2721 1423 2856 1464 eam
2888 1410 2951 1464 in
2973 1424 3122 1466 arcu
3153 1415 3206 1465 et
3225 1411 3290 1465 in
3319 1410 3524 1480 gladio
3545 1412 3893 1480 possedisse,

2237 1510 2446 1552 arcum
2489 1497 2585 1553 hic
2615 1503 2672 1554 et
2701 1497 2973 1568 gladium
2996 1498 3290 1570 justitiam
3337 1504 3530 1568 vocat,
3571 1516 3678 1572 per
3705 1518 3894 1574 quam

2237 1587 2453 1642 meruit
2481 1588 2831 1660 peregrinus
2854 1593 2910 1644 et
2938 1588 3194 1656 advena,
3227 1589 3531 1646 interfecto
3572 1591 3808 1647 Sichem
3840 1597 3897 1648 et

2238 1678 2434 1744 Emor,
2461 1677 2536 1734 de
2566 1678 2830 1752 periculo
2860 1679 3120 1736 liberari.
3167 1679 3382 1736 Timuit
3404 1680 3586 1749 enim,
3607 1682 3776 1755 quod
3800 1699 3898 1738 su-

2237 1782 2350 1839 pra
2375 1767 2654 1837 legimus,
2683 1785 2758 1825 ne
2805 1769 2999 1826 vicina
3039 1770 3268 1843 oppida
3314 1775 3494 1843 atque
3524 1771 3771 1828 castella
3814 1773 3895 1829 ob

2237 1857 2605 1913 eversionem
2645 1858 2948 1915 foederatae
2986 1858 3154 1914 urbis
3183 1859 3510 1915 adversum
3557 1877 3623 1917 se
3656 1877 3898 1918 consur-

2239 1951 2476 2015 gerent:
2510 1950 2576 2004 Et
2611 1948 2899 2004 Dominus
2926 1964 3050 2004 non
3090 1949 3254 2004 dedit
3282 1949 3365 2005 eis
3389 1955 3455 2006 ut
3481 1957 3763 2008 nocerent
3788 1952 3891 2009 illi.

2239 2034 2338 2090 Vel
2369 2042 2522 2092 certe
2563 2037 2647 2092 sic
2672 2038 3162 2114 intelligendum:
3193 2040 3362 2096 Dabo
3393 2041 3502 2096 tibi
3543 2041 3893 2114 Sichimam,

2238 2140 2419 2196 quam
2451 2127 2566 2181 emi
2589 2127 2651 2181 in
2665 2109 3038 2196 Ofortitudine
3067 2144 3215 2194 mea,
3245 2129 3360 2185 hoc
3387 2134 3493 2197 est,
3516 2129 3575 2186 in
3604 2109 3886 2202 pecunia.

2237 2230 2426 2286 quam
2460 2215 2644 2272 multo
2670 2216 2878 2274 labore
2907 2223 2963 2274 et
2989 2218 3205 2275 sudore
3221 2219 3666 2292 quaesivi.de
3686 2226 3892 2276 autem

2239 2305 2339 2372 ait,
2368 2321 2548 2375 super
2571 2308 2798 2376 fratres
2827 2324 3007 2378 suos,,
3039 2310 3298 2367 ostendit
3352 2311 3586 2384 absque
3612 2316 3764 2367 sorte
3789 2311 3894 2367 de-

2239 2394 2398 2450 disse
2418 2411 2549 2452 eam
2578 2397 2752 2454 tribui
2776 2400 3018 2472 Joseph,
3035 2405 3093 2456 et
3123 2401 3510 2458 mausoletem
3532 2402 3662 2473 ejus
3678 2401 3759 2457 ibi
3788 2401 3894 2457 ho-

2241 2483 2458 2557 dieque
2489 2487 2765 2544 cernitur.
2800 2490 3076 2562 Sequitur

2847 2581 3074 2636 CAPUT
3111 2582 3281 2636 XLIX.

2309 2663 2484 2721 Vens.
2508 2670 2563 2736 '2,
2585 2671 2636 2724 3.
2654 2698 2722 2708 -—
2744 2667 3211 2740 Congregamini
3227 2676 3282 2726 et
3303 2670 3524 2733 audite,
3547 2672 3668 2742 ﬁlii
3682 2671 3890 2738 Jacob,

2239 2754 2444 2811 audite
2459 2757 2654 2813 Israel
2663 2765 2897 2827 patrem
2922 2765 3201 2816 vestrum.
3233 2761 3439 2818 Ruben
3454 2762 3892 2833 primogenitus

2239 2856 2422 2906 meus,
2455 2851 2520 2900 tu
2544 2847 2844 2915 fortitudo
2869 2863 3020 2918 mea,
3071 2853 3128 2904 et
3162 2848 3412 2921 reliqua,
3443 2866 3760 2922 usquequo
3785 2850 3889 2917 ait,

2243 2930 2658 3007 benedixitque
2715 2937 2970 3007 singulis
3029 2937 3528 2994 benedictionibus
3592 2940 3890 3008 propriis.

2240 3020 2394 3085 Quid
2418 3023 2870 3095 intelligendum
2897 3030 2984 3083 est
3014 3027 3087 3083 de
3117 3026 3629 3083 benedictionibus
3660 3024 3897 3099 quibus

2235 3109 2423 3166 Jacob
2444 3114 2786 3185 patriarcha
2801 3114 3102 3171 benedixit
3119 3115 3269 3170 ﬁlios
3295 3131 3439 3170 suos
3455 3115 3483 3171 ?
3499 3120 3588 3171 An
3609 3115 3896 3172 historice

2234 3197 2328 3253 vel
2351 3200 2662 3272 allegorice
2682 3204 3074 3275 intelligendas
3101 3205 3235 3273 sint,
3257 3204 3404 3260 dum
3425 3204 3605 3260 dixit:
3633 3205 3895 3275 Congre-

2231 3293 2479 3365 gamini,
2526 3294 2645 3362 ﬁlii
2671 3295 2877 3358 Jacob,
2910 3300 2977 3351 ut
3005 3296 3356 3352 annuntiem
3380 3295 3542 3351 vobis
3573 3309 3706 3367 quae
3753 3309 3891 3350 ven-

2235 3387 2376 3440 tura
2406 3387 2546 3436 sunt
2574 3383 2637 3436 in
2666 3384 2998 3439 novissimis
3050 3385 3254 3440 diebus
3276 3389 3305 3439 ?
3340 3387 3407 3439 Et
3434 3383 3664 3440 videtur
3691 3400 3762 3438 ex
3791 3382 3888 3439 his

2231 3472 2430 3530 verbis
2455 3470 2647 3540 magis
2695 3470 3041 3540 allegoriam
3071 3487 3284 3528 sonare
3335 3489 3523 3544 quam
3554 3473 3882 3529 historiam.

2233 3566 2558 3632 Utrumque
2585 3570 2641 3613 et
2671 3558 2976 3615 historiam
3010 3563 3066 3614 et
3086 3559 3457 3630 allegoriam.
3490 3562 3806 3618 Historiam
3822 3561 3886 3616 in

2229 3650 2522 3708 divisione
2552 3651 2722 3702 terras
2751 3647 3253 3720 repromissionis,
3285 3666 3420 3722 quae
3451 3650 3775 3707 divisiones
3799 3650 3886 3706 di-

2227 3738 2504 3798 videnda:
2523 3741 2694 3793 erant
2709 3737 3030 3810 nepotibus
3050 3737 3312 3795 illorum.
3332 3739 3515 3810 Igitur
3535 3739 3886 3810 allegoriam

2228 3829 2303 3886 de
2330 3827 2560 3884 Christo
2590 3831 2646 3882 et
2702 3826 2961 3884 Ecclesia
3003 3827 3064 3882 in
3113 3827 3452 3884 novissimis
3505 3829 3884 3901 temporibus

2227 3917 2511 3974 futuram.
2540 3914 2654 3970 Sed
2693 3917 2856 3988 prius
2884 3914 3146 3972 historia:
3176 3916 3572 3972 fundamenta
3600 3915 3890 3989 ponenda

2230 4014 2391 4074 sunt,
2419 4011 2483 4061 ut
2501 4005 2698 4078 aptius
2730 4004 3026 4075 allegoriae
3071 4004 3312 4062 culmen
3341 4005 3522 4078 priori
3573 4010 3886 4062 structurae

2229 4096 2697 4167 superponatur.

2296 4181 2469 4236 Vens.
2498 4183 2551 4247 3,
2573 4184 2627 4236 4.
2650 4181 2942 4238 —-Ruben
2963 4182 3395 4252 primogenitus
3420 4197 3602 4250 meus,
3621 4187 3683 4238 tu
3700 4181 3886 4252 forti-

2227 4270 2369 4325 tudo
2394 4283 2544 4338 mea,
2570 4269 2939 4338 principium
2966 4270 3189 4326 doloris
3214 4271 3348 4338 mei,
3383 4272 3558 4341 prior
3591 4271 3654 4326 in
3683 4270 3880 4337 donis,

2224 4359 2421 4427 major
2441 4357 2710 4427 imperio,
2741 4357 2962 4426 effusus
2992 4374 3050 4414 es
3079 4360 3232 4415 sicut
3261 4374 3440 4430 aqua,
3464 4374 3583 4414 non
3615 4372 3884 4414 crescas:

2225 4444 2545 4502 ascendisti
2586 4445 2776 4501 cubile
2795 4447 2993 4514 patris
3037 4447 3144 4514 tui,
3181 4453 3238 4504 et
3265 4448 3591 4504 maculasti
3620 4452 3882 4502 stratum

2226 4537 2373 4604 ejus.
2416 4535 2513 4588 Est
2559 4539 2759 4590 autem
2794 4550 3006 4592 sensus
3047 4535 3178 4592 hic:
3214 4541 3277 4593 tu
3322 4553 3385 4593 es
3415 4535 3879 4609 primogenitus,

2223 4622 2421 4694 major
2473 4622 2536 4677 in
2571 4613 2793 4691 liberis,
2841 4628 2898 4679 et
2962 4623 3230 4681 debebas
3286 4625 3496 4681 ordine
3551 4623 3884 4681 nativitatis

2225 4715 2341 4770 tua:
2395 4710 2821 4778 haereditatem,
2853 4729 2990 4785 qum
3054 4713 3463 4787 primogenitis
3511 4714 3646 4786 jure
3701 4711 3888 4769 debe-

2223 4801 2420 4869 batur,
2480 4800 2882 4858 sacerdotium
2939 4803 3207 4876 accipere
3275 4808 3329 4858 et
3387 4818 3691 4874 regnum:
3759 4802 3885 4858 hoc

2223 4891 2450 4965 quippe
2502 4889 2786 4964 importat
2850 4891 3163 4962 honorem,
3233 4891 3629 4965 praevalidum
3690 4890 3887 4946 robur

2224 4980 2391 5052 quod
2432 4985 2741 5037 monstrat.
2805 4980 3086 5037 Dicamus
3150 4996 3256 5054 per
3311 4981 3547 5052 singula
3598 4979 3885 5036 manifes-

2224 5068 2366 5134 tius;
2432 5073 2596 5139 patet
2632 5068 2835 5124 litterae
2903 5085 3135 5125 sensus.
3192 5071 3342 5136 Quia
3403 5071 3622 5127 beatus
3685 5069 3884 5126 Jacob

2221 5155 2486 5228 primum
2513 5155 2701 5210 ﬁlium
2724 5157 2929 5213 Ruben
2961 5175 3035 5214 ex
3094 5158 3192 5215 Lia
3212 5177 3396 5218 uxore
3454 5178 3563 5218 sua
3593 5175 3884 5232 suscepe-

2221 5243 2313 5310 rit,
2359 5241 2463 5315 qui
2498 5258 2560 5297 se
2601 5243 2778 5314 digne
2832 5250 2997 5302 tanto
3044 5253 3211 5320 patre
3269 5255 3564 5317 tractaret,
3611 5249 3691 5306 ad
3734 5264 3882 5304 eum

2222 5330 2620 5403 primogenito
2636 5345 3009 5407 regnumque
3039 5336 3374 5409 pertineret.
3395 5338 3563 5394 Unde
3579 5337 3719 5393 dicit
3735 5352 3878 5392 eum

2223 5417 2334 5474 sibi
2365 5417 2852 5490 ptimogenitum,
2874 5425 3048 5495 quasi
3079 5427 3175 5482 cui
3195 5427 3554 5483 deberentur
3575 5426 3738 5482 dona
3758 5427 3884 5498 pri-

2222 5508 2528 5576 mogeniti.
2564 5508 2676 5565 Sed
2697 5514 2753 5565 et
2781 5510 3188 5572 fortitudinem
3207 5532 3381 5571 suam
3406 5532 3545 5572 eum
3577 5515 3876 5584 nominat,

2223 5612 2293 5654 eo
2322 5597 2488 5672 quod
2516 5598 2702 5657 robur
2722 5599 2958 5676 imperii
2987 5604 3065 5662 ad
3085 5621 3224 5662 eum
3251 5605 3526 5662 debuerit
3548 5605 3873 5663 declinare.
