4130 6182
230 187 333 242 233

1601 170 1958 238 COMIEN'I'Q
2006 181 2070 236 IN
2113 182 2270 238 GEN.

3537 183 3644 242 ῑθι

232 310 363 364 Haec
390 311 591 363 autem
621 321 749 362 non
779 305 918 361 ideo
959 305 1269 363 indicative
1314 305 1558 380 protulit
1599 303 1766 377 quod
1797 303 1878 359 ita
1911 307 1947 355 Δ
1999 304 2311 376 putaverit.
2339 307 2414 362 Et
2444 305 2526 362 ad
2552 305 2748 371 vitem,
2783 303 2928 367 sive,
2955 304 3100 360 utin
3125 305 3372 362 Hebraeo
3385 305 3645 364 habetur

228 398 418 454 futura
456 412 587 451 esse
621 395 963 467 praeviderit
986 395 1079 450 vel
1095 395 1364 462 voluerit,
1391 395 1495 451 sed
1527 399 1592 450 ut
1617 410 1726 468 per
1753 394 1880 448 haec

227 486 379 542 dicta
403 485 480 542 ad
513 483 934 557 paenitentiam
974 484 1401 553 cohortaretur,
1435 500 1572 540 cum
1602 482 1883 539 recoleret

231 593 265 631 a
291 580 517 648 quanta
560 572 854 641 dignitate
907 573 1213 643 peccando
1261 572 1594 628 decidisset.
1632 570 1796 626 Unde
1825 575 1882 625 et

235 665 394 730 dicit,
442 664 801 733 principium
853 662 1100 728 doloris,
1147 668 1203 718 et
1248 662 1496 734 reliqua.
1521 660 1881 732 Principium

241 768 500 824 namque
540 750 760 806 doloris
789 749 949 804 illius
983 750 1091 806 fuit
1131 751 1255 823 qui,
1289 752 1476 823 ruptis
1516 748 1879 806 castimoniae

245 840 506 909 habenis,
534 839 776 895 infrenis
813 838 930 893 ruit
952 839 1009 893 in
1033 839 1541 912 constuprandam
1559 839 1879 909 conjugem

254 931 447 1004 patris,
475 946 608 1002 qua:
646 944 742 983 res
793 942 915 982 non
959 927 1240 984 mediocri
1273 927 1476 985 dolore
1505 945 1642 984 eum
1675 926 1877 982 stimu-

252 1019 402 1075 lasse
429 1015 716 1074 credenda
746 1021 854 1072 est.
897 1019 1109 1072 Verum
1155 1018 1298 1089 quia
1327 1017 1603 1090 peccasti,
1627 1021 1682 1070 et
1703 1013 1877 1088 quasi

251 1107 488 1163 vasculo
517 1122 674 1179 aqua
699 1122 838 1178 quae
862 1105 1132 1176 quolibet
1164 1123 1288 1162 non
1319 1111 1568 1169 tenetur,
1609 1103 1881 1160 volunta-

246 1197 316 1252 tis
343 1196 560 1252 eﬁ’usus
589 1212 653 1252 es
674 1196 923 1268 impetu,
955 1194 1174 1250 idcirco
1201 1194 1484 1267 praecipio
1504 1193 1610 1250 tibi
1639 1197 1705 1248 ut
1727 1191 1880 1248 ultra

243 1300 360 1340 non
387 1301 615 1358 pecces,
649 1284 849 1356 sisque
870 1284 930 1338 in
957 1283 1208 1339 fratrum
1230 1299 1486 1339 numero
1517 1297 1727 1355 poenas
1747 1296 1879 1352 pec-

245 1375 357 1429 cati
377 1373 610 1443 lugens,
640 1371 802 1445 quod
827 1372 1204 1444 primogeniti
1244 1371 1517 1428 ordinem
1547 1369 1876 1443 perdidisti.

251 1461 604 1533 Principium
624 1467 812 1517 autem
843 1461 1068 1517 dr-loris
1085 1465 1175 1516 est
1195 1460 1392 1517 omnis
1423 1459 1877 1533 primogenitus;

257 1550 400 1622 quia
425 1565 533 1622 pro
556 1566 623 1606 eo
652 1554 1094 1606 commoventur
1121 1549 1384 1623 primum
1410 1549 1640 1604 viscera
1671 1562 1884 1620 paren-

261 1642 402 1693 tum.

327 1729 475 1783 Vens.
499 1732 605 1782 5-7.
663 1759 731 1766 —
783 1728 1022 1784 Simeon
1054 1733 1107 1784 et
1142 1729 1281 1784 Levi
1304 1729 1555 1798 fratres,
1594 1741 1739 1782 vasa
1770 1726 1882 1780 ini-

241 1816 476 1885 quitatis
503 1816 792 1872 bellantia
827 1818 928 1871 :in
953 1818 1265 1872 consilium
1295 1831 1494 1872 eorum
1528 1831 1646 1870 non
1682 1815 1883 1870 veniat

230 1905 428 1960 anima
448 1920 602 1972 mea,
635 1912 691 1962 et
721 1906 785 1959 in
812 1911 967 1962 coetu
997 1906 1239 1961 illorum
1263 1922 1382 1961 non
1411 1907 1484 1960 sit
1507 1906 1706 1975 gloria
1729 1914 1886 1964 mea:

225 1993 364 2064 quia
395 1995 457 2049 in
486 1995 706 2064 furore
733 2010 840 2050 suo
864 1994 1206 2050 occiderunt
1230 1997 1447 2060 virum,
1490 2000 1544 2050 et
1583 1996 1644 2048 in
1675 1994 1884 2048 volun-

221 2086 338 2138 tate
353 2098 469 2138 sua
499 2084 888 2153 sit/foderunt
917 2098 1178 2138 murum.
1209 2084 1564 2138 Maledictus
1583 2083 1762 2151 [ανον
1791 2097 1885 2136 (ιο-

212 2186 365 2235 rum,
396 2174 557 2243 quia
599 2175 888 2241 pertinax
917 2184 939 2243 ;
986 2178 1042 2228 et
1071 2172 1410 2242 indignatio
1436 2172 1701 2235 illorum,
1736 2171 1876 2241 quia

211 2259 393 2316 dura.
432 2261 727 2316 Dividam
743 2275 832 2316 eos
861 2261 926 2316 in
955 2260 1164 2320 Jacob.
1194 2266 1249 2316 et
1279 2261 1621 2329 dispergam
1661 2260 1798 2314 illos
1827 2259 1886 2313 in

210 2349 436 2405 Israel.
472 2346 791 2416 Signiﬁcat
819 2353 1021 2403 autem
1034 2363 1159 2403 non
1176 2348 1268 2403 sui
1286 2347 1472 2403 fuisse
1483 2346 1710 2402 consilii
1729 2347 1889 2419 quod

213 2437 458 2493 Sichem
512 2441 576 2491 et
619 2438 858 2504 Hemor,
906 2435 1232 2492 foedoratos
1261 2436 1444 2507 viros,
1498 2435 1887 2492 interfecerint

212 2531 418 2582 contra
446 2525 562 2596 jus
595 2523 793 2597 pacis,
826 2529 882 2580 et
911 2524 1306 2581 amicitiarum
1351 2529 1612 2598 tempore
1643 2525 1883 2595 sangui-

215 2629 348 2668 nem
379 2613 684 2670 fuderunt
723 2613 1128 2679 innocentem,
1169 2617 1226 2668 et
1269 2612 1445 2685 quasi
1491 2612 1759 2685 quodam
1788 2612 1883 2668 fu-

214 2718 364 2772 rore,
391 2704 481 2759 sic
513 2701 867 2758 crudelitate
912 2700 1129 2772 raptati
1159 2717 1398 2757 murum
1425 2701 1679 2775 hospitae
1718 2703 1883 2758 urbis

222 2795 566 2848 everterent.
600 2790 768 2847 Unde
793 2789 937 2845 dicit
993 2807 1006 2844 :
1050 2791 1408 2846 Maledictus
1441 2793 1626 2861 furor
1654 2808 1879 2858 eorum,

223 2881 364 2950 quia
391 2881 710 2949 pertinax,
739 2883 796 2934 et
824 2877 1075 2950 reliqua.
1108 2881 1174 2933 Et
1195 2880 1550 2949 Dispergam
1581 2896 1674 2936 eos
1710 2883 1773 2936 in
1804 2881 1884 2936 Is-

1991 394 2078 450 ad
2103 396 2351 458 Sorech,
2398 394 2460 450 id
2490 399 2598 464 est,
2630 395 2874 450 electam
2912 394 3109 461 vitem,
3165 393 3495 465 alligaverit
3538 395 3644 452 asi-

1986 497 2132 538 nam
2155 483 2250 540 cui
2273 482 2629 556 supersedit,
2663 481 2987 538 Ecclesiam
3031 499 3101 538 ex
3133 483 3478 540 nationibus
3507 501 3646 542 con-

1988 577 2318 641 gregatam.
2349 571 2520 637 Quod
2560 576 2760 627 autem
2800 571 2961 639 dicit,
3005 573 3100 640 ﬁli
3139 574 3240 640 mi,
3303 573 3644 630 conversio-

1986 675 2127 716 nem
2155 659 2234 715 ad
2263 660 2466 732 ipsum
2494 661 2710 716 ludam
2743 660 2899 728 facit,
2923 661 3089 733 quod
3123 661 3385 718 Christus
3413 662 3542 719 haec
3572 663 3648 720 sit

1988 749 2271 804 universa
2301 749 2584 805 facturus.
2631 749 2802 814 Quod
2833 754 3035 806 autem
3064 749 3278 806 dicitur
3306 768 3318 805 :
3377 752 3514 808 Non
3541 767 3646 809 au-

1985 839 2218 907 feretur
2239 844 2537 906 sceptrum
2567 838 2640 893 de
2669 839 2854 908 Juda,
2906 845 2960 894 et
3005 839 3135 894 dux
3189 840 3263 896 de
3317 839 3645 897 femoribus

1986 928 2134 995 ejus,
2161 927 2345 982 donec
2376 928 2575 983 veniat
2623 927 2728 981 ille
2756 928 2861 998 qui
2903 928 3226 984 mittendus
3272 935 3376 995 est,
3425 935 3479 985 et
3523 931 3648 999 ipse

1985 1017 2098 1070 erit
2128 1017 2487 1086 exspectatio
2517 1017 2783 1085 gentium
2817 1034 2829 1082 ;
2886 1016 3182 1085 significat
3207 1017 3375 1090 quod
3403 1033 3528 1074 non
3553 1018 3652 1086 dei

1985 1103 2228 1160 ﬁcerent
2260 1105 2560 1177 principes
2599 1105 2674 1159 de
2707 1104 2863 1160 tribu
2883 1104 3037 1160 Juda
3067 1121 3258 1178 usque
3291 1106 3369 1161 ad
3402 1109 3646 1180 tempus

1986 1210 2109 1266 quo
2133 1198 2308 1250 natus
2329 1199 2418 1249 est
2443 1192 2730 1261 Christus,
2760 1192 2863 1266 qui
2892 1193 3112 1249 missus
3136 1210 3172 1250 a
3193 1197 3360 1251 Patre
3400 1211 3648 1269 exspec-

1989 1283 2129 1338 tatio
2160 1286 2250 1337 est
2277 1282 2564 1351 gentium.

2060 1370 2236 1426 Vens.
2271 1375 2354 1436 14,
2384 1370 2814 1439 ίὸ.-Ιςαί·1ιαν,
2859 1371 3064 1427 asinus
3093 1372 3297 1441 fortis,
3336 1372 3646 1428 accubans

1988 1460 2146 1511 inter
2176 1459 2474 1512 terminos.
2533 1457 2685 1511 Vidit
2719 1458 2980 1527 requiem
3013 1457 3171 1528 quod
3195 1462 3341 1513 esset
3385 1457 3559 1527 bona,
3590 1463 3648 1515 et

1990 1551 2214 1601 terram
2239 1547 2399 1616 quod
2427 1548 2673 1615 optima,
2707 1552 2761 1602 et
2784 1547 3096 1616 supposuit
3139 1546 3451 1603 humerum
3472 1563 3647 1605 suum

1911 1654 1953 1709 Β
1990 1635 2072 1690 ad
2118 1636 2512 1704 portandum,
2567 1638 2887 1706 factusque
2924 1641 3009 1691 est
3063 1636 3306 1691 tributis
3365 1637 3644 1694 serviens.

1993 1724 2141 1790 Quia
2171 1724 2244 1779 de
2274 1724 2537 1780 Zabulon
2568 1725 2798 1780 dixerat
2826 1725 2991 1796 quod
3020 1724 3204 1781 maris
3228 1725 3434 1795 magni
3450 1725 3649 1802 littora

1992 1818 2150 1868 esset
2197 1829 2604 1885 possessurus,
2667 1813 2948 1870 Sidonem
2999 1829 3244 1888 quoque
3293 1819 3350 1870 et
3385 1814 3647 1889 reliquas

1994 1903 2290 1957 Phoenicis
2323 1903 2501 1957 urbes
2547 1903 2936 1970 contingeret,
2967 1919 3128 1960 nunc
3177 1904 3256 1960 ad
3307 1904 3649 1961 mediterra-

1995 2007 2171 2046 neam
2229 1991 2600 2064 provinciam
2663 1991 2831 2058 redit,
2874 1997 2931 2048 et
2980 1992 3243 2063 lsachar,
3319 1993 3423 2065 qui
3475 1995 3648 2064 juxta

1997 2080 2370 2154 Nephthalim
2423 2080 2889 2153 pulcherrimam
2934 2081 2996 2136 in
3055 2082 3297 2138 Galilaea
3340 2083 3647 2152 regionem

1995 2185 2389 2244 possessurus
2418 2174 2526 2235 est,
2551 2169 2966 2224 benedictione
2995 2187 3107 2226 sua
3134 2170 3534 2226 habitatorem
3566 2171 3648 2227 fa-

1996 2261 2091 2316 cit.
2141 2259 2387 2314 Asinum
2443 2262 2643 2313 autem
2673 2273 2920 2313 osseum
2951 2258 3042 2313 vel
3099 2259 3315 2314 fortem
3364 2265 3558 2328 vocat,
3591 2264 3649 2316 et

1993 2350 2314 2405 humerum
2341 2346 2418 2403 ad
2447 2346 2833 2419 portandum,
2867 2345 3008 2418 quia
3056 2347 3118 2402 in
3165 2347 3370 2404 labore
3401 2352 3565 2403 terrae
3591 2352 3650 2404 et

1992 2438 2278 2496 vehendis
2318 2437 2396 2493 ad
2441 2454 2626 2507 mare,
2657 2453 2793 2510 quae
2820 2437 2880 2492 in
2908 2436 3132 2494 ﬁnibus
3166 2437 3288 2494 suis
3318 2438 3648 2496 nascebano

1993 2536 2106 2596 tur,
2140 2529 2467 2602 plurimum
2498 2527 2817 2597 laboraret,
2872 2527 3112 2598 regibus
3144 2545 3389 2602 quoque
3423 2529 3647 2586 tributa

1992 2624 2398 2693 comportans.
2436 2618 2615 2674 Aiunt
2639 2619 2858 2674 Hebraei
2887 2635 2992 2692 per
3019 2621 3435 2693 metaphoram
3462 2621 3646 2693 signi-

1990 2712 2176 2779 ﬁcari,
2201 2710 2366 2784 quod
2391 2709 2721 2783 Scripturas
2743 2716 2982 2767 sanctas
3013 2712 3107 2768 die
3147 2728 3217 2767 ac
3247 2717 3419 2769 nocte
3451 2712 3644 2769 medi-

1990 2809 2144 2869 tans,
2171 2801 2433 2857 studium
2462 2816 2638 2856 suum
2669 2799 2896 2857 dederit
2924 2800 3002 2857 ad
3021 2800 3445 2873 laborandum,
3473 2807 3530 2859 et
3557 2802 3644 2858 id-

1993 2895 2147 2950 circo
2212 2892 2266 2947 ei
2317 2907 2528 2947 omnes
2583 2891 2866 2958 serviunt,
2922 2891 3098 2964 quasi
3135 2892 3428 2963 magistro
3481 2893 3645 2949 dona

227 2969 374 3059 rael,
403 2967 541 3023 Levi
552 2968 714 3059 enim
740 2966 1149 3059 haereditatem
1163 2967 1474 3059 propriam
1490 2984 1613 3059 non
1631 2969 1877 3041 accepit,
1909 3003 1952 3059 ο
1993 2987 2319 3058 portantes,

230 3055 333 3110 sed
355 3056 419 3111 in
442 3056 725 3112 omnibus
755 3054 1003 3128 sceptris
1031 3071 1258 3128 paucas
1303 3056 1486 3112 urbes
1538 3057 1616 3112 ad
1651 3059 1883 3113 inhabi-

180 3186 187 3195 .
233 3143 486 3198 tandum
505 3142 693 3218 [Cod.,
715 3143 792 3200 ad
811 3142 1260 3219 inhabitandam]
1273 3145 1590 3202 habuit.De
1609 3147 1882 3202 Simeone

237 3243 386 3286 vero
409 3231 474 3285 in
497 3231 652 3287 libro
696 3235 827 3288 lesu
861 3232 1151 3305 scriptum
1198 3239 1285 3290 est
1314 3234 1482 3306 quod
1512 3238 1570 3290 et
1599 3234 1725 3306 ipse
1753 3253 1888 3309 pro.

247 3319 454 3390 prium
473 3318 795 3375 funiculum
816 3337 930 3378 non
957 3321 1274 3394 acceperit,
1309 3322 1416 3378 sed
1446 3322 1522 3378 de
1545 3323 1701 3380 tribu
1725 3327 1755 3379 J
1763 3327 1884 3385 uda

257 3405 548 3478 quiddam
577 3409 867 3480 acceperit.
910 3415 971 3467 ln
993 3410 1497 3484 Paralipomenon
1525 3417 1723 3470 autem
1754 3432 1882 3473 ma-

258 3494 523 3550 nifestius
534 3496 795 3554 scribitur
807 3500 990 3573 quod,
1005 3517 1144 3556 cum
1161 3499 1586 3573 multiplicatus
1603 3502 1810 3560 fuisset
1825 3509 1882 3561 et

246 3600 369 3642 non
379 3584 1243 3659 haberetpossessionislocum,
1258 3589 1462 3647 exierit
1478 3591 1538 3646 in
1550 3591 1876 3651 desertum.

312 3673 478 3729 Vens.
509 3678 663 3730 8-10.
689 3679 960 3745 -—Juda,
1002 3683 1058 3735 te
1104 3679 1440 3735 laudabunt
1465 3681 1694 3749 fratres
1741 3685 1833 3738 tui
1858 3699 1882 3754 ,'

230 3776 450 3817 manus
478 3769 595 3819 tum
609 3766 671 3820 in
691 3767 1010 3823 servicibus
1039 3769 1416 3824 inimicorum
1435 3774 1674 3826 tuorum
1703 3789 1716 3838 ;
1740 3773 1882 3828 ado-

223 3851 454 3907 rabunt
475 3859 534 3910 te
546 3855 666 3923 ﬁlii
684 3857 879 3924 patris
909 3857 1016 3923 tui,
1049 3857 1306 3913 Catulus
1337 3859 1519 3914 leonis
1544 3861 1706 3915 Juda
1738 3877 1751 3914 :
1799 3861 1883 3916 ad

213 3942 514 4010 praedam,
556 3945 655 4011 ﬁli
691 3947 792 4015 mi,
839 3947 1163 4002 ascendisti
1213 3946 1378 4017 [sive,
1429 3947 1583 4002 utin
1633 3947 1881 4004 Hebraeo

214 4030 509 4104 scriptum
543 4037 636 4087 est
681 4033 755 4089 de
783 4034 1151 4106 captivitate,
1201 4036 1296 4104 ﬁli
1346 4035 1448 4105 mi,
1489 4036 1829 4107 ascendisti]
1860 4052 1882 4092 .'

211 4122 595 4191 requiescens
633 4122 969 4178 accubuisti
989 4129 1054 4178 ut
1088 4125 1195 4191 leo,
1225 4129 1279 4180 et
1301 4126 1478 4195 quasi
1503 4126 1689 4181 leaena
1713 4128 1881 4198 .‘quis

209 4211 533 4266 suscitabit
565 4226 696 4267 eam
722 4215 750 4266 ἱ)
773 4212 926 4277 Quia
968 4211 1120 4268 Juda
1165 4214 1454 4282 confessio
1481 4214 1605 4270 sive
1637 4216 1770 4273 laus
1795 4217 1882 4273 in-

211 4303 599 4371 terpretatur,
639 4305 798 4356 recte
849 4300 1123 4356 scribitur
1169 4318 1183 4357 :
1234 4301 1410 4374 Juda,
1438 4304 1880 4364 conﬁtebuntur

214 4363 312 4443 tibi
337 4363 594 4457 fratres,
621 4387 714 4444 vel
756 4388 1092 4446 laudabunt
1135 4395 1211 4446 te.
1253 4393 1321 4446 Et
1349 4363 1482 4448 licet
1523 4392 1598 4449 de
1647 4363 1875 4452 Christo
1904 4363 1952 4421 θ

217 4477 445 4546 grande
474 4478 830 4549 mysterium
866 4479 959 4549 sit,
992 4479 1096 4535 sed
1127 4483 1329 4537 tamen
1361 4481 1694 4539 secundum
1723 4483 1874 4542 litte-

217 4581 335 4622 ram
354 4565 671 4636 signiﬁcat
695 4567 863 4639 quod
909 4585 1017 4641 per
1044 4568 1228 4625 David
1253 4569 1497 4642 stirpem
1521 4577 1877 4641 generentur

222 4670 399 4725 reges,
439 4660 501 4711 et
533 4655 708 4729 quod
737 4655 1060 4714 adorarent
1087 4673 1227 4714 eum
1261 4674 1472 4714 omnes
1510 4660 1716 4716 tribus.
1750 4665 1876 4719 Non

230 4746 373 4801 enim
391 4745 498 4811 ait,
561 4744 685 4800 Filii
719 4746 924 4802 matris
954 4750 1070 4802 tuae
1105 4746 1271 4818 ;sed,
1298 4748 1418 4817 ﬁlii
1429 4751 1626 4817 patris
1657 4752 1763 4807 tui.
1808 4753 1878 4807 Et

235 4834 386 4902 quod
406 4834 704 4908 sequitur,
731 4836 814 4891 ad
838 4836 1131 4906 praedam,
1159 4836 1256 4906 ﬁli
1273 4837 1375 4904 mi,
1408 4839 1750 4906 ascendisti,
1778 4855 1877 4896 os-

240 4922 417 4976 tendit
460 4941 599 4980 cum
644 4924 916 4997 caph'vos
945 4923 1204 4998 populos
1255 4940 1384 4982 esse
1427 4925 1772 4997 ducturum,
1823 4933 1881 4984 et

231 5007 405 5078 juxta
428 5011 872 5084 intelligentiam
900 5014 1319 5084 sacrationem,
1341 5015 1659 5073 ascendisti
1688 5016 1749 5074 in
1791 5016 1879 5074 al-

237 5101 390 5167 tum,
421 5105 709 5173 captivam
739 5103 989 5160 duxisse
1046 5105 1463 5178 captivitatem,
1512 5105 1660 5174 sive,
1713 5105 1880 5180 quod

221 5188 452 5244 melius
481 5198 634 5263 puto,
659 5192 978 5266 captivitas
1002 5196 1368 5268 passionem,
1383 5210 1668 5254 ascensus
1681 5213 1882 5254 resur-

217 5279 545 5337 rectionem
585 5281 908 5354 signiﬁcat.

289 5372 456 5428 Vens.
489 5372 1045 5443 tl-l3.—Alligans
1071 5373 1152 5430 ad
1178 5375 1411 5432 vineam
1431 5377 1677 5446 pullum
1706 5391 1879 5433 suum

213 5467 268 5516 et
287 5462 373 5519 ad
402 5464 584 5520 vitem
613 5465 856 5521 asinam
885 5478 1076 5520 suam.
1143 5465 1314 5530 Quod
1342 5465 1616 5523 videlicet
1647 5466 1882 5540 pullum

215 5552 422 5622 asine,
453 5554 551 5611 cui
584 5552 930 5627 supersedit
951 5554 1144 5625 Jesus,
1175 5555 1289 5610 hoc
1328 5560 1435 5626 est,
1469 5557 1736 5626 gentium
1767 5573 1877 5630 po-

216 5642 428 5714 pulum
457 5645 652 5710 vineae
686 5643 1122 5718 apostolorum,
1141 5644 1247 5718 qui
1266 5644 1579 5705 abludaeis
1609 5652 1770 5721 sunt,
1781 5663 1884 5725 co-

735 5734 983 5790 Punon.
1025 5733 1161 5791 CXV
1166 5769 1182 5789 .

2063 3075 2242 3128 Vens.
2287 3072 2699 3127 16-18.——Dan
2719 3070 3020 3140 judicabit
3047 3071 3340 3139 populum
3364 3087 3538 3125 suum
3568 3072 3643 3126 si-

1991 3169 2092 3220 cut
2112 3170 2164 3218 et
2197 3163 2323 3217 alia
2352 3160 2541 3216 tribus
2574 3161 2786 3213 Israel.
2819 3160 2955 3212 Fiat
2989 3159 3125 3211 Dan
3157 3158 3400 3211 coluber
3427 3159 3491 3210 in
3518 3158 3638 3220 via,

1990 3260 2047 3310 et
2075 3256 2328 3308 cerastes
2354 3249 2416 3302 in
2447 3247 2674 3312 semita,
2721 3246 2998 3301 mordens
3049 3245 3310 3313 ungulas
3369 3245 3524 3316 equi,
3575 3250 3642 3301 ut

1991 3343 2170 3400 cadat
2202 3352 2478 3396 ascensor
2506 3337 2634 3404 eius
2677 3340 2858 3392 retro.
2892 3335 3179 3391 Salutare
3205 3338 3372 3390 tuum
3405 3349 3644 3406 exspec-

1991 3433 2149 3498 tabo,
2182 3429 2446 3486 Domine.
2483 3428 2739 3482 Samson
2765 3424 2951 3496 judex
2982 3424 3181 3493 Israel,
3226 3423 3301 3481 de
3332 3425 3490 3482 tribu
3513 3428 3640 3483 Dan

1989 3523 2116 3578 fuit.
2147 3523 2266 3577 Hoc
2296 3534 2437 3588 ergo
2467 3515 2608 3571 dicit
2635 3532 2794 3572 nunc
2823 3515 3033 3572 videns
3062 3514 3124 3570 in
3155 3515 3365 3589 spiritu
3399 3532 3638 3574 comam

1987 3611 2208 3669 nutrire
2240 3611 2611 3666 Samsonem:
2631 3609 2972 3662 Nazarteum
2989 3610 3159 3662 tuum
3178 3607 3344 3663 caesis
3363 3607 3638 3664 hostibus

1990 3699 2378 3772 triumphare,
2411 3694 2575 3768 quod
2607 3695 3053 3751 similitudinem
3071 3694 3300 3752 colubri
3328 3698 3638 3771 regulique

1989 3787 2316 3846 obsidentis
2343 3785 2495 3850 vias,
2533 3784 2764 3839 nullum
2787 3800 2894 3856 per
2924 3789 3144 3840 terram
3183 3785 3362 3839 Israel
3390 3787 3640 3842 transire

1988 3877 2335 3953 permittat:
2371 3874 2472 3931 sed
2518 3874 2719 3939 etiam,
2770 3873 2818 3926 si
2871 3872 3007 3944 quis
3050 3872 3400 3927 temerarius
3433 3873 3637 3928 virtute

1990 3985 2120 4038 sua,
2154 3965 2330 4039 quasi
2367 3963 2675 4019 velocitate
2722 3961 2861 4034 equi
2913 3961 3178 4016 conﬁsus
3223 3976 3359 4016 eam
3389 3960 3642 4018 voluerit

1988 4053 2292 4132 praedonis
2324 4068 2490 4109 more
2523 4051 2820 4124 populari,
2851 4065 2973 4106 non
2996 4048 3257 4121 effugere
3277 4049 3516 4107 valebit.
3536 4053 3642 4107 To-

1993 4152 2117 4204 tum
2149 4148 2349 4201 autem
2381 4157 2489 4215 per
2527 4140 2943 4213 metaphoram
2976 4139 3267 4212 serpentis
3315 4144 3373 4196 et
3424 4139 3639 4214 equitis

1987 4235 2270 4309 loquitur.
2295 4231 2516 4288 Nidens
2539 4245 2680 4300 ergo
2698 4233 2820 4285 tam
2841 4229 3053 4286 fortem
3079 4230 3428 4287 Nazaraeum
3447 4234 3637 4300 tuum,

1987 4324 2152 4401 quod
2177 4323 2304 4397 ipse
2327 4324 2570 4394 propter
2589 4319 2959 4375 meretricem
2998 4326 3271 4376 mortuus
3300 4325 3407 4392 est,
3431 4325 3488 4376 et
3515 4337 3643 4377 mo-

1987 4416 2144 4472 riens
2173 4416 2410 4470 nostros
2439 4408 2656 4465 occidit
2683 4409 2978 4479 inimicos,
3010 4409 3238 4481 putavi,
3271 4425 3306 4464 o
3352 4410 3526 4480 Deus,
3556 4410 3643 4482 ip—

1986 4517 2121 4557 sum
2149 4515 2279 4556 esse
2307 4496 2602 4553 Christum
2631 4493 2842 4549 Filium
2872 4498 3062 4549 tuum.
3083 4495 3296 4548 Verum
3308 4493 3452 4564 quia
3477 4509 3640 4548 mor-

1982 4589 2122 4642 tuus
2159 4588 2265 4654 est,
2317 4585 2375 4638 et
2425 4596 2547 4636 non
2601 4577 2937 4645 resurrexit,
2991 4580 3048 4631 et
3093 4591 3334 4630 rursum
3365 4574 3639 4646 captivus

1982 4670 2199 4726 ductus
2252 4670 2341 4723 est
2386 4663 2585 4730 Israel,
2639 4662 2792 4719 alius
2830 4661 2976 4716 mihi
3008 4658 3270 4714 salvator
3316 4655 3551 4725 mundi,
3582 4662 3642 4714 et

1983 4758 2099 4815 mei
2132 4755 2363 4828 generis
2380 4752 2816 4827 praestolandus
2846 4754 2951 4818 est,
2977 4753 3040 4804 ut
3069 4745 3265 4802 veniat
3293 4745 3389 4802 cui
3416 4745 3642 4819 reposi-

1984 4852 2113 4905 tum
2133 4851 2239 4902 est.
2273 4846 2404 4916 Ipse
2435 4843 2542 4898 erit
2571 4839 2928 4914 exspectatio
2960 4835 3249 4908 gentium.

2056 4937 2233 4990 Vens.
2269 4933 2353 4989 19.
2404 4963 2471 4973 —
2529 4932 2662 4988 Gad
2716 4931 3020 4989 accinctus
3064 4927 3454 4999 prmliabitur
3501 4934 3642 4987 ante

1985 5041 2139 5096 eum,
2165 5029 2222 5081 et
2251 5023 2374 5092 ipse
2387 5022 2736 5091 accingetur
2764 5027 3110 5077 retrorsum.
3148 5016 3453 5088 Signiﬁcat
3474 5019 3644 5091 quod

1986 5118 2124 5172 ante
2153 5111 2382 5181 Ruben,
2411 5115 2468 5166 et
2495 5109 2811 5166 dimidiam
2840 5110 3060 5165 tribum
3087 5111 3380 5176 Manasse,
3412 5112 3470 5164 et
3489 5107 3646 5165 ﬁlios

1986 5221 2141 5280 quos
2181 5208 2344 5260 trans
2391 5199 2718 5257 Jordanem
2772 5199 2833 5254 in
2877 5198 3262 5272 possessione
3313 5197 3643 5267 dimiserat,

1986 5299 2126 5371 post
2152 5289 2612 5369 quatuordecim
2641 5304 2837 5346 annos
2884 5293 3205 5357 revertens,
3235 5287 3511 5362 praelium
3538 5289 3647 5345 ad-

1988 5400 2234 5443 versum
2267 5399 2370 5440 eos
2397 5378 2667 5452 gentium
2695 5377 3033 5435 vicinarum
3067 5377 3295 5448 grande
3342 5377 3648 5451 reperiret,

1990 5479 2048 5532 et
2072 5473 2240 5531 victis
2264 5471 2538 5528 hostibus
2580 5469 2806 5528 fortiter
2851 5467 3182 5524 dimicaret.
3220 5469 3372 5537 Lege
3420 5465 3647 5522 librum

1989 5567 2130 5620 Jesu
2158 5565 2315 5617 Nave
2344 5565 2402 5617 et
2424 5560 2950 5634 Paralipomenon.

2067 5648 2237 5702 Vens.
2265 5648 2324 5700 2t
2341 5645 2822 5716 .—Nephthalim
2847 5659 3052 5701 cervus
3078 5643 3339 5706 emissus,
3365 5638 3518 5695 dans
3533 5637 3650 5692 elo-

3142 5733 3174 5784 8
