4130 6182
494 120 599 177 235
1577 110 1933 171 ANGELOMI
1974 110 2125 168 LUXl

2280 111 2426 173 NSIS
2454 113 2766 173 ΠΟΝΑΟΗῙ
3804 112 3911 173 236

492 242 641 314 quia
660 238 1158 312 pulchritudinis.
1217 236 1346 297 Sive
1396 235 1771 309 Nephthalim
1820 250 1967 306 ager
2006 235 2147 291 irri-
2174 242 2220 295 Α
2256 238 2400 308 quia
2425 237 2552 310 ipse
2589 237 2870 311 populus,
2916 239 3242 308 postquam
3295 233 3573 289 universo
3617 232 3767 289 orbe
3795 233 3890 289 dis

495 347 679 403 guus;
705 335 1021 399 utrumque
1042 326 1203 382 enim
1226 325 1521 396 significat
1552 325 1868 381 Hebraeum
1892 324 2146 381 verbum
2256 342 2465 397 persus
2509 334 2618 391 est,
2653 327 2826 384 valde
2858 327 3212 383 imminutus
3240 330 3346 380 est.
3385 322 3498 380 Sed
3532 339 3721 396 quare
3767 324 3898 385 talia

497 420 837 489 nalasylva.
870 414 1175 485 Signiﬁcat
1204 420 1408 472 autem
1437 416 1605 488 quod
1635 430 1809 487 aquae
1841 412 2049 471 calidae
2084 412 2148 468 in
2254 417 2487 485 meruit,
2532 418 2614 477 ita
2646 416 2921 489 subjecit,
2952 417 3094 487 quia
3123 414 3451 471 ascendisti
3477 413 3672 470 cubile
3708 416 3897 483 patri:

494 508 629 580 ipsa
654 510 990 565 nascuntur
1014 504 1194 560 tribu.
1227 504 1357 561 Sive
1400 504 1569 578 quod
1597 520 1778 576 super
1805 503 2006 561 lacum
2037 504 2144 558 Ge-
2253 506 2361 560 tui.
2385 505 2794 576 Primogenitas
2814 509 3013 561 autem
3045 503 3236 575 plebis
3255 502 3574 558 audaciam
3598 503 3911 573 prtedicat,

493 596 770 654 nesareth
793 594 1016 652 ﬂuenta
1042 593 1319 651 Jordanis
1351 594 1575 664 irrigua
1604 594 1738 653 sint.
1780 591 2006 657 Hebraei
2041 607 2145 647 au-
2251 608 2385 664 qua:
2411 594 2681 651 ascendit
2711 593 2903 650 cubile
2934 592 3118 664 patris
3154 591 3265 659 sui,
3316 596 3374 647 et
3401 590 3728 647 maculavit
3760 596 3914 651 stra—

492 690 616 743 tem
644 684 852 741 volunt
879 685 1123 755 propter
1143 681 1539 747 Tiberiadem,
1566 698 1702 755 quas
1722 680 1871 751 legis
1899 679 2145 736 videba-
2251 685 2380 741 tum
2406 684 2555 754 ejus,
2585 683 2834 755 quando
2865 698 3083 753 corpus
3117 680 3516 749 Dominicum,
3550 682 3608 735 in
3635 696 3762 751 quo
3790 681 3915 753 ple-

493 777 589 830 tur
615 772 837 828 habere
867 769 1160 839 notitiam,
1208 787 1423 842 agrum
1485 771 1779 840 irriguum
1824 774 1882 827 et
1908 768 2147 841 eloquia
2249 771 2461 829 nitudo
2510 772 2830 828 divinitatis
2870 769 3300 843 requiescebat,
3344 776 3589 841 raptum
3634 770 3696 833 in
3732 785 3915 836 cruce

492 859 955 935 pulchritudinis
1003 859 1370 933 prophetari.
1403 862 1627 917 Cervus
1670 864 1872 916 autem
1902 860 2144 915 emissus
2253 860 2566 932 suspendit
2593 865 2653 917 et
2680 860 2834 917 ferro
2864 858 3352 917 commaculavit.

485 953 731 1025 propter
769 952 1187 1021 temporaneas
1213 947 1433 1017 fruges,
1474 952 1529 1005 et
1556 947 1929 1004 velocitatem
1978 950 2143 1002 terras
2320 949 2557 1005 Simeon
2586 955 2641 1004 et
2669 949 2814 1004 Levi
2835 948 3085 1016 fratres,
3141 962 3283 1002 vasa
3316 946 3649 1016 iniquitatis
3677 946 3911 1004 bellan-

487 1036 781 1095 uberioris
822 1036 1098 1095 ostendit.
1155 1036 1271 1094 Sed
1320 1037 1553 1105 melius,
1608 1038 1656 1093 si
1699 1036 1780 1093 ad
1807 1035 2143 1093 doctrinam
2251 1037 2357 1095 tia.
2411 1038 2522 1092 Per
2558 1037 2898 1093 Simeonem
2927 1040 2985 1091 et
3027 1034 3160 1093 Levi
3189 1034 3403 1090 SCl‘lblB
3431 1040 3490 1091 et
3517 1035 3822 1106 Pharisaei,
3854 1042 3915 1093 et

487 1125 810 1185 Salvatoris
839 1130 1054 1185 cuncta
1081 1124 1439 1195 referamus;
1472 1126 1640 1198 quod
1655 1126 1737 1183 ibi
1756 1124 1851 1181 vel
1878 1125 2144 1182 maxime
2252 1126 2592 1183 sacerdotes
2619 1125 2849 1182 Judaici
2870 1124 3079 1197 populi
3096 1123 3528 1193 intelliguntur.
3576 1128 3657 1181 De
3685 1126 3914 1182 Simeo-

487 1216 756 1272 docuerit
778 1213 1065 1283 Salvator,
1082 1214 1225 1272 utin
1250 1201 1567 1287 Evangelio
1581 1231 1826 1288 quoque
1855 1214 2142 1286 scriptum
2249 1224 2324 1265 ne
2352 1210 2512 1266 enim
2541 1210 2760 1270 Scribee
2782 1210 3125 1267 Judaaorum
3157 1213 3347 1267 erant.
3376 1211 3444 1265 Et
3471 1208 3546 1267 de
3576 1208 3735 1265 tribu
3762 1227 3911 1269 vero

485 1308 597 1362 est.
2251 1302 2386 1363 Levi
2411 1302 2710 1376 principes
2727 1302 3131 1373 sacerdotum,
3151 1300 3255 1374 qui
3271 1300 3595 1361 concilium
3616 1302 3907 1371 fecerunt,

559 1392 734 1450 Vens.
765 1395 950 1450 22-26.
981 1422 1052 1437 -—
1091 1393 1287 1452 Filius
1311 1410 1473 1450 meus
1502 1394 1725 1464 Joseplt
1782 1407 2138 1462 accressens,
2248 1399 2313 1448 ut
2342 1396 2542 1452 Jesum
2566 1394 2704 1451 dolo
2730 1398 2994 1453 tenerent
3030 1397 3089 1451 et
3110 1392 3469 1451 occiderent.
3502 1392 3581 1451 De
3608 1408 3732 1464 quo
3763 1409 3913 1449 con.

483 1483 648 1552 ﬁlius
677 1497 840 1540 meus
868 1497 1206 1548 accressens
1252 1488 1306 1547 et
1346 1484 1595 1540 decorus
1647 1488 1911 1552 aspectu.
1968 1483 2141 1540 Filias
2247 1480 2377 1538 silio
2406 1480 2549 1541 dicit
2593 1500 2606 1538 :
2663 1484 2735 1537 In
2763 1482 3078 1539 consilium
3096 1496 3301 1543 eorum
3322 1495 3442 1536 non
3472 1482 3673 1537 veniat
3699 1484 3913 1545 aninia

486 1572 904 1631 discurrerunt
946 1586 1129 1641 super
1174 1588 1414 1629 murum
1447 1588 1471 1643 ;
1526 1573 1628 1628 sed
1674 1575 2139 1640 expectwerunt
2170 1595 2211 1653 Β
2247 1585 2395 1625 mea.
2430 1569 2716 1626 Horrebat
2738 1569 2899 1624 enim
2930 1573 3094 1625 tanta
3121 1568 3344 1624 scelera
3368 1569 3496 1639 jam
3527 1568 3751 1637 videre,
3770 1587 3912 1643 quae

485 1676 638 1725 eum,
666 1666 723 1725 et
763 1661 1010 1731 jurgati
1035 1666 1196 1729 sunt,
1240 1661 1689 1732 invidentesque
1736 1662 1831 1719 illi
1860 1660 2141 1723 habentes
2248 1659 2588 1717 novissimis
2634 1659 3005 1733 temporibus
3033 1658 3247 1719 facturi
3274 1665 3446 1717 erant
3471 1659 3708 1729 Judaei;
3764 1664 3913 1733 quia

474 1750 887 1821 jacula.Sedit
909 1751 973 1806 in
991 1752 1143 1821 forti
1180 1766 1359 1808 arcus
1392 1754 1538 1819 ejus,
1568 1752 1625 1808 el
1649 1750 2143 1823 desolataldisso-
2202 1790 2211 1801 .
2249 1751 2311 1807 in
2343 1749 2556 1818 furore
2576 1764 2684 1806 suo
2712 1748 3060 1807 occiderunt
3090 1749 3311 1813 virum,
3349 1747 3411 1803 id
3448 1753 3543 1805 est
3578 1749 3910 1821 Christum,

484 1839 634 1911 luta]
671 1845 814 1896 sunt
845 1840 1090 1896 vincula
1141 1839 1526 1898 brachiorum
1575 1845 1633 1897 et
1670 1856 1959 1897 manuum
2013 1843 2142 1910 ejus
2248 1837 2323 1894 de
2348 1853 2471 1911 quo
2491 1836 2706 1897 dicitur
2730 1838 2917 1895 :Ecce
2938 1837 3051 1900 vir,
3073 1837 3281 1895 Oriens
3304 1851 3516 1893 nomen
3547 1839 3676 1906 ejus
3698 1840 3910 1909 (Ζαρὰ,

477 1943 594 1999 per
620 1943 834 1984 manus
859 1930 1120 1997 potentis
1162 1929 1370 1989 Jacob.
1436 1928 1582 1986 Inde
1620 1934 1835 1998 pastor
1875 1944 2142 2000 egressus
2248 1942 2334 1996 vi,
2371 1925 2553 1998 t2).Et
2571 1924 2715 1983 alibi
2758 1943 2772 1982 :
2830 1925 3084 1985 Femina
3110 1924 3508 1985 circumdabit
3532 1927 3729 1983 virum
3761 1928 3910 1999 (Jer.

485 2022 592 2084 est,
626 2017 781 2087 lapis
814 2018 1024 2075 Israel.
1054 2019 1097 2074 Ο
1129 2016 1212 2072 fili
1237 2016 1481 2089 Joseph,
1512 2018 1617 2093 qui
1643 2022 1767 2075 tam
1786 2017 2033 2089 pulcher
2053 2034 2139 2081 es,
2248 2032 2406 2081 xxxx,
2437 2014 3021 2085 22L—Su/I‘oderunt
3045 2029 3309 2078 murum,
3339 2013 3401 2071 id
3431 2018 3521 2073 est
3543 2014 3713 2075 illum
3740 2018 3912 2090 spiri-

484 2110 553 2161 ut
579 2111 634 2162 te
674 2110 797 2165 tota
837 2104 935 2162 die
980 2106 1057 2167 de
1105 2105 1293 2161 muris
1334 2111 1393 2161 et
1438 2106 1703 2162 turribus
1755 2122 1825 2165 ac
1872 2106 2143 2163 fenestris
2249 2103 2429 2163 talem
2449 2102 2844 2165 fortissimum
2868 2118 3114 2159 murum
3133 2102 3240 2174 qui
3267 2101 3750 2173 custoditlsrael,
3781 2105 3914 2165 ian.

483 2194 823 2267 puellarum
854 2194 1096 2268 ASgypti
1126 2194 1305 2255 turba
1347 2200 1752 2267 prospectant.
1800 2195 2145 2257 Inviderunt
2249 2208 2357 2253 cea
2411 2192 2826 2253 confoderunt.
2868 2191 3227 2249 Maledictus
3278 2191 3462 2260 furor
3504 2207 3727 2264 eorum,
3758 2198 3907 2265 quia

485 2283 611 2352 tibi,
643 2288 702 2340 et
733 2282 812 2339 ad
840 2282 1220 2343 iracundiam
1250 2288 1731 2355 provocaverunt
1778 2284 1987 2343 fratres
2037 2284 2139 2352 tui,
2243 2284 2577 2352 pertinax;
2631 2281 2835 2353 utique
2864 2280 3137 2353 quando,
3175 2280 3375 2339 furore
3407 2282 3646 2341 accensi
3698 2288 3755 2341 et
3788 2284 3902 2353 ira,

484 2372 776 2430 habentes
826 2370 1026 2433 livoris
1060 2372 1308 2442 sagittas
1338 2376 1394 2431 et
1421 2372 1522 2429 zeli
1570 2372 1783 2442 jaculis
1827 2372 2139 2431 vulnerati.
2250 2370 2590 2429 obtulerunt
2617 2370 2918 2431 Christum
2948 2369 3158 2433 Pontio
3189 2369 3395 2437 Pilato,
3428 2370 3685 2429 dicentes
3715 2388 3729 2426 :
3758 2373 3900 2427 Cru-

488 2460 713 2517 Verum
735 2476 943 2519 arcum
974 2466 1146 2520 tuum
1173 2466 1234 2517 et
1263 2476 1432 2517 arma
1469 2461 1783 2534 pugnandi
1810 2462 2065 2534 posuisti
2081 2462 2119 2520 il

2262 2461 2441 2531 riﬁge,
2467 2462 2750 2530 cruci/iac
2772 2460 2935 2531 (Luc.
2959 2475 3128 2526 mu,
3163 2459 3432 2530 2t).—Et
3465 2460 3893 2531 indignatioeov

486 2549 630 2622 Deo,
659 2550 762 2621 qui
791 2548 956 2607 fortis
976 2554 1067 2609 est
1086 2555 1516 2622 propugnator,
1546 2557 1602 2607 et
1625 2551 1863 2608 vincula
1895 2558 1996 2608 tua
2015 2553 2143 2624 qui.
2249 2565 2406 2618 rum,
2437 2550 2580 2619 quia
2604 2550 2762 2609 dura
2788 2561 2811 2620 ,'
2859 2550 3009 2607 dum
3041 2548 3377 2607 Barabbam
3427 2549 3715 2605 latronem
3742 2554 3899 2622 pete-

487 2636 605 2695 bus
628 2642 682 2694 te
711 2637 920 2695 fratres
947 2636 1286 2706 ligaverunt
1313 2638 1588 2694 absoluta
1614 2658 1640 2694 s
1660 2646 1749 2696 ml
1777 2641 2140 2713 etdisrupta,
2248 2644 2397 2708 rent,
2421 2643 2478 2696 et
2502 2638 2833 2711 principem
2859 2638 2994 2693 vitae
3023 2636 3498 2708 cruciﬁgendum
3515 2637 3903 2711 postularent.

488 2732 554 2785 ut
584 2742 657 2785 ex
696 2731 796 2784 tuo
823 2727 1049 2785 semine
1096 2727 1284 2785 tribus
1332 2734 1613 2785 nascatur
1645 2729 1921 2801 Epliraim
1952 2730 2139 2803 fortis,
2255 2730 2522 2791 Dividam
2547 2744 2643 2786 eos
2673 2731 2737 2785 in
2755 2727 2965 2791 Jucob,
2997 2735 3050 2787 et
3080 2729 3420 2799 dispergam
3447 2729 3587 2789 illos
3617 2730 3908 2797 inIsraet,

488 2819 547 2873 et
583 2815 830 2887 stabilis,
862 2820 921 2875 et
946 2816 1135 2875 instar
1160 2815 1378 2889 lapidis
1403 2816 1657 2875 durioris
1687 2817 1925 2886 invicta,
1957 2818 2142 2893 impe-
2251 2817 2395 2890 quia
2419 2817 2693 2873 nonnulli
2719 2833 2795 2877 ex
2821 2816 2965 2888 ipsis
2994 2817 3390 2886 crediderunt,
3417 2816 3673 2888 quidam
3700 2818 3765 2875 in
3779 2818 3915 2874 inti-

486 2920 632 2960 rans
653 2920 896 2978 quoque
921 2904 1130 2997 decem
1159 2904 1436 2997 tribubus
1460 2905 1654 2960 lsracl.
2169 2941 2212 2997 ϐ
2254 2906 2490 2997 delitate
2514 2910 2993 2979 permanserunt.
3026 2905 3307 2997 Dicuntur
3328 2904 3487 2997 enim
3508 2904 3770 2997 divisi‘hi
3799 2907 3918 2997 qui

559 2996 727 3055 Vens.
756 2995 1261 3067 27.——Benjamin
1289 2996 1485 3065 lupum
1506 3011 1723 3067 rapax,
1758 3012 1932 3055 mane
1959 3013 2142 3059 come-
2177 2990 2211 3005 τ
2254 2996 2333 3053 ab
2361 2996 2446 3053 eis
2490 3000 2846 3068 separantur
2890 3000 2947 3053 et
3002 2993 3243 3053 veniunt
3290 2992 3367 3047 ad
3397 2990 3602 3049 ﬁdem.
3637 2992 3912 3064 Dispersi

488 3084 579 3141 dit
596 3084 897 3155 praedam,
919 3089 975 3143 et
997 3099 1233 3155 vespere
1254 3084 1479 3141 dividet
1496 3087 1704 3156 spolia.
1728 3086 1960 3151 Quiadc
1989 3088 2142 3145 Pau—
2253 3089 2475 3152 autem,
2508 3100 2766 3157 quorum
2788 3082 2976 3155 patria
3006 3082 3345 3153 temploque
3360 3079 3673 3148 subverso,
3689 3097 3800 3153 per
3816 3098 3919 3140 Ol"

486 3170 545 3230 lo
576 3171 853 3246 apostolo
878 3172 1369 3233 manifestissima
1393 3173 1467 3230 sit
1496 3174 1827 3246 prophetia,
1861 3176 2145 3237 omnibus
2250 3173 2394 3234 hem
2424 3177 2591 3231 terrte
2609 3171 2982 3231 incredulum
3003 3185 3193 3239 genus
3222 3169 3543 3242 spargitur.

487 3265 651 3332 patet
676 3260 842 3334 quod
871 3262 932 3319 in
970 3260 1374 3319 adolescentia
1402 3268 1748 3334 persecutus
1795 3263 2143 3335 Ecclesiam,
2320 3263 2495 3329 Iuda,
2525 3268 2581 3319 te
2611 3262 2946 3321 laudabunt
2975 3260 3198 3329 fratres
3218 3260 3325 3315 tui.
3359 3258 3468 3315 Per
3497 3259 3658 3314 hunc
3686 3258 3914 3318 ludam

486 3350 550 3405 in
581 3353 882 3405 senectute
896 3349 1254 3420 praedicator
1272 3350 2146 3419 Evangeliiiucrit.Hrbraeiau-
2252 3367 2427 3408 verus
2456 3352 2766 3409 confessor
2793 3348 3142 3421 exprimitur
3180 3348 3465 3419 Christus,
3500 3348 3608 3419 qui
3655 3363 3731 3405 ex
3777 3350 3913 3420 ejus

490 3441 611 3493 tem
632 3435 712 3493 ita
737 3436 1035 3501 dixerunt,
1052 3436 1259 3507 altare,
1281 3438 1341 3492 in
1371 3453 1493 3513 quo
1520 3438 1993 3499 immolabantur
2013 3443 2147 3499 hos-
2253 3440 2411 3498 tribu
2441 3440 2774 3499 secundum
2801 3454 3045 3495 carnem
3075 3443 3166 3493 est
3194 3438 3674 3509 genitumlpsum
3698 3437 3911 3496 lauda-

489 3524 603 3592 tiae,
637 3528 693 3581 et
723 3524 1100 3585 victimarum
1120 3526 1367 3597 sanguis
1381 3526 1464 3582 ad
1490 3526 1704 3583 basem
1725 3528 1911 3601 ipsius
1937 3530 2145 3589 funde-
2254 3528 2405 3594 bunt
2433 3528 2641 3587 fratres
2672 3528 2787 3595 sui,
2846 3526 3100 3601 apostoli
3134 3526 3356 3583 scilicet
3382 3531 3440 3583 et
3466 3541 3680 3582 omnes
3708 3528 3905 3584 cohae-

485 3613 682 3681 batur,
713 3613 778 3671 in
804 3619 972 3687 parte
985 3614 1172 3672 tribus
1196 3614 1501 3686 Benjamin
1518 3614 1645 3672 fuit.
1666 3616 1810 3688 Hoc,
1841 3617 2140 3693 inquiunt,
2251 3617 2424 3674 redes
2450 3617 2602 3689 ejus,
2632 3618 2735 3693 qui
2766 3632 2873 3689 per
2915 3615 3307 3688 adoptionem
3350 3614 3453 3671 ﬁlii
3480 3618 3603 3672 Deo
3642 3616 3792 3673 Patri
3821 3616 3901 3670 ef-

488 3719 631 3776 ergo
661 3703 1007 3776 signiﬁcans
1027 3704 1193 3779 quod
1237 3704 1579 3763 sacerdotes
1612 3705 1926 3765 immolent
1964 3725 2143 3766 mane
2252 3707 2388 3766 fecti
2417 3711 2576 3778 sunt,
2606 3711 2666 3764 et
2687 3706 3130 3765 Christifratres
3149 3705 3342 3767 effecti
3362 3705 3905 3779 pergratiam,quov

485 3794 732 3861 hostias,
758 3793 837 3853 ad
858 3810 1173 3871 vesperam
1198 3794 1467 3853 dividant
1492 3811 1563 3857 ea
1587 3811 1724 3870 quas
1754 3796 1867 3855 sibi
1894 3814 1933 3856 a
1948 3814 2143 3873 popu-
2250 3813 2387 3857 rum
2414 3797 2543 3871 ipse
2570 3802 2659 3854 est
2686 3797 2971 3854 Dominus
3000 3811 3107 3869 per
3129 3801 3430 3853 naturam.
3462 3797 3679 3853 Manus
3703 3802 3825 3852 tum
3844 3799 3913 3853 in

481 3881 544 3940 lo
562 3898 637 3943 ex
664 3882 795 3953 lege
826 3882 1072 3941 collecta
1098 3887 1256 3953 sunt,
1287 3882 1501 3956 lupum
1539 3886 2021 3956 sanguinarium,
2050 3888 2143 3949 lu-
2252 3888 2578 3947 cervicibus
2606 3889 2985 3944 inimicorum
3015 3892 3278 3943 tuorum.
3308 3884 3500 3943 Isdem
3518 3885 3684 3947 enim
3709 3886 3915 3942 mani~

482 3984 923 4042 pumvoracem
935 3986 1115 4045 super
1127 3970 1818 4046 altarisinterpretatione
1830 3980 2141 4050 ponentes,
2248 3979 2385 4043 bus,
2425 3978 2489 4035 id
2511 3984 2604 4037 est
2640 3978 2833 4035 crucis
2863 3982 3109 4049 tropum,
3131 3982 3188 4033 et
3217 3992 3359 4033 suos
3388 3976 3595 4033 texitet
3608 3976 3917 4049 inimicos,

480 4059 879 4134 etspoliorum
895 4061 1244 4129 divisionem
1263 4078 1445 4136 super
1457 4063 1888 4130 sacerdotibus,
1905 4066 2010 4140 qui
2027 4083 2144 4129 ser~
2250 4073 2306 4126 et
2352 4068 2731 4129 adversaries
2762 4071 3085 4139 potestates
3115 4065 3408 4132 curvavit,
3453 4065 3625 4136 juxta
3651 4066 3828 4138 quod
3856 4073 3924 4125 et

480 4145 706 4207 vientes
717 4148 1185 4209 altarivivuntde
1197 4148 1387 4207 altari.
1404 4153 1537 4209 Haec
1558 4156 1759 4211 autem
1772 4153 2064 4215 historice.
2248 4159 2417 4214 Pater
2441 4156 2713 4229 promisit
2741 4155 2793 4213 ei
2822 4155 3062 4212 dicens:
3084 4155 3334 4212 Sedead
3356 4154 3668 4211 dexteram
3690 4170 3916 4227 meatu,

557 4236 901 4309 Spiritaliter
920 4242 1123 4297 autem
1145 4237 1206 4294 in
1224 4238 1431 4300 Ruben
1450 4239 1662 4312 prioris
1679 4241 1885 4315 populi
1905 4242 2141 4303 Judaeo-
2167 4299 2210 4315 ἢ
2251 4247 2436 4307 donec
2459 4262 2684 4315 ponam
2729 4246 2999 4301 inimicos
3030 4249 3161 4299 tuos
3184 4244 3514 4299 scabellum
3540 4243 3750 4312 pedem
3781 4250 3924 4302 tuo.

481 4299 618 4381 rum
647 4324 981 4385 ostendisse
1002 4342 1348 4400 personam,
1511 4344 1550 4385 a
1575 4299 1827 4387 Domino
1873 4346 1980 4405 per
2000 4347 2138 4404 pro-
2167 4299 2215 4365 ιλ
2873 4335 2950 4405 2).
2998 4364 3073 4405 _—
3096 4332 3461 4388 Adorabunt
3489 4299 3684 4401 teﬁlii

476 4413 727 4486 phetam
755 4412 969 4473 dicitur
998 4431 1014 4470 ι
1041 4414 1235 4472 Israel
1255 4418 1691 4486 primogenitus
1705 4433 1886 4475 meus.
1907 4418 2137 4477 Etenim
2250 4426 2343 4483 tui
2370 4441 2384 4491 ;
2428 4424 2720 4497 quoniam
2744 4424 2915 4479 multi
2962 4439 3035 4478 ex
3063 4422 3199 4478 filiis
3230 4420 3416 4477 Jacob
3459 4421 3714 4477 adorent
3740 4436 3926 4494 eum,

472 4503 649 4575 juxta
671 4502 840 4580 quod
856 4503 1828 4579 primogenitisdebebatur,ipsius
1840 4513 1965 4564 erat
1988 4510 2139 4567 acci-
2246 4529 2354 4587 per
2376 4513 2724 4571 electionem
2746 4514 2949 4584 gratia;
2976 4511 3123 4568 salvi
3143 4510 3567 4571 ἱαοιίβαιαιας
3588 4511 3773 4569 leonis
3805 4513 3933 4568 αα-

476 4608 617 4666 pere
632 4594 1034 4653 sacerdotium
1056 4598 1113 4651 et
1132 4594 1671 4665 regnum.Additur
1687 4602 1752 4655 tu
1771 4598 1960 4657 virtus
1983 4614 2131 4668 mea,
2245 4604 2345 4673 da,
2389 4602 2640 4676 quando
2668 4603 2978 4659 nascendo
3027 4599 3314 4674 parvulus
3359 4599 3553 4656 factus
3582 4604 3674 4656 est
3702 4600 3927 4659 nobis.

475 4685 683 4758 utique
706 4686 851 4758 quia
874 4701 948 4742 ex
960 4685 1094 4759 ipso
1127 4685 1308 4743 virtus
1329 4684 1452 4753 Dei,
1481 4684 1587 4759 qui
1615 4692 1706 4747 est
1733 4687 2017 4759 Christus,
2034 4688 2139 4745 ad-
2242 4693 2341 4749 Ad
2369 4692 2661 4762 praedam.
2681 4693 2777 4761 ﬁli
2803 4693 2903 4763 mi,
2932 4690 3272 4757 ascendisti,
3290 4688 3353 4744 id
3381 4693 3470 4745 est
3489 4687 3837 4746 ascendens
3860 4692 3934 4750 in

472 4773 975 4836 venit.0uomodo
993 4775 1335 4849 autemipse
1352 4775 1427 4832 sit
1446 4776 1808 4853 principium
1829 4778 2132 4848 dolorum,
2244 4796 2504 4846 crucem,
2538 4780 2806 4853 captivos
2850 4778 3106 4852 populos
3152 4776 3476 4843 redemisti,
3522 4781 3582 4833 et
3624 4792 3790 4849 quos
3822 4779 3937 4838 ille

474 4857 592 4915 nisi
616 4858 927 4917 dumPatri
946 4865 1065 4925 Deo
1088 4880 1326 4937 semper
1348 4865 1639 4936 irrogaret
1660 4867 2135 4939 injuriam,dum
2243 4871 2577 4931 contrarius
2606 4870 2925 4936 invaserat,
2961 4873 3024 4924 tu
3052 4865 3315 4924 moriens
3342 4865 3937 4940 eripuisti.Deniqug

474 4952 781 5004 convertat
806 4948 887 5005 ad
909 4963 1051 5005 eum
1081 4950 1332 5009 dorsum
1351 4960 1409 5010 et
1431 4971 1554 5015 non
1577 4955 1945 5017 faciemﬂste
1958 4961 2134 5027 prior
2239 4961 2477 5019 rediens
2506 4960 2588 5017 ab
2621 4957 2826 5016 inferis
2883 4954 3208 5013 ascendisti
3244 4954 3305 5010 in
3334 4954 3548 5024 altum,
3599 4953 3937 5026 captivam

470 5036 536 5091 in
566 5035 759 5103 donis,
789 5035 936 5108 quia
979 5037 1245 5108 primum
1291 5040 1438 5111 ipsis
1469 5043 1693 5101 credita
1724 5049 1863 5101 sunt
1892 5044 2132 5116 eloquia
2238 5047 2462 5105 duxisti
2485 5045 3309 5117 captivitatemJtequiescens
3332 5043 3670 5100 accubuisti
3699 5048 3767 5098 ut
3806 5046 3934 5104 leo.

470 5122 594 5191 Dei,
615 5127 674 5180 et
690 5122 1075 5195 legislatio,et
1094 5130 1537 5200 testamentum,
1560 5132 1681 5189 sive
1706 5131 2133 5205 promissio.ls~
2238 5134 2705 5191 Manifestissime
2725 5135 2788 5190 in
2815 5132 3094 5204 passione
3119 5133 3384 5189 Christus
3402 5131 3700 5200 recubuit,
3714 5148 3942 5204 quan.

469 5214 526 5270 te
538 5214 737 5283 major
761 5212 1035 5284 imperio,
1065 5214 1267 5287 utique
1302 5232 1413 5288 pro
1445 5218 1864 5290 magnitudine
1887 5218 2126 5292 virium,
2235 5222 2315 5279 do
2345 5224 2637 5279 inclinato
2666 5221 3131 5291 capitetradidit
3153 5224 3435 5291 spiritum
3461 5238 3476 5278 :
3503 5222 3628 5279 sive
3656 5227 3940 5295 quando

467 5300 614 5375 quia
641 5301 899 5375 copiosis
923 5303 1153 5361 caeteris
1181 5303 1244 5360 in
1270 5303 1388 5361 hoc
1417 5305 1636 5363 saeculo
1664 5307 1928 5379 populus
1964 5307 2129 5375 idem
2233 5312 2297 5373 in
2322 5312 2600 5385 sepulcro
2624 5327 2895 5384 securus,
2922 5310 3086 5369 velut
3102 5312 3378 5385 quodam
3392 5311 3663 5385 corporis
3687 5327 3938 5375 somno

466 5390 760 5461 regnavit.
786 5391 1033 5464 Effusas
1061 5399 1146 5451 est
1177 5398 1375 5453 autem
1409 5394 1561 5451 sicut
1601 5410 1783 5467 aqua,
1814 5398 2125 5468 peccando
2232 5402 2476 5475 quievit.
2528 5401 2646 5459 Sed
2690 5416 2879 5474 quare
2932 5407 3001 5461 ut
3062 5402 3150 5460 leo
3201 5406 3257 5459 et
3311 5401 3470 5459 velut
3514 5402 3760 5459 catulus
3802 5406 3942 5465 leo.

466 5480 531 5536 in
557 5480 808 5538 Christo.
843 5483 984 5548 Quae
1005 5483 1249 5540 vasculo
1270 5499 1394 5541 non
1426 5488 1673 5553 tenetur,
1698 5484 2022 5547 voluntatis
2048 5488 2129 5550 εἰ·
2232 5492 2324 5547 nis
2351 5493 2380 5546 Ρ
2439 5494 2503 5548 In
2552 5507 2769 5549 somno
2796 5491 2962 5549 enim
3008 5507 3120 5549 suo
3163 5490 3259 5548 leo
3299 5490 3428 5562 fuit,
3477 5489 3625 5562 quia
3653 5505 3785 5549 non
3820 5510 3915 5553 ne

464 5570 636 5635 nisus
666 5575 755 5637 est
773 5570 1032 5646 impetu;
1062 5572 1356 5641 «ideirco
1375 5573 1853 5643 additultrauon
1865 5593 2119 5653 armas,
2234 5578 2527 5651 cessitate,
2562 5580 2671 5645 sed
2697 5584 2996 5655 potestate
3033 5581 3151 5643 hoc
3176 5580 3383 5652 ipsum
3427 5578 3726 5652 implevit.
3752 5582 3915 5644 sinu
