4136 6176
245 164 348 219 I37

1611 154 1961 216 comm.
1999 155 2070 212 ιη
2110 152 2269 217 ΟΜΝ,

3537 151 3651 229 ἓὲδ

242 288 365 360 ipse
391 284 537 340 dicit
568 302 581 340 :
610 285 801 342 Nemo
839 287 996 345 tollit
1045 285 1312 342 animam
1360 299 1573 356 meam,
1625 284 1731 341 sed
1784 297 1890 353 ego
1923 283 1969 336 A
2000 278 2180 348 videt,
2212 281 2269 335 et
2296 282 2518 335 terram
2542 275 2858 351 optimam,
2888 290 3031 343 cum
3057 271 3312 347 simplex
3354 273 3650 347 gentilitas

232 391 389 447 pono
418 389 552 430 eam
581 375 779 444 (Joan.
809 393 867 442 ι,
908 377 1013 443 18).
1044 376 1216 438 Quod
1240 391 1384 431 vero
1412 374 1660 440 addidit,
1723 378 1776 429 et
1821 376 1889 426 ut

235 464 471 522 catulus
500 465 709 520 leonis.
742 464 886 520 Inde
910 464 1070 520 enim
1097 468 1373 519 mortuus
1395 468 1481 519 est
1516 462 1678 518 unde
1709 465 1767 518 et
1787 477 1891 516 na-

236 558 350 610 tus.
382 553 545 607 Bene
578 551 845 609 Christus
873 557 935 609 ut
959 552 1053 608 leo
1083 552 1394 625 requievit,
1421 552 1526 625 qui
1552 568 1676 611 non
1693 550 1889 606 solum

234 641 448 697 mortis
479 639 868 697 acerbitatem
895 658 1014 698 non
1050 642 1263 711 timuit,
1296 641 1403 696 sed
1428 642 1605 697 etiam
1643 640 1703 695 in
1755 639 1889 710 ipsa

237 734 432 787 morte
464 730 672 798 mortis
708 731 1030 803 imperium
1059 730 1216 786 vicit.
1253 731 1424 796 Quod
1478 734 1678 787 autem
1725 728 1886 795 dicit,

238 820 383 888 Quis
410 820 723 875 suscitabit
761 835 892 876 eum
923 824 952 875 1?
988 820 1133 892 quia
1179 819 1380 875 nullus
1408 818 1523 874 nisi
1552 818 1677 891 ipse
1698 817 1841 872 dicit
1871 832 1884 870 :

231 910 464 973 Solvite
488 909 775 977 templum
812 908 941 975 hoc,
974 916 1031 965 et
1058 911 1123 964 in
1155 914 1201 964 ιγ
1215 909 1355 964 idae
1380 907 1676 965 suscitabo
1705 905 1883 962 illud.

228 998 439 1055 —..-Non
468 997 709 1065 deﬁciat
738 998 868 1065 dua:
896 998 970 1054 de
995 999 1173 1062 Juda,
1206 1003 1262 1053 et
1291 996 1540 1070 reliqua.
1574 996 1674 1055 Hic
1699 994 1887 1051 mani-

228 1085 553 1143 festissime
581 1085 659 1141 ad
684 1087 713 1139 J
720 1086 905 1141 udam
934 1086 1202 1142 refertur.
1233 1087 1345 1141 Diu
1367 1086 1527 1143 enim
1548 1084 1657 1141 fuit
1706 1101 1777 1140 ex
1801 1099 1889 1138 se-

228 1176 386 1231 mine
418 1174 585 1230 illius
609 1174 965 1233 intemerata
992 1175 1159 1248 apud
1187 1176 1425 1231 ludaeos
1442 1173 1742 1231 successio
1762 1189 1889 1244 reg-

228 1264 305 1331 ni,
336 1263 544 1329 donec
570 1262 832 1329 Christus
860 1269 1220 1331 nasceretur.
1253 1266 1320 1321 Et
1356 1264 1471 1323 hoc
1502 1278 1686 1337 supra
1743 1261 1889 1329 dixi-

228 1368 383 1421 mus.
414 1352 708 1424 Alligans
750 1352 834 1409 ad
872 1353 1107 1423 vineam
1154 1354 1397 1424 pullum
1437 1368 1629 1409 suum.
1690 1350 1886 1419 Pullus

231 1458 368 1496 suus
389 1439 667 1514 populus
695 1445 784 1509 est
807 1456 880 1507 ei;
904 1441 1200 1511 gentibus,
1227 1441 1323 1496 cui
1350 1440 1548 1505 adhuc
1570 1455 1885 1513 nunquam

233 1530 423 1595 fuerat
448 1528 599 1598 legis
624 1545 779 1597 onus
802 1529 1172 1602 impositum.
1234 1533 1399 1592 Hunc
1450 1529 1750 1611 copulavit
1807 1531 1885 1584 ad

1999 366 2222 423 idcirco
2254 367 2332 424 ad
2361 366 2546 422 robur
2597 364 2739 422 boni
2780 364 2979 437 operis
3040 379 3102 418 se
3147 362 3335 435 erigit,
3374 362 3521 439 quia
3570 364 3653 431 ad

2000 460 2235 512 aeternae
2262 455 2394 512 vitae
2420 454 2678 528 patriam
2711 453 2914 515 tendit.
2951 450 3117 508 Unde
3146 450 3327 517 etiam
3376 455 3433 515 et
3473 454 3652 529 ponit

1999 545 2315 609 humerum
2349 560 2523 603 suum
2543 544 2625 602 ad
2642 542 3028 613 portandum,
3062 539 3208 615 quia
3231 539 3379 601 dum
3400 541 3479 607 ad
3507 557 3649 616 pro-

1999 634 2248 691 missam
2277 634 2546 706 requiem
2577 632 2889 705 pervenire
2910 629 3211 701 desiderat
3238 634 3454 697 cuncta
3479 647 3650 701 man-

1998 722 2277 781 datorum
2307 738 2491 779 onera
2517 721 2767 778 libenter
2796 724 3010 793 portat.
3046 719 3210 777 Unde
3249 725 3307 779 et
3329 720 3534 790 factus
3563 726 3648 779 est

1998 810 2238 869 tributis
2263 812 2543 879 serviens,
2575 812 2688 866 hoc
2709 814 2815 878 est,
2849 808 2990 879 Regi
3019 812 3076 864 et
3123 807 3353 875 Christo
3412 824 3523 875 suo
3573 808 3647 865 ﬁ-

1996 898 2093 961 dei
2130 900 2312 968 dona,
2341 915 2714 973 operumque
2745 897 3047 957 bonorum
3078 911 3332 963 munera
3360 895 3643 963 offerens.

2067 991 2331 1047 Zabuton
2360 992 2425 1046 in
2458 992 2659 1046 littore
2684 990 2871 1051 maris
2897 986 3212 1057 habitabit,
3245 991 3299 1053 et
3327 989 3390 1042 in
3440 990 3647 1057 statio-

1992 1094 2072 1139 ne
2099 1081 2368 1139 navium.
2401 1079 2689 1146 Zabulon,
2720 1077 2826 1150 qui
2863 1077 3281 1149 interpretatur
3337 1075 3645 1145 habitam.

1997 1169 2120 1227 tum
2147 1169 2545 1237 fortitudinis,
2578 1168 2898 1225 Ecclesiam
2918 1165 3233 1237 signiﬁcat,
3257 1164 3642 1233 fortissimam

1994 1256 2075 1313 ad
2094 1273 2337 1314 omnem
2369 1257 2745 1314 tolerantiam
2776 1255 3096 1329 passionis.
3144 1256 3280 1311 Haec
3334 1254 3396 1321 in
3447 1254 3641 1323 littore

1994 1345 2179 1403 maris
2203 1347 2450 1416 habitat,
2480 1352 2537 1402 et
2562 1346 2623 1402 in
2645 1346 2895 1403 statione
2924 1344 3173 1413 navium
3204 1363 3219 1411 ;
3254 1348 3317 1411 ut
3358 1343 3643 1402 credenti-

1992 1433 2108 1491 bus
2139 1435 2213 1491 sit
2240 1436 2536 1505 refugium
2563 1440 2620 1491 et
2642 1434 3115 1507 periclitantibus
3154 1433 3529 1503 demonstret
3572 1432 3642 1488 ti-

1993 1524 2091 1583 dei
2116 1531 2376 1597 portum.
2405 1529 2536 1583 Haec
2553 1530 2762 1589 contra
2781 1540 2993 1587 omnes
3018 1524 3283 1589 turbines
3304 1523 3506 1589 saeculi
3532 1522 3642 1591 im-

234 1617 472 1681 vineam
497 1617 933 1690 apostolorum,
964 1618 1066 1691 qui
1096 1634 1166 1674 ex
1192 1618 1411 1675 .llldlElS
1444 1623 1599 1677 sunt.
1626 1619 1783 1685 Nam
1806 1618 1885 1681 υἱ·
1916 1637 1956 1690 Β
1992 1614 2200 1672 mobili
2225 1620 2284 1673 et
2308 1616 2669 1681 inconcussa
2710 1614 2990 1683 ﬁrmitate
3040 1613 3297 1683 solidata
3339 1616 3642 1686 exspectat

230 1722 338 1763 nea
366 1708 621 1768 Domini
649 1707 918 1771 Sabaoth
943 1707 1151 1769 domus
1194 1708 1384 1771 Israel
1414 1713 1497 1765 est
1532 1708 1669 1777 (Isa.
1718 1723 1774 1775 γ,
1805 1710 1880 1778 7).

229 1797 371 1853 —Et
393 1796 484 1852 ad
506 1798 685 1864 vitem
711 1797 943 1861 asinam
968 1811 1157 1855 Suam.
1197 1800 1325 1871 Ipse
1360 1795 1507 1851 dixit
1529 1813 1541 1855 :
1601 1796 1729 1866 Ego
1754 1811 1883 1852 sum

232 1886 355 1952 vitis
386 1900 541 1953 vera
575 1884 774 1954 (Joan.
806 1896 915 1959 xv,
943 1889 1011 1954 l).
1044 1883 1134 1940 Ad
1163 1885 1319 1953 hanc
1344 1901 1487 1954 ergo
1536 1883 1714 1949 vitem
1738 1883 1885 1963 {alli-

232 1981 324 2045 gat
351 1975 599 2041 asinam
630 1989 828 2044 suam,
863 1974 1249 2045 Syuagogam
1294 1973 1701 2046 tardigradam
1736 1973 1882 2040 scili-

236 2067 337 2131 cet,
364 2067 424 2129 et
452 2062 623 2131 gravi
651 2060 802 2131 legis
833 2060 1098 2135 pondere
1125 2062 1500 2134 depressam.
1536 2062 1791 2127 Lavabit
1818 2064 1879 2117 in

241 2154 363 2215 vino
386 2152 612 2219 stolam
639 2165 832 2213 suam,
872 2150 993 2205 sive
1019 2166 1263 2206 carnem
1290 2167 1485 2218 suam,
1509 2151 1569 2207 in
1591 2151 1881 2222 sanguine

244 2240 526 2323 passionis
564 2257 578 2309 ;
609 2238 733 2294 sive
756 2243 1028 2305 sanctam
1058 2239 1404 2314 Ecclesiam,
1427 2239 1526 2295 illo
1557 2240 1694 2295 vino
1724 2242 1882 2317 quod

250 2343 352 2396 pro
370 2330 568 2390 muttis
594 2328 943 2400 e/fundetur
970 2329 1031 2383 in
1054 2330 1450 2397 remissionem
1476 2335 1877 2401 peccatorum.

252 2417 388 2473 -Et
417 2418 474 2473 in
497 2419 795 2488 sanguine
824 2432 953 2477 uvae
970 2419 1232 2487 pallium
1261 2434 1453 2473 suum.
1474 2417 1725 2485 Pallium
1743 2432 1883 2488 gen-

246 2508 320 2571 tes
347 2512 508 2579 sunt,
539 2523 695 2579 quas
728 2506 967 2579 corpori
998 2523 1107 2561 suo
1133 2506 1349 2579 junxit,
1384 2507 1533 2565 sicut
1558 2506 1833 2575 scribitur
1867 2524 1879 2562 :

251 2595 379 2659 Vivo
407 2611 539 2666 ego,
566 2596 722 2652 dixit
754 2596 1065 2665 Dominus,
1097 2595 1210 2650 nisi
1235 2595 1349 2651 hoc
1380 2611 1590 2661 omnes
1630 2595 1883 2661 induam

237 2684 379 2739 sicut
406 2684 858 2747 vestimentum,
891 2683 1281 2743 Pulchriores
1330 2686 1493 2740 oculi
1536 2688 1662 2756 ejus
1723 2687 1881 2741 vino.

236 2773 397 2828 Oculi
422 2773 638 2830 Christi
663 2772 921 2846 apostoli
959 2777 1095 2827 sunt
1119 2779 1173 2828 et
1199 2773 1594 2843 evangelistte,
1643 2775 1746 2847 qui
1791 2774 1883 2828 lu-

233 2878 370 2917 men
400 2862 665 2931 scientia
710 2861 985 2918 Ecclesiae
1030 2866 1358 2934 praestant:
1413 2879 1674 2936 quorum
1730 2880 1885 2936 prae-

231 2956 405 3045 cepta
434 2950 844 3007 austeritatem
864 2951 983 3006 vini
1014 2951 1224 3022 priscae
1246 2951 1391 3020 legis
1417 2952 1885 3025 superant,quia
1915 2989 1956 3045 Ο

233 3038 405 3110 longe
431 3039 693 3095 clariora
718 3043 857 3094 sunt
884 3056 1069 3112 quam
1104 3041 1318 3095 Veteris
1348 3042 1701 3097 Testamenti
1718 3057 1886 3097 man-

230 3128 395 3185 data.
420 3129 499 3184 Et
528 3129 734 3184 dentes
765 3130 919 3184 tacte
954 3129 1350 3185 candidiores.
1386 3132 1597 3186 Dentes
1625 3146 1885 3203 praecep-

231 3220 389 3273 tores
421 3221 571 3271 sunt
602 3217 808 3279 sancti,
829 3216 933 3289 qui
957 3216 1294 3290 praecidunt
1323 3217 1401 3274 ab
1428 3219 1728 3274 erroribus
1774 3220 1884 3274 ho-

228 3306 456 3371 mines,
478 3308 542 3360 et
570 3320 677 3359 eos
703 3305 868 3376 quasi
898 3306 1272 3363 comedendo
1301 3309 1363 3362 in
1394 3306 1606 3362 Christi
1665 3323 1884 3379 corpus

228 3397 653 3451 transmutant
682 3393 863 3464 [Cod.,
892 3394 1338 3469 transmittunt].
1381 3395 1629 3451 Nomine
1685 3401 1886 3451 autem

237 3484 419 3541 lactis
446 3481 721 3538 doctrina
749 3482 893 3553 legis
943 3484 1334 3554 signiﬁcatur,
1390 3502 1527 3558 quae
1583 3484 1882 3541 carnalem

238 3572 529 3644 populum
552 3576 845 3644 tanquam
868 3573 1150 3646 parvulos
1181 3573 1399 3646 poculo
1442 3573 1610 3630 lactis
1668 3573 1883 3629 alebat.

247 3660 421 3730 Cujus
445 3660 693 3733 quidem
720 3661 1100 3718 candidiores
1125 3661 1315 3718 eﬂ'ecti
1364 3668 1505 3719 sunt
1533 3663 1884 3736 praedicato-

255 3761 355 3800 res
376 3748 652 3819 Ecclesiae,
684 3750 834 3822 quia
861 3750 1075 3806 fortem
1107 3756 1164 3807 et
1187 3750 1454 3808 validum
1493 3752 1656 3809 verbi
1683 3752 1886 3807 cibum

268 3835 542 3891 mandunt
562 3844 740 3911 atque
766 3838 1137 3905 distribuunt
1163 3858 1176 3908 ;
1205 3839 1279 3895 de
1305 3840 1526 3913 quibus
1545 3840 1687 3899 dicit
1702 3847 1890 3913 Apos-

263 3922 405 3980 tolus
428 3924 486 3981 in
510 3927 776 3999 Epistola
804 3928 885 3984 ad
899 3928 1210 3985 Hebraeos:
1245 3931 1660 4000 Per/actorum
1687 3936 1886 3986 autem

247 4019 329 4068 est
350 4016 571 4071 solidus
594 4018 760 4073 cibus
784 4018 990 4090 (Hebr.
1022 4034 1081 4089 v,
1116 4023 1167 4084 l,
1189 4020 1264 4091 4).
1302 4021 1365 4074 Et
1392 4019 1545 4075 bene
1584 4018 1889 4075 candidio-

234 4118 328 4158 res
353 4102 505 4161 lacte
536 4105 746 4162 dentes
776 4107 907 4178 ejus
936 4106 1095 4163 dicit.
1130 4110 1350 4164 Omnes
1375 4107 1536 4165 enim
1592 4108 1696 4180 qui
1752 4124 1887 4181 per-

233 4191 363 4249 fecti
387 4200 555 4257 sunt,
589 4199 648 4251 et
673 4195 778 4268 qui
806 4196 1246 4269 Scripturarum
1277 4196 1443 4253 cibos
1473 4197 1886 4269 explanantes,

234 4282 523 4340 subtilem
548 4287 608 4339 et
636 4285 937 4341 minutum
962 4285 1345 4355 intellectum,
1368 4288 1473 4359 qui
1503 4286 1784 4359 spiritalis
1803 4286 1889 4341 di-

1992 1702 2377 1775 naufragium
2406 1705 2769 1773 ludteorum,
2802 1709 2860 1760 et
2881 1703 3293 1767 haereticorum
3322 1702 3639 1776 procellas,

1988 1794 2095 1866 qui
2124 1795 2622 1853 circumferuntur
2646 1794 2812 1851 omni
2842 1797 3020 1855 vento
3049 1810 3061 1859 ;
3087 1809 3348 1866 quorum
3363 1792 3476 1861 etsi
3504 1798 3639 1862 tun.-

1989 1883 2149 1939 ditur
2166 1883 2466 1952 ﬂuctibus,
2496 1884 2716 1954 frangit
2742 1889 2947 1943 tamen
2983 1882 3175 1956 ipsius
3226 1882 3463 1951 ﬂuctus,
3514 1897 3642 1953 non

1990 1972 2304 2042 frangitur,
2336 1988 2446 2029 nec
2475 1973 2635 2030 illius
2662 1974 2959 2031 haereseos
2979 1972 3437 2045 tempestatibus
3459 1973 3638 2044 cedit,

1989 2061 2223 2127 neeulli
2253 2066 2431 2119 vento
2472 2062 2868 2120 schismatum
2918 2065 3224 2123 commota
3276 2060 3636 2129 succumbit.

1989 2149 2300 2206 Pertendit
2330 2154 2528 2211 autem
2560 2165 2742 2221 usque
2770 2151 2851 2207 ad
2879 2150 3179 2218 Sidonem,
3198 2149 3313 2206 hoc
3333 2154 3639 2225 estusque

1988 2236 2070 2294 ad
2098 2240 2302 2307 gentes
2330 2238 2616 2311 pervenit.
2678 2237 2913 2307 Legitur
2964 2236 3142 2299 etiam
3201 2236 3263 2302 in
3313 2235 3638 2305 Evangelia

1984 2324 2129 2382 inde
2153 2331 2499 2398 assumptus
2524 2325 2758 2398 aliquos
2788 2324 3222 2398 apostolorum,
3268 2327 3327 2389 et
3376 2323 3437 2391 in
3491 2322 3639 2396 ipsis

1987 2413 2136 2470 locis
2170 2414 2490 2475 Dominum
2520 2429 2679 2487 saepe
2701 2414 2996 2481 docuisse,
3021 2412 3172 2477 sicut
3189 2412 3480 2486 scriptum
3507 2416 3636 2479 est:

1999 2507 2185 2563 Terra
2233 2506 2525 2573 Zabulon,
2554 2512 2610 2561 et
2654 2510 2819 2563 terra
2854 2503 3270 2575 Nephthalim,
3316 2505 3416 2565 via
3454 2504 3641 2572 maris

1992 2601 2163 2652 trans
2191 2595 2517 2653 Iordanem
2551 2596 2823 2654 Galilaeae
2852 2595 3141 2667 gentium.
3187 2594 3482 2664 Populus,
3536 2593 3645 2664 qui

1989 2685 2223 2741 sedebat
2254 2686 2317 2740 in
2344 2685 2617 2753 tenebris,
2657 2685 2807 2742 vidit
2849 2686 3040 2745 lucem
3070 2698 3352 2754 magnam
3379 2684 3522 2751 (Isa.
3556 2697 3640 2751 ix.

1997 2774 2148 2846 1,2).

2059 2865 2196 2920 Dan
2198 2867 2234 2934 j
2240 2864 2505 2921 udicabit
2520 2864 2813 2934 populum
2833 2878 3030 2931 suum,
3053 2864 3209 2921 sicut
3235 2866 3292 2920 et
3309 2862 3437 2921 alia
3450 2862 3643 2926 tribus

1991 2953 2202 3009 Israel.
2230 2953 2369 3009 Fiat
2400 2955 2536 3010 Dan
2567 2954 2810 3009 coluber
2836 2953 2900 3009 in
2926 2954 3045 3022 via,
3073 2957 3131 3011 et
3158 2957 3412 3015 cerastes
3450 2953 3514 3013 in
3553 2967 3644 3010 se.-

1992 3044 2162 3111 mita,
2192 3048 2301 3098 etc.
2335 3041 2447 3097 Alii
2477 3042 2685 3098 dicunt
2712 3040 3141 3099 Antichristum
3163 3057 3272 3114 per
3300 3042 3428 3097 haec
3458 3040 3644 3102 verba

1993 3131 2238 3202 praedici
2264 3131 2338 3187 de
2358 3131 2471 3187 ista
2498 3132 2658 3187 tribu
2686 3131 2954 3186 futurum
2983 3148 2997 3198 ;
3028 3131 3129 3187 alii
3152 3130 3229 3186 de
3256 3130 3428 3197 Iuda,
3456 3146 3493 3188 a
3517 3145 3643 3203 que

1994 3221 2245 3278 traditus
2271 3224 2362 3275 est
2386 3221 2677 3283 Christus,
2708 3221 2836 3275 haec
2868 3218 3087 3291 scripta
3124 3217 3536 3292 pronuntiant,
3584 3222 3645 3279 ﬁt

1993 3311 2255 3383 equitem
2278 3312 2458 3381 atque
2488 3324 2713 3380 equum
2728 3307 3052 3365 Dominum
3083 3324 3222 3364 cum
3244 3322 3424 3364 carne
3445 3322 3647 3367 susce-

1992 3405 2096 3472 pta
2122 3398 2437 3468 designare
2463 3397 2684 3453 volunt.
2715 3400 3058 3454 Retrorsum
3086 3400 3291 3455 uitem
3319 3395 3556 3466 cadere,
3578 3399 3647 3473 ut

1992 3490 2054 3544 in
2080 3493 2297 3544 terram
2328 3491 2717 3544 reverteretur
2744 3486 2905 3543 unde
2929 3491 3206 3559 sumptus
3238 3484 3470 3543 est.Sed
3496 3501 3647 3559 quo:

1993 3578 2158 3633 niam
2201 3577 2297 3635 die
2326 3577 2495 3633 tertia
2546 3576 2882 3642 resurrexit,
2931 3576 3187 3648 ideoque
3230 3576 3312 3633 ait
3355 3576 3646 3635 Saluiam

1994 3674 2164 3723 tuum
2195 3666 2567 3736 exspectabo,
2598 3668 2868 3721 Domine.
2899 3664 3059 3721 Sicut
3099 3670 3157 3720 et
3175 3679 3283 3737 per
3310 3664 3501 3721 David
3551 3664 3644 3723 di.-

1995 3758 2071 3812 cit
2103 3758 2278 3812 :Non
2308 3757 2682 3827 derelinquas
2734 3755 2998 3811 animam
3051 3769 3242 3811 meam
3285 3756 3350 3811 in
3401 3753 3645 3824 inferno

1996 3846 2180 3917 (Psal.
2210 3861 2311 3914 xv,
2347 3847 2455 3911 tO).
2489 3847 2618 3898 Haec
2649 3842 2899 3915 quidam
2924 3842 3007 3898 ita
3026 3847 3354 3914 exponunt.
3374 3841 3645 3899 Aliivero

1993 3933 2149 3990 hanc
2187 3931 2564 4005 prophetiam
2594 3930 2674 3986 ad
2700 3930 3124 3986 Antichristum
3150 3930 3533 3987 transferunt.
3561 3931 3647 3989 De

1992 4023 2154 4078 tribu
2184 4021 2343 4077 enim
2374 4022 2500 4077 Dan
2528 4019 2730 4076 venire
2757 4019 3184 4076 Antichristum
3213 4018 3411 4087 ferunt
3437 4035 3547 4092 pro
3573 4035 3646 4078 eo

1994 4110 2163 4184 quod
2181 4111 2298 4166 hoc
2324 4109 2457 4166 loco
2479 4111 2606 4166 Dan
2634 4114 2690 4165 et
2709 4108 2952 4166 coluber
2971 4109 3253 4165 asseritur
3267 4114 3325 4165 et
3345 4108 3644 4167 nwrdens.

1999 4198 2163 4256 Unde
2193 4203 2394 4255 etnon
2421 4197 2742 4267 immerito,
2773 4196 2921 4253 dum
2975 4196 3330 4265 lsraeliticus
3380 4196 3647 4271 populus

1998 4292 2215 4344 terram
2242 4287 2305 4343 in
2334 4294 2666 4343 castrorum
2699 4285 3015 4359 partitione
3038 4286 3387 4360 susciperet,
3412 4288 3648 4359 primus

230 4372 394 4441 citur,
460 4371 747 4429 Ecclesiae
804 4374 1039 4446 corpori
1116 4374 1592 4441 subministrant,
1647 4375 1889 4431 candidi
1914 4371 1959 4394 ”
1999 4380 2125 4434 Dan
2149 4378 2225 4433 ad
2251 4376 2597 4449 aquilonem
2622 4380 2823 4432 castra
2864 4380 3122 4434 metatus
3178 4380 3270 4433 est
3322 4375 3496 4432 illum
3539 4374 3651 4433 sci.-

228 4477 353 4519 esse
384 4462 629 4519 debent
651 4469 708 4519 et
731 4464 887 4536 puri,
918 4469 1097 4537 atque
1118 4465 1196 4521 ab
1238 4465 1404 4520 omni
1430 4465 1668 4521 macula
1696 4464 1887 4520 liberi.

288 4553 566 4610 Isachar
584 4553 789 4608 asinus
815 4554 1013 4623 fortis.
1048 4554 1308 4620 Isachar,
1340 4554 1447 4627 qui
1475 4554 1892 4628 interpretatur

228 4657 472 4715 merces,
508 4641 593 4697 ad
612 4642 909 4715 populum
928 4643 1216 4714 gentium,
1244 4659 1429 4715 quem
1445 4644 1732 4700 Dominus
1757 4659 1892 4699 san.-

226 4732 416 4801 guim's
449 4730 559 4786 sui
584 4732 777 4803 pretio
804 4737 1103 4788 mercatus
1129 4732 1255 4803 [est,
1288 4732 1575 4805 refertur].
1610 4733 1715 4789 Hic
1768 4735 1889 4791 ιεαε-

226 4820 362 4877 cbar
387 4821 624 4878 asinus
651 4820 819 4877 fortis
848 4821 1146 4889 scribitur,
1177 4822 1322 4895 quia
1342 4822 1508 4895 prius
1530 4822 1762 4893 gentilis
1785 4838 1891 4894 po-

222 4910 423 4980 pulus,
462 4908 658 4982 quasi
684 4908 929 4965 brutum
960 4910 1188 4967 animal
1219 4916 1274 4967 et
1314 4911 1691 4969 luxuriosum
1745 4914 1890 4977 erat,

219 4998 530 5073 nullaque
554 4998 785 5055 ratione
810 4998 1144 5058 subsistens
1174 5019 1188 5070 ;
1217 5016 1380 5057 nunc
1404 5017 1545 5058 vero
1571 5000 1735 5058 fortis
1778 5004 1889 5072 est,

218 5088 657 5163 Redemptoris
687 5087 958 5144 dominio
981 5088 1134 5146 colla
1176 5090 1518 5162 subjiciens,
1570 5097 1627 5148 et
1672 5093 1892 5164 jugum

218 5176 573 5252 disciplinae
598 5177 963 5248 evangelicae
991 5179 1313 5251 perferens.
1349 5182 1449 5237 Hic
1470 5183 1771 5239 accubans
1802 5185 1893 5239 in:-

217 5271 310 5322 ter
368 5268 677 5325 terminos
728 5267 879 5323 vidit
920 5270 1202 5340 requiem,
1236 5270 1396 5341 quod
1442 5276 1589 5328 esset
1634 5272 1809 5344 bona,
1840 5277 1896 5329 et

217 5360 413 5420 terra,
446 5357 624 5430 quod
642 5357 891 5425 optima.
921 5360 1074 5413 Inter
1103 5359 1392 5414 terminos
1414 5375 1679 5433 namque
1724 5377 1899 5417 accu-

215 5442 366 5503 bare
394 5450 501 5503 est
533 5444 882 5518 prastolato
910 5446 1122 5502 mundi
1152 5447 1271 5505 tina
1298 5448 1697 5521 requiescere,
1729 5448 1902 5506 nihil-

218 5549 339 5606 que
370 5536 459 5592 de
490 5535 589 5591 bis
613 5550 752 5607 quae
771 5549 935 5591 nunc
962 5541 1282 5593 versantur
1307 5538 1367 5593 in
1397 5538 1616 5608 medio,
1675 5556 1904 5612 quaere-

220 5636 303 5687 re,
337 5624 468 5682 sed
498 5623 716 5680 ultima
740 5623 1101 5681 desiderare.
1125 5628 1191 5682 Et
1216 5626 1381 5683 fortis
1405 5627 1614 5685 asinus
1632 5629 1904 5702 requiem

1995 4468 2130 4524 licet
2153 4467 2498 4537 signiﬁcans
2529 4468 2634 4539 qui
2662 4466 2726 4521 in
2755 4465 2935 4522 corde
2988 4483 3097 4522 suo
3126 4465 3358 4521 dixerat
3386 4482 3400 4519 :
3425 4465 3649 4533 Sedabo

1996 4559 2059 4613 in
2093 4562 2291 4614 monte
2333 4556 2688 4624 testamenti,
2723 4558 2787 4611 in
2846 4556 3132 4613 lateribus
3170 4554 3511 4626 Aquilonis,
3556 4567 3652 4609 as.-

1997 4647 2246 4703 cendam
2302 4661 2484 4715 super
2537 4645 2918 4701 altitudinem
2971 4643 3220 4699 nubium
3277 4642 3490 4697 similis
3544 4655 3650 4698 era

1995 4737 2301 4793 Altissimo
2327 4736 2469 4805 (Isa.
2502 4750 2623 4805 xw,
2656 4736 2742 4797 t3)
2771 4735 2853 4787 De
2880 4747 3003 4803 quo
3029 4734 3087 4785 et
3127 4745 3235 4802 per
3289 4728 3652 4803 Prophetam

1995 4824 2209 4879 dicitur
2240 4840 2253 4877 :
2287 4825 2335 4877 Α
2398 4824 2532 4878 Dan
2567 4821 2810 4877 auditus
2852 4819 3132 4890 fremitus
3188 4833 3475 4891 equorum
3523 4821 3653 4890 ejus

1997 4915 2145 4982 (Jer.
2176 4927 2301 4980 vin,
2338 4915 2447 4977 16).
2474 4910 2586 4976 Qui
2606 4924 2732 4965 non
2762 4907 2959 4965 solum
2995 4908 3262 4975 coluber,
3311 4907 3418 4964 sed
3470 4907 3655 4966 etiam

1998 5006 2256 5060 cerastes
2319 5003 2589 5057 vocatur.
2634 4998 2893 5055 Cerastm
2964 4997 3126 5055 enim
3169 4999 3366 5055 Graece
3420 5012 3657 5055 cornua

1998 5089 2297 5157 dicuntur,
2325 5103 2692 5162 serpensque
2712 5087 2809 5143 hic
2825 5089 3112 5143 cornutas
3132 5102 3267 5143 esse
3285 5086 3655 5160 perhibetur.

2000 5182 2111 5236 Per
2162 5195 2346 5253 quem
2397 5177 2580 5249 digne
2626 5175 2919 5237 adventus
2963 5174 3302 5235 Antichristi
3352 5175 3657 5245 assentiar,

2001 5271 2107 5344 qui
2156 5272 2366 5326 contra
2384 5268 2572 5324 vitam
2624 5265 2892 5325 ﬁdelium
2918 5282 3059 5322 cum
3103 5282 3312 5323 morsu
3366 5265 3661 5339 pestifera

2003 5357 2445 5434 praedicationis
2474 5354 2810 5414 armabitur
2859 5355 3041 5412 etiam
3081 5355 3366 5413 cornibus
3395 5359 3662 5428 potestas

2004 5450 2098 5506 tis.
2157 5448 2301 5515 Quis
2351 5451 2554 5505 autem
2617 5443 2843 5502 nesciat
2893 5444 3170 5500 semitam
3250 5442 3664 5514 angustiorem

2011 5555 2138 5594 esse
2166 5554 2354 5611 quam
2378 5536 2540 5593 viam
2566 5536 2595 5591 ‘t
2622 5535 2711 5590 Fit
2754 5548 2898 5604 ergo
2950 5536 3077 5589 Dan
3124 5531 3379 5590 coluber
3428 5531 3491 5588 in
3542 5530 3663 5599 via,

2015 5627 2160 5700 quia
2186 5627 2249 5681 in
2270 5624 2580 5698 prtesentis
2612 5624 2749 5683 vitae
2772 5621 3148 5679 latitudinem
3200 5636 3304 5678 eos
3348 5617 3669 5687 ambulare
