4130 6182
497 134 603 191 239

494 260 807 331 provocat,
840 253 1063 328 quibus
1090 250 1266 323 quasi
1311 246 1621 321 parcendo
1651 243 1977 301 blanditur.
2031 240 2145 299 Sed

495 346 558 403 in
583 338 685 403 via
711 343 966 407 mordet,
996 341 1138 413 quia
1169 355 1271 395 eos
1300 337 1522 410 quibus
1550 335 1881 391 libertatem
1920 331 2140 393 tribuit,

496 435 710 491 erroris
734 432 826 488 sui
854 445 1089 487 veneno
1111 426 1430 484 consumit.
1489 425 1571 481 Fit
1620 425 1834 479 iterum
1889 425 2144 478 cerastes

493 540 555 578 in
583 524 811 587 semita,
837 520 980 593 quia
1002 534 1155 590 quos
1178 514 1385 571 ﬁdeles
1413 513 1630 587 reperit
1658 517 1715 568 et
1735 527 1862 567 sese
1890 511 1969 567 ad
1990 526 2144 581 coep-

493 616 553 668 ta
582 614 838 681 angusta
865 608 1075 663 itinera
1102 604 1595 673 constringentes,
1618 618 1741 657 non
1788 600 1983 656 solum
2036 614 2141 655 ne-

492 701 680 775 quitia
708 696 937 754 callida
967 694 1372 769 persuasionis
1402 692 1651 765 impetit,
1683 689 1786 746 sed
1816 689 1995 745 etiam
2027 692 2139 743 ter-

488 804 620 845 rore
647 785 953 860 potestatis
982 784 1218 857 premit,
1248 781 1384 838 etin
1440 778 1865 853 persecutionis
1917 791 2140 847 angore

489 882 625 950 post
642 873 933 931 beneﬁcia
957 874 1109 929 ﬁcta
1137 870 1471 928 dulcedinis
1500 874 1729 924 exercet
1759 883 1985 924 cornua
2034 882 2139 939 po-

488 966 732 1022 testatis.
760 967 888 1030 Quo
917 962 1125 1018 inloco
1151 976 1336 1033 equus
1352 960 1511 1015 hunc
1541 957 1838 1014 mundum
1859 956 2138 1022 insinuat,

486 1056 589 1128 qui
618 1071 727 1128 per
750 1053 1070 1109 elationem
1098 1066 1271 1107 suam
1287 1049 1347 1104 in
1368 1065 1545 1103 cursu
1565 1046 1893 1103 labentium
1914 1050 2140 1117 tempo-

484 1160 620 1200 rum
651 1146 912 1215 spumat.
948 1144 1012 1196 Et
1038 1139 1182 1212 quia
1208 1138 1603 1194 Antichristus
1635 1142 1898 1191 extrema
1928 1132 2140 1189 mundi

490 1230 943 1306 apprehendere
972 1228 1196 1298 nititur,
1225 1232 1480 1283 cerastes
1512 1226 1617 1281 iste
1667 1226 1926 1295 ungulas
1979 1238 2137 1277 mor-

486 1322 627 1377 dere
651 1319 1018 1393 perbibetur.
1052 1316 1348 1386 Ungulam
1374 1315 1599 1388 quippe
1630 1312 1903 1369 mordere
1929 1316 2019 1367 est
2046 1327 2140 1365 ex-

484 1415 676 1466 trema
707 1407 906 1464 saeculi
927 1406 1195 1462 feriendo
1223 1405 1588 1474 contingere.
1625 1404 1692 1458 Ut
1715 1402 1894 1458 cadat
1940 1416 2139 1457 ascen-

484 1514 583 1554 sor
611 1500 740 1567 eius
773 1503 953 1553 retro.
988 1498 1282 1551 Ascensor
1306 1492 1445 1565 equi
1474 1496 1565 1548 est
1594 1490 1865 1564 quisquis
1918 1488 2139 1545 extolli-

483 1592 579 1643 tur
611 1588 668 1642 in
694 1584 1087 1656 dignitatibus
1114 1582 1348 1639 mundi.
1382 1582 1489 1645 Qui
1522 1586 1677 1636 retro
1730 1578 1944 1635 cadere
2002 1576 2143 1632 dici-

483 1681 598 1744 tur,
626 1681 827 1732 etnon
854 1675 914 1730 in
946 1673 1178 1735 faciem,
1213 1673 1364 1727 sicut
1412 1669 1625 1727 Saulus
1677 1667 1967 1725 cecidisse
2014 1681 2139 1722 me-

482 1769 771 1821 moratur.
805 1767 869 1819 ln
896 1762 1108 1818 faciem
1139 1761 1299 1817 enim
1340 1759 1575 1825 cadere,
1607 1762 1695 1813 est
1744 1757 1805 1813 in
1860 1757 1975 1813 hac
2022 1754 2140 1809 vita

481 1870 637 1926 quas
667 1866 1165 1924 unumquemque
1195 1848 1404 1921 culpas
1431 1863 1754 1916 agnoscere
1770 1860 1993 1917 easque
2020 1859 2138 1917 pa-

480 1941 726 1998 nitendo
752 1941 990 1996 deﬂere.
1022 1942 1192 1995 Retro
1220 1954 1384 2001 vero,
1412 1936 1578 2010 quod
1604 1951 1728 1991 non
1755 1934 2009 2000 videtur,
2044 1948 2139 1988 ca-

478 2031 620 2085 dere
651 2034 744 2085 est
772 2046 846 2085 ex
872 2030 988 2084 hac
1007 2028 1130 2084 vita
1157 2031 1398 2099 repente
1433 2025 1729 2092 decidere,
1762 2027 1816 2079 et
1872 2024 1950 2079 ad
1999 2038 2135 2094 qua

481 2118 773 2191 supplicia
804 2117 1078 2180 ducatur,
1110 2117 1406 2187 ignorare.
1443 2118 1506 2170 Et
1533 2114 1679 2186 quia
1708 2112 1939 2177 Judaa,
1973 2126 2133 2167 erro-

468 2208 561 2263 ris
590 2206 681 2262 sui
704 2205 936 2278 laqueis
968 2209 1167 2277 capta,
1192 2219 1302 2277 pro
1325 2202 1556 2258 Christo
1578 2199 2005 2256 Antichristum
2037 2214 2135 2253 ex-

480 2300 726 2369 spectat,
745 2295 898 2350 bene
910 2293 1097 2349 Jacob
1109 2292 1324 2349 eodem
1336 2291 1469 2347 loco
1482 2294 1722 2363 repente
1736 2290 1797 2344 in
1810 2289 2134 2345 electorum

478 2401 621 2440 voce
652 2399 976 2439 conversus
1005 2385 1093 2437 est
1121 2381 1326 2437 dicens
1359 2399 1372 2437 :
1397 2382 1867 2436 Salutaretuum
1900 2392 2133 2446 exspec-

482 2474 640 2543 tabo,
664 2473 933 2527 Domine.
965 2470 1028 2525 Id
1058 2475 1166 2536 est,
1198 2484 1321 2525 non
1350 2469 1505 2525 sicut
1530 2468 1788 2523 infidelis
1814 2465 2133 2522 Antichris-

477 2564 630 2629 tum,
664 2559 770 2614 sed
799 2575 939 2615 eum
965 2558 1068 2631 qui
1115 2557 1526 2629 redemptione
1582 2561 1791 2612 nostra
1844 2558 2131 2611 venturus

478 2653 585 2715 est,
616 2664 829 2704 verum
858 2647 1037 2703 credo
1068 2646 1317 2702 ﬁdeliter
1351 2645 1667 2701 Christum.

553 2737 687 2793 Gad
715 2738 1019 2793 accinctus
1042 2735 1430 2804 praliabitur
1458 2740 1598 2790 ante
1634 2748 1785 2790 eum.
1838 2735 1947 2786 Iste
2004 2730 2133 2786 Gad

479 2827 780 2883 accinctus
803 2840 1125 2898 personam
1158 2822 1393 2879 Domini
1423 2821 1719 2894 exprimit,
1767 2820 1870 2893 qui
1912 2820 1972 2875 in
2019 2818 2135 2892 pri-

1538 78 1547 86 .
1600 118 1967 179 ANGELOMI
2006 115 2477 176 LUXOVIENSIS
2512 119 2834 179 MONACHI

3800 126 3916 185 240

2314 241 2468 299 Aser
2483 245 2732 315 pinguis
2738 246 2917 315 panis
2929 247 2987 315 ej
2991 251 3140 311 us,et
3151 246 3379 316 praebet
3395 248 3647 306 delicias
3664 251 3918 321 regibus

2253 334 2415 397 Aser,
2448 333 2619 403 cujus
2644 350 2866 390 nomen
2914 333 3213 404 signiﬁcat
3253 336 3507 403 divitias,
3555 336 3720 392 idem
3752 339 3921 396 Chri-

2253 423 2379 474 stus
2407 424 2514 491 est,
2545 422 2717 493 cujus
2749 428 2836 479 est
2866 423 3116 479 altitudo
3146 423 3490 479 divitiarum
3525 425 3834 498 sapientia
3857 434 3920 487 et

2254 507 2531 565 scientia.
2557 511 2666 577 Qui
2694 516 2938 585 propter
2961 528 3075 567 nos
3105 528 3339 585 pauper
3369 513 3562 570 factus
3595 518 3709 586 est,
3770 533 3918 574 cum

2250 596 2417 653 dives
2446 604 2616 656 esset.
2651 601 2833 671 Cujus
2862 601 3041 674 panis
3067 602 3308 673 pinguis
3350 603 3543 659 factus
3602 610 3710 673 est,
3770 623 3919 664 caro

2252 685 2472 742 scilicet
2499 688 2649 759 ejus,
2690 705 2826 761 qua
2880 694 2967 745 est
3022 706 3159 747 esca
3207 696 3577 763 sanctorum,
3628 709 3811 766 quam
3863 698 3924 753 si

2248 777 2379 846 quis
2437 779 2909 847 manducauerit,
2968 794 3088 835 non
3143 782 3433 837 morietur
3492 783 3557 838 in
3617 789 3915 843 aeternum

2249 865 2448 934 (Joan.
2476 883 2554 936 1v,
2588 868 2702 938 52).
2727 868 2810 924 Ita
2838 867 3018 924 etiam
3048 868 3277 941 prabet
3304 869 3547 926 delicias
3597 872 3914 946 sapientia

2248 954 2511 1025 regibus,
2541 955 2604 1011 id
2623 960 2711 1012 est
2739 956 2843 1029 qui
2874 973 3087 1012 sensus
3133 958 3410 1031 proprios
3457 959 3611 1017 bene
3668 970 3912 1035 regunt,

2247 1044 2350 1116 qui
2381 1044 2769 1101 dominantur
2790 1046 3069 1102 vitiorum
3125 1063 3397 1118 suorum,
3446 1049 3553 1122 qui
3609 1052 3917 1125 castigant

2249 1148 2503 1205 corpora
2531 1151 2641 1190 sua
2671 1140 2728 1191 et
2750 1134 2813 1190 in
2840 1135 3184 1192 servitutem
3219 1138 3564 1209 subjiciunt.

2320 1254 2715 1326 Nephthalim,
2747 1255 2915 1327 quod
2940 1255 3360 1328 interpretatur
3410 1260 3713 1329 dilatatio,
3763 1278 3917 1335 apo-

2251 1340 2433 1397 stolos
2458 1346 2514 1398 et
2539 1343 2959 1415 pradicatores
3000 1350 3242 1401 sanctos
3288 1347 3602 1418 signiﬁcat,
3633 1365 3905 1421 quorum

2248 1428 2522 1486 doctrina
2542 1431 2603 1486 in
2632 1431 2941 1488 latitudine
2972 1433 3150 1489 totius
3178 1433 3392 1490 mundi
3417 1436 3610 1492 effusa
3650 1442 3762 1494 est.
3823 1442 3911 1497 Ex

2172 1532 2211 1585 Β
2251 1520 2363 1575 hac
2388 1521 2548 1576 enim
2572 1520 2728 1577 tribu
2756 1521 2996 1578 fuerunt
3022 1523 3297 1596 apostoli,
3350 1525 3457 1597 qui
3513 1530 3656 1582 sunt
3683 1529 3911 1600 princi—

2250 1624 2357 1681 pes
2389 1609 2784 1665 Ecclesiarum
2817 1615 2873 1666 et
2902 1610 3109 1681 duces,
3158 1614 3465 1683 principes
3503 1616 3794 1682 Zabulon,
3850 1625 3909 1674 et

2246 1700 2551 1769 principes
2579 1700 2973 1769 Nephthalim
3014 1701 3203 1771 (Psal.
3239 1717 3413 1769 vau,
3473 1705 3584 1773 28),
3623 1706 3728 1777 qui
3778 1706 3907 1764 sine

2249 1787 2435 1843 dubio
2466 1788 2542 1844 ad
2565 1804 2890 1860 personam
2919 1789 3256 1846 referuntur
3307 1792 3740 1863 apostolorum.
3789 1798 3909 1870 Ipsi

2248 1881 2406 1947 sunt,
2428 1879 2545 1946 ﬁlii
2574 1893 2957 1934 excussorum
2981 1880 3173 1946 (Psal.
3204 1895 3391 1947 cxxv1,
3424 1880 3499 1952 4),
3542 1882 3605 1938 id
3658 1889 3749 1939 est
3797 1884 3908 1942 ﬁlii

2245 1966 2697 2038 prophetarum,
2721 1967 2826 2039 qui
2863 1966 2923 2021 in
2982 1983 3169 2022 manu
3227 1968 3484 2041 potentis
3542 1971 3645 2027 Dei
3699 1974 3904 2046 positi,

2245 2059 2537 2127 tanquam
2568 2056 2798 2124 sagitta
2823 2072 3089 2112 excussa
3133 2064 3531 2129 pervenerunt
3588 2077 3779 2135 usque
3822 2064 3905 2120 ad

2243 2144 2394 2200 ﬁnes
2424 2150 2611 2200 terra.
2647 2145 2811 2201 Unde
2841 2151 2897 2201 et
2920 2145 3075 2201 bene
3103 2147 3243 2202 hinc
3273 2148 3648 2220 Nephthalim
3686 2166 3902 2209 cervus

2243 2236 2485 2290 emissus
2561 2233 2859 2303 scribitur,
2921 2235 3065 2308 quia
3112 2235 3400 2293 nimirum
3460 2239 3715 2312 apostoli
3769 2241 3900 2298 sive

2242 2322 2650 2396 pradicatores
2680 2322 2866 2379 veloci
2896 2323 3050 2379 saltu
3082 2324 3419 2381 exsilientes
3442 2326 3505 2382 in
3523 2344 3746 2384 morem
3772 2345 3897 2385 cer-

2241 2427 2453 2467 vorum
2478 2412 2910 2468 transcendunt
2956 2412 3405 2485 implicamenta
3454 2416 3640 2472 saeculi
3681 2418 3881 2487 hujus,

2243 2499 2447 2572 sicque
2469 2499 2707 2556 excelsa
2736 2517 2806 2556 ac
2838 2501 3121 2558 sublimia
3174 2503 3550 2574 meditantes,
3595 2505 3739 2563 dant
3768 2506 3885 2562 elo-

2240 2590 2384 2660 quia
2410 2589 2912 2658 pulchritudinis,
2944 2589 3004 2645 id
3027 2596 3133 2661 est,
3156 2591 3488 2664 pradicant
3507 2593 3728 2650 cunctis
3753 2608 3893 2664 gen-

2241 2676 2399 2733 tibus
2418 2677 2753 2733 doctrinam
2780 2679 3014 2735 Domini
3037 2680 3376 2737 Salvatoris.

2310 2818 2505 2873 Filius
2529 2833 2868 2875 accrescens
2905 2822 3144 2890 Joseph.
3208 2823 3338 2876 Hac
3389 2823 3710 2895 prophetia
3762 2827 3907 2895 post

478 2932 579 2971 mo
610 2897 870 2971 adventu
893 2912 1241 2969 humilitatis
1273 2928 1397 2967 sua
1424 2916 1560 2967 ante
1586 2909 1913 2966 adventum
1968 2907 2131 2963 Anti-
2169 2897 2209 2950 Ο
2238 2909 2535 2978 patratam
2569 2908 2983 2964 ascensionem
3034 2913 3292 2980 paterna
3344 2909 3507 2963 vocis
3562 2909 3905 2979 imaginem

478 3004 677 3061 christi
704 3003 1081 3076 praliaturus
1104 3001 1378 3068 occurrit,
1412 3001 1714 3057 accinctus
1737 2998 1939 3069 gladio
1964 2996 2132 3054 verbi

477 3094 570 3149 sui
596 3092 753 3149 circa
780 3092 970 3147 femur
1002 3090 1435 3164 potentissime,
1458 3106 1580 3162 quo
1602 3088 1874 3144 inimicos
1911 3086 2129 3158 divisit,

474 3182 538 3237 id
568 3186 655 3237 est
680 3180 872 3237 ﬁlium
896 3196 933 3236 a
961 3186 1150 3253 patre,
1173 3179 1360 3236 ﬁliam
1387 3196 1423 3234 a
1449 3183 1660 3242 matre,
1690 3193 1909 3232 nurum
1941 3192 1977 3232 a
2034 3192 2128 3230 so-

474 3287 601 3337 cru,
626 3272 798 3342 juxta
816 3270 983 3342 quod
1027 3269 1243 3339 legitur
1284 3269 1347 3323 in
1401 3267 1763 3336 Evangelio:
1813 3267 1948 3321 Non
1998 3266 2133 3321 veni

467 3374 679 3429 pacem
709 3364 943 3413 mittere
971 3359 1035 3411 in
1065 3364 1308 3424 terram,
1340 3357 1442 3411 sed
1470 3357 1740 3425 gladium
1780 3355 2022 3423 (Matth.
2066 3370 2125 3421 x,

473 3448 586 3515 34).
619 3445 787 3510 Quod
817 3448 1017 3498 autem
1049 3444 1148 3507 ait,
1181 3450 1235 3499 et
1262 3444 1388 3512 ipse
1408 3446 1755 3513 accingetur
1775 3448 2126 3509 retrorsum,

475 3532 712 3588 claritas
744 3531 979 3587 Domini
1004 3530 1188 3586 nostri
1216 3530 1276 3585 in
1307 3531 1571 3585 secundo
1601 3545 1785 3597 regno
1844 3530 1974 3600 ejus
2027 3546 2125 3585 os-

474 3620 751 3677 tenditur.
786 3620 936 3686 Quia
966 3635 1104 3675 cum
1133 3619 1360 3675 venerit
1389 3619 1800 3681 Antichristus,
1859 3624 2129 3675 occurret

473 3714 816 3780 retrorsum,
847 3709 909 3765 id
934 3713 1020 3765 est
1052 3712 1186 3781 post
1213 3708 1343 3779 ejus
1371 3708 1618 3775 vestigia
1651 3707 1917 3763 Christus
1954 3707 2127 3763 celeri

472 3799 735 3855 adventu
785 3797 1198 3872 progrediens,
1254 3803 1318 3852 ut
1379 3796 1691 3853 interﬁciat
1738 3812 1873 3852 eum
1925 3796 2125 3867 gladio

471 3888 592 3945 oris
618 3888 730 3943 sui.
760 3887 925 3943 Unde
951 3892 1008 3943 et
1036 3886 1191 3942 bene
1213 3884 1338 3942 Gad
1368 3887 1753 3942 latrunculus
1776 3888 2123 3958 interpreta-

470 3980 585 4042 tur,
614 3993 686 4031 eo
711 3976 877 4048 quod
902 3975 1212 4047 posterior,
1245 3974 1307 4030 id
1336 3980 1424 4030 est
1468 3991 1637 4031 secus
1690 3974 1895 4047 pedes,
1950 3974 2124 4046 quasi

467 4063 841 4119 latrunculus
868 4063 1083 4135 rapido
1116 4069 1295 4136 atque
1320 4064 1647 4136 improviso
1678 4063 1942 4119 adventu
1969 4063 2122 4120 exsi-

466 4150 571 4208 liat
618 4157 825 4208 contra
876 4157 1147 4225 apertam
1189 4152 1524 4207 Antichristi
1582 4151 2118 4224 oppugnationem.

2238 2995 2513 3067 pratulit,
2541 3012 2666 3068 qua
2694 2996 3040 3052 redeuntem
3060 2996 3118 3050 in
3143 2995 3360 3050 calum
3389 3000 3532 3066 post
3572 2997 3900 3052 victoriam

2240 3082 2535 3138 Christum
2556 3086 2724 3140 Pater
2749 3083 3064 3156 alloquitur
3091 3082 3326 3138 dicens:
3350 3083 3569 3153 Joseph
3591 3085 3760 3153 ﬁlius
3788 3101 3900 3142 ac-

2237 3186 2522 3240 crescens,
2554 3172 2755 3245 utique
2783 3173 2844 3227 in
2875 3170 3171 3241 gentibus,
3204 3171 3350 3243 quia
3378 3188 3520 3228 cum
3564 3172 3643 3229 ob
3702 3174 3904 3231 incre-

2236 3259 2547 3317 dulitatem
2581 3263 2913 3333 Synagoga
2952 3258 3249 3333 populum
3302 3260 3657 3334 reliquisset,
3711 3262 3899 3320 innu-

2236 3365 2469 3405 meram
2492 3350 2600 3406 sibi
2624 3350 2860 3422 plebem
2882 3348 3157 3405 Ecclesiae
3183 3365 3258 3405 ex
3277 3350 3562 3406 omnibus
3610 3352 3895 3421 gentibus

2234 3438 2559 3509 ampliavit.
2594 3438 2766 3503 Quod
2789 3444 2847 3494 et
2875 3438 3063 3494 David
3100 3438 3312 3496 cecinit
3336 3438 3544 3495 dicens
3572 3456 3585 3495 :
3632 3441 3895 3498 Remini—

2233 3532 2493 3593 scentur,
2553 3532 2608 3583 et
2654 3533 3077 3585 convertentur
3121 3528 3204 3584 ad
3257 3530 3578 3585 Dominum
3625 3531 3886 3586 universi

2228 3615 2376 3684 ﬁnes
2410 3620 2585 3670 terra
2611 3617 2798 3686 (Psal.
2833 3633 2934 3671 xxx
2966 3619 3076 3688 28).
3110 3616 3285 3672 Filius
3312 3633 3679 3685 accrescens,
3709 3624 3759 3673 et
3786 3618 3883 3673 de-

2233 3719 2407 3759 corus
2434 3710 2675 3773 aspectu
2701 3722 2713 3759 ε
2740 3721 2950 3761 omnes
2979 3706 3139 3761 enim
3172 3722 3391 3779 supera
3417 3706 3573 3761 illius
3631 3705 3881 3779 pulchri-

2233 3791 2400 3857 tudo,
2425 3792 2598 3863 juxta
2624 3793 2791 3865 quod
2814 3798 2871 3849 et
2898 3793 2973 3848 de
3002 3794 3135 3866 ipso
3192 3783 3255 3850 in
3312 3794 3558 3850 Psalmis
3616 3794 3884 3849 canitur:

2231 3881 2541 3950 Speciosus
2567 3882 2764 3941 forma
2779 3897 2905 3951 pra:
2919 3883 3063 3951 ﬁliis
3095 3882 3400 3939 hominum
3424 3884 3589 3939 Psal.
3618 3899 3780 3951 κων,
3810 3884 3889 3954 3).

2229 3970 2403 4027 Filiae
2423 3972 2817 4028 decurrerunt
2844 3987 3025 4041 super
3059 3989 3321 4029 murum.
3350 3973 3415 4029 Id
3443 3976 3532 4029 est
3558 3977 3767 4043 gentes
3800 3972 3893 4028 vel

2230 4060 2525 4127 Ecclesia,
2554 4077 2689 4133 qua
2718 4060 3101 4117 crediderunt
3123 4062 3186 4118 in
3217 4062 3533 4129 Christum,
3565 4063 3657 4119 ha
3707 4078 3896 4135 super

2230 4148 2587 4205 soliditatem
2617 4149 2758 4205 ﬁdei
2787 4148 2963 4222 quasi
3017 4165 3201 4222 super
3246 4166 3511 4220 murum,
3560 4149 3896 4223 pulchritu-

468 4240 612 4296 Hinc
640 4244 729 4297 est
754 4240 921 4312 quod
946 4240 1323 4309 Evangelista
1342 4240 1675 4311 proclamat
1690 4239 1927 4295 dicens:
1969 4240 2119 4306 Quia
2148 4272 2193 4325 Β
2227 4237 2383 4294 dinis
2410 4238 2619 4295 Christi
2649 4255 2935 4307 accensa,
2970 4239 3332 4312 discurrunt,
3364 4245 3428 4296 ut
3458 4255 3667 4296 verum
3709 4256 3894 4314 spon-

464 4330 587 4385 dies
618 4328 860 4385 Domini
901 4328 1054 4383 sicut
1080 4329 1191 4398 fur
1213 4329 1276 4383 iu
1306 4334 1494 4395 nocte,
1526 4329 1613 4384 ita
1647 4328 1802 4384 venit
1831 4328 1888 4394 (Ι
1919 4329 2114 4386 Thess.

460 4434 520 4490 v,
552 4422 627 4487 2).
662 4416 927 4476 Christus
953 4432 1097 4486 ergo
1126 4419 1183 4471 et
1213 4419 1370 4483 ante,
1403 4419 1460 4471 et
1488 4420 1643 4472 retro
1682 4415 1936 4489 praliari
1981 4433 2119 4473 con-

459 4513 550 4568 tra
575 4507 1003 4566 Antichristum
1034 4505 1331 4563 scribitur.
1360 4508 1505 4561 Ante
1533 4521 1673 4561 eum
1729 4521 1997 4579 namque
2053 4506 2116 4563 in

456 4600 688 4656 occulto
718 4598 983 4656 adventu
1008 4594 1382 4657 humilitatis,
1416 4599 1551 4667 post
1580 4610 1719 4650 eum
1767 4595 2115 4652 manifestus

452 4687 516 4743 in
543 4689 731 4757 gloria
788 4686 1135 4759 majestatis.
1195 4687 1573 4741 Demonstrat
1630 4687 1830 4756 aperte
1883 4687 2113 4757 Moyses

451 4777 828 4844 prophetiam
852 4776 1207 4846 patriarcha
1237 4774 1418 4845 hujus
1450 4772 1785 4846 specialiter
1815 4773 2111 4847 pertinere

453 4859 532 4915 ad
562 4860 876 4916 Christum.
910 4863 1000 4917 Sic
1029 4864 1193 4919 enim
1216 4863 1297 4919 ait
1324 4880 1337 4918 :
1370 4862 1748 4929 Benedictus,
1801 4863 2015 4936 inquit,
2047 4864 2111 4919 in

451 4946 773 5002 latitudine
794 4947 926 5001 Gad
952 4960 975 5017 ;
1002 4951 1175 5017 quasi
1198 4951 1285 5005 leo
1307 4952 1619 5021 requievit,
1654 4952 1947 5022 capitque
1979 4954 2111 5007 bra-

448 5032 645 5088 chium
694 5040 746 5087 et
797 5034 1091 5100 verticem,
1150 5041 1203 5090 et
1256 5038 1405 5091 vidit
1439 5040 1854 5107 principatum
1908 5056 2103 5094 suum.

442 5122 786 5187 Agnoscant
807 5121 1028 5191 itaque,
1064 5121 1200 5192 quis
1230 5122 1590 5193 requieverit
1632 5127 1785 5181 sicut
1836 5124 1949 5189 leo,
1990 5126 2106 5181 nisi

443 5206 705 5265 Christus
734 5207 795 5262 in
825 5207 1097 5278 sepulcro
1131 5224 1239 5263 suo
1265 5226 1277 5263 :
1307 5210 1411 5281 qui
1435 5211 1792 5281 confregerit
1821 5213 2105 5270 verticem

438 5296 806 5368 brachiaque
835 5298 1168 5368 potentum,
1201 5296 1317 5352 nisi
1343 5297 1702 5370 Redemptor
1748 5303 1967 5366 noster,
2000 5302 2105 5373 qui

437 5384 776 5443 humiliavit
829 5383 1106 5439 virtutem
1172 5388 1231 5439 et
1282 5384 1634 5455 superbiam
1703 5386 2099 5444 excelsorum.

440 5475 581 5541 Quis
607 5474 753 5530 vidit
770 5473 1173 5547 principatum
1200 5488 1401 5537 suum,
1456 5472 1570 5526 nisi
1625 5472 1720 5528 ille
1775 5475 1871 5529 cui
1923 5475 2101 5532 datus

438 5568 535 5635 est
554 5564 941 5637 principatus,
966 5567 1025 5619 et
1051 5561 1265 5627 honor,
1293 5565 1350 5617 et
1374 5575 1629 5628 regnum
1656 5564 1684 5618 ?

2227 4345 2363 4383 sum
2415 4344 2521 4401 per
2589 4328 3154 4402 contemplationem
3203 4329 3516 4401 aspiciant,
3568 4334 3626 4385 et
3677 4329 3895 4387 osculo

2225 4417 2525 4474 charitatis
2570 4416 2655 4472 illi
2701 4417 3054 4490 copulentur
3110 4422 3292 4491 atque
3347 4418 3717 4475 adhaereant.
3769 4418 3898 4476 Sed

2223 4507 2532 4577 objurgati
2557 4513 2697 4562 sunt
2726 4522 2878 4579 eum,
2908 4507 3157 4580 quando
3200 4506 3365 4563 falsis
3409 4508 3763 4564 testimoniis
3790 4525 3900 4565 ca-

2218 4595 2582 4651 lumniantes
2611 4601 2886 4652 sanctum
2938 4596 3169 4652 Domini
3216 4596 3558 4669 opprimere
3608 4599 3897 4670 Synago-

2220 4700 2309 4755 ga
2334 4684 2542 4758 populi
2572 4688 2968 4741 tentaverunt.
2998 4686 3474 4757 Invideruntque
3524 4687 3623 4742 illi
3663 4688 3899 4744 haben-

2219 4779 2302 4830 tes
2319 4775 2555 4844 jacula.
2589 4777 2789 4847 Neque
2820 4774 2981 4829 enim
3011 4774 3342 4847 quisquam
3382 4774 3443 4831 in
3468 4775 3690 4848 Ioseph
3744 4791 3899 4833 con-

2211 4863 2354 4935 jecit
2389 4864 2660 4936 sagittas,
2691 4862 2786 4920 vel
2821 4862 3070 4935 aliquod
3097 4862 3362 4919 vulneris
3394 4863 3603 4933 telum,
3636 4864 3747 4920 sed
3765 4866 3897 4923 hoc

2218 4949 2550 5022 specialiter
2578 4947 2775 5006 evenit
2797 4948 2861 5004 in
2894 4949 3143 5005 Christo.
3176 4949 3345 5005 Sedit
3374 4950 3438 5005 in
3490 4951 3647 5020 forti
3700 4966 3897 5007 arcus

2215 5042 2362 5109 ejus.
2389 5039 2656 5095 Christus
2677 5039 2838 5094 enim
2864 5054 3072 5094 arcum
3097 5054 3280 5094 suum
3295 5043 3352 5094 et
3372 5053 3544 5096 arma
3564 5041 3899 5111 pugnandi

2213 5126 2410 5198 posuit
2430 5127 2491 5181 in
2508 5128 2647 5194 Deo,
2677 5127 2780 5198 qui
2805 5127 2974 5182 fortis
2997 5131 3085 5182 est
3102 5132 3547 5200 propugnator;
3573 5129 3750 5200 cujus
3765 5129 3897 5186 vir-

2213 5218 2332 5270 tute
2363 5215 2696 5270 conciditur
2724 5214 2923 5269 omnis
2954 5215 3223 5287 nequitia
3243 5216 3637 5289 perﬁdorum.
3655 5219 3735 5273 Et
3762 5219 3897 5276 di's-

2212 5307 2409 5358 soluta
2420 5308 2559 5357 sunt
2580 5303 2827 5359 vinvula
2847 5303 3233 5360 brachiorum
3255 5308 3405 5375 ejus,
3427 5305 3649 5379 quibus
3666 5305 3897 5365 fratres

2210 5406 2350 5446 eum
2373 5390 2640 5446 vinctum
2657 5391 2734 5446 ad
2762 5391 3013 5448 Pilatum
3035 5393 3355 5459 duxerunt,
3379 5394 3471 5451 vel
3489 5394 3714 5468 quibus
3737 5411 3896 5455 eum

2210 5493 2570 5548 suspensum
2598 5478 2763 5549 ligno
2793 5481 3237 5552 cruciﬁxerunt,
3270 5483 3476 5540 Recisa
3526 5489 3668 5540 sunt
3715 5486 3897 5543 enim

2207 5582 2320 5635 per
2334 5582 2548 5624 manus
2560 5572 2826 5639 potentis
2853 5572 3057 5646 Iacob,
3074 5573 3190 5628 hoc
3218 5576 3331 5643 est,
3361 5588 3471 5645 per
3496 5588 3719 5631 manus
3745 5590 3896 5633 om-
