4136 6176
232 165 338 222 2η

1604 168 1964 228 ΟΟΜΜΕΝΤ.
2003 176 2072 230 ΙΝ
2113 177 2247 233 GEN
2257 219 2269 233 .

3448 162 3451 163 ί
3540 177 3645 234 242

231 287 556 361 nipotentis
587 287 687 344 Dei
715 288 920 356 Jacob,
955 306 1024 346 ex
1066 291 1240 362 cujus
1271 308 1371 348 ore
1401 292 1528 365 ipse
1576 292 1885 362 DominuS,
1919 304 1966 356 Α
1991 297 2182 368 jamin
2216 301 2486 359 ultimam
2542 302 2925 374 consequitur
2952 300 3453 372 benedictionem,
3484 300 3569 357 ita
3591 316 3649 370 et

226 376 428 433 bonus
462 381 691 448 pastor,
706 391 979 447 egressus
1002 379 1263 453 estlapis
1289 384 1345 436 et
1373 380 1625 437 ﬁrmitas
1647 382 1889 438 creden-

228 467 375 521 tium
403 465 470 521 in
501 466 703 522 Israel.
734 469 894 523 Deus
920 470 1120 538 patris
1170 471 1262 525 tui
1302 471 1415 526 erit
1447 471 1697 541 adjutor
1726 476 1885 527 tuus.

229 554 371 621 Quis
390 553 629 626 adjuvit
671 554 880 611 Filium
910 557 1025 613 nisi
1054 560 1208 614 Deus
1240 560 1433 630 Pater,
1460 560 1562 633 qui
1591 559 1757 617 dixit.
1790 561 1887 616 Ja-

227 640 346 698 cob
399 657 550 714 puer
596 658 788 711 meus,
822 644 1106 717 suscipiet
1147 662 1286 702 eum
1336 647 1541 703 anima
1583 648 1767 705 mea?
1809 650 1889 704 Et

227 732 604 801 omnipotens
632 732 929 790 benedicet
962 736 1072 791 tibi
1100 736 1602 793 benedictionibus
1635 738 1771 793 curti
1788 738 1886 794 de-

224 836 429 890 super,
485 820 997 879 banedictionibus
1053 825 1254 895 abyssi
1289 827 1551 895 jacentis
1589 826 1885 883 deorsum.

225 909 518 966 Universa
545 911 708 966 enim
738 911 991 983 subjecit
1017 913 1090 983 ei,
1118 914 1379 973 ccelestia
1401 930 1511 988 per
1530 914 1890 972 benedictio-

221 1015 383 1067 nem,
408 999 571 1066 C(Bli,
592 1005 647 1055 et
666 1004 902 1057 terrena
930 1018 1038 1075 per
1064 1002 1545 1060 benedictionem
1576 1004 1786 1077 abyssi,
1798 1006 1889 1076 ja-

223 1087 410 1144 centis
444 1087 757 1155 deorsum,
789 1093 855 1145 ut
892 1091 1174 1147 omnibus
1200 1092 1428 1163 angelis
1458 1097 1513 1150 et
1540 1093 1888 1149 hominibus

223 1176 665 1233 dominaretur.
694 1178 1217 1237 Benedictionibus
1242 1181 1520 1249 uberum,
1552 1182 1614 1237 id
1638 1187 1725 1238 est
1764 1182 1889 1239 sive

223 1267 493 1324 duorum
518 1269 1058 1338 Testamentorum,
1081 1286 1341 1343 quorum
1373 1271 1558 1328 altero
1580 1272 1889 1328 nuntiatus

225 1362 329 1424 est,
343 1355 544 1411 altam
564 1355 1033 1414 demonstratus.
1058 1360 1189 1416 Sive
1210 1359 1728 1416 benedictionibus
1751 1359 1890 1416 ube-

224 1461 359 1501 rum
385 1443 611 1510 Mariae,
638 1462 775 1517 quae
804 1462 938 1501 vere
966 1447 1281 1505 benedicta
1310 1453 1466 1515 erat;
1501 1449 1645 1522 quia
1675 1448 1888 1505 eadem

229 1537 442 1589 sancta
464 1532 639 1603 virgo
668 1533 743 1589 de
776 1550 841 1590 se
873 1535 1123 1592 Domino
1154 1542 1363 1609 potum
1384 1536 1553 1593 lactis
1574 1536 1882 1593 immulsit.

228 1620 396 1677 Unde
422 1620 526 1677 illa
554 1621 772 1677 mulier
795 1622 856 1677 in
887 1624 1206 1695 Evangelio
1233 1625 1345 1681 ait:
1380 1626 1738 1682 Benedictus
1755 1641 1887 1682 ven-

227 1717 315 1766 ter
339 1710 455 1781 qui
501 1716 557 1766 te
584 1713 876 1780 portavit,
904 1718 959 1769 et
987 1713 1171 1769 ubera
1219 1730 1350 1785 quae
1373 1716 1594 1772 suxisti
1614 1715 1781 1786 (Luc.
1806 1731 1886 1779 ιι,

225 1803 333 1868 27).
349 1831 425 1839 —
442 1799 971 1858 Benedictionibus
988 1802 1235 1860 uberum
1258 1810 1310 1861 et
1344 1806 1557 1861 vulva.
1583 1804 1773 1860 Etiam
1790 1804 1891 1860 be-

228 1888 526 1944 nedicitur
552 1888 737 1944 vulva
784 1890 1056 1959 ejusdem
1088 1892 1318 1964 matris,
1353 1892 1452 1949 illa
1485 1893 1688 1966 utique
1717 1893 1893 1963 virgi-

230 1979 404 2043 nalis,
425 1995 566 2052 quaa
588 1979 764 2035 nobis
787 1980 1081 2037 Christum
1114 1983 1435 2039 Dominum
1454 1983 1657 2048 edidit,
1676 1982 1750 2038 de
1770 1998 1893 2056 qua

236 2070 402 2125 Pater
429 2084 538 2141 per
564 2069 885 2125 Jeremiam
916 2072 1276 2144 prophetam
1321 2073 1494 2129 dicit:
1530 2073 1891 2143 Priusquam

244 2165 292 2213 te
313 2158 645 2227 formarem
673 2160 736 2213 in
766 2164 955 2227 utero,
990 2162 1131 2217 novi
1158 2167 1232 2226 te,
1257 2166 1310 2218 et
1338 2168 1659 2233 antequam
1698 2162 1891 2217 exires

250 2245 315 2302 de
352 2248 552 2316 vulva,
585 2249 967 2316 sanctiﬁcavi
994 2255 1049 2305 te
1074 2250 1218 2320 (Jer.
1262 2266 1300 2317 1,
1335 2255 1411 2311 5).
1439 2251 1890 2307 Benedictiones

244 2336 434 2405 patris
450 2336 561 2390 tuis
582 2336 942 2406 confortatae
962 2344 1101 2394 sunt
1130 2339 1627 2396 benedictionibus
1645 2343 1891 2409 patrum

246 2428 501 2481 tuorum.
531 2426 1009 2498 Benedictiones,
1026 2428 1238 2501 inquit,
1260 2430 1466 2485 Patris
1496 2431 1586 2485 tui
1610 2428 1886 2491 cmlestis,

238 2529 367 2586 quin
396 2513 559 2569 datae
586 2519 727 2570 sunt
769 2514 875 2571 tibi
903 2532 938 2571 a
970 2533 1209 2572 summo
1258 2517 1385 2573 caeli
1414 2522 1469 2573 et
1499 2516 1727 2591 abyssi,
1759 2533 1893 2573 con-
1928 2542 1941 2561 ι

234 2604 478 2671 {artatae
529 2609 691 2671 sunt,
722 2603 785 2659 id
834 2608 923 2659 est
970 2605 1430 2678 praevaluerunt,
1463 2605 1889 2662 benedictioni-

238 2692 344 2746 bus
369 2697 620 2764 patrum
648 2696 913 2749 tuorum.
948 2692 1105 2749 Ultra
1143 2710 1322 2751 omne
1351 2695 1512 2751 enim
1543 2699 1891 2751 sanctorum

232 2786 513 2837 meritum
547 2781 1026 2854 patriarcharum
1059 2782 1181 2839 sive
1202 2784 1633 2856 prophetarum
1662 2800 1889 2841 conva-

232 2870 339 2926 luit
389 2870 730 2927 benedictio
759 2872 1185 2946 omnipotentis
1222 2873 1406 2929 Patris
1434 2874 1495 2929 in
1525 2873 1687 2939 Filio,
1718 2874 1800 2930 ita
1830 2878 1894 2930 ut

234 2961 283 3016 ei
313 2960 521 3017 nullus
552 2965 900 3018 sanctorum
939 2967 1224 3035 aequetur.
1259 2966 1459 3020 Donec
1488 2965 1715 3021 veniret
1738 2963 1890 3021 desi-

233 3050 469 3107 derium
500 3051 749 3106 collium
781 3056 1163 3107 aeternorum.
1196 3051 1384 3107 Colles
1412 3052 1506 3107 isti
1537 3052 1725 3108 sancti
1756 3056 1891 3107 sunt
1928 3043 1967 3064 υ

231 3139 360 3212 qui,
388 3138 609 3196 Christi
637 3138 960 3196 adventum
1008 3142 1457 3213 prophetantcs,
1491 3157 1716 3211 magno
1754 3158 1892 3197 cum

232 3227 550 3284 desiderio
588 3227 1049 3285 incarnationem
1095 3231 1224 3301 ejus
1254 3235 1783 3303 exspectaverunt;
1816 3230 1892 3285 de

231 3315 476 3388 quibus
506 3315 796 3371 Dominus
823 3317 982 3374 dicit:
1013 3319 1165 3387 Quia
1182 3320 1360 3375 multi
1376 3320 1533 3388 justi
1560 3325 1614 3375 et
1634 3319 1891 3389 prophe—

234 3409 317 3460 εκ
350 3405 678 3474 cupierunt
727 3406 914 3463 videre
954 3423 1087 3478 quae
1116 3408 1325 3465 videtis
1358 3408 1592 3478 (Matth.
1627 3423 1752 3476 xm,
1786 3408 1890 3477 17).

237 3493 309 3549 Hi
338 3508 486 3564 ergo
512 3494 700 3549 sancti
745 3493 883 3551 dicti
932 3500 1074 3553 sunt
1116 3496 1296 3553 colles
1317 3500 1560 3569 propter
1598 3496 1890 3552 excellen-

244 3581 389 3638 tiam
415 3582 760 3641 sanctitatis.
801 3585 906 3650 Qui
953 3586 1133 3642 etiam
1173 3586 1375 3641 aeterni
1403 3590 1717 3655 vocantur,
1749 3585 1894 3658 quia

253 3670 435 3725 vitam
463 3678 907 3746 consequuntur
934 3665 1239 3738 aeternam,
1272 3691 1382 3731 nec
1431 3678 1727 3731 intereunt
1754 3691 1893 3730 cum

267 3756 507 3824 mundo,
536 3760 632 3815 sed
661 3777 794 3817 esse
820 3761 1146 3818 creduntur
1170 3762 1393 3818 reterni.
1424 3764 1605 3818 Fiant
1636 3764 1698 3818 in
1729 3763 1892 3832 capi-

267 3849 325 3901 te
344 3847 562 3919 Josep/t,
590 3865 804 3907 omnes
834 3851 1056 3907 scilicet
1085 3852 1533 3908 benedictiones
1562 3851 1689 3907 istae
1716 3866 1896 3924 super

256 3932 471 3992 Christo
494 3944 824 4009 ponuntur,
858 3955 1011 4013 quas
1053 3940 1399 3996 incarnatus
1443 3939 1687 4011 accepit,
1721 3945 1775 3996 et
1802 3955 1897 3994 su-

232 4039 350 4095 per
371 4028 648 4084 verticem
685 4029 991 4100 Nazarwi,
1019 4029 1094 4086 de
1122 4046 1244 4103 quo
1277 4029 1565 4103 scriptum
1595 4034 1712 4084 est:
1748 4029 1896 4096 Quo-

238 4116 396 4171 niam
440 4117 777 4175 Nazaraeus
824 4120 1139 4176 vocabitur
1180 4120 1419 4191 (Matth.
1453 4136 1518 4183 ιι,
1550 4121 1660 4190 23),
1698 4118 1761 4173 id
1806 4122 1898 4174 est

238 4210 481 4261 sanctus
533 4207 634 4262 Dei
681 4209 834 4264 inter
877 4207 1087 4264 fratres
1140 4225 1301 4280 suos,
1353 4209 1496 4281 quia
1540 4209 1667 4282 ipse
1716 4211 1898 4281 caput

236 4294 514 4350 omnium
553 4296 825 4353 eminens
875 4297 1296 4354 universorum
1346 4303 1709 4363 sanctorum,
1742 4313 1896 4369 quos

233 4384 411 4441 etiam
445 4390 509 4440 et
536 4386 747 4443 fratres
775 4395 953 4443 vocat
980 4387 1043 4443 in
1075 4387 1341 4444 Psalmis.

296 4476 641 4545 Benjamin
660 4478 838 4546 lupus
856 4492 1076 4547 rapax,
1090 4493 1267 4533 mane
1282 4478 1538 4534 comedet
1554 4477 1827 4546 praedam
1843 4482 1899 4533 et

235 4564 715 4634 vesperedividet
737 4567 953 4636 spolia.
980 4566 1208 4632 Quibus
1229 4565 1401 4621 dictis
1427 4565 1734 4637 apostolus
1756 4567 1901 4621 Pau-

232 4649 320 4707 lus
349 4653 735 4722 dcsignatur,
759 4654 834 4710 de
862 4654 1175 4725 Benjamin
1193 4656 1373 4726 stirpe
1403 4653 1771 4726 progenitus,
1796 4653 1900 4726 qui

233 4756 411 4800 mane
441 4742 656 4815 rapuit
683 4744 974 4816 praedam,
996 4743 1057 4799 id
1087 4749 1175 4799 est
1205 4744 1268 4799 in
1297 4743 1639 4816 primordiis
1668 4741 1898 4809 ﬁdeles,

229 4849 385 4907 quos
414 4833 643 4907 potuit,
668 4833 1020 4889 devastavit.
1047 4835 1297 4905 Vespere
1315 4836 1513 4888 autem
1538 4831 1732 4904 spolia
1760 4831 1905 4887 divi-

227 4924 352 4980 dit:
384 4922 567 4997 quia,
598 4921 792 4978 ﬁdelis
818 4922 1208 4995 postmodum
1224 4921 1437 4987 factus,
1472 4937 1643 4977 sacra
1667 4920 1906 4992 eloquia

228 5011 633 5069 audientibus
655 5011 1052 5084 descriptione
1074 5010 1323 5067 mirifica
1345 5010 1726 5083 dispensavit.
1746 5010 1907 5079 Legi-

226 5118 366 5158 mus
382 5099 732 5175 quemdam
747 5118 819 5156 ex
841 5099 1291 5170 doctoribus,ad
1307 5100 1517 5155 urbem
1536 5098 1903 5154 Hierusalem

225 5207 299 5248 ea
325 5207 471 5264 quae
489 5190 568 5245 de
595 5190 909 5260 Benjamin
936 5190 1159 5261 scripta
1181 5194 1337 5254 sunt,
1360 5188 1735 5244 referentem.
1763 5190 1909 5243 Ben-

221 5283 449 5352 jamin,
476 5280 697 5352 inquit,
712 5281 877 5349 ﬁlius
907 5280 1132 5335 doloris
1154 5279 1591 5352 interpretatur.
1619 5278 1722 5333 Hic
1749 5281 1905 5332 sorte

227 5369 608 5425 hereditatis
639 5385 780 5424 eum
812 5354 1011 5424 locum
1044 5368 1290 5440 accepit,
1314 5369 1374 5423 in
1404 5383 1527 5439 quo
1560 5372 1794 5422 terrena
1818 5370 1908 5421 est

229 5458 642 5529 Hierusalem,
670 5474 805 5530 quin
836 5475 995 5513 nunc
1023 5463 1265 5529 propter
1295 5457 1767 5513 incredulitatem
1799 5456 1908 5511 ab-

226 5548 391 5617 jecta
422 5552 522 5602 est
567 5553 749 5619 atque
805 5546 1070 5618 repulsa.
1104 5549 1235 5601 Haec
1285 5547 1445 5601 enim
1499 5546 1560 5601 in
1609 5545 1743 5601 ﬁliis
1784 5545 1909 5600 suis

232 5635 354 5692 sub
386 5650 660 5709 persona
690 5635 1000 5706 Benjamin
1028 5635 1398 5706 designatur.
1418 5637 1568 5691 Nam
1598 5634 1749 5690 sicut
1768 5636 1909 5689 Ben-

1997 387 2158 445 idem
2188 392 2449 465 populus
2472 392 2715 447 ultimus
2747 396 2838 447 est
2871 391 3216 459 salvandus,
3249 395 3646 464 posteaquam

1996 479 2306 552 plenitudo
2352 482 2617 552 gentium
2648 480 2953 537 introierit.
2988 480 3140 536 Dixit
3182 479 3375 536 enim:
3425 481 3649 551 Benja-

1997 571 2122 625 min
2151 572 2326 641 tupus
2355 586 2575 641 rapam,
2608 570 2788 642 lupus
2819 569 3213 642 scilicet,quia
3238 570 3368 642 ipse
3388 570 3649 642 populus

2000 656 2208 714 effudit
2239 660 2598 729 sanguinem
2640 658 3069 731 prophetarum
3112 664 3293 730 atque
3321 659 3645 729 justorum.

1995 748 2215 818 Rapax
2243 754 2443 805 autem
2472 754 2713 821 propter
2733 747 3079 803 aviditatem
3107 747 3338 803 dicitur.
3359 750 3440 803 Ex
3460 747 3650 805 multa

1998 836 2157 892 enim
2188 837 2346 895 fame
2375 838 2543 894 verbi
2590 837 2685 893 Dei
2734 841 2789 892 et
2826 836 3026 892 inedia
3057 836 3217 892 venit
3263 852 3473 908 rapax,
3503 837 3648 908 quia

1998 932 2055 983 et
2083 926 2209 999 ipse
2234 928 2522 984 violenter
2568 926 2813 1000 diripuit
2854 942 3109 997 regnum
3159 925 3277 981 Dei.
3311 925 3415 980 Hic
3446 930 3647 981 autem

1997 1033 2175 1074 mane
2203 1018 2450 1074 comedit
2475 1019 2769 1087 praedam.
2804 1020 2969 1073 Mane
3009 1015 3157 1087 illud
3195 1020 3430 1088 tempus
3457 1015 3645 1070 credi-

2000 1109 2094 1162 tur
2113 1122 2236 1178 quo
2260 1106 2453 1175 legem
2480 1105 2902 1179 accepit.Tunc
2922 1103 3153 1160 mundo
3179 1104 3375 1176 prima
3398 1104 3646 1176 quidem

1997 1194 2352 1251 illuminatio
2381 1195 2636 1251 scientiae
2664 1195 2806 1251 data
2835 1198 2939 1250 est.
2977 1193 3247 1250 Comedit
3275 1196 3475 1248 autem
3513 1208 3644 1248 ma-

1997 1299 2093 1352 ne,
2144 1284 2285 1356 quia
2338 1282 2791 1356 legem,'quam
2847 1298 3025 1338 mane
3082 1282 3329 1354 accepit,
3387 1280 3649 1337 comedit

1996 1374 2217 1433 adhuc.
2244 1378 2302 1430 et
2326 1373 2685 1441 meditatur;
2717 1372 2852 1428 licet
2891 1388 3149 1445 sequens
3189 1370 3383 1441 legem
3404 1370 3646 1442 justitiae

1996 1462 2056 1517 in
2082 1462 2276 1530 legem
2315 1462 2455 1517 ﬁdei
2504 1478 2625 1516 non
2664 1460 2954 1534 pervenit.
2986 1461 3083 1516 Ad
3115 1476 3418 1530 vesperam
3449 1465 3646 1516 autem

1998 1552 2221 1607 dividet
2247 1552 2459 1621 spolia.
2493 1550 2753 1622 Vespere
2793 1553 2881 1606 est
2916 1549 3063 1605 illud
3112 1553 3349 1621 tempus
3401 1547 3648 1604 novissi-

2000 1656 2170 1695 mum
2199 1656 2318 1711 quo
2350 1642 2742 1694 convertetur.
2776 1638 2944 1693 Tunc
2986 1653 3128 1708 ergo
3164 1636 3385 1693 dividet
3421 1652 3645 1706 escam,

1999 1735 2140 1801 tunc
2170 1729 2449 1800 intelliget
2464 1728 2854 1784 dividendam
2883 1743 3012 1783 esse
3039 1727 3295 1783 litteram
3312 1726 3390 1783 ab
3414 1726 3644 1798 spiritu,

2000 1825 2057 1876 et
2072 1825 2213 1876 tunc
2232 1823 2551 1888 cognoscet
2566 1818 2709 1890 quia
2729 1820 2795 1874 tit
2803 1824 2931 1874 tera
2946 1818 3433 1887 occidit,spiritus
3450 1823 3648 1873 autem

1999 1911 2280 1978 vivi/icat.
2314 1909 2461 1981 Quia
2512 1924 2654 1973 ergo
2696 1908 2825 1977 jam
2870 1924 2977 1981 per
3020 1907 3273 1977 gratiam
3315 1906 3548 1962 Domini
3577 1905 3645 1961 il-

1998 1999 2325 2054 luminatus
2358 1997 2564 2069 incipit
2614 1997 2673 2051 in
2704 1997 2833 2065 lege
2862 1995 3150 2068 spiritalia
3176 2012 3212 2051 a
3236 1994 3647 2067 corporalibus

1999 2087 2263 2144 dividere
2294 2092 2350 2143 et
2380 2102 2676 2159 separare,
2705 2085 2841 2141 ideo
2868 2084 3101 2151 dicitur,
3129 2085 3211 2140 ad
3233 2099 3537 2153 vesperam
3562 2084 3648 2137 di—

1999 2178 2155 2233 videt
2186 2192 2399 2245 escam,
2427 2174 2590 2247 quod
2637 2179 2759 2230 tota
2787 2172 2882 2228 die
2909 2172 2972 2228 in
3017 2172 3146 2243 lege
3191 2172 3488 2227 meditans
3509 2174 3646 2226 ante

2000 2283 2122 2322 non
2150 2266 2303 2321 fecit.

2073 2353 2363 2420 Quaeritur
2392 2356 2593 2409 autem
2619 2350 2693 2406 de
2721 2348 2910 2406 Jacob
2940 2364 3046 2405 cur
3074 2363 3285 2404 omnes
3306 2363 3460 2421 quos
3479 2346 3555 2402 de
3584 2345 3650 2401 li-

1997 2443 2158 2500 beris
2176 2446 2233 2498 et
2251 2441 2480 2498 ancillis
2504 2439 2728 2512 genuit,
2742 2437 3004 2512 aequales
3024 2438 3252 2493 honore
3277 2436 3433 2492 ﬁlios
3454 2440 3511 2492 et
3528 2436 3649 2491 hea-

1997 2533 2169 2589 redes
2191 2531 2595 2588 constituerit?
2615 2529 2733 2586 Nisi
2751 2533 2814 2584 ut
2832 2526 3174 2583 ostenderet
3194 2525 3360 2599 quod
3383 2524 3650 2582 Christus

2000 2621 2286 2678 Dominus
2319 2619 2601 2675 omnibus
2632 2617 2928 2688 gentibus,
2948 2615 3053 2689 qui
3081 2631 3189 2688 per
3209 2614 3393 2670 ﬁdem
3415 2611 3652 2685 corpori

1999 2710 2128 2782 ejus
2159 2707 2569 2772 conciliantur,
2589 2705 2818 2762 cunctis
2847 2704 2978 2777 pari
3007 2704 3236 2759 honore
3261 2706 3317 2758 et
3338 2701 3525 2772 gloria
3544 2700 3653 2755 ha-

1997 2797 2135 2854 bitis
2161 2796 2426 2853 coelestia
2454 2794 2707 2868 prtemia
2733 2793 3038 2862 largiatur.
3073 2795 3200 2848 Non
3226 2794 3314 2846 est
3342 2790 3503 2846 enim
3537 2788 3652 2844 dis-

1999 2888 2215 2941 cretio:
2260 2885 2505 2939 Judaeus
2545 2899 2625 2939 an
2659 2882 2921 2948 Graecus,
2957 2879 3251 2935 barbarus
3287 2894 3366 2934 an
3398 2878 3650 2947 Scytha,

1998 2991 2201 3032 servus
2231 2990 2312 3031 an
2340 2973 2489 3030 liber
2512 2975 2624 3043 sit;
2664 2973 2808 3043 quia
2834 2986 2945 3040 per
2972 2971 3173 3025 omnia
3200 2974 3254 3024 et
3283 2969 3348 3023 in
3380 2968 3652 3023 omnibus

2002 3066 2275 3121 Christus
2296 3068 2379 3119 est
2410 3063 2563 3129 (Col.
2597 3077 2677 3125 ιιι,
2711 3061 2819 3131 tt).
2852 3060 3173 3130 Propterea
3199 3056 3359 3111 enim
3390 3055 3651 3125 ﬁguram

2001 3151 2156 3208 servi
2186 3151 2457 3207 Salvator
2485 3152 2685 3203 noster
2714 3151 2771 3202 et
2797 3146 3085 3201 Dominus
3124 3142 3335 3211 induit,
3367 3147 3424 3196 et
3452 3156 3558 3213 pro
3585 3140 3651 3195 li-

1997 3240 2140 3296 bero
2171 3243 2228 3294 et
2256 3254 2365 3311 pro
2399 3252 2570 3291 servo
2593 3234 2847 3299 servivit,
2879 3237 2940 3289 ut
2969 3231 3252 3287 omnibus
3271 3228 3650 3285 credentibus

1999 3330 2058 3384 in
2091 3344 2153 3383 se
2181 3326 2409 3400 aequale
2457 3322 2688 3380 donum
2731 3323 3031 3379 bonorum
3078 3318 3406 3375 caelestium
3441 3317 3653 3387 largia-

2000 3424 2111 3475 tur.
2146 3420 2259 3473 Nec
2289 3416 2598 3488 praetertur
2622 3412 2786 3485 apud
2817 3411 2985 3466 illum
3023 3409 3129 3481 qui
3159 3407 3495 3464 secundum
3525 3421 3652 3461 car-

1998 3523 2139 3563 nem
2160 3504 2416 3561 nobilior
2445 3502 2535 3558 sit.
2572 3502 2923 3573 Quicunque
2947 3499 3106 3554 euim
3137 3497 3319 3553 ﬁdem
3345 3510 3650 3568 promere-

2000 3601 2113 3661 tur,
2151 3593 2327 3649 nullis
2358 3591 2609 3647 maculis
2641 3589 2896 3645 carnalis
2940 3586 3264 3643 nativitatis
3303 3584 3648 3640 oﬁuscatur.

2000 3690 2147 3742 Nam
2178 3684 2291 3738 hoc
2330 3682 2409 3736 ita
2438 3680 2706 3735 futurum
2744 3678 2923 3733 etiam
2954 3691 3060 3748 per
3087 3674 3446 3748 prophetam
3476 3670 3653 3741 signi-

1998 3773 2231 3841 ﬁcatur,
2263 3770 2493 3826 dicente
2515 3766 2801 3824 Domino:
2835 3766 2971 3821 Erit
2998 3766 3058 3819 in
3071 3763 3274 3819 diebus
3297 3761 3649 3829 novissimis,

2002 3861 2307 3931 effundam
2357 3859 2428 3914 de
2471 3857 2689 3926 spirita
2735 3869 2863 3911 meo
2915 3868 3095 3922 super
3133 3866 3362 3907 omnem
3410 3863 3651 3905 carnem

2002 3951 2167 4023 (Joel.
2200 3965 2257 4013 ιι,
2284 3948 2393 4016 28).
2428 3944 2724 4017 Sequitur.

2665 4031 2893 4087 CAPUT
2930 4031 2990 4085 L.

2072 4127 2249 4181 Vens.
2277 4127 2441 4180 23.—
2484 4122 2721 4178 Vocavit
2761 4125 2961 4177 autem
2992 4117 3212 4187 Joseph
3238 4116 3468 4187 fratres
3493 4130 3649 4183 suos,

2002 4217 2274 4286 dixitque
2286 4214 2365 4271 eis
2378 4229 2398 4268 :
2428 4214 2569 4268 Post
2587 4216 2833 4267 mortem
2856 4224 3047 4265 meam
3071 4206 3332 4263 visitabit
3356 4221 3454 4262 vos
3478 4208 3650 4269 Deus,

2004 4313 2057 4362 et
2079 4304 2399 4361 ascendere
2409 4317 2509 4358 vos
2526 4301 2707 4370 faciet
2726 4300 2796 4356 de
2820 4304 2984 4355 terra
2999 4298 3114 4353 ista
3132 4297 3213 4353 ad
3233 4301 3456 4351 terram
3475 4308 3654 4365 quam

1929 4363 1973 4415 Β
1995 4394 2232 4464 juravit
2256 4363 2588 4459 Abraham,
2612 4391 2785 4445 Isaac
2815 4394 2869 4444 et
2894 4388 3106 4443 Jacob.
3127 4386 3451 4454 Asportate
3471 4363 3658 4438 vobis-

2006 4499 2140 4540 cum
2165 4496 2296 4538 ossa
2317 4495 2447 4537 mea
2476 4480 2549 4535 de
2579 4480 2705 4534 loco
2734 4479 2861 4533 isto.
2884 4476 3036 4541 Quid
3060 4479 3147 4530 est
3168 4473 3333 4545 quod
3354 4475 3554 4527 tantus
3565 4469 3656 4523 vir

2006 4587 2149 4628 ossa
2178 4581 2289 4625 sua.
2317 4568 2396 4624 ab
2417 4572 2670 4639 Egypto
2691 4564 2986 4638 asportari
3008 4560 3336 4635 praecepit?
3357 4563 3482 4615 Non
3495 4556 3656 4612 enim

2006 4660 2193 4716 otiose
2223 4657 2544 4714 mandasse
2561 4653 2896 4711 credendus
2914 4655 3023 4706 est.
3043 4651 3151 4714 Qui
3173 4647 3531 4719 prophetare
3546 4658 3656 4715 po-

2008 4748 2137 4816 tuit,
2170 4762 2293 4802 non
2318 4743 2653 4816 improvide
2673 4743 2788 4797 ista
2811 4737 3111 4812 praecepit.
3142 4739 3289 4792 Cum
3314 4734 3475 4790 enim
3505 4738 3660 4790 esset

2010 4836 2071 4892 in
2118 4833 2218 4889 Dei
2263 4832 2544 4888 creatoris
2593 4829 2908 4886 devotione
2954 4824 3329 4899 propensior,
3359 4825 3553 4879 sciens
3580 4822 3659 4878 ab

2010 4924 2142 4996 ipso
2171 4920 2505 4994 percepisse
2535 4917 2700 4992 quod
2729 4920 3046 4988 Egyptum
3095 4915 3157 4970 in
3188 4917 3352 4970 tanta
3381 4913 3661 4983 majesta-

2010 5017 2065 5069 te
2098 5010 2477 5082 gubernaret,
2516 5007 2707 5063 noluit
2756 5009 2821 5061 ut
2869 5004 2982 5061 sibi
3023 5005 3236 5067 honor,
3271 5002 3379 5059 sed
3425 5002 3661 5058 debitus

2013 5098 2273 5157 Creatori
2298 5097 2624 5154 deferretur
2649 5115 2663 5152 :
2705 5099 2761 5150 et
2786 5094 2923 5151 ideo
2953 5108 3213 5150 errorem
3242 5096 3380 5164 post
3406 5095 3664 5146 mortem

2014 5204 2189 5246 suam
2231 5186 2471 5260 expetiit
2509 5183 2748 5254 auferri,
2798 5182 3202 5255 perpendens,
3251 5181 3330 5237 ab
3379 5179 3664 5251 Egyptiis

2012 5294 2201 5336 causa
2236 5275 2515 5333 vanitatis
2572 5273 2840 5330 illicitum
2895 5273 3190 5328 honorem
3231 5268 3499 5342 impendi
3550 5267 3668 5324 sibi

2013 5372 2148 5441 post
2205 5370 2481 5434 mortem,
2539 5368 2735 5420 certus
2784 5361 3110 5419 vanitatem
3165 5360 3332 5431 vulgi
3397 5362 3668 5414 mortuos

2016 5455 2207 5526 magis
2261 5460 2327 5510 ut
2368 5454 2514 5509 deos
2543 5450 2817 5509 venerari
2863 5467 3050 5523 quam
3080 5450 3268 5505 vivos.
3317 5451 3381 5502 Et
3427 5446 3563 5502 ideo
3603 5447 3669 5500 ut

2014 5548 2169 5601 esset
2215 5543 2446 5598 alienus
2498 5558 2535 5598 a
2571 5556 2730 5598 vana
2775 5539 3193 5612 superstitione
3231 5535 3663 5607 .Egyptiorum,

2020 5648 2097 5689 ne
2125 5631 2454 5704 aliquando
2493 5631 2574 5688 ad
2623 5630 2727 5689 Dei
2774 5629 3058 5702 injuriam
3110 5628 3223 5688 ista
3266 5626 3491 5690 ﬁerent,
3521 5633 3668 5693 prie-
