4136 6176
277 139 378 194 245

1503 129 1752 193 ENARR.
1803 126 1872 192 IN
1910 124 2160 191 LIBROS
2197 131 2454 196 REGUM.

3579 150 3681 204 246

270 263 525 318 modum
558 261 785 318 Christo
817 261 968 317 duce
1005 260 1173 315 ﬁnire
1203 261 1456 316 decrevi.
1522 266 1582 317 In
1630 277 1751 334 quo
1802 272 1925 314 non
1955 257 2005 311 Α
2034 258 2185 314 riam
2238 263 2547 320 mulierem
2589 265 2824 321 incaute
2880 266 3194 338 respicere.
3251 271 3313 324 ln
3364 285 3487 342 quo
3527 271 3683 330 facto

273 369 533 426 persona
582 357 668 408 est
717 351 1076 407 attendenda
1131 351 1462 412 scribentis.
1513 353 1618 408 sed
1669 351 1924 424 qualitas

271 441 717 497 consideranda
743 447 829 496 est
866 441 1160 496 dictionis.
1208 444 1268 496 In
1321 457 1508 512 quam
1538 442 1756 496 multos
1788 445 1927 493 stre-

266 548 424 587 nuos
501 530 681 586 etiam
744 530 1059 585 doctorum
1123 531 1468 597 modernos,
1552 532 1654 603 qui
1740 528 1926 584 multa

265 635 513 692 quoque
573 619 829 692 posteris
887 619 1353 691 dereliquerunt,
1418 636 1489 675 ex
1543 619 1714 674 dictis
1769 617 1926 673 colli-

272 708 476 779 gendo
505 711 899 763 monumenta
931 712 1296 763 sanctorum.
1343 710 1471 762 Non
1521 708 1653 762 ideo
1697 707 1831 762 dico
1863 711 1928 761 ut

267 815 483 855 eorum
516 796 821 866 gressibus
853 813 948 852 me
976 807 1289 869 coaequare
1317 797 1572 864 valeam,
1597 796 1924 869 prtesertim

259 905 404 943 cum
435 886 519 942 illi
548 903 683 942 rore
714 886 967 941 scelestis
995 887 1251 942 nectaris
1282 903 1532 958 campos
1557 886 1926 942 maduerunt

258 977 614 1032 divinarum
657 976 1094 1047 Scripturarum
1143 976 1551 1042 multimodos,
1606 981 1662 1031 et
1712 975 1924 1030 futuris

258 1065 503 1121 saeculis
550 1065 828 1120 dimisere
887 1065 1160 1137 proﬁcua
1218 1065 1561 1133 legentlbus
1602 1083 1613 1120 :
1671 1079 1782 1134 ego
1829 1063 1924 1117 vix

257 1171 547 1226 aegreque
578 1155 790 1210 saltem
819 1169 1068 1227 possum
1120 1169 1190 1209 ex
1247 1170 1454 1209 eorum
1511 1154 1681 1209 dictis
1727 1152 1926 1208 decer-

259 1260 402 1317 pere
424 1244 782 1316 permodica
811 1248 866 1298 et
889 1242 1131 1299 tandem
1161 1243 1486 1311 intelligere
1512 1243 1607 1298 vel
1634 1241 1884 1298 minima
1908 1257 1920 1295 :

258 1333 368 1389 sed
397 1348 477 1387 ne
506 1333 733 1388 videret
761 1333 1031 1400 ingratus
1059 1331 1347 1401 largitori,
1378 1331 1512 1386 licet
1551 1330 1918 1402 compulsus,

261 1421 490 1478 contuli
512 1421 892 1477 mediocriter
908 1421 1009 1492 qui
1027 1421 1192 1494 potui
1216 1420 1717 1492 praecipientibus.
1737 1418 1923 1476 Simul

263 1512 444 1566 etiam
474 1509 815 1565 notandum
858 1515 946 1566 est
983 1511 1096 1565 illis
1126 1511 1229 1581 qui
1280 1510 1339 1564 in
1381 1511 1494 1564 hoc
1524 1509 1676 1564 libro
1705 1523 1921 1579 parum

262 1599 528 1671 spiritale
561 1599 854 1654 contineri
885 1598 1273 1666 contendant,
1303 1597 1469 1669 quod
1499 1598 1593 1652 hic
1623 1595 1923 1668 Scriptura
1960 1601 2004 1658 1-",

261 1689 436 1757 (sicut
464 1688 530 1742 in
561 1687 768 1742 multis
809 1685 1024 1742 divinis
1075 1685 1508 1752 voluminibus)
1554 1700 1678 1740 non
1726 1683 1921 1739 solum

259 1777 447 1832 tribus
475 1775 680 1830 modis
708 1775 1093 1845 dignoscitur,
1132 1775 1304 1845 juxta
1352 1773 1497 1829 illud
1545 1771 1916 1829 Salomonis:

261 1869 400 1921 Ecce
433 1865 735 1936 descripsi
764 1881 900 1920 eam
927 1863 1262 1936 tripliciter:
1293 1862 1686 1918 verumetiam
1719 1861 1920 1916 multi-

262 1954 490 2026 pliciter
517 1954 831 2022 contineri,
861 1953 1196 2008 secuudum
1241 1952 1406 2024 quod
1455 1952 1515 2006 in
1567 1951 1718 2005 libro
1763 1949 1922 2005 beati

267 2044 375 2097 Job
407 2042 774 2098 inscribitur.
801 2049 990 2114 Atque
1021 2042 1270 2104 utinam,
1299 2041 1512 2112 inquit,
1543 2043 1692 2093 Deus
1717 2039 1920 2110 loque-

267 2139 419 2188 retur
449 2138 672 2196 tecum,
708 2136 764 2186 et
802 2132 1136 2186 ostenderet
1185 2130 1288 2184 tibi
1337 2134 1560 2185 secreta
1591 2128 1917 2200 sapientiae,

277 2226 328 2275 et
342 2219 504 2292 quod
531 2219 852 2292 multiplex
883 2221 1011 2290 ejus
1041 2224 1196 2274 esset
1224 2218 1338 2274 lex.
1391 2218 1562 2283 Quod
1604 2218 1920 2272 doctorum

285 2307 505 2364 solertia
533 2314 854 2364 attestante
877 2307 1299 2380 septemforme
1329 2307 1783 2376 dignoscuntur.
1805 2305 1920 2378 Ipsi

277 2403 402 2452 sunt
434 2399 596 2453 enim
631 2402 864 2469 septem
894 2397 1085 2466 sigilli,
1118 2397 1340 2469 quibus
1371 2397 1480 2451 iste
1506 2396 1674 2460 liber,
1707 2409 1919 2449 secun-

269 2486 407 2542 dum
438 2486 872 2560 Apocalypsim
911 2486 1176 2552 Joannis,
1228 2486 1496 2555 signatus
1527 2500 1659 2540 esse
1690 2483 1921 2556 procla-

265 2582 480 2644 matur,
503 2594 690 2650 quem
712 2591 893 2631 nemo
914 2575 1106 2647 potuit
1125 2575 1373 2640 solvere,
1399 2581 1456 2630 et
1477 2575 1705 2646 aperire
1727 2573 1921 2643 signa-

264 2667 392 2721 cula
413 2667 569 2736 ejus,
600 2666 714 2720 nisi
736 2665 830 2720 leo
857 2664 932 2720 de
966 2665 1123 2720 tribu
1150 2665 1325 2727 Juda,
1347 2664 1450 2736 qui
1477 2663 1661 2719 habet
1688 2662 1921 2717 clavem

265 2755 471 2820 David,
521 2756 629 2826 qui
659 2757 822 2810 hunc
853 2759 911 2809 et
943 2753 1251 2822 signacula
1301 2755 1430 2823 ejus
1474 2753 1725 2824 aperuit.
1776 2753 1922 2807 Sunt

263 2845 420 2900 enim
477 2846 713 2917 primus
760 2843 1104 2913 historialis,
1169 2843 1471 2899 secundus
1539 2841 1918 2911 allegorialis,

264 2935 464 2989 tertius
495 2935 807 3005 utriusque
838 2935 923 2988 rei
955 2933 1200 3000 modus;
1246 2938 1518 3005 quartus,
1571 2932 1647 2986 de
1693 2931 1919 2986 incom-

264 3023 536 3079 mutabili
568 3023 787 3078 divinae
817 3022 1110 3078 Trinitatis
1141 3022 1396 3078 essentia
1421 3039 1432 3076 :
1484 3021 1733 3093 quando
1764 3019 1922 3075 vides

259 3113 394 3168 licet
441 3113 711 3185 proprie,
768 3112 1017 3184 quando
1065 3111 1287 3183 tropice
1347 3111 1529 3166 sacris
1587 3109 1922 3164 insinuetur

261 3202 550 3257 oraculis.
608 3202 852 3266 Quintus
907 3200 1300 3272 parabolaris,
1361 3199 1636 3254 videlicet
1674 3198 1919 3269 quando

262 3291 435 3346 aliud
465 3290 710 3357 dicitur,
727 3290 940 3345 etaliud
965 3291 1260 3346 invenitur
1279 3289 1585 3360 scriptum.
1609 3289 1819 3343 Sextus
1844 3286 1919 3340 de

267 3379 517 3449 gemino
547 3378 860 3434 Salvatoris
884 3380 1167 3446 adventu,
1200 3393 1278 3433 ne
1303 3382 1407 3434 aut
1436 3376 1666 3449 primus
1694 3389 1805 3448 pro
1832 3391 1920 3430 sed

263 3469 486 3538 eundo,
522 3473 627 3524 aut
648 3469 942 3524 secundus
968 3485 1077 3542 pro
1105 3468 1300 3540 primo
1331 3466 1710 3536 intelligatur.
1739 3465 1921 3538 Septi-

271 3574 401 3612 mus
420 3573 544 3630 quo
568 3557 654 3612 sic
674 3557 891 3612 divinis
923 3557 1229 3630 praeceptis
1249 3556 1620 3624 instruimur,
1667 3559 1731 3610 ut
1759 3558 1920 3609 certa

279 3646 404 3700 vita:
438 3647 683 3716 agenda:
723 3646 937 3717 forma,
975 3647 1127 3703 alius
1167 3662 1308 3702 vero
1337 3645 1469 3701 vitae
1509 3643 1918 3715 signiﬁcanda:

291 3735 473 3801 figura
499 3737 833 3805 regulariter
860 3737 1210 3792 innotescat.
1243 3735 1357 3791 Sed
1383 3735 1508 3805 jam
1532 3733 1820 3806 exemplis
1847 3749 1920 3788 ex

291 3821 397 3877 hoc
435 3825 724 3881 volumine
774 3825 1054 3881 convenit
1098 3825 1369 3886 edocere,
1419 3828 1484 3878 ut
1531 3823 1625 3877 his
1657 3823 1920 3894 primum

281 3911 454 3968 edocti
482 3915 675 3970 sciant
696 3914 884 3970 multa
904 3913 1189 3986 mysteria
1217 3913 1277 3968 in
1309 3928 1378 3968 eo
1410 3911 1662 3979 contegi.
1684 3911 1918 3965 Primus

271 3999 576 4057 historicus
606 4003 701 4059 ille
730 4009 838 4070 est,
872 4003 974 4058 ubi
1001 4002 1146 4058 nihil
1177 4000 1436 4074 spiritale
1464 3999 1818 4064 continetur,
1843 3998 1918 4052 si-

263 4096 357 4144 cut
379 4091 458 4146 ait
479 4091 724 4146 Samuel
749 4108 762 4145 :
787 4113 816 4139 ‹‹
848 4091 1042 4148 Melior
1063 4096 1154 4146 est
1183 4089 1526 4145 obedientia
1551 4103 1736 4160 quam
1756 4087 1920 4142 victi-

263 4193 390 4243 mas,
417 4201 445 4228 ι»
478 4187 536 4233 et
565 4181 724 4234 mille
750 4179 908 4235 talia.
947 4179 1256 4234 Secundus
1290 4177 1669 4246 allegorialis,
1713 4175 1816 4231 ubi
1841 4175 1922 4230 ait

1957 2965 1971 3009 (

2035 346 2352 416 allegorica
2397 353 2571 409 etiam
2615 355 2967 424 signiﬁcatio
3010 356 3363 424 continetur,
3424 359 3574 416 sicut
3623 361 3686 417 in

2036 453 2144 491 suo
2183 438 2315 494 loco
2357 443 2598 499 abunde
2647 443 3092 516 descripsimus.
3140 447 3396 510 Quartus
3438 448 3682 520 modus,

2035 525 2138 580 ubi
2183 529 2354 584 nobis
2404 531 2730 604 aliquando
2774 532 3031 605 proprie,
3085 533 3412 606 aliquando
3461 537 3684 610 tropice

2035 614 2316 674 Divinitas
2347 620 2528 675 sacris
2561 620 2812 693 eloquiis
2841 621 3184 678 intimatur:
3229 623 3491 696 Proprie,
3535 627 3686 683 sicut

2037 704 2188 760 Elias
2219 706 2300 762 ait
2324 725 2336 762 :
2364 730 2391 757 ‹‹
2422 709 2569 764 Vivit
2589 710 2872 765 Dominus
2893 710 2954 766 in
2981 711 3153 782 cujus
3171 715 3495 785 conspectu
3519 719 3630 773 sto.
3653 739 3681 766 »

2036 796 2100 848 Et
2127 793 2270 849 illud
2298 815 2309 851 :
2345 819 2372 844 ‹‹
2405 800 2487 852 Tu
2516 814 2578 852 es
2609 799 2768 854 enim
2798 799 2950 854 Deus
2975 800 3034 856 in
3066 799 3216 856 caelo
3248 815 3510 872 sursum,
3543 807 3600 860 et
3621 805 3681 860 in

2034 886 2184 938 terra
2219 885 2520 942 deorsum.
2559 909 2586 936 »
2622 890 2721 942 Et:
2770 911 2798 938 «
2851 891 2968 957 Ego
3000 905 3133 944 sum
3167 891 3320 945 Deus
3350 889 3678 963 Abraham,

2033 977 2089 1027 et
2120 975 2270 1026 Deus
2304 978 2484 1044 lsaac,
2504 980 2559 1031 et
2589 976 2741 1031 Deus
2765 977 2966 1033 Jacob.
2996 999 3023 1027 »
3053 979 3315 1050 Tropice,
3329 980 3500 1047 juxta
3515 981 3681 1053 quod

2033 1062 2339 1118 Michaeas:
2383 1085 2409 1113 ‹‹
2453 1065 2578 1120 Vidi
2607 1066 2926 1121 Dominum
2959 1066 3283 1128 sedentem.
3331 1069 3387 1124 et
3434 1083 3679 1125 omnem

2032 1150 2304 1206 militiam
2333 1152 2464 1208 casli
2495 1154 2871 1210 assistentem
2894 1155 2964 1222 ei,
2990 1176 3020 1204 ››
3052 1159 3108 1211 et
3133 1161 3342 1213 cratera
3363 1157 3518 1225 talia,
3542 1173 3679 1231 quas

2033 1240 2107 1294 de
2140 1241 2256 1294 Deo
2289 1241 2568 1297 translate
2597 1259 2719 1298 non
2751 1243 2990 1316 proprie
3019 1245 3207 1317 accipi
3243 1246 3450 1301 solent.
3497 1246 3677 1310 Quin-

2033 1332 2125 1382 tus
2157 1329 2546 1400 parabolaris,
2579 1347 2700 1404 quo
2739 1349 2878 1388 cum
2923 1331 3082 1387 aliud
3119 1332 3352 1401 dicitur,
3411 1333 3575 1390 aliud
3617 1335 3680 1390 in

2033 1419 2215 1472 sacris
2245 1419 2478 1490 paginis
2509 1421 2822 1476 invenitur.
2885 1421 3009 1476 Hoc
3062 1425 3150 1477 est
3195 1423 3362 1495 quod
3400 1423 3461 1478 in
3513 1423 3678 1480 titulo

2031 1508 2247 1578 psalmi
2268 1523 2446 1564 xxxiv
2466 1510 2706 1565 dicitur:
2734 1532 2761 1561 ‹‹
2787 1509 3059 1566 Psalmus
3079 1511 3193 1583 ipsi
3219 1512 3680 1585 David,quando

2031 1599 2420 1653 commutavit
2470 1599 2703 1655 vultum
2749 1615 2926 1654 suum
2974 1615 3180 1656 coram
3231 1601 3575 1657 Abimelech
3623 1606 3680 1659 et

2029 1685 2255 1742 dimisit
2275 1704 2434 1757 eum,
2467 1711 2493 1738 »
2527 1706 2663 1745 cum
2689 1688 2753 1745 in
2779 1690 2895 1745 hoc
2924 1689 3076 1746 libro
3106 1706 3311 1746 coram
3337 1690 3512 1748 Achis
3537 1707 3678 1762 rege

2028 1776 2142 1830 hoc
2169 1776 2375 1832 fecisse
2405 1784 2702 1839 narratur.
2747 1783 2894 1835 Cum
2923 1795 3065 1850 ergo
3094 1796 3204 1853 pro
3233 1781 3408 1836 Achis
3437 1780 3679 1838 Abime-

2027 1863 2160 1920 lech
2189 1865 2405 1936 posuit,
2437 1867 2732 1936 legentem
2763 1869 3015 1935 monuit,
3044 1884 3115 1924 ex
3144 1869 3331 1941 ipsius
3389 1870 3676 1942 interpre-

2032 1954 2250 2008 tatione
2278 1955 2554 2016 nominis,
2611 1956 2799 2012 latens
2856 1957 3030 2012 altius
3087 1963 3398 2024 penetrare
3454 1965 3676 2031 myste-

2028 2042 2204 2109 rium,
2238 2043 2311 2096 de
2342 2060 2462 2114 quo
2489 2045 2729 2100 inferius
2758 2063 2868 2099 suo
2898 2046 2959 2100 in
2985 2045 3117 2100 loco
3143 2044 3523 2115 digessﬁnus.
3571 2047 3677 2102 Cui

2029 2131 2207 2185 etiam
2234 2133 2509 2188 convenit
2531 2133 2675 2188 illud
2702 2151 2713 2188 :
2751 2156 2778 2183 ‹‹
2811 2134 3083 2189 (ἱειινᾱιιιιε
3109 2133 3212 2205 qui
3242 2139 3330 2188 est
3357 2135 3419 2189 in
3451 2133 3674 2202 Libano

2031 2219 2186 2273 misit
2216 2219 2294 2274 ad
2325 2219 2592 2289 cedrum,
2637 2237 2772 2293 quae
2803 2227 2890 2277 est
2918 2223 2978 2277 in
3012 2222 3257 2287 Libano,
3302 2227 3368 2278 ut
3405 2221 3575 2277 daret
3621 2222 3675 2278 ei

2028 2308 2214 2364 ﬁliam
2241 2324 2436 2378 suam,
2463 2332 2489 2358 ››
2521 2315 2576 2364 et
2596 2310 2843 2382 reliqua.
2881 2313 2959 2366 De
2989 2313 3154 2366 sexto
3180 2325 3342 2377 vero,
3366 2309 3469 2365 ubi
3493 2311 3677 2379 gemi-

2027 2413 2143 2452 nus
2172 2398 2463 2452 adventus
2493 2399 2698 2454 Christi
2733 2400 3087 2468 continetur,
3127 2399 3354 2454 cunctis
3384 2402 3546 2472 patet
3571 2400 3676 2472 qui

2028 2487 2100 2541 sit
2126 2486 2379 2558 primus,
2407 2487 2542 2558 quis
2569 2488 2675 2543 erit
2700 2489 2954 2556 futurus,
2986 2488 3091 2561 qui
3117 2491 3366 2559 uterque
3397 2486 3492 2541 hic
3522 2500 3676 2557 prae-

2026 2576 2338 2644 ﬁguratur.
2363 2576 2659 2648 Septimus
2690 2578 2941 2650 proinde
2969 2575 3212 2646 modus,
3237 2576 3341 2648 qui
3372 2574 3677 2645 geminam

2028 2671 2462 2738 praeceptorum
2495 2667 2704 2723 retinet
2731 2667 3099 2741 qualitatem,
3124 2665 3218 2722 ille
3239 2668 3327 2722 est
3346 2665 3479 2720 vitae
3501 2677 3680 2733 agen-

2029 2755 2142 2820 dae,
2187 2760 2252 2810 ut
2279 2756 2535 2828 exempli
2567 2758 2757 2826 gratia
2782 2775 2795 2812 :
2826 2781 2853 2807 ‹‹
2886 2757 3101 2829 Diliges
3130 2755 3476 2828 proximum
3506 2757 3678 2808 tuum

2030 2849 2320 2915 tanquam
2352 2845 2644 2916 teipsum:
2704 2846 2812 2912 Qui
2867 2846 3026 2902 enim
3075 2844 3266 2915 diligit
3309 2843 3675 2917 proximum,

2027 2934 2220 3005 legem
2243 2935 2626 3008 adimplevit:
2689 2955 2717 2986 υ
2771 2936 2942 3002 Quod
2992 2935 3179 2991 David
3221 2949 3345 2990 non
3389 2933 3586 2988 solum
3615 2931 3677 2986 in

2027 3024 2283 3078 Jonatha
2302 3023 2586 3094 implevit,
2605 3041 2812 3079 verum
2830 3024 2960 3080 etin
2984 3023 3143 3091 Saul,
3167 3037 3349 3095 quem
3367 3021 3678 3076 inimicum

2027 3111 2264 3167 dilexit:
2297 3111 2372 3166 de
2397 3127 2518 3182 quo
2553 3112 2851 3183 Scriptura
2875 3112 2980 3167 ait:
3017 3133 3044 3162 «
3078 3111 3304 3166 Planxit
3333 3114 3532 3164 autem
3563 3109 3678 3162 Da-

2025 3201 2127 3255 vid
2155 3215 2334 3272 super
2363 3199 2501 3255 Saul
2527 3204 2583 3255 et
2607 3199 2798 3255 ﬁlium
2825 3200 2976 3270 ejus,
3009 3219 3038 3249 »
3067 3203 3123 3254 et
3149 3198 3396 3270 reliqua.
3428 3197 3560 3268 Ipse
3589 3197 3678 3252 est

2027 3291 2082 3344 et
2110 3288 2442 3357 ﬁgurandus
2464 3288 2618 3351 vitae,
2644 3288 2975 3344 carnalium
3005 3285 3277 3343 videlicet
3299 3285 3675 3342 vietimarum

2027 3382 2083 3433 et
2110 3387 2394 3433 vasorum
2420 3377 2873 3450 compositione.
2905 3377 3162 3434 Victimae
3190 3375 3351 3432 enim
3379 3375 3494 3430 hoc
3522 3389 3678 3447 prte-

2026 3467 2370 3538 ﬁgurabant
2396 3467 2562 3539 quod
2586 3468 2856 3524 hortatur
2880 3466 3217 3537 Apostolus,
3242 3467 3305 3521 ut
3336 3480 3364 3516 ‹‹
3397 3453 3680 3521 exhibea-

2027 3556 2099 3611 tis
2132 3569 2385 3628 corpora
2431 3560 2628 3612 vestra
2665 3556 2928 3612 hostiam
2965 3555 3188 3622 vivam,
3231 3556 3524 3622 sanctam,
3557 3555 3678 3609 Deo
3721 3561 3729 3567 ‘

2026 3646 2381 3719 placentem.
2415 3661 2442 3695 »
2489 3646 2648 3702 Vasa
2690 3635 2826 3702 vero
2859 3644 3122 3700 similiter
3148 3643 3366 3700 electos
3397 3643 3677 3712 designa-

2026 3736 2192 3801 bant,
2226 3735 2442 3790 divinis
2486 3734 2697 3790 oﬂlciis
2737 3736 3080 3808 occupatos.
3115 3732 3224 3798 Qui
3273 3731 3495 3787 modus
3537 3746 3677 3787 cum

2029 3825 2294 3880 secundo
2325 3823 2530 3879 similis
2560 3823 2852 3889 videatur,
2885 3821 2987 3878 illa
3023 3822 3229 3878 tamen
3274 3820 3504 3877 ratione
3552 3819 3676 3874 dis-

2029 3912 2286 3968 cernitur
2309 3911 2476 3984 quod
2505 3912 2599 3966 hic
2630 3911 2708 3966 ad
2738 3927 2935 3966 mores
2961 3913 3215 3980 tantum,
3247 3907 3342 3964 ille
3372 3908 3552 3964 etiam
3583 3922 3677 3963 re-

2029 4002 2326 4071 digendas
2357 4005 2444 4056 est
2469 4001 2545 4057 ad
2566 4000 2768 4057 fidem.
2797 4003 3012 4056 Verum
3031 3999 3166 4056 licet
3186 3997 3276 4055 isti
3299 3997 3464 4055 modi
3486 3997 3683 4054 multi-

2029 4091 2256 4162 pliciter
2284 4089 2414 4145 istic
2445 4090 2840 4156 inveniantur,
2891 4093 3092 4145 tamen
3136 4085 3308 4160 juxta
3361 4087 3677 4158 jugitatem

2030 4178 2271 4252 triplicis
2300 4177 2629 4242 divisionis,
2654 4177 2994 4234 studuimus
3017 4177 3280 4251 primum
3309 4177 3676 4247 historicam,

257 4268 433 4364 quod
446 4269 514 4323 in
539 4268 825 4364 omnibus
844 4267 1072 4364 iinibus
1094 4266 1271 4364 Israel
1291 4267 1492 4364 puella
1511 4264 1782 4364 speciosa
1783 4262 1923 4364 "regi
1956 4310 2000 4364 Β
2029 4284 2164 4340 quin
2205 4272 2368 4338 gesta
2396 4266 2714 4340 depromit,
2741 4273 3016 4339 tangere:
3049 4265 3264 4322 deinde
3293 4265 3678 4364 allegoricam

258 4355 438 4412 David
464 4358 812 4428 requiritur,
839 4357 902 4411 in
923 4357 1092 4426 cujus
1115 4357 1250 4411 sinu
1272 4355 1532 4411 dormiat
1561 4359 1618 4410 et
1648 4353 1918 4410 calefiat:

254 4451 366 4501 tam
390 4455 596 4511 casta,
630 4452 696 4502 ut
715 4445 1067 4501 calefactum
1098 4445 1177 4500 ad
1207 4444 1518 4500 libidinem
1547 4459 1670 4499 non
1695 4459 1919 4516 provo-

253 4542 368 4602 cet;
401 4552 555 4608 quae
574 4534 932 4606 sapientiam
958 4535 1192 4604 figurat,
1217 4549 1353 4606 qua:
1375 4533 1555 4588 etiam
1583 4533 1644 4587 in
1675 4530 1921 4588 senibus

251 4641 363 4680 non
393 4625 690 4686 senescit,
734 4624 838 4679 sed
883 4623 1334 4693 frigescentibus
1364 4621 1650 4678 membris
1675 4621 1920 4678 dilectos

251 4730 336 4768 res
355 4731 520 4771 suos
542 4715 684 4784 igne
717 4713 1004 4785 ampliore
1035 4711 1360 4768 succendit.
1387 4713 1638 4778 Tertius,
1670 4717 1919 4784 uterque

250 4807 442 4861 modis
481 4806 640 4860 sicut
664 4805 724 4858 in
759 4803 944 4858 David
966 4803 1314 4869 ostenditur,
1341 4802 1442 4857 ubi
1466 4801 1744 4857 Betsabee
1773 4817 1918 4857 uxoa

246 4909 367 4950 rem
401 4897 566 4952 Urina
596 4894 833 4948 incaute
865 4893 1196 4964 respexisse
1226 4892 1458 4958 dicitur,
1510 4895 1567 4946 et
1595 4906 1876 4962 peccasse
1902 4907 1915 4946 :

249 4989 306 5038 ut
332 4984 798 5040 demonstretur
826 4981 992 5053 quod
1033 4981 1234 5036 nullus
1261 4980 1479 5037 debeat
1514 4980 1686 5049 juxta
1734 4979 1918 5036 hieto-

2031 4357 2547 4427 significationem,
2591 4371 2726 4430 qum
2769 4358 2954 4413 ﬁdem
2996 4355 3254 4412 aediﬁcat
3280 4355 3564 4428 pandere,
3599 4353 3678 4410 ad

2029 4451 2360 4503 extremum
2381 4461 2623 4518 quoque
2649 4446 3067 4513 moralitatem,
3095 4459 3231 4517 quae
3252 4443 3434 4499 vitam
3460 4443 3678 4497 hones-

2029 4539 2152 4591 tam
2183 4535 2491 4608 componit
2519 4535 2887 4602 subnectere,
2947 4551 3022 4590 ne
3077 4531 3344 4604 pondere
3393 4529 3575 4584 solius
3619 4531 3677 4584 et

2031 4624 2206 4680 unius
2235 4623 2632 4694 intelligentiae
2661 4637 2926 4696 pressus,
2974 4623 3078 4676 aut
3123 4617 3382 4675 historiae
3426 4620 3483 4671 et
3530 4615 3675 4672 alle-

2029 4712 2208 4783 goriae
2239 4711 2395 4768 mole
2417 4715 2697 4780 gravatus
2727 4710 3062 4772 desidiosus
3086 4708 3269 4766 lector
3295 4703 3676 4761 occasionem

2028 4801 2215 4874 possit
2242 4800 2502 4854 invenire
2533 4797 2951 4863 excusationis,
3007 4794 3113 4852 sed
3164 4795 3363 4869 potius
3393 4809 3530 4850 cum
3561 4794 3675 4851 hac

2029 4892 2376 4962 paupertate
2404 4887 2733 4942 discurrere
2762 4886 2955 4942 valeat
2983 4889 3341 4958 provocatus
3369 4897 3477 4958 per
3509 4901 3676 4940 cam-

2027 4993 2138 5051 pos
2167 4991 2358 5033 ovans
2387 4975 2711 5032 latissimos
2739 4975 3080 5035 doctorum.

1689 5256 2272 5348 PROLOGUS

245 5519 298 5573 Si
325 5518 554 5582 mavis,
584 5515 793 5579 lector,
817 5514 1049 5586 typicos
1074 5513 1429 5584 dignoscere
1460 5529 1694 5584 sensus,

308 5612 470 5677 Qum
498 5612 687 5674 tenet,
716 5605 1048 5677 ingredere,
1077 5605 1327 5662 ﬂoridus
1355 5605 1463 5662 ista
1491 5605 1658 5662 liber.

2021 5514 2116 5569 Bis
2144 5513 2354 5570 retinet
2375 5513 2520 5570 bina
2545 5527 2623 5569 en
2650 5516 2884 5569 sacrata
2913 5511 3221 5569 volumina
3249 5515 3499 5583 Regum,

2095 5606 2238 5670 Qum
2263 5608 2508 5676 patuere
2539 5603 2708 5677 prius
2734 5618 2838 5660 ore
2867 5606 3114 5661 tonante
3142 5603 3360 5678 sopho.
