4130 6182
465 138 575 209 247

465 263 634 316 Hunc
660 259 885 316 studuit
911 259 1180 316 calamus
1208 261 1414 312 noster
1443 257 1806 328 conjungere
1836 256 2041 323 fretus,

539 352 606 406 Et
633 349 820 406 voluit
848 348 1090 404 tandem
1121 350 1314 402 texere
1355 351 1558 402 nostra
1588 361 1838 409 manus.

470 439 697 498 Scilicet
731 435 1070 506 ingrediens
1101 449 1349 506 campos
1379 438 1435 489 et
1465 439 1636 507 prata
1664 435 1925 508 piorum,

537 527 819 598 Carperet
844 527 911 580 ut
935 522 1113 580 ﬂores
1143 522 1558 579 Celsitonantis
1587 539 1722 596 ope.

470 617 551 670 Ex
581 612 804 686 quibus
831 611 1088 683 accipias
1118 610 1332 666 divina
1359 612 1556 684 stirpis
1591 611 1828 678 odores,

540 704 607 759 Et
637 702 835 758 valeas
862 700 1090 756 fructus
1116 699 1316 756 tollere
1342 701 1448 755 rite
1475 701 1688 757 bonos.

471 791 718 848 Fercula
746 791 857 845 fert
881 789 1098 844 animis
1121 789 1377 846 nimium
1407 790 1812 863 pulcherrima
1840 791 2034 858 claris,

544 878 706 934 Unde
737 877 929 934 fames
961 878 1178 934 anima
1201 879 1436 951 pellitur
1459 884 1592 936 aeta
1620 879 1848 952 procul.

470 967 614 1024 Lilia
640 983 780 1022 cum
801 966 973 1023 violis
1000 967 1271 1023 redolent
1297 969 1667 1040 percandida
1692 968 1907 1037 rubris,

543 1059 608 1112 Et
637 1057 857 1128 pariter
880 1055 1150 1124 fragrant
1179 1057 1482 1126 cinnama,
1513 1073 1670 1122 rosa,
1701 1062 1855 1113 ruta.

474 1145 744 1202 Continet
772 1145 867 1200 hic
893 1144 1106 1200 Christi
1135 1145 1390 1202 nimium
1417 1148 1782 1202 charismata
1810 1162 2001 1215 sacra,

546 1237 688 1301 Qua
713 1234 938 1290 latuere
965 1234 1134 1307 prius
1157 1235 1372 1291 cortice
1403 1240 1555 1291 tecta
1583 1236 1705 1290 diu.

477 1325 698 1397 Hicque
727 1325 1159 1396 prophetarum
1185 1324 1392 1396 pangit
1421 1324 1798 1381 sanctissima
1827 1330 2012 1394 gesta,

547 1413 807 1468 Plurima
837 1412 1163 1468 multorum
1193 1414 1449 1485 mystica
1479 1413 1662 1469 verba
1691 1414 1869 1469 canit.

479 1505 621 1568 Qua
651 1503 838 1559 David
865 1503 1062 1573 gessit,
1088 1502 1298 1558 cecinit
1315 1519 1558 1575 quoque
1580 1508 1637 1558 et
1656 1503 1879 1575 inclyta
1900 1502 2119 1575 proles,

549 1595 668 1648 Hoc
697 1592 914 1665 typice,
946 1592 1150 1664 lector,
1181 1591 1289 1648 iste
1317 1592 1553 1649 libellus
1581 1593 1782 1649 habet.

1561 131 1918 191 ANGELOMI
1956 128 2426 188 LUXOVIENSIS
2464 129 2779 188 MONACHI

2149 259 2196 313 Α
2222 253 2327 309 Hic
2358 253 2763 324 evangelicam
2793 252 3093 326 quadriga
3121 255 3443 323 concrepat
3473 251 3714 316 aulam,

3790 124 3905 184 248

2298 344 2390 400 Sic
2419 348 2476 399 et
2498 342 2898 416 apostolicum
2927 342 3133 398 lumen
3165 342 3389 396 habere
3419 341 3662 414 probat.

2225 432 2355 489 Istic
2386 432 2652 489 invenies
2681 434 2966 489 thesaura
2995 430 3303 487 recondita
3330 434 3594 499 Patrum,

2296 523 2517 578 Horum
2548 526 2604 578 et
2631 521 2986 594 multiplices
3013 521 3108 577 hic
3137 520 3466 576 retinentur
3495 536 3664 592 opes.

2225 611 2441 667 Abdita
2471 627 2614 667 nam
2642 616 2886 682 raserat,
2917 617 2973 666 et
3001 611 3246 666 tandem
3275 610 3530 682 mystica
3555 611 3810 683 pandit,

2297 703 2360 754 in
2390 699 2657 756 medium
2687 699 2914 773 profert
2940 699 3151 755 intima
3177 698 3474 772 quidquid
3503 699 3771 757 habent.

2228 789 2488 846 Grandia
2516 789 2767 845 ccelestis
2799 789 3090 862 promittit
3118 789 3369 861 pramia
3399 788 3556 854 vita,

2298 878 2500 934 Vivere
2531 895 2670 934 cum
2701 879 2952 935 Domino
2978 894 3164 948 regna
3196 877 3454 933 tenendo
3484 878 3624 951 poli.

2228 967 2398 1022 Istius
2428 983 2570 1037 ergo
2601 967 2753 1023 celer
2780 967 2962 1023 calles
2992 967 3259 1022 discurre
3284 966 3556 1030 libenter.

2301 1055 2536 1111 Discute
2565 1055 2908 1129 paginulas,
2940 1054 3058 1111 mel
3090 1054 3191 1111 tibi
3221 1060 3421 1128 portat
3450 1057 3598 1128 apis.

2232 1145 2346 1199 Has
2374 1159 2522 1216 cape
2555 1143 2813 1213 divitias,
2846 1143 3058 1199 mundi
3087 1150 3403 1200 contemne
3433 1146 3735 1217 caducas,

2302 1233 2474 1298 Quod
2500 1232 2658 1288 canit
2687 1233 2793 1288 iste
2821 1231 2970 1288 liber
3000 1248 3237 1305 semper
3264 1235 3324 1288 in
3351 1250 3452 1290 ore
3481 1239 3634 1304 tene,

2230 1322 2448 1381 Lurida
2477 1319 2679 1394 linque
2705 1320 2896 1377 libens
2926 1337 3156 1394 spurca
3186 1323 3466 1392 contagia
3496 1325 3726 1396 carnis,

2305 1416 2365 1467 In
2398 1417 2661 1467 mentem
2685 1411 2887 1468 veniat
2915 1411 3082 1484 quod
3113 1412 3434 1468 moriturus
3466 1414 3601 1480 eris,

2231 1504 2320 1559 Sis
2351 1518 2584 1558 memor
2611 1501 2869 1558 auctoris
2894 1517 3100 1557 versus
3131 1518 3270 1557 cum
3296 1501 3509 1572 legeris
3537 1504 3716 1574 istos,

2155 1583 2194 1637 Β
2305 1593 2510 1658 ANGE,
2542 1591 2715 1658 Deus,
2749 1593 2912 1648 LOMI
2944 1590 3040 1646 dic
3070 1590 3351 1647 miserere
3380 1592 3483 1647 tui.

3349 1740 3712 1754 ᾖ

1601 1869 1714 1957 ΙΝ
1798 1865 2233 1954 LIBRUM
2321 1863 2772 1952 PRIMUM

1107 2125 1490 2182 ΡΒΑΞΡΑΤΙΟ.

545 2211 760 2282 Viginti
816 2218 873 2268 et
921 2213 1076 2269 duas
1117 2227 1246 2268 esse
1293 2205 1516 2269 litteras
1561 2213 1726 2286 apud
1758 2213 2035 2269 Hebraos
2065 2214 2125 2269 in

475 2300 824 2358 auctoribus
879 2300 1220 2356 divinarum
1279 2302 1718 2374 Scripturarum
1773 2302 2124 2374 reperimus,

473 2389 641 2462 quod
671 2389 876 2445 nullus
913 2389 1019 2462 qui
1056 2406 1160 2445 eos
1208 2389 1431 2459 legerit,
1481 2391 1733 2462 ignorat.
1784 2391 2126 2448 Secundum

473 2493 735 2549 quarum
764 2493 1085 2533 numerum
1130 2478 1295 2550 apud
1336 2495 1439 2534 eos
1482 2479 1685 2549 viginti
1739 2485 1795 2534 et
1841 2479 1963 2534 duo
2018 2495 2126 2535 vo-

471 2563 706 2620 lumina
739 2569 1178 2636 supputantur:
1239 2565 1388 2636 inter
1430 2583 1566 2639 quae
1610 2567 1786 2622 etiam
1837 2566 1931 2622 hic
1977 2566 2128 2624 liber

475 2655 726 2722 Regum,
786 2653 860 2708 de
917 2669 1038 2725 quo
1089 2655 1389 2709 tractaturi
1443 2671 1672 2724 sumus,
1735 2656 2125 2728 comprehen-

473 2739 654 2797 ditur.
688 2740 798 2806 Qui
845 2741 907 2797 in
947 2741 1471 2814 supputationibus
1518 2759 1727 2799 eorum
1773 2749 1909 2817 post
1953 2744 2122 2800 Judi-

475 2845 614 2885 cum
644 2828 703 2884 in
745 2828 952 2886 ordine
1005 2830 1209 2885 tertius
1257 2831 1530 2886 habetur.
1590 2836 1654 2888 ln
1703 2849 1826 2906 quo
1873 2833 2120 2906 quidem

471 2915 778 2973 volumine
811 2920 1187 2991 (quanquam
1216 2919 1506 2988 nonnulli,
1555 2921 1814 2977 scientia
1845 2922 2119 2995 spiritalis

472 3005 874 3076 intelligentia
927 3007 1140 3078 ignari,
1212 3014 1316 3064 aut
1383 3009 1667 3065 humana
1737 3011 2120 3067 solummodo

474 3095 784 3167 sapientia
811 3096 1014 3164 dediti,
1061 3097 1229 3153 aiunt
1272 3097 1417 3152 nihil
1461 3097 1624 3154 aliud
1672 3115 1850 3172 posse
1878 3099 2121 3171 intelligi

469 3183 586 3239 nisi
616 3184 960 3258 superﬁcies
988 3185 1267 3256 historia,
1300 3191 1354 3242 et
1382 3186 1588 3260 pralia
1617 3191 1864 3259 Regum,
1911 3206 1982 3246 ac
2023 3206 2122 3246 ca-

472 3291 575 3329 sus
604 3275 978 3348 multorum),
1009 3276 1201 3333 multa
1247 3281 1447 3333 tamen
1498 3284 1875 3336 sacramenta
1913 3279 2121 3337 Christi

471 3367 530 3419 et
553 3362 825 3419 Ecclesia
853 3365 1034 3418 variis
1073 3363 1294 3420 scilicet
1323 3366 1518 3420 modis
1563 3368 1864 3423 continere
1913 3369 2122 3424 viden-

473 3453 588 3507 tur.
630 3453 777 3503 Nam
809 3449 888 3504 ab
915 3452 1048 3522 ipso
1087 3451 1332 3506 exordio
1387 3455 1633 3524 Regum,
1684 3460 2122 3512 commutatum

473 3535 876 3592 sacerdotium
930 3537 990 3592 in
1049 3538 1411 3610 Samuelem,
1467 3541 1786 3613 reprobato
1841 3543 1998 3612 Heli;
2067 3549 2124 3600 et

471 3628 912 3682 commutatum
937 3641 1191 3696 regnum
1217 3627 1279 3683 in
1311 3628 1513 3696 David,
1559 3630 1880 3702 reprobato
1913 3632 2119 3690 Saule:

471 3711 825 3771 exclamavit
862 3716 1264 3788 pranuntiare
1295 3733 1522 3774 novum
1572 3720 1971 3776 sacerdotium
2017 3738 2124 3779 no-

470 3818 738 3876 vumque
769 3818 1044 3875 regnum,
1075 3806 1394 3878 reprobato
1433 3808 1633 3874 veteri,
1689 3809 1854 3882 quod
1903 3811 2123 3868 umbra

471 3895 596 3949 erat
638 3891 840 3960 futuri,
897 3891 957 3948 in
999 3894 1254 3952 Domino
1310 3897 1451 3951 Jesu
1494 3897 1722 3954 Christo
1779 3905 2118 3956 venturum.

471 3985 679 4038 Nonne
696 3981 823 4054 ipse
847 3981 1032 4038 David
1054 3999 1194 4040 cum
1214 4001 1402 4057 panes
1423 3987 1847 4059 propositionis
1870 3991 2124 4046 mandu-

473 4069 644 4132 cavit,
669 4085 826 4142 quos
852 4085 976 4126 non
1000 4071 1217 4128 licebat
1236 4074 1603 4130 manducare
1625 4077 1737 4132 nisi
1763 4077 1904 4133 solis
1931 4094 2122 4134 sacer-

470 4157 733 4224 dotibus,
760 4158 822 4214 in
849 4175 974 4216 una
1000 4177 1259 4234 persona
1290 4169 1610 4238 utrumque
1642 4166 1930 4236 futurum,
1962 4168 2124 4226 idem

471 4246 536 4303 in
563 4261 686 4304 uno
714 4248 853 4304 Jesu
880 4249 1108 4306 Christo
1133 4267 1388 4321 regnum
1433 4258 1490 4310 et
1534 4255 1939 4312 sacerdotium
1967 4258 2122 4328 ﬁgu-

469 4335 625 4392 ravit
648 4336 676 4392 ?
706 4336 846 4408 Ipsa
869 4336 1072 4410 itaque
1115 4319 1406 4396 Samuelis
1449 4342 1774 4399 sacerdotis
1804 4319 2120 4419 successio,
2150 4319 2194 4372 θ

469 4439 720 4495 novum,
754 4430 818 4482 ut
846 4427 1202 4498 pradictum
1231 4433 1340 4500 est,
1381 4437 1435 4486 et
1466 4433 1896 4505 sempiternum
1925 4451 2122 4492 sacer-

470 4513 701 4572 dotium
731 4513 1180 4589 praﬁgurabat,
1219 4519 1326 4591 qui
1357 4524 1448 4575 est
1475 4522 1652 4576 Jesus
1682 4523 1966 4595 Christus,
1997 4525 2122 4582 Heli

471 4606 776 4663 sacerdote
827 4607 1169 4681 reprobato,
1228 4608 1289 4664 id
1346 4615 1434 4665 est
1489 4611 1742 4669 Judaico
1790 4614 2121 4673 sacerdotio

469 4691 725 4763 abjecto,
757 4701 950 4753 mater
976 4713 1219 4772 quoque
1247 4697 1380 4772 ipsa
1415 4699 1728 4773 Samuelis,
1779 4718 1916 4776 qua
1956 4704 2121 4777 prius

468 4778 578 4835 fuit
608 4783 817 4839 sterilis
847 4789 903 4841 et
930 4787 1243 4863 posteriori
1269 4787 1629 4847 fecunditate
1682 4790 1891 4850 laetata.
1947 4794 2121 4866 cujus

469 4867 650 4924 etiam
673 4885 919 4941 nomen,
951 4874 1011 4929 id
1034 4881 1124 4932 est
1154 4880 1347 4947 Anna,
1378 4879 1545 4953 quod
1570 4883 1773 4952 gratia
1795 4886 1924 4954 ejus
1946 4884 2121 4941 inter-

467 4960 755 5029 pretatur,
813 4960 1014 5033 ipsam
1072 4965 1420 5036 religionem
1461 4970 1876 5044 Christianam,
1922 4974 2118 5047 ipsam

465 5049 776 5117 postremo
806 5049 906 5105 Dei
936 5051 1191 5121 gratiam
1223 5054 1538 5125 signiﬁcat,
1565 5061 1710 5132 quia
1730 5063 1905 5117 nobis
1928 5063 2120 5119 Chris-

465 5138 562 5188 tus
592 5135 815 5224 oritur:
862 5139 1060 5213 ipsam
1102 5160 1345 5217 quoque
1389 5147 1735 5221 Ecclesiam,
1788 5167 1924 5224 qua
1973 5152 2118 5208 olim

467 5223 696 5292 sterilis,
737 5242 900 5285 nunc
929 5229 1209 5304 fecunda,
1266 5235 1327 5290 in
1382 5236 1483 5292 Dei
1539 5223 1825 5295 laudibus
1860 5239 2111 5296 latatur.

467 5313 615 5401 Sunt
636 5315 797 5373 enim
826 5317 1177 5389 hujusmodi
1201 5323 1682 5395 innumerabilia,
1707 5329 1928 5401 quibus
1954 5344 2115 5384 com-

462 5400 754 5472 probatur
781 5407 947 5478 quod
975 5407 1125 5465 liber
1148 5410 1255 5467 iste
1287 5414 1652 5486 spiritalibus
1675 5416 1926 5472 ﬂoribus
1947 5417 2117 5474 redo-

459 5489 542 5547 let
569 5496 626 5548 et
649 5492 978 5565 allegoricis
1005 5498 1544 5568 signiﬁcationibus
1565 5503 1764 5577 pollet.
1793 5508 1870 5561 De
1891 5505 2114 5578 quibus

457 5578 534 5650 (si
563 5583 848 5644 Dominus
872 5586 1118 5662 dederit)
1150 5589 1558 5663 describemus
1593 5594 1721 5660 suis
1750 5594 1811 5650 in
1839 5595 1985 5653 locis
2004 5613 2114 5671 per

2235 2126 2469 2196 singula
2497 2143 2631 2199 qua
2661 2141 2987 2196 congruere
3017 2125 3230 2183 rationi
3258 2127 3594 2186 videbimus
3639 2131 3700 2187 in
3736 2147 3878 2204 pos-

2235 2221 2445 2273 terum.
2483 2220 2612 2272 Hac
2639 2216 2960 2272 scientibus
2984 2233 3180 2289 pauca
3211 2217 3516 2289 pralibata
3541 2220 3871 2277 sufﬁciant:

2233 2305 2500 2377 tandem,
2527 2305 2777 2361 Domino
2795 2305 3052 2370 favente,
3069 2305 3148 2361 ad
3167 2305 3428 2363 historia
3451 2310 3656 2366 seriem
3681 2311 3871 2366 venire

2233 2395 2630 2452 decrevimus.
2665 2396 2729 2450 In
2760 2411 2883 2467 qua
2911 2394 3156 2468 quidem
3182 2397 3346 2469 prius
3369 2398 3746 2455 fundamenta
3773 2399 3866 2469 ip-

2233 2485 2357 2540 sius
2387 2484 2667 2550 historia,
2706 2484 2809 2541 ubi
2837 2484 3094 2549 libuerit.
3126 2485 3250 2542 imo
3286 2486 3389 2542 ubi
3421 2489 3766 2559 congruerit,
3813 2490 3871 2543 et

2231 2573 2622 2646 postmodum
2653 2573 2893 2630 culmen
2919 2574 3199 2646 spiritalis
3224 2575 3643 2647 intelligentia.
3663 2593 3873 2634 verum

2231 2663 2412 2719 etiam
2437 2663 2805 2736 quibusdam
2835 2663 2896 2720 in
2926 2663 3092 2732 locis,
3134 2664 3377 2722 moralis
3400 2668 3710 2724 suavitatis
3739 2667 3875 2723 har-

2231 2751 2499 2810 moniam
2518 2752 2774 2809 inserere
2799 2752 3063 2820 nitimur,
3077 2757 3144 2810 ut
3169 2753 3352 2811 lector
3371 2771 3494 2811 non
3511 2755 3709 2813 solum
3737 2773 3878 2813 con-

2232 2845 2430 2898 tentus
2459 2841 2533 2897 sit
2573 2841 2745 2897 dictis
2781 2841 3061 2909 historia,
3104 2858 3315 2899 verum
3345 2843 3768 2912 allegoriarum
3806 2861 3880 2901 ac

2234 2930 2554 2987 moralium
2581 2930 2769 2987 melos
2795 2929 3113 3004 decerpere
3153 2932 3337 3004 possit
3382 2931 3713 2988 salubriter.
3761 2933 3877 2990 Sed

2233 3021 2398 3094 prius
2428 3020 2764 3076 notandum
2795 3025 2886 3076 est
2920 3021 3086 3094 quod
3125 3021 3275 3076 bene
3316 3025 3453 3092 post
3480 3020 3776 3091 iudicum,
3806 3027 3875 3077 ut

2232 3111 2514 3178 diximus,
2541 3111 2783 3184 ponitur
2809 3111 3061 3180 Regum,
3093 3110 3356 3167 videlicet
3383 3110 3673 3182 quoniam
3706 3127 3874 3167 nunc

2231 3204 2370 3255 sunt
2393 3199 2677 3272 prasules
2711 3198 3001 3268 Ecclesia,
3027 3199 3133 3256 sed
3157 3197 3546 3272 postmodum
3573 3214 3831 3268 regnum
3858 3217 3872 3254 :

2231 3304 2335 3344 seu
2383 3289 2528 3361 quia
2569 3287 2736 3361 prius
2791 3287 2899 3344 erit
2946 3288 3265 3359 judicium,
3324 3287 3537 3344 deinde
3596 3294 3877 3360 sequetur

2231 3378 2658 3449 sempiternum
2687 3377 3130 3449 imperium.Ait
3149 3378 3310 3434 enim
3338 3392 3509 3433 sacra
3533 3375 3871 3448 descriptio.

2775 3522 3002 3577 CAPUT
3040 3519 3326 3578 PRIMUM.

2301 3666 2328 3695 ‹‹
2360 3643 2485 3698 Fuit
2507 3643 2597 3698 vir
2619 3660 2773 3700 unus
2792 3645 2865 3700 de
2888 3645 3265 3702 Ramathaim
3289 3644 3558 3718 Sophim,
3580 3645 3656 3701 de
3679 3648 3868 3702 monte

2231 3754 2257 3780 ‹‹
2294 3732 2594 3803 Ephraim,
2623 3737 2680 3789 et
2707 3749 2930 3790 nomen
2960 3735 3089 3805 ejus
3121 3734 3360 3804 Elcana,
3392 3733 3550 3790 ﬁlius
3577 3735 3874 3803 Jeroham,

2231 3843 2258 3871 «
2294 3821 2396 3876 ﬁlii
2451 3821 2596 3892 Eliu,
2640 3823 2742 3878 ﬁlii
2788 3824 2977 3891 Thau,
3033 3824 3136 3880 ﬁlii
3193 3825 3378 3898 Suph,
3429 3825 3795 3896 Ephrataus.
3853 3847 3878 3871 »ι

2232 3909 2383 3976 Quia
2413 3911 2573 3968 enim
2604 3912 2665 3968 in
2695 3912 3144 3985 prolegomena,
3190 3914 3312 3970 imo
3361 3914 3421 3970 in
3465 3913 3709 3984 isagoge
3748 3912 3881 3984 pol-

2229 3999 2368 4056 liciti
2420 4017 2628 4057 sumus
2682 4001 2848 4073 prius
2893 4002 3288 4058 fundamenta
3332 4002 3591 4058 historia
3633 4015 3884 4073 ponere,

2231 4093 2288 4144 et
2352 4089 2742 4161 postmodum
2814 4089 3053 4146 culmen
3130 4090 3449 4160 allegoria,
3521 4095 3700 4162 atque
3777 4088 3887 4144 ubi

2232 4182 2468 4248 gratum
2515 4177 2710 4249 fuerit,
2761 4179 3110 4236 moralitatis
3157 4181 3538 4236 harmoniam
3598 4181 3886 4245 inserere,

2229 4266 2485 4340 ideoque
2546 4268 2811 4340 primum
2863 4269 3114 4339 dignum
3172 4269 3296 4326 fore
3355 4269 3720 4326 arbitramur
3803 4268 3884 4323 de

2231 4357 2611 4428 generatione
2669 4359 2858 4414 sancti
2913 4359 3204 4415 Samuelis
3233 4360 3541 4432 propheta
3570 4359 3889 4414 historiam

2229 4445 2573 4520 pradicere,
2605 4452 2670 4502 ut
2697 4449 3084 4520 postmodum
3113 4448 3503 4504 continuatim
3534 4447 3890 4516 allegoriam

2230 4537 2360 4607 ejus
2388 4535 2720 4600 valeamus,
2755 4537 3008 4593 Domino
3036 4537 3290 4600 favente,
3335 4537 3608 4606 dirigere.
3664 4536 3891 4592 Elcana

2228 4640 2495 4697 namque
2520 4629 2688 4697 pater
2712 4626 2902 4698 ipsius
2933 4627 3008 4682 de
3039 4625 3217 4698 stirpe
3257 4626 3388 4682 Levi
3427 4627 3555 4692 fuit,
3606 4625 3712 4680 sed
3757 4640 3890 4679 non

2229 4714 2304 4770 de
2333 4714 2714 4786 generatione
2744 4720 2942 4772 Aaron
2965 4715 3316 4772 sacerdotis:
3350 4715 3517 4787 quod
3533 4715 3694 4770 enim
3713 4720 3892 4786 pater

2228 4803 2359 4875 ejus
2389 4803 2464 4859 de
2493 4803 2653 4860 tribu
2674 4804 2812 4861 Levi
2835 4803 3031 4876 fuerit,
3055 4804 3244 4860 Verba
3264 4804 3499 4860 dierum
3521 4803 3890 4860 manifestis-

2231 4892 2381 4949 sime
2401 4893 2820 4968 comprobant,
2842 4893 2947 4950 ubi
2969 4893 3149 4949 series
3167 4893 3569 4963 generationis
3591 4907 3783 4963 usque
3805 4891 3893 4946 ad

2229 4981 2362 5038 Levi
2387 4982 2753 5054 perducitur.
2794 4983 3017 5038 Dicitur
3042 4981 3203 5036 enim
3233 4981 3390 5037 ﬁlius
3422 4981 3601 5036 fuisse
3639 5003 3666 5030 «
3717 4982 3887 5036 Jero-

2226 5069 2392 5138 ham,
2416 5069 2520 5126 ﬁlii
2541 5070 2684 5136 Elin,
2701 5070 2806 5126 ﬁlii
2826 5070 3014 5139 Thau,
3033 5069 3139 5125 ﬁlii
3159 5070 3497 5143 Sophonia,
3515 5069 3620 5124 ﬁlii
3645 5069 3889 5135 Elcana,

2227 5156 2332 5212 ﬁlii
2362 5159 2575 5223 Maath,
2609 5158 2713 5214 ﬁlii
2741 5159 3006 5224 Amasai,
3041 5157 3144 5213 ﬁlii
3176 5159 3430 5226 Elcana,
3464 5158 3567 5214 ﬁlii
3594 5158 3743 5227 Joel,
3782 5157 3894 5213 ﬁlii

2225 5245 2463 5316 Azaria,
2489 5245 2593 5302 ﬁlii
2614 5246 2957 5319 Sophonia,
3008 5245 3387 5314 iiliiThaath,
3434 5247 3539 5303 lilii
3571 5247 3720 5313 Asir,
3782 5245 3894 5301 ﬁlii

2225 5333 2557 5407 Abiasaph,
2588 5334 2694 5390 ﬁlii
2723 5336 2889 5402 Core,
2921 5333 3026 5391 lilii
3054 5339 3237 5402 lsaar,
3270 5335 3374 5391 ﬁlii
3407 5337 3538 5392 Levi
3570 5359 3597 5386 ››
3641 5337 3708 5406 (Ι.
3738 5336 3890 5390 Par.

2223 5424 2328 5494 v1),
2409 5431 2465 5480 et
2513 5423 2745 5496 reliqui.
2801 5424 2983 5496 Cujus
3041 5427 3345 5496 generatio
3384 5425 3480 5482 hic
3518 5425 3893 5482 concordare

2225 5512 2673 5584 comprobatur.
2749 5515 2942 5580 Quam
3007 5515 3464 5587 generationem
3518 5515 3577 5570 in
3633 5529 3894 5586 sequen-

2223 5600 2382 5657 tibus
2430 5601 2679 5674 spiritali
2720 5603 3046 5665 intellectui
3095 5605 3452 5665 concinnere
3505 5603 3887 5667 conabimur.
3940 5661 3942 5663 .

2404 5911 2418 5942 ⁴
2494 5921 2536 5977 is
