4136 6176
270 130 382 186 259

1319 130 1575 189 ENARR.
1615 131 1684 186 IN
1727 121 1974 184 LIBROS
2013 122 2271 180 REGUM.
2314 126 2383 181 IN
2424 127 2557 182 LIB.
2597 129 2641 182 Ι.

3579 128 3688 184 250

264 255 520 309 Matrem
546 268 793 326 quoque
817 255 949 326 ejus
971 255 1042 310 de
1065 254 1220 310 tribu
1242 257 1272 309 J
1281 255 1400 312 uda
1420 255 1601 311 fuisse
1629 255 1921 310 monstra-
1951 249 2001 303 Δ
2035 247 2353 306 stribuerit.
2384 253 2480 306 Est
2500 255 2700 307 autem
2733 250 2850 308 Silo
2875 251 2936 306 in
2967 251 3361 322 nonagesimo
3386 250 3683 321 milliario,

264 349 375 407 tur,
403 342 469 397 in
501 359 574 398 eo
603 343 770 415 quod
803 346 1146 417 Ephrataeus
1169 351 1436 401 vocatur.
1465 346 1809 417 Ephrataeus
1839 339 1916 395 ab

261 431 529 503 Ephrata
583 448 767 489 uxore
824 434 1062 504 Chaleb,
1093 451 1282 508 quam
1330 440 1560 492 constat
1615 433 1799 489 fuisse
1845 430 1920 486 de

259 521 420 578 tribu
446 521 626 591 Juda,
653 522 848 579 dictus
878 529 984 580 est.
1020 525 1370 598 Ephrateeus
1401 525 1480 580 ab
1499 525 1760 598 Ephrata
1788 519 1922 577 civi-

259 615 399 675 tate,
454 611 516 666 id
571 616 660 667 est
731 613 1094 680 Bethlehem,
1149 615 1293 687 quia
1356 614 1698 670 Bethlehem
1755 610 1920 683 prius

259 701 524 772 Ephrata
562 706 781 758 vocata
821 708 927 758 est.
963 706 1024 759 Et
1057 703 1104 758 si
1160 721 1344 776 quem
1370 708 1572 760 movet
1621 701 1786 776 quod
1841 700 1919 755 ab

255 790 564 862 Ephraim,
619 808 744 847 non
788 793 868 848 ab
913 795 1190 865 Ephrata,
1246 794 1590 866 Ephratzeus
1650 795 1915 856 vocatur,

249 879 418 935 unde
447 881 509 936 in
541 881 1047 954 subsequentibus
1077 883 1290 952 legitur
1319 883 1378 954 (Ι
1400 885 1540 953 Reg.
1569 882 1704 952 xvu)
1751 880 1916 952 quod

247 969 442 1024 David
474 969 634 1026 ﬁlius
676 972 969 1043 Ephrataai
998 978 1264 1043 vocetur,
1293 990 1432 1029 cum
1461 973 1689 1045 liquido
1717 975 1917 1043 pateat

242 1059 541 1116 eumdem
573 1061 685 1117 lsai
723 1067 955 1134 patrem
984 1063 1192 1133 David,
1221 1079 1341 1118 non
1367 1063 1442 1118 de
1477 1062 1774 1135 Ephraim,
1808 1059 1913 1115 sed

240 1149 320 1204 de
352 1150 516 1206 tribu
543 1151 575 1203 J
585 1151 704 1206 uda
724 1152 1045 1208 exstitisse:
1087 1158 1142 1208 et
1189 1153 1406 1226 probet
1433 1153 1715 1208 eumdem
1754 1150 1912 1205 Elea-

240 1255 391 1295 nam
424 1240 792 1312 Ephrateum
815 1242 894 1298 ab
917 1243 1194 1315 Ephrata,
1221 1259 1343 1299 non
1372 1243 1451 1298 ab
1475 1241 1754 1314 Ephraim
1773 1239 1907 1295 dici.

243 1328 349 1383 Hic
378 1329 539 1386 inter
581 1331 814 1386 medios
855 1332 1015 1387 cives
1070 1332 1327 1404 Ephrem
1377 1331 1550 1387 sortis
1599 1329 1907 1395 exsistens,

239 1419 632 1475 Ramathaim
686 1421 932 1492 Sophim
981 1421 1279 1477 civitatem
1323 1420 1722 1486 inhabitabat,
1771 1417 1909 1473 inde

242 1508 556 1580 Scriptura
586 1508 662 1564 de
693 1515 897 1565 monte
923 1510 1107 1566 fuisse
1138 1511 1417 1584 Ephraim
1450 1512 1905 1566 commemorat.

2031 339 2360 411 Neapoleos
2392 342 2450 395 in
2471 341 2713 413 regione
2743 341 3125 398 Arabithcna.
3163 342 3277 398 Sed
3307 346 3362 397 et
3388 342 3553 397 ludas
3585 357 3686 414 pa-

2032 427 2299 484 triarchae
2351 430 2543 486 ﬁlium
2599 431 2730 488 Sela
2792 431 3158 504 appellatum
3211 430 3466 499 legimus
3514 432 3680 502 (Gen.

2027 521 2290 584 xxxvui).
2323 517 2413 572 Ad
2434 518 2589 574 hanc
2617 535 2758 589 ergo
2807 518 3074 574 ascendit
3128 518 3347 574 Elcana
3395 534 3533 573 cum
3577 519 3682 574 do-

2027 619 2129 658 mo
2162 621 2288 672 sua,
2323 606 2554 662 statutis
2583 607 2795 663 diebus
2823 606 3158 662 secundum
3189 605 3406 677 legem,
3436 610 3501 662 ut
3539 606 3682 662 ado-

2025 699 2199 761 raret,
2223 698 2278 750 et
2310 695 2670 751 sacriﬁcaret
2697 695 2948 750 Domino
2977 695 3362 750 exercituum.
3383 695 3552 759 Quod
3578 711 3682 751 au-

2028 787 2144 838 tem
2175 783 2316 840 dicit
2347 785 2580 841 statutis
2611 785 2848 850 diebus,
2900 785 3014 840 hoc
3053 788 3140 840 est
3187 783 3374 840 tribus
3407 783 3682 841 festivita-

2025 871 2202 938 tibus,
2243 875 2464 930 Pascha
2520 874 2870 931 videlicetet
2917 876 3280 942 Pentecoste,
3314 878 3370 928 et
3401 873 3679 929 solemni-

2023 965 2137 1017 tate
2192 963 2734 1034 tabernaculorum,
2791 964 2950 1019 unde
3009 963 3295 1018 Dominus
3361 963 3420 1019 in
3475 963 3677 1019 Exodo

2021 1053 2320 1124 praecepit,
2381 1053 2621 1109 dicens:
2674 1077 2701 1103 «
2735 1054 2942 1110 Tribus
2989 1053 3220 1108 vicibus
3266 1053 3676 1125 per_‘singulos

2020 1157 2212 1196 annos
2243 1143 2386 1198 mihi
2410 1144 2561 1200 festa
2585 1143 2964 1200 celebrabitis
2989 1144 3212 1220 (Exod.
3228 1148 3406 1211 xxxv).
3429 1147 3491 1198 Et
3512 1143 3670 1198 item:

2021 1253 2048 1281 ‹‹
2084 1232 2215 1301 Ter,
2247 1233 2459 1306 inquit,
2492 1234 2552 1290 in
2603 1251 2764 1291 anno
2813 1234 3128 1306 apparebit
3180 1250 3358 1289 omne
3400 1233 3673 1289 masculi-

2018 1337 2165 1377 num
2194 1329 2358 1378 tuum
2392 1340 2597 1380 coram
2621 1324 2872 1380 Domino
2930 1325 3046 1379 Deo
3095 1328 3214 1392 tuo,
3238 1323 3299 1378 in
3330 1323 3461 1378 loco
3492 1339 3673 1394 quem

2017 1411 2256 1480 elegerit
2285 1414 2572 1470 Dominus
2625 1416 2777 1469 Deus
2811 1419 2945 1470 tuus
3004 1414 3220 1481 (Exod.
3249 1415 3424 1483 xxm).
3463 1436 3488 1461 ››
3522 1416 3673 1480 Ergo

2017 1503 2076 1556 in
2107 1503 2224 1557 Silo
2251 1520 2388 1558 cum
2416 1509 2569 1560 esset
2597 1522 2668 1560 eo
2715 1511 2979 1577 tempore
3009 1520 3150 1560 arca
3207 1503 3439 1559 Domini
3469 1501 3551 1557 ibi
3576 1501 3672 1557 hic

238 1599 401 1653 Intra
428 1603 684 1654 cunctas
713 1614 978 1673 namque
1011 1601 1197 1657 tribus
1224 1601 1657 1658 habitationem
1690 1600 1907 1654 Levita-
1938 1601 1979 1656 Β
2019 1591 2236 1648 Elcana
2257 1609 2396 1648 cum
2426 1599 2579 1650 esset
2635 1595 2761 1667 ipse
2800 1595 3016 1665 Levita,
3076 1598 3215 1666 post
3244 1593 3479 1648 oblatas
3509 1591 3672 1647 victi-

235 1703 372 1743 rum
405 1688 593 1744 fuisse
621 1704 746 1745 non
775 1689 1031 1746 dubium
1088 1697 1176 1748 est
1206 1691 1608 1759 Ramathaim,
1657 1689 1794 1762 ipsa
1822 1691 1909 1743 est

235 1792 372 1848 qum
400 1777 468 1833 in
502 1778 838 1848 Evangeliis
866 1779 1196 1837 Arimathia
1221 1780 1455 1852 legitur,
1471 1780 1546 1836 de
1574 1795 1698 1852 qua
1720 1776 1904 1833 fuisse

235 1868 462 1941 Ioseph
533 1866 750 1924 eadem
819 1870 1137 1940 Evangelia
1191 1870 1594 1943 comprobant
1660 1866 1901 1939 (Matth.

239 1973 393 2013 xxvii
414 1969 436 2028 ;
458 1957 654 2015 Marc.
681 1974 759 2015 xv
783 1976 798 2028 ;
837 1960 983 2016 Luc.
1016 1975 1196 2031 xxiii;
1222 1962 1396 2018 Joan.
1431 1960 1565 2030 xu).
1613 1961 1711 2014 Est
1739 1956 1900 2012 enim

241 2046 450 2103 civitas
479 2047 538 2102 in
567 2047 814 2119 regione
845 2049 1193 2117 Tamnitica,
1221 2050 1394 2121 juxta
1439 2047 1786 2119 Diospolim.
1819 2049 1898 2102 De

243 2151 362 2207 qua
389 2136 730 2193 notandum
763 2143 872 2205 est,
907 2138 1072 2211 quod
1093 2139 1266 2210 juxta
1295 2137 1649 2194 Hebraicam
1670 2136 1891 2191 verita-

252 2229 363 2279 tem
390 2241 512 2280 non
556 2225 958 2290 Ramathaim,
1003 2227 1107 2282 sed
1139 2227 1430 2284 Armatha
1473 2227 1596 2282 sive
1651 2227 1898 2279 Arama—

255 2313 435 2369 thaim
459 2316 628 2384 (sicut
677 2316 740 2371 in
768 2315 934 2371 libris
983 2316 1257 2372 locorum
1287 2316 1562 2387 legimus)
1617 2313 1892 2370 habetur.

250 2402 512 2458 Similiter
526 2404 707 2459 etiam
733 2405 1318 2477 interpretationibus
1341 2405 1768 2460 Hebraicorum
1793 2417 1897 2456 no-

241 2492 467 2548 minum
525 2493 938 2549 Aramathaim
991 2495 1300 2564 reperitur,
1345 2494 1506 2567 quod
1546 2509 1656 2548 nos
1703 2492 1785 2546 ita
1815 2490 1893 2545 le-

237 2581 502 2650 gendum
531 2598 655 2639 non
685 2583 1058 2655 dubitamus,
1077 2585 1238 2641 unde
1266 2590 1324 2641 et
1342 2583 1650 2640 Armathia
1665 2595 1893 2636 nuncu-

235 2677 428 2743 patur,
481 2676 538 2728 et
593 2671 1016 2745 interpretatur
1063 2674 1301 2730 excelsa
1354 2674 1476 2730 duo
1524 2674 1618 2730 vel
1657 2691 1886 2732 eorum.

233 2762 387 2817 Bene
407 2761 647 2817 excelsa
671 2762 817 2818 duo.
845 2765 1025 2820 Juxta
1049 2763 1382 2829 historiam,
1421 2768 1485 2820 ut
1512 2780 1648 2836 quae
1678 2765 1889 2822 intelli-

231 2856 451 2920 gantur
480 2850 691 2918 tribus,
723 2851 962 2921 regalis,
993 2851 1266 2908 videlicet
1303 2857 1359 2908 et
1388 2853 1796 2924 sacerdotalis,
1828 2854 1889 2910 id

231 2946 315 2995 est
337 2940 499 2996 Juda
528 2946 588 2997 et
617 2941 774 3012 Levi,
826 2958 900 2998 ex
947 2942 1169 3014 quibus
1207 2943 1424 2998 exstitit
1474 2948 1642 3016 pater
1679 2945 1810 3015 ejus
1835 2951 1892 3002 et
1929 2949 1971 3002 C

229 3034 438 3085 mater.
472 3031 743 3102 Sophim.
778 3032 1139 3101 Speculator
1182 3030 1435 3088 dicitur:
1487 3033 1891 3106 speculatores

229 3117 320 3172 hic
349 3117 623 3174 fortassis
647 3120 953 3192 prophetae
978 3119 1406 3190 intelliguntur,
1443 3138 1705 3194 quorum
1735 3123 1892 3179 ﬁlius

227 3205 460 3261 Eleana
484 3207 681 3263 fuerit.

305 3316 336 3341 «
381 3297 450 3349 Et
473 3294 689 3350 habuit
738 3297 885 3354 duas
923 3315 1177 3354 uxores:
1236 3315 1460 3355 nomen
1489 3301 1591 3356 uni
1618 3304 1812 3366 Anna,
1841 3314 1898 3372 et

228 3407 258 3433 α
307 3399 539 3439 nomen
570 3386 837 3442 secundm
857 3387 1204 3445 Phenenna.
1227 3390 1608 3462 Fueruntque
1632 3391 1897 3456 Phenen_

230 3495 255 3521 κ
299 3488 398 3528 nm
427 3472 547 3539 ﬁlii,
581 3479 761 3531 Annae
793 3481 996 3533 autem
1026 3493 1150 3534 non
1180 3483 1352 3534 erant
1383 3479 1572 3535 liberi.
1610 3502 1637 3530 »
1675 3483 1894 3536 Conve-

237 3562 459 3618 nienter
479 3563 659 3633 igitur
686 3567 872 3621 Annae
921 3567 1197 3623 sterilitas
1241 3575 1770 3637 commemoratur,
1794 3587 1894 3626 cu-

245 3650 341 3717 jus
363 3657 558 3721 partus
603 3653 897 3710 celebrior
947 3655 1185 3712 futurus
1215 3661 1341 3714 erat
1382 3657 1572 3714 instar
1620 3659 1888 3731 priorum

257 3743 504 3807 patrum,
526 3747 583 3797 ut
599 3747 795 3814 majus
826 3745 1118 3813 gaudium
1135 3751 1270 3818 post
1296 3747 1545 3817 longum
1569 3765 1886 3805 maerorem

261 3824 330 3880 de
353 3837 610 3903 percepta
640 3833 1005 3891 fecunditate
1051 3841 1369 3907 parentum
1411 3838 1763 3894 insinuetur.
1799 3839 1884 3896 Si-

249 3920 341 3969 cut
368 3917 514 3973 enim
535 3919 841 3977 Abraham
860 3923 1215 3994 patriarchae
1231 3909 1497 3994 legitima
1523 3941 1882 3998 uxor,quam

235 4005 498 4076 primitus
525 4009 716 4078 duxit,
742 4013 890 4067 Sara
915 4012 1201 4083 videlicet,
1229 4014 1493 4088 primum
1515 4015 1724 4069 sterilis
1750 4015 1878 4083 fuit,

229 4102 381 4163 Agar
421 4098 700 4170 Egyptia
755 4106 1077 4170 generante
1135 4103 1360 4158 tilium:
1396 4108 1452 4158 et
1490 4106 1640 4159 sicut
1693 4103 1879 4160 Jacob

228 4186 519 4242 serviente
550 4204 758 4244 socero
790 4207 1025 4265 suopro
1046 4191 1262 4248 Rachel
1293 4208 1495 4259 uxore,
1516 4192 1648 4265 ipsa
1664 4193 1878 4249 Rachel

227 4273 432 4330 sterilis
466 4274 598 4343 fuit,
631 4292 832 4333 sorore
862 4280 992 4349 ejus
1025 4279 1126 4337 Lia
1145 4279 1364 4336 liberos
1405 4284 1682 4350 gignente
1711 4285 1875 4349 (Gen,
1911 4300 1954 4353 ο

223 4379 255 4418 u
279 4385 292 4430 ;
319 4368 473 4422 Gen.
513 4382 607 4421 xvx
632 4367 800 4431 ;Gen.
833 4385 992 4437 XXIX,
1019 4372 1152 4441 xxx)
1177 4388 1189 4425 :
1219 4371 1300 4426 ita
1331 4375 1386 4426 et
1415 4370 1644 4427 Elcanaa
1671 4372 1879 4427 melior

224 4468 362 4508 uxor
389 4470 542 4526 qua:
571 4455 930 4526 prophetam
959 4457 1184 4527 genuit,
1213 4457 1422 4514 sterilis
1455 4458 1717 4530 primum
1748 4459 1877 4524 fuit,

222 4545 427 4609 postea
489 4547 694 4596 autem
748 4559 852 4614 per
901 4544 1137 4600 Domini
1189 4545 1446 4614 gratiam
1501 4545 1780 4615 fecunda,
1821 4552 1881 4602 ut

221 4626 308 4682 tali
331 4635 481 4684 ortu
516 4644 777 4699 magnus
806 4631 1040 4688 futurus
1056 4635 1350 4704 propheta
1380 4634 1558 4690 etiam
1590 4640 1882 4690 monstra-

216 4723 382 4774 retur.

280 4828 304 4853 κ
345 4811 416 4863 Et
446 4807 828 4864 ascendebat
852 4809 942 4864 vir
957 4809 1032 4866 de
1058 4809 1153 4866 ille
1169 4811 1242 4866 de
1261 4811 1494 4870 civitate
1521 4829 1629 4868 sua
1646 4813 1880 4869 statutis

211 4915 235 4941 α
273 4895 526 4962 diebus,
561 4900 628 4951 ut
652 4896 934 4954 adoraret
961 4904 1017 4954 et
1044 4899 1404 4957 sacriﬁcaret
1431 4903 1682 4957 Domino
1712 4918 1878 4956 exer-

209 5003 234 5029 «
274 4984 523 5041 cituum
579 4983 641 5040 in
664 4985 802 5053 Silo,
839 5010 867 5036 »
916 4991 1026 5043 etc.
1083 4988 1199 5044 Silo
1251 4989 1452 5046 civitas
1475 4996 1561 5046 est
1606 4991 1668 5046 in
1721 4991 1880 5046 tribu

205 5072 525 5142 Ephraim,
543 5072 604 5128 in
621 5090 745 5147 quo
774 5075 907 5132 loco
937 5092 1078 5133 arca
1103 5079 1437 5134 testamenti
1468 5080 1688 5136 mansit
1709 5085 1766 5136 et
1791 5085 1877 5136 ta-

199 5156 615 5219 bernaculum
644 5164 901 5223 Domini.
932 5180 970 5222 a
1009 5167 1378 5240 temporibus
1406 5169 1589 5225 Josue
1617 5169 1719 5226 ﬁlii
1749 5174 1876 5226 Nun

203 5251 340 5314 (los.
374 5267 520 5320 xm,
549 5269 672 5315 xiv,
705 5256 819 5324 xv).
882 5257 1204 5329 Postquam
1235 5257 1457 5316 vicerat
1510 5265 1714 5329 gentes
1740 5277 1874 5332 quae

201 5342 424 5397 terram
461 5343 958 5414 repromissionis
984 5347 1394 5417 possederant,
1419 5365 1610 5420 usque
1631 5349 1709 5404 ad
1737 5355 1877 5404 tem-

200 5443 350 5498 pora
384 5431 714 5488 Samuelis.
749 5436 1032 5490 Narratur
1049 5437 1209 5492 enim
1241 5437 1301 5493 in
1349 5437 1502 5494 libro
1523 5441 1663 5493 Jesu
1695 5443 1873 5506 Nave,

201 5519 366 5586 quod
409 5521 743 5592 praedictus
799 5521 924 5578 dux
977 5531 1132 5580 sorte
1161 5526 1242 5580 ibi
1277 5528 1461 5582 missa
1518 5544 1720 5584 coram
1764 5529 1875 5584 Do-

204 5607 394 5677 mino,
430 5615 658 5668 terram
688 5613 1167 5684 repromissionis
1195 5615 1444 5686 singulis
1474 5617 1747 5673 tribubus
1792 5618 1877 5674 di-

2016 1698 2171 1748 mas,
2201 1700 2339 1738 cum
2372 1684 2658 1740 uxoribus
2683 1689 2741 1741 et
2777 1684 2911 1740 ﬁliis
2975 1689 3154 1756 atque
3184 1682 3426 1738 ﬁliabus
3451 1681 3671 1754 pariter

2014 1773 2382 1830 vescebatur.

2083 1919 2111 1946 «
2153 1898 2441 1972 Deditque
2470 1901 2805 1957 Phenenna:
2833 1899 3002 1956 uxori
3035 1915 3158 1954 sum
3187 1901 3248 1955 et
3265 1898 3497 1955 cunctis
3528 1896 3666 1953 ﬁliis

2010 2006 2039 2035 α
2080 1987 2210 2056 ejus
2239 1993 2296 2043 et
2320 1988 2560 2044 ﬁliabus
2588 1993 2808 2061 partes.
2848 1994 3033 2044 Annae
3086 1992 3288 2044 autem
3340 1987 3505 2044 dedit
3533 2003 3667 2058 par-

2008 2097 2036 2124 σι
2078 2079 2196 2131 tem
2225 2093 2408 2132 unam
2434 2078 2612 2134 tristis
2661 2078 2802 2151 quia
2843 2082 3079 2133 Annam
3109 2075 3414 2146 diligebat.
3468 2075 3663 2130 Domi-

2007 2187 2035 2213 «
2077 2181 2191 2220 nus
2222 2171 2422 2221 autem
2453 2167 2825 2222 concluserat
2843 2166 3088 2222 vulvam
3141 2166 3290 2236 ejus.
3349 2163 3664 2234 Aﬁligebat

2005 2277 2032 2302 «
2075 2271 2317 2326 quoque
2350 2273 2483 2311 eam
2515 2255 2734 2312 aemula
2763 2257 2916 2326 ejus,
2963 2260 3020 2310 et
3045 2255 3428 2311 vehementer
3479 2268 3659 2322 ange-

2004 2365 2032 2392 «
2075 2344 2196 2409 bat,
2229 2345 2284 2399 in
2325 2350 2575 2414 tantum,
2607 2349 2670 2400 ut
2697 2344 3084 2417 exprobraret
3112 2343 3277 2416 quod
3334 2343 3657 2398 conclusis-

2003 2455 2030 2482 «
2077 2439 2162 2488 set
2216 2435 2500 2488 Dominus
2557 2434 2800 2489 vulvam
2829 2434 2980 2504 ejus,
3037 2457 3064 2483 »
3118 2438 3174 2488 et
3203 2433 3452 2504 reliqua.
3509 2436 3657 2488 Nam

2001 2525 2162 2595 quod
2198 2525 2297 2594 ait,
2333 2548 2358 2574 «
2387 2524 2668 2596 deditque
2699 2525 3035 2580 Phenenna
3065 2522 3237 2578 uxori
3265 2539 3411 2588 sum,
3433 2526 3491 2577 et
3519 2538 3658 2577 cun-

2001 2613 2110 2669 ctis
2141 2613 2272 2669 ﬁliis
2304 2623 2358 2670 et
2415 2613 2674 2678 ﬁliabus,
2732 2618 2968 2686 partes:
2999 2632 3030 2666 ›
3056 2612 3150 2668 hae
3196 2616 3416 2684 partes,
3457 2615 3656 2683 partes

2001 2703 2450 2773 sacrificiorum,
2483 2720 2636 2776 quas
2665 2704 2739 2760 de
2769 2703 3094 2759 immolatis
3123 2701 3288 2757 dedit
3317 2700 3653 2770 intelligun-

1999 2797 2096 2848 tur
2145 2793 2478 2848 secundum
2533 2793 3029 2850 consuetudinem
3077 2791 3243 2861 legis.
3294 2793 3655 2863 Quanquam

1999 2883 2205 2956 opinio
2260 2885 2628 2951 Judaaorum,
2681 2889 2880 2940 vestes
2909 2882 3153 2952 intelligi
3192 2881 3349 2944 velit,
3408 2904 3435 2931 «
3467 2886 3655 2936 Annae

2001 2977 2200 3028 autem
2233 2973 2396 3028 de-xit
2424 2979 2656 3045 partem
2687 2990 2895 3043 uuam,
2926 2973 3135 3045 inquit,
3171 2995 3198 3022 «
3231 2971 3429 3027 tristis.
3473 2994 3500 3020 »
3534 2970 3654 3025 Tri-

2001 3063 2104 3117 stis
2134 3061 2402 3118 videlicet
2427 3068 2572 3130 erat,
2606 3063 2747 3134 quia
2798 3063 3085 3118 Dominus
3117 3061 3488 3117 concluserat
3525 3059 3652 3114 vul-

2000 3167 2140 3206 vam
2167 3151 2316 3220 ejus.
2343 3152 2407 3205 In
2438 3152 2551 3206 hoc
2584 3167 2718 3206 vero
2738 3151 2903 3222 quod
2953 3149 3297 3220 subjunxit:
3334 3171 3362 3198 »
3421 3146 3654 3215 Afﬂige—

2003 3239 2106 3294 bat
2130 3255 2374 3310 quoque
2428 3254 2562 3294 eam
2608 3239 2827 3294 temula
2858 3239 3009 3308 ejus,
3045 3260 3072 3286 »
3117 3242 3251 3299 etc.,
3282 3236 3653 3292 demonstra-

2003 3332 2099 3384 tur
2145 3327 2310 3399 quod
2344 3327 2493 3384 sicut
2525 3330 2732 3384 Saram
2791 3327 3049 3383 sterilem
3101 3332 3259 3395 Agar
3309 3324 3652 3397 concipiens

2002 3416 2309 3489 despexit:
2342 3417 2423 3473 ita
2452 3421 2508 3472 et
2561 3423 2794 3474 Annam
2843 3416 3096 3472 sterilem
3127 3415 3447 3471 Phenenna
3483 3412 3650 3486 prole

2001 3503 2259 3561 fecunda
2289 3505 2704 3561 aemulabatur.
2729 3506 3014 3562 Malorum
3041 3505 3200 3560 enim
3226 3508 3318 3560 est
3347 3502 3646 3569 solatium,

1998 3595 2181 3650 vitam
2208 3595 2506 3651 bonorum
2537 3611 2801 3667 carpere.
2856 3599 3035 3650 Porro
3063 3595 3162 3650 illa
3186 3593 3388 3663 ﬂebat,
3422 3597 3478 3648 ct
3526 3608 3648 3647 non

1996 3682 2272 3754 capiebat
2301 3685 2500 3740 cibum
2540 3685 2676 3741 laeta
2731 3701 3110 3757 corporeum,
3154 3683 3262 3739 sed
3314 3679 3647 3737 secundum

1993 3775 2372 3845 prophetam,
2432 3797 2459 3825 «
2498 3778 2754 3831 Fuerunt
2781 3776 2862 3831 illi
2904 3775 3188 3847 lacrymse
3234 3790 3424 3847 panes
3451 3773 3546 3827 die
3578 3788 3648 3827 ac

1991 3869 2184 3930 nocte,
2249 3869 2304 3919 et
2367 3869 2580 3936 potum
2646 3882 2824 3920 suum
2889 3881 3029 3920 cum
3084 3863 3226 3920 ﬂetu
3277 3861 3650 3933 temperabat

1993 3951 2175 4016 (Psal.
2209 3950 2320 4020 41).
2358 3972 2384 3998 η

2061 4085 2090 4117 «
2129 4067 2388 4121 Surrexit
2418 4071 2619 4123 autem
2650 4075 2823 4123 Anna
2851 4073 3174 4141 postquam
3197 4066 3538 4122 comederat
3585 4065 3646 4122 in

1989 4175 2016 4202 «
2062 4154 2177 4210 Silo
2206 4160 2261 4209 et
2291 4155 2543 4224 biberat,
2586 4160 2641 4212 et
2699 4155 2823 4212 Heli
2855 4155 3164 4212 sacerdote
3193 4156 3436 4211 sedente
3468 4171 3647 4228 super

1988 4265 2015 4293 «
2060 4242 2268 4298 sellam
2297 4249 2433 4299 ante
2494 4250 2691 4316 postes
2735 4245 2938 4318 templi
2987 4245 3300 4302 Domini.»
3361 4244 3485 4299 Heli
3536 4245 3644 4300 iste

1989 4348 2266 4387 summus
2298 4333 2578 4388 sacerdos
2633 4339 2777 4401 erat,
2810 4339 2867 4389 et
2897 4339 3032 4406 post
3063 4336 3316 4391 Samson
3348 4335 3643 4407 populum

1989 4421 2163 4474 lsrael
2198 4422 2443 4491 regebat
2475 4423 2648 4493 (utin
2696 4423 3082 4478 Hebraeorum
3137 4423 3288 4478 libro
3327 4421 3641 4492 invenitur)

1988 4509 2161 4562 annis
2191 4511 2623 4580 quadraginta:
2659 4511 2992 4566 secundum
3024 4512 3410 4582 Septuaginta
3441 4515 3640 4563 autem

1986 4595 2336 4668 interpretes
2361 4601 2536 4654 annis
2561 4599 2786 4670 viginti.

2059 4743 2086 4770 «
2130 4725 2277 4777 Cum
2325 4729 2478 4779 esset
2534 4739 2742 4780 amare
2794 4724 3020 4794 animo,
3076 4722 3268 4778 oravit
3320 4721 3640 4778 Dominum

1989 4831 2016 4858 ‹‹
2056 4807 2208 4863 ﬂens
2233 4809 2489 4879 largiter,
2548 4815 2605 4867 et
2629 4816 2836 4866 votum
2891 4811 3048 4866 vovit
3089 4810 3332 4866 dicens:
3393 4812 3640 4868 Domine

1988 4917 2017 4950 ‹
2057 4897 2445 4964 exercituum,
2494 4898 2542 4953 si
2573 4898 2864 4970 repiciens
2898 4899 3110 4955 videris
3144 4897 3527 4956 aﬁlictionem
3553 4900 3640 4956 fa-

1987 5009 2014 5034 ‹‹
2056 4985 2236 5040 multa
2269 4992 2402 5051 tute,
2449 4992 2506 5042 et
2531 4987 2879 5043 recordatus
2909 4988 3026 5044 mei
3057 4988 3238 5044 fueris
3285 5005 3395 5045 nec
3420 4989 3641 5046 oblitus

1986 5097 2012 5122 ‹‹
2055 5075 2283 5131 ancillae
2317 5080 2447 5140 tuas,
2491 5077 2845 5149 dederisque
2873 5095 3059 5134 servm
3092 5084 3204 5134 tuae
3265 5097 3474 5136 sexum
3501 5080 3638 5135 viri-

1986 5187 2013 5215 «
2054 5166 2193 5232 lem,
2227 5165 2388 5221 dabo
2419 5183 2556 5222 eum
2610 5167 2860 5223 Domino
2913 5169 3198 5225 omnibus
3254 5169 3468 5225 diebus
3505 5171 3638 5226 vitae

1991 5276 2007 5303 ι
2055 5255 2206 5325 ejus,
2227 5278 2253 5304 »
2285 5261 2341 5310 et
2361 5256 3066 5328 reliqua.Recordabatur
3088 5259 3293 5315 forsan
3315 5261 3639 5317 verborum

1984 5342 2143 5398 beati
2170 5343 2302 5407 Job,
2337 5344 2558 5417 quibus
2591 5344 2772 5400 dixit:
2804 5368 2830 5393 ‹‹
2867 5347 2974 5412 Qui
3004 5346 3308 5403 deridetur
3333 5347 3411 5404 ab
3441 5350 3638 5405 amico

1986 5448 2094 5488 suo
2135 5433 2286 5488 sicut
2331 5450 2463 5503 ego,
2519 5434 2826 5491 invocabit
2883 5437 3199 5492 Dominum
3255 5442 3311 5492 et
3366 5439 3639 5494 exaudiet

1985 5537 2144 5578 eum.
2164 5524 2305 5594 quia
2333 5525 2459 5594 ipse
2485 5523 2754 5580 laborem
2783 5529 2839 5581 et
2868 5525 3134 5583 dolorem
3166 5544 3411 5582 suorum
3440 5528 3634 5583 consi-

1987 5619 2155 5674 derat
2188 5621 2338 5689 (Job.
2371 5623 2482 5692 xu).
2518 5645 2547 5671 »
2580 5626 2658 5679 De
2688 5639 2810 5694 quo
2831 5625 3116 5698 scriptum
3138 5631 3256 5680 est:
3290 5646 3318 5675 ‹‹
3350 5624 3494 5692 Tibi,
3526 5625 3636 5677 Do-
