4130 6182
436 162 535 231 2's:

1535 148 1888 220 ANGELOMI
1929 138 2398 220 LUXOViimsls
2438 152 2759 222 nomen:

3752 144 3863 214 ξω

438 296 621 365 mine,
653 286 964 351 derelictus
1004 282 1094 345 est
1137 294 1370 360 pauper
1397 280 1625 361 pupillo
1656 290 1720 341 tu
1758 283 1871 341 eris
1927 276 2097 353 adju-
2124 280 2175 336 Α
2204 287 2260 340 et
2289 285 2525 345 diversa
2552 288 3005 361 concupiscunt,
3058 281 3369 341 instabiles
3413 278 3756 337 efﬁciuntur
3800 281 3862 337 in

440 390 532 444 tor
561 384 745 455 (Psal.
774 380 912 451 xm).
948 374 1049 434 Cui
1077 379 1219 432 vota
1242 376 1541 445 justorum
1588 377 1725 429 sunt
1777 368 2096 446 placabilia

442 479 499 532 et
521 471 674 530 oculi
706 469 835 540 ejus
869 466 945 522 ad
973 481 1180 539 preces
1203 481 1433 522 eorum.

513 583 541 611 ‹‹
582 559 831 616 Factum
858 558 945 611 est
971 570 1113 625 ergo
1145 570 1283 610 cum
1313 554 1414 610 illa
1445 553 1865 627 multiplicaret
1894 564 2098 623 preces

442 674 471 703 «
514 666 720 707 coram
748 645 1022 714 Domino,
1041 644 1107 699 ut
1131 643 1255 699 Heli
1278 643 1625 700 observaret
1653 659 1721 699 os
1751 641 1897 713 ejus.
1916 641 2098 695 Porro

444 762 475 792 »
514 742 688 795 Anna
715 732 1073 807 loquebatur
1098 731 1159 788 in
1191 732 1370 787 corde
1396 749 1527 800 suo,
1556 734 1909 802 tantumque
1937 726 2099 783 labia

444 851 473 880 ‹‹
512 827 666 883 illius
697 821 1116 886 movebantur,
1150 824 1207 876 et
1262 837 1375 876 vox
1406 820 1642 893 penitus
1666 835 1787 875 non
1818 815 2100 874 audieba-

444 940 473 967 α
514 920 629 972 tur.
662 912 989 969 IEstimavit
1010 911 1186 980 igitur
1213 926 1347 967 eam
1381 907 1501 965 Heli
1530 905 2104 979 temulentam,dixit

445 1030 473 1057 ‹‹
514 1021 630 1079 que
662 1003 746 1059 ei:
783 1004 1105 1073 Usquequo
1136 1000 1301 1056 ebria
1329 1000 1487 1055 eris?
1550 999 1753 1071 Digere
1798 996 2103 1072 paulisper

448 1118 477 1146 ‹‹
516 1078 722 1150 vinum
752 1107 875 1165 quo
914 1088 1147 1145 mades.
1202 1089 1594 1162 Respondens
1638 1093 1827 1155 Anna,
1874 1078 2104 1160 Nequa-

446 1206 475 1235 «
519 1199 702 1257 quam
736 1178 993 1253 (inquit),
1026 1172 1271 1235 domine
1301 1178 1402 1235 mi.
1461 1174 1608 1235 Nam
1640 1176 1854 1234 mulier
1901 1174 2105 1233 infelix

449 1294 477 1325 α
520 1271 701 1329 Nimis
731 1286 844 1339 ego
892 1286 1048 1341 sum,
1098 1269 1428 1342 vinumque
1458 1271 1514 1324 et
1554 1283 1733 1324 omne
1762 1265 1927 1339 quod
1980 1264 2103 1318 ine-

450 1383 480 1413 «
520 1360 715 1416 briare
736 1362 933 1430 potest
953 1373 1075 1413 non
1105 1356 1252 1427 bibi,
1277 1356 1379 1413 sed
1412 1356 1595 1413 eﬁ‘udi
1622 1355 1890 1411 animam
1907 1360 2107 1408 meam

358 1504 367 1509 _
450 1468 482 1503 ‹
520 1447 582 1504 in
604 1450 931 1519 conspectu
965 1441 1223 1501 Domini.
1253 1449 1329 1501 Ne
1361 1450 1598 1518 reputes
1629 1440 1909 1500 ancillam
1940 1444 2107 1495 tuam

454 1561 482 1589 «
522 1536 695 1610 quasi
720 1552 902 1590 unam
933 1534 1007 1589 de
1052 1528 1289 1589 filiabus
1322 1533 1521 1603 Belial,
1553 1532 1697 1606 quia
1748 1547 1819 1586 ex
1851 1524 2110 1585 multitu-

2204 376 2487 432 omnibus
2512 378 2619 433 viis
2650 378 2790 433 suis.
2841 380 2986 432 Ecce
3028 373 3338 430 historiam
3385 369 3863 443 prselibavimus,

2206 465 2310 519 sed
2333 466 2696 537 spirituaiem
2726 464 3087 522 intellectum
3125 474 3368 518 necesse
3399 463 3489 515 est
3515 465 3579 515 ut
3603 459 3869 516 breviter

2202 554 2449 611 tandem
2480 560 2831 627 tangamus:
2872 552 2969 609 Vir
2994 553 3153 609 enim
3206 551 3311 607 iste
3360 549 3600 618 Elcana,
3642 548 3747 622 qui
3776 548 3872 605 in-

2206 647 2559 715 terpretatur
2586 644 2698 701 Dez’
2737 645 3044 714 possessio,
3101 639 3363 710 ﬁguram
3407 639 3656 707 gestavit
3702 638 3870 693 unici

2208 732 2326 790 Filii
2360 735 2478 805 Dei,
2501 734 2607 808 qui
2640 750 2777 791 vera
2823 734 2879 789 et
2924 731 3196 806 specialis
3240 734 3331 785 est
3362 728 3463 785 Dei
3508 728 3870 800 Patrispos-

2208 824 2414 881 sessio.
2448 825 2526 881 De
2546 825 2682 896 ipso
2729 839 2995 895 namque
3026 836 3133 893 per
3186 819 3570 877 Salomonem
3609 815 3869 873 dicitur:

2209 934 2238 962 ‹‹
2290 913 2578 969 Dominus
2637 911 2903 986 possedit
2953 925 3051 965 me
3105 907 3271 964 initio
3321 907 3559 962 viarum
3618 921 3871 962 suarum

2209 1001 2409 1071 (Prov.
2441 1003 2579 1072 Vill).
2617 1022 2643 1050 n
2676 1004 2739 1056 Et
2790 996 2957 1055 Pater
3005 997 3078 1054 de
3110 996 3280 1068 ipso:
3335 1011 3364 1045 ι(
3401 994 3498 1050 Hic
3551 996 3642 1049 est
3692 994 3873 1051 Filius

2210 1102 2381 1147 meus
2407 1088 2739 1157 dilectus,in
2762 1107 2884 1163 quo
2900 1086 3045 1144 mihi
3073 1086 3226 1143 bene
3251 1084 3591 1157 complacui
3621 1085 3872 1155 (Matth.

2210 1197 2269 1236 ιιι
2300 1185 2357 1237 et
2377 1181 2541 1251 xvn).
2595 1183 2663 1236 Et
2716 1178 2878 1235 idem
2911 1177 3089 1235 Filius
3136 1175 3197 1231 in
3224 1173 3583 1243 Evangelio:
3638 1194 3667 1222 «
3696 1175 3879 1231 Pater

2212 1270 2273 1325 in
2300 1285 2397 1325 me
2424 1284 2698 1339 manens,
2724 1268 2851 1340 ipse
2874 1265 3013 1323 facit
3038 1278 3255 1339 opera:
3279 1263 3384 1335 qui
3413 1262 3567 1318 bene
3594 1262 3686 1318 vir
3713 1276 3879 1319 unus

2213 1357 2428 1413 dicitur
2474 1360 2666 1426 (Joan.
2727 1357 2869 1419 xw).
2942 1375 2970 1405 κ
3039 1354 3202 1411 Unus
3267 1356 3468 1407 autem
3536 1351 3881 1424 appellatur

2217 1451 2391 1513 Deus,
2439 1462 2561 1503 non
2611 1446 2685 1503 de
2734 1458 3008 1511 numero,
3054 1443 3158 1499 sed
3200 1443 3343 1515 quia
3368 1452 3681 1514 nunquam
3717 1453 3753 1497 a
3784 1457 3879 1498 se-

2216 1536 2473 1609 metipso
2507 1537 2653 1593 alter
2698 1534 2969 1605 eﬁicitur,
3034 1532 3168 1589 ideo
3223 1544 3542 1604 nunquam
3591 1534 3879 1588 mutatur.

453 1649 481 1675 α
524 1624 661 1681 dine
692 1618 914 1680 doloris
947 1627 1005 1679 et
1028 1623 1298 1678 mceroris
1356 1623 1473 1678 mei
1502 1622 1701 1677 locuta
1757 1632 1891 1675 sum
1916 1630 2108 1689 usque
2137 1626 2177 1693 Β
2218 1626 2381 1682 Unde
2413 1625 2774 1681 psalmista:
2811 1646 2839 1674 τ(
2868 1624 2951 1680 Tu
2983 1624 3183 1679 autem
3218 1621 3377 1677 idem
3399 1621 3530 1693 ipse
3557 1635 3619 1675 es
3648 1624 3708 1676 et
3732 1620 3881 1677 anni

453 1738 482 1766 «
522 1715 582 1771 in
608 1726 897 1783 praesens.
935 1734 960 1761 ι
994 1706 1174 1768 Belial
1204 1712 1623 1785 interpretatur
1671 1706 1889 1780 absque
1929 1710 2105 1778 jugo.

452 1808 598 1861 Nota
621 1802 787 1876 quod
817 1802 879 1857 hi
908 1801 1013 1874 qui
1041 1801 1390 1857 ebrietatem
1420 1803 1743 1866 sectantur,
1777 1788 1881 1853 ﬁlii
1929 1788 2107 1852 Belial

453 1893 826 1949 vocitentu’r:
852 1891 968 1945 hoc
989 1890 1122 1946 loco
1147 1890 1429 1963 impletur
1456 1889 1604 1945 illud
1629 1886 1792 1961 quod
1823 1886 2111 1959 scriptum

454 1987 562 2047 est,
585 1996 612 2031 tt
647 1984 836 2037 Homo
866 1980 1030 2036 videt
1057 1980 1120 2035 in
1148 1980 1318 2041 facie.
1338 1982 1492 2036 Deus
1509 1983 1709 2034 autem
1729 1977 1989 2033 intuetur
2010 1990 2113 2029 cor

456 2068 517 2139 (Ι
531 2072 674 2140 Reg.
706 2073 849 2141 xv1),
904 2088 934 2119 ι
962 2069 1110 2141 quia
1156 2068 1282 2124 Heli
1339 2072 1574 2125 tantum
1629 2082 1697 2122 os
1734 2063 2112 2137 deprecantis

454 2159 642 2214 Annua
668 2156 1029 2224 intuebatur,
1062 2161 1119 2212 et
1147 2172 1360 2212 vocem
1407 2156 1538 2227 ejus
1585 2154 1822 2228 penitus
1850 2168 1973 2209 non
2004 2169 2112 2207 au-

453 2247 676 2315 diebat,
710 2250 815 2303 sed
845 2252 1079 2302 motum
1114 2246 1416 2303 labiorum
1448 2243 1749 2312 cernebat,
1778 2239 2116 2297 aestimabat

456 2335 684 2392 ebriam
707 2350 859 2391 esse.
892 2334 999 2392 illa
1024 2338 1247 2401 autem,
1277 2334 1422 2406 quia
1447 2347 1687 2389 sursum
1707 2328 1984 2387 elevabat
2011 2340 2115 2382 cor

456 2429 513 2481 et
538 2424 934 2480 conﬁtebatur
963 2424 1215 2479 Domino
1245 2423 1307 2478 in
1333 2427 1453 2479 toto
1481 2420 1662 2477 corde
1689 2435 1824 2490 suo,
1854 2415 2117 2489 respexit

458 2512 747 2568 Dominus
772 2512 849 2568 ad
881 2512 1213 2568 orationem
1242 2512 1394 2582 ejus,
1417 2517 1472 2566 et
1502 2525 1625 2565 non
1657 2507 1881 2581 sprevit
1907 2519 2115 2578 preces

457 2599 632 2656 illius.
665 2598 966 2671 Nobisque
1012 2599 1276 2671 optimus
1302 2598 1522 2655 modus
1551 2595 1764 2653 orandi
1811 2594 1889 2650 ad
1918 2607 2115 2649 exem-

458 2688 628 2763 plum
652 2687 830 2744 datus
846 2692 935 2744 est
956 2688 1130 2759 (sicut
1150 2688 1214 2743 in
1238 2686 1627 2760 sequentibus
1649 2684 1883 2758 plenius
1903 2680 2117 2738 dicturi

460 2777 711 2847 sumus),
745 2779 810 2832 ut
836 2790 957 2832 non
1005 2776 1067 2831 in
1117 2774 1493 2848 multiloquio
1549 2773 1880 2830 formemus
1908 2785 2116 2844 preces

458 2869 695 2921 nostras
724 2864 802 2920 ad
834 2865 1176 2935 Dominum,
1200 2863 1307 2920 sed
1335 2863 1396 2920 in
1427 2862 1890 2935 compunctione
1920 2857 2117 2915 cordis

2216 1714 2299 1771 tui
2326 1726 2448 1771 non
2504 1714 2782 1771 deﬁcient
2832 1714 3019 1785 (Psal.
3074 1713 3206 1781 civ).
3260 1728 3289 1761 υ
3345 1710 3719 1766 Armathaim
3775 1712 3879 1767 So-

2216 1804 2405 1876 phim,
2429 1816 2564 1876 quae
2589 1802 3010 1876 interpretatur
3056 1801 3293 1857 excelsa
3319 1798 3413 1854 vel
3468 1800 3734 1868 Specula,
3762 1815 3882 1856 coe-

2217 1893 2429 1949 lestem
2484 1892 2778 1963 signiﬁcat
2804 1889 3153 1947 Jerusalem.
3210 1890 3288 1945 De
3343 1894 3468 1960 qua
3509 1887 3587 1943 ad
3617 1903 3733 1943 nos
3782 1902 3886 1945 ve-

2220 1981 2413 2049 niens,
2445 1982 2722 2037 eamdem
2744 1977 3213 2053 speculationem
3244 1983 3301 2033 et
3319 1977 3543 2043 docuit,
3569 1977 3692 2032 imo
3712 1982 3771 2033 et
3799 1978 3884 2034 ad

2219 2069 2497 2130 eamdem
2523 2068 2952 2145 possidendam
2984 2078 3092 2124 sua
3121 2064 3308 2122 morte
3329 2064 3648 2137 reparavit.
3669 2070 3731 2120 in
3753 2078 3884 2138 qua

2220 2160 2346 2232 ipse
2397 2157 2612 2214 sedens
2642 2156 2721 2214 ad
2776 2156 3085 2213 dexteram
3137 2154 3343 2222 Patris,
3385 2152 3719 2227 interpellat
3764 2166 3879 2225 pro

2220 2246 2396 2303 nobis
2422 2246 2759 2303 secundum
2795 2245 2961 2318 quod
3018 2243 3342 2318 Apostolus
3396 2243 3566 2299 sinu
3612 2242 3883 2299 Advoca-

2220 2341 2345 2393 tum
2370 2334 2666 2392 habemus
2696 2335 2860 2407 apud
2903 2335 3160 2399 Patrem,
3206 2335 3412 2388 Jesnm
3455 2332 3746 2389 Christum
3770 2333 3874 2402 ju-

2222 2428 2380 2482 stum
2413 2422 2470 2497 (Ι
2489 2427 2665 2494 Joan.
2698 2427 2785 2491 ιι),
2819 2434 2851 2476 s
2872 2420 2983 2480 etc.
3003 2423 3114 2489 Qui
3141 2422 3295 2478 bene
3325 2420 3482 2477 ﬁlius
3512 2420 3738 2485 dicitur,
3761 2416 3867 2475 ﬁlii

2220 2512 2520 2575 Jeroham,
2552 2512 2657 2569 ﬁlii
2688 2511 2988 2582 Heliu,ﬁiii
3018 2512 3180 2584 Suph
3214 2508 3869 2583 EphratteusJeroham

2221 2602 2447 2675 quippe
2498 2602 2836 2659 misericors
2883 2602 3319 2673 interpretatur.
3374 2600 3501 2655 Elin
3525 2606 3665 2654 vero
3720 2598 3874 2653 Deus

2223 2705 2423 2748 meus:
2444 2690 2630 2764 Suph,
2674 2690 2985 2762 effundens
3011 2702 3024 2744 :
3054 2704 3190 2762 quas
3220 2688 3490 2753 nomina,
3525 2688 3677 2745 sicut
3703 2685 3883 2742 nobis

2222 2779 2477 2846 videtur,
2504 2780 2636 2852 jure
2663 2780 2741 2837 ad
2771 2781 2957 2835 Deum
2984 2780 3221 2834 Patrem
3250 2777 3604 2834 referuntur.
3632 2778 3764 2849 ipse
3790 2778 3887 2831 est

2224 2866 2637 2924 misericordia
2663 2870 2881 2930 nostra.
2930 2865 3075 2940 quia
3111 2874 3221 2922 Sua
3273 2866 3651 2921 miseratione
3681 2868 3890 2921 actum

460 2957 517 3044 (ἒξ
545 2952 851 3044 effusione
870 2951 1300 3044 lacrimarum.
1330 2968 1443 3009 nos
1491 2949 1869 3044 exaudiripapb
1894 2963 1966 3003 eo
1996 2962 2115 3002 cre-
2151 2978 2192 3044 ρ
2223 2961 2407 3023 est,ut
2431 2957 2773 3026 unigenitus
2801 2956 2981 3011 Filius
3013 2955 3091 3011 ad
3121 2965 3231 3011 nos
3250 2957 3507 3014 veniens,
3526 2967 3636 3007 suo
3666 2966 3888 3008 cruore

460 3042 697 3098 dimus:
753 3042 897 3115 quia
939 3064 967 3093 κ
1002 3041 1361 3098 sacriﬁcium
1397 3042 1519 3097 Deo
1549 3045 1659 3108 est,
1695 3038 1937 3111 spiritus
1978 3051 2117 3092 con-

461 3131 798 3199 tribulatus,
826 3146 929 3187 cor
956 3131 1277 3188 contritum
1307 3138 1364 3187 et
1406 3129 1784 3186 humiliatum
1814 3130 1969 3183 Deus
1992 3140 2117 3181 non

462 3221 688 3294 spernit
709 3222 895 3290 (Psal.
928 3224 1004 3289 ι).
1039 3242 1067 3270 ››
1099 3220 1270 3284 Quod
1299 3225 1440 3276 tunc
1472 3219 1651 3289 digne
1681 3219 1767 3288 fit,
1799 3217 1867 3284 si,
1901 3215 2117 3272 oratio-

461 3324 539 3365 ne
562 3309 879 3381 completa,
911 3324 1024 3364 nos
1054 3308 1115 3364 in
1145 3309 1360 3366 eodem
1396 3314 1597 3365 tenore
1620 3306 1861 3378 justitias
1882 3318 2119 3378 perma-

464 3396 763 3451 nebimus.
799 3396 961 3452 Unde
983 3400 1041 3449 et
1068 3397 1356 3468 sequitur.

537 3504 565 3533 ‹‹
606 3485 675 3539 Et
706 3483 851 3538 abiit
878 3482 1091 3538 mulier
1118 3484 1179 3537 in
1211 3485 1370 3540 viam
1401 3499 1576 3539 suam
1601 3485 1658 3537 et
1688 3481 1967 3547 comedit,
1992 3479 2124 3535 vul-r

467 3592 498 3623 ‹‹
540 3578 756 3643 tusque
776 3570 932 3626 illius
959 3587 1077 3627 non
1102 3577 1239 3627 sunt
1262 3572 1523 3643 amplius
1544 3572 1603 3627 in
1629 3570 1865 3626 diversa
1887 3569 2117 3625 mutati.

469 3682 500 3711 α
538 3663 607 3716 Et
632 3660 858 3716 factum
888 3664 975 3716 est
1012 3665 1147 3733 post
1200 3659 1492 3716 circulum
1540 3659 1794 3721 dierum,
1849 3658 2124 3730 concepit

468 3773 498 3802 κ
538 3756 711 3806 Anna
748 3756 805 3806 et
827 3750 1056 3823 peperit
1100 3749 1311 3818 ﬁlium,
1343 3750 1694 3822 vocavitque
1725 3763 1949 3804 nomen
1991 3747 2122 3819 ejus

466 3861 495 3892 α
540 3840 799 3910 Samuel,
832 3856 903 3895 eo
950 3839 1115 3913 quod
1162 3857 1197 3897 a
1228 3839 1481 3896 Domino
1508 3838 1873 3912 postulasset
1896 3853 2056 3894 eum.
2092 3858 2123 3887 »

465 3932 605 3988 Post
630 3930 919 3986 circulum
944 3945 1086 4001 ergo
1133 3929 1389 4001 dierum,
1421 3929 1483 3985 id
1512 3934 1599 3985 est
1635 3933 1769 4002 post
1792 3927 1935 3983 anni
1964 3927 2121 3982 redi-

466 4022 616 4089 tum,
674 4018 903 4090 peperit
956 4023 1130 4074 Anna
1155 4035 1429 4092 puerum,
1480 4019 1839 4090 vocavitque
1895 4031 2120 4071 nomen

466 4105 595 4176 ejus
627 4104 885 4161 Samuel.
918 4100 1159 4162 Samuel
1190 4107 1296 4180 qui
1328 4102 1745 4179 interpretatur
1794 4103 2120 4174 postulatio

466 4192 597 4258 Dei,
626 4192 751 4248 sive
778 4208 989 4250 nomen
1019 4192 1146 4264 ejus
1167 4196 1343 4261 Deus,
1382 4195 1527 4267 quia
1558 4196 1767 4249 auctor
1794 4190 2120 4248 nativitatis

467 4281 597 4354 ejus
625 4284 779 4339 Deus
810 4286 957 4349 erat,
1015 4283 1121 4355 qui
1156 4282 1234 4339 ab
1286 4278 1464 4339 sterili
1494 4287 1771 4339 exoratus
1824 4278 2123 4336 concessit

466 4366 687 4428 habere
709 4368 921 4436 tilium,
951 4370 1056 4443 qui
1081 4368 1301 4440 dignus
1334 4368 1653 4427 haberetur
1677 4371 1737 4426 in
1768 4367 1991 4443 templo
2019 4368 2121 4425 Dei

465 4460 694 4519 cunctis
719 4459 931 4516 diebus
958 4459 1233 4516 assistere
1264 4458 1343 4516 ad
1373 4460 1678 4516 servitium
1703 4459 1852 4531 ejus.
1884 4459 1994 4525 Qui
2024 4474 2121 4513 su-

428 4620 437 4625 ι
463 4551 666 4625 perius
696 4566 821 4606 non
852 4547 1050 4606 solum
1072 4549 1175 4612 vir,
1191 4546 1295 4605 sed
1317 4548 1407 4604 vir
1430 4564 1584 4604 unus
1604 4547 1959 4621 appellatur,
1978 4547 2123 4619 quia

464 4641 737 4697 videlicet
765 4657 887 4697 non
914 4640 976 4696 in
1006 4640 1245 4696 diversa
1296 4637 1717 4709 vagabundus,
1759 4632 1851 4693 vel
1881 4633 2123 4692 mobilis

466 4734 646 4803 atque
695 4726 1009 4803 instabilis,
1060 4731 1164 4789 sed
1220 4730 1431 4787 ﬁrmus
1489 4733 1667 4802 atqae
1728 4729 2122 4785 inconcussus

469 4819 788 4889 persistens
818 4822 908 4875 vir
961 4834 1119 4877 unus
1149 4826 1294 4878 erat.
1348 4820 1411 4877 Et
1455 4828 1578 4876 non
1627 4819 1823 4876 solum
1852 4818 1936 4873 vir
1964 4830 2123 4873 unus

467 4904 700 4967 dicitur,
724 4906 819 4961 ille
840 4909 944 4979 qui
974 4911 1184 4965 tirmus
1210 4913 1569 4983 perseverat,
1590 4910 1695 4966 sed
1724 4926 1936 4966 omnes
1965 4923 2126 4964 com-

467 4994 732 5064 petentes
762 5008 917 5048 unus
948 4994 1249 5062 dicuntur,
1311 5014 1496 5054 unam
1525 5001 1882 5071 sapientiam
1907 5011 2120 5053 omnes

467 5078 780 5147 habentes,
820 5082 925 5152 qui
953 5094 1142 5137 unum
1169 5085 1472 5142 Christum
1496 5087 1700 5142 Jesum
1744 5085 2121 5154 conﬁtentur,

466 5168 527 5224 in
558 5180 681 5223 uno
704 5168 920 5240 Spiritu
950 5170 1051 5227 Dei
1075 5170 1824 5246 replentur.Unusquisque
1846 5172 2124 5244 insipien-

468 5255 617 5312 tium
646 5269 768 5312 non
812 5260 905 5312 est
961 5270 1145 5323 unus,
1176 5258 1282 5313 sed
1334 5260 1521 5317 multi.
1579 5261 1743 5318 Unde
1780 5259 2120 5332 Scriptura:

470 5366 499 5397 (ι
531 5344 752 5401 Stultus
806 5349 872 5402 ut
922 5346 1070 5403 luna
1094 5350 1358 5403 mutatur
1410 5348 1596 5421 (Eccl.
1630 5350 1838 5420 xxvu).
1886 5364 1914 5399 ιο
1956 5351 2126 5407 Luna

469 5448 606 5491 cum
637 5435 865 5491 videtur
891 5448 1013 5493 una
1038 5450 1168 5492 esse
1198 5450 1305 5507 per
1334 5436 1758 5507 substantiam,
1790 5452 1897 5509 per
1926 5443 2126 5494 muta-

470 5522 691 5579 tionem
719 5525 951 5581 dierum
983 5538 1217 5598 semper
1239 5524 1371 5597 ipsa
1401 5524 1516 5581 alia
1541 5530 1633 5580 est
1659 5531 1715 5581 et
1743 5526 2001 5583 diversa.
2034 5529 2127 5584 Sic

471 5618 529 5672 et
550 5619 915 5687 peceatores,
943 5615 1049 5689 qui
1076 5618 1388 5674 mutantur
1406 5630 1444 5673 a
1465 5615 1761 5690 sapientia
1779 5622 1838 5675 et
1857 5618 2126 5688 scientia,

2223 3054 2335 3102 nes
2385 3045 2722 3113 redimeret,
2770 3046 2941 3116 juxta
2989 3043 3155 3117 quod
3200 3040 3513 3116 Apostolus
3543 3040 3664 3095 ait:
3719 3058 3751 3089 cr
3785 3039 3887 3095 Sio

2223 3134 2384 3190 enim
2411 3133 2619 3190 dilexit
2648 3136 2799 3189 Deus
2849 3133 3167 3203 mundum,
3196 3135 3260 3187 ut
3289 3128 3668 3201 Unigenitum
3692 3142 3889 3183 suum

2224 3223 2393 3279 daret
2420 3238 2532 3296 pro
2560 3221 2736 3278 nobis
2765 3222 2965 3293 (Joan.
2999 3225 3105 3288 ιιι).
3135 3244 3163 3271 ››
3194 3219 3303 3286 Qui
3333 3220 3395 3275 in
3422 3217 3729 3291 passione,
3769 3228 3891 3288 pro

2223 3312 2401 3369 nobis
2434 3312 2743 3379 laborans,
2777 3311 3003 3367 aiebat:
3040 3330 3068 3362 ‹‹
3102 3312 3255 3366 Deus
3282 3324 3470 3373 meus,
3503 3309 3658 3362 Deus
3687 3316 3886 3373 meus,

2226 3404 2293 3457 ut
2316 3400 2463 3474 quid
2490 3417 2587 3457 me
2646 3400 3007 3474 dereliquisti
3027 3400 3055 3454 τ
3084 3400 3272 3471 (Psal.
3300 3401 3495 3466 xxx)»
3527 3394 3693 3451 Unde
3720 3394 3891 3466 Suph

2227 3486 2541 3546 effundens
2571 3492 2816 3559 dicitur,
2850 3490 2990 3562 quia
3014 3488 3094 3544 ad
3142 3495 3255 3542 nos
3283 3487 3453 3541 sinus
3497 3498 3621 3539 suae
3650 3481 3884 3555 pietatis

2229 3594 2366 3633 eum
2397 3578 2471 3633 de
2499 3578 2840 3634 calestibns
2868 3576 3095 3646 effudit,
3122 3580 3187 3631 ut
3247 3574 3637 3646 semetipsum
3679 3569 3877 3626 exina-

2228 3668 2399 3734 niret,
2419 3671 2597 3738 atque
2627 3665 3084 3739 quodammodo
3109 3662 3458 3730 effunderet,
3472 3666 3531 3718 et
3555 3675 3741 3733 genus
3762 3658 3876 3713 hu-

2231 3772 2482 3811 manum
2510 3756 2806 3813 liberaret.
2862 3756 3025 3812 Unde
3055 3770 3162 3828 per
3191 3754 3576 3810 Salomonem
3604 3752 3666 3806 in
3687 3746 3882 3807 Canti-

2231 3846 2313 3901 cis
2336 3845 2705 3901 canticorum
2736 3845 2986 3901 dicitur:
3031 3867 3058 3895 «ι
3096 3847 3476 3915 Unguentum
3507 3839 3767 3897 effusum
3795 3839 3891 3893 est

2230 3950 2452 3993 nomen
2488 3940 2655 3992 tuum
2688 3936 2957 4006 (Canta).
2991 3950 3019 3985 »
3051 3938 3279 3991 Nomen
3318 3948 3462 4003 ergo
3485 3929 3587 3987 Dei
3613 3942 3889 3998 unguen-

2230 4029 2356 4081 tum
2374 4024 2634 4081 eﬁ‘usum
2656 4029 2760 4091 est,
2774 4024 3023 4097 quando
3040 4023 3118 4079 ab
3136 4022 3536 4079 immensitate
3559 4016 3893 4076 divinitatis

2231 4129 2375 4181 suae,
2404 4114 2482 4169 ad
2512 4119 2789 4169 naturam
2816 4112 3083 4169 nostram
3107 4122 3170 4168 se
3199 4111 3449 4168 exterius
3478 4107 3705 4173 effudit,
3725 4105 3894 4162 etab

2229 4218 2298 4258 eo
2329 4202 2495 4275 quod
2528 4207 2655 4258 erat
2682 4196 3015 4275 invisibilis,
3066 4200 3358 4258 visibilem
3399 4210 3463 4255 se
3515 4195 3792 4254 reddidit.
3828 4195 3899 4252 Si

2230 4291 2389 4347 enim
2414 4307 2475 4347 se
2506 4306 2627 4347 non
2652 4290 3002 4359 effunderet,
3050 4302 3442 4363 nequaquam
3485 4286 3661 4344 nobis
3710 4300 3772 4340 se
3799 4284 3903 4340 in‘

2230 4385 2580 4437 notesceret.
2601 4381 2679 4436 De
2708 4396 2831 4452 qua
2851 4380 3141 4436 effusione
3164 4378 3379 4435 Paulus
3401 4378 3521 4433 ait:
3547 4396 3574 4427 ι(
3609 4375 3716 4442 Qui
3746 4389 3904 4430 cum

2230 4470 2291 4525 in
2322 4468 2516 4524 forma
2548 4469 2646 4524 Dei
2676 4474 2849 4536 esset,
2866 4483 2986 4525 non
3010 4469 3287 4541 rapinam
3305 4466 3627 4523 arbitratus
3655 4469 3906 4520 estesse

2232 4574 2293 4612 se
2318 4557 2614 4629 aequalem
2644 4560 2782 4624 Deo,
2816 4558 2921 4613 sed
2947 4559 3336 4629 semetipsum
3365 4554 3691 4611 exinanivit
3721 4552 3909 4624 (Phi-

2234 4649 2339 4717 (ip.
2374 4647 2457 4717 ιι),
2490 4668 2518 4697 ι)
2568 4650 2625 4703 et
2649 4646 2897 4720 reliqua.
2952 4646 3125 4713 Quod
3148 4645 3366 4701 Paulus
3409 4644 3492 4701 ait
3527 4642 3912 4706 exinanita},

2231 4736 2346 4793 hoc
2385 4736 2667 4792 Salomon
2717 4736 2883 4801 dixit,
2935 4736 3166 4806 e/I‘udz’t.
3214 4734 3325 4801 Qui
3356 4734 3491 4805 jure
3539 4732 3915 4805 Ephratteus

2232 4825 2466 4896 dicitur,
2511 4827 2854 4899 Epitratteus
2900 4827 3173 4897 frugi/ter
3224 4825 3663 4895 interpretatur.
3714 4820 3917 4885 Quod

2230 4914 2385 4970 bene
2444 4914 2639 4969 eidem
2690 4915 2994 4983 unigenito
3044 4913 3145 4969 Dei
3190 4911 3335 4967 Filio
3381 4910 3697 4967 convenit:
3760 4908 3919 4979 ipse

2233 5005 2391 5059 enim
2425 5004 2709 5059 omnibus
2734 5002 2909 5058 donis
2960 5002 3209 5076 Spiritus
3253 5000 3442 5056 sancti
3472 5003 3528 5057 et
3570 4996 3919 5057 virtutibus

2233 5092 2554 5147 abundans
2602 5091 2878 5147 habetur.
2940 5092 3084 5147 Hinc
3129 5091 3315 5148 Isaias
3345 5091 3461 5146 ait:
3513 5100 3541 5138 δ(
3584 5086 3926 5160 Requievit

2234 5192 2413 5251 super
2466 5194 2606 5235 eum
2650 5179 2893 5252 spiritus
2966 5180 3220 5246 Domini,
3276 5180 3517 5251 spiritus
3576 5178 3917 5250 sapientia

2234 5269 2291 5322 et
2319 5264 2669 5333 intellectus,
2702 5263 2944 5337 spiritus
2972 5265 3204 5321 consilii
3250 5271 3307 5322 et
3351 5262 3716 5322 fortitudinis
3749 5262 3925 5331 (Ιεαι

2235 5355 2317 5425 ιι),
2353 5374 2381 5403 n
2431 5357 2489 5409 et
2524 5352 2776 5426 reliqua.
2829 5352 3145 5426 Sequitur:
3196 5372 3224 5405 κ
3282 5352 3625 5426 Habuitun
3675 5354 3927 5412 ακοωέ

2237 5442 2408 5507 duas,
2463 5456 2686 5497 nomen
2713 5441 2819 5497 uni
2872 5443 3211 5514 Pirenenna,
3258 5447 3315 5497 et
3341 5454 3565 5498 nomen
3614 5442 3930 5505 secundas

2240 5534 2431 5585 Anna.
2482 5532 2861 5605 Fueruntque
2888 5532 3223 5589 Phenennre
3280 5531 3404 5586 ﬁlii.
3472 5533 3658 5585 Annua
3690 5534 3927 5592 autem

2242 5634 2367 5676 non
2390 5625 2560 5678 erant
2602 5620 2792 5691 liberi,
2822 5642 2851 5673 »
2891 5626 2951 5680 et
2998 5623 3250 5700 reliqua.
3292 5623 3425 5679 Istas
3470 5620 3605 5678 dum
3652 5628 3929 5694 uxores,
