4136 6176
254 185 364 243 299
956 262 963 265 κ
1286 184 1541 247 sum.
1571 188 1643 248 ω
1669 185 1915 247 LIBROS
1940 184 2203 250 usus.
2237 216 2305 238 ει
2334 190 2404 254 m
2431 190 2566 257 me.
2593 201 2635 257 ι.
3569 201 3682 271 25;

250 314 425 365 Anna
465 307 761 378 videlicet,
792 325 929 384 quae
956 310 1373 383 interpretatur
1408 311 1630 381 gratia,
1652 314 1708 367 et
1754 310 1900 365 Phe-
1933 316 1983 369 Α
2010 318 2167 373 tatur
2213 318 2606 382 discalceatus
2656 327 2786 383 sine
2834 329 3075 385 insania
3126 321 3557 391 conversionis:
3620 324 3681 395 et

246 412 643 490 nenna,_qu_ze
672 398 1229 490 diciturconversz'o,
1262 400 1514 469 geminae
1545 399 1758 490 plebis,
1786 399 1902 455 hoc
2010 405 2535 486 Phineesquoque,
2555 415 2659 487 qui
2684 417 2900 487 dicitur
2943 430 3004 475 cs
3049 425 3301 490 mutum,
3346 423 3572 480 scribas
3619 429 3678 483 et

246 492 343 545 est
374 487 654 543 Ecclesiae
693 489 959 558 gentium
977 494 1034 545 et
1078 489 1905 562 Synagogze,preetenderunt
2011 494 2343 555 Pharisaeos
2398 502 2737 572 signiﬁcant
2781 506 3146 563 Iudaeorum.
3202 487 3313 574 Qui
3365 510 3520 568 bene
3568 504 3676 571 lilii

245 576 598 667 imaginem.-
646 577 966 667 Phenenna
998 592 1271 667 namque
1312 581 1651 667 Synagogae
1688 582 1904 651 typum
2010 583 2134 640 Heli
2163 586 2461 659 dicuntur,
2489 594 2592 665 qui
2618 599 2827 667 typum
2848 597 3088 652 tenebat
3109 596 3421 655 sacerdotii
3442 602 3676 659 Judaeca

243 664 607 738 preelibabat
634 680 771 737 qute
796 666 1056 755 fecunda
1093 667 1356 738 primum
1403 666 1463 722 in
1502 666 1636 722 ﬁliis
1666 668 1902 735 eXStitit,
2010 689 2146 729 rum
2179 683 2422 750 propter
2452 664 2742 739 sacrificia
2771 686 3035 742 carnalia
3072 686 3221 755 legis
3267 692 3322 744 et
3359 692 3673 748 sacerdotii

242 770 416 828 quos
460 757 577 809 Deo
600 770 707 826 per
732 754 1221 826 praedicationem
1253 755 1401 825 legis
1432 772 1720 827 generare
1748 759 1904 813 virle-
2012 761 2300 835 ipsorum.
2363 770 2477 841 ipsi
2532 773 2690 828 enim
2768 774 2979 829 scribas
3040 779 3097 831 et
3138 754 3446 834 iPharisrei
3517 780 3665 836 dum

241 842 443 899 batur;
475 842 590 936 sed
620 842 765 914 quia
786 859 1081 936 conversa
1100 848 1188 936 est
1214 860 1250 901 a
1278 845 1398 901 ﬁde
1427 847 1904 918 patriarcharum
2013 866 2205 919 suam,
2251 855 2424 925 juxta
2469 860 2823 932 Apostolum
2868 865 3051 931 (Rom.
3085 865 3164 936 x),
3196 865 3515 923 Voluerunt
3556 873 3673 925 stau

239 935 295 989 et
325 932 770 1004 prophetarum
820 931 899 988 ad
936 932 1371 1023 inﬁdelitatem,
1411 935 1733 994 infecunda
1768 953 1903 1010 pen—
2013 945 2174 998 tuere
2196 931 2598 1017 justitiam,et
2633 952 2873 1022 justitize
2918 954 3018 1009 Dei
3061 931 3533 1023 contemnentes,
3564 972 3671 1014 nos

235 1028 470 1120 manet.
487 1024 663 1120 Anna
687 1038 826 1120 vero
847 1022 1221 1120 sterilisque)
1241 1024 1660 1120 interpretatur
1678 1031 1900 1099 gratia,
2010 1030 2247 1120 luerunt
2295 1052 2429 1094 esse
2470 1039 2742 1111 subjecti,
2770 1046 2880 1098 nec
2923 1043 3123 1115 ipsum
3173 1045 3436 1118 recipere
3484 1062 3667 1120 quem

238 1110 573 1204 ﬁculesiam
600 1111 978 1204 signiﬁcabat
998 1115 1296 1204 gentium,
1337 1131 1472 1188 quae
1504 1118 1697 1187 gratia
1735 1134 1905 1175 sano-
2011 1117 2105 1174 lex
2122 1124 2492 1194 etprcphetae
2511 1110 3056 1199 prsedixeruntesse
3073 1110 3669 1204 Venturum,degene«

234 1199 278 1257 ti
327 1200 677 1292 salvatoris
727 1203 1108 1292 cognoscitur
1166 1219 1296 1260 esse
1342 1206 1673 1279 redempta.
1730 1210 1909 1265 Juxta
2011 1211 2406 1269 rantesaﬁde
2426 1216 2901 1286 patriarcharum
2923 1224 2979 1275 et
3016 1199 3668 1292 prophetarum,adin-

238 1288 405 1361 quod
425 1290 755 1361 Apostolus
781 1290 894 1347 ait:
929 1310 960 1344 ‹
992 1293 1190 1348 Gratia
1220 1295 1381 1350 enim
1426 1295 1528 1351 Dei
1576 1296 1721 1352 salvi
1764 1297 1907 1355 facti
2014 1298 2246 1355 sentam
2270 1301 2629 1361 inﬁdelitatis
2646 1309 2938 1379 conversi,
2962 1288 3034 1365 os
3058 1288 3295 1365 mutum
3327 1288 3670 1369 meruerunt

238 1379 376 1433 estis
411 1395 525 1451 per
552 1379 758 1447 ﬁdem,
792 1385 1000 1437 etnon
1046 1397 1121 1437 ex
1164 1382 1360 1451 vobis,
1394 1383 1627 1442 donum
1670 1387 1771 1442 Dei
1814 1391 1907 1445 est
2014 1384 2298 1453 habere,a
2319 1406 2459 1447 vero
2482 1395 2814 1451 sacerdotio
2828 1396 3037 1453 Christi
3060 1401 3117 1453 et
3142 1398 3522 1455 confessione
3542 1401 3669 1456 veri

239 1467 488 1536 (Ephes.
535 1468 618 1561 ri).
668 1491 698 1519 n
755 1472 820 1525 Et
859 1470 1105 1526 iterum:
1158 1472 1449 1529 «Vocabo
1494 1489 1616 1531 non
1664 1476 1904 1548 plebem
2017 1475 2363 1548 sacerdotis,
2388 1479 2463 1534 dc
2506 1497 2629 1552 quo
2660 1483 2944 1555 scriptum
2978 1489 3096 1540 est:
3154 1487 3430 1542 «Iuravit
3467 1489 3668 1561 Domi:

242 1571 470 1625 meam,
502 1558 743 1630 plebem
766 1575 993 1627 meam,
1028 1564 1086 1617 et
1112 1577 1237 1617 non
1268 1563 1743 1621 misericordiam
1759 1582 1903 1621 con-
2013 1578 2126 1617 nus
2157 1570 2213 1619 et
2241 1582 2363 1621 non
2388 1569 2699 1640 pmnitebit
2728 1586 2886 1637 eum,
2923 1577 2984 1628 tu
3011 1584 3073 1628 es
3107 1575 3385 1630 sacerdos
3413 1577 3474 1632 in
3507 1558 3671 1634 aeter-

243 1651 514 1701 secutam
560 1647 1035 1739 misericordiam
1074 1656 1460 1708 consecutam
1511 1654 1699 1725 (Rom.
1732 1658 1832 1726 ix),
1873 1676 1901 1705 »
1940 1665 1983 1717 Β
2012 1667 2159 1707 num
2194 1657 2526 1713 secundum
2548 1660 2820 1717 ordinem
2844 1661 3269 1719 Melchisedech
3290 1665 3669 1739 (Psal.(nx).»

237 1739 342 1791 etc.
375 1738 527 1801 Ome
557 1737 770 1792 sterilis
801 1737 1034 1807 dicitur,
1058 1739 1232 1810 juxta
1259 1742 1427 1813 quod
1459 1744 1748 1814 scriptum
1780 1750 1899 1801 est:
2014 1742 2080 1794 Et
2108 1741 2251 1812 quia
2274 1744 2599 1801 Ecclesiam
2627 1748 2761 1819 sibi,
2788 1750 3028 1822 proprie
3066 1760 3202 1823 qua
3233 1751 3459 1808 Christo
3490 1737 3669 1809 debe-

238 1845 265 1871 κ
296 1826 548 1892 uetare,
571 1824 805 1893 sterilis,
823 1841 961 1899 quas
984 1842 1109 1883 non
1138 1829 1302 1900 paris
1326 1847 1340 1898 ;
1374 1845 1687 1903 erumpere
1715 1838 1771 1889 et
1790 1833 1908 1890 claa
2011 1827 2206 1896 batur,
2239 1833 2343 1903 qui
2373 1839 2496 1890 erat
2526 1850 2702 1891 verus
2732 1848 3011 1910 sponsus,
3044 1844 3334 1912 tanquam
3360 1842 3669 1913 propriam

238 1928 354 1980 ma,
382 1929 531 1986 qua
544 1924 674 1969 non
696 1915 980 1986 parturis,
998 1916 1142 1988 quia
1162 1916 1335 1973 multi
1348 1916 1455 1973 ﬁlii
1486 1919 1759 1991 desertas,
1780 1938 1904 1979 ωδε
2012 1917 2317 1975 vindicare
2346 1923 2676 1993 voluerunt,
2706 1930 2763 1982 et
2791 1926 3110 1983 noluerunt
3134 1928 3422 1984 suscitare
3461 1938 3669 1986 semen

241 2002 326 2071 gis
354 2018 549 2075 quam
572 2005 705 2075 ejus
726 2020 866 2077 qua)
880 2004 1063 2061 habet
1083 2005 1275 2062 virum
1301 2008 1439 2079 (13a.
1468 2011 1601 2079 Liv),
1626 2027 1653 2057 »
1683 2012 1764 2065 De
1780 2026 1907 2083 qua
2011 2002 2150 2061 ﬁdei
2200 2007 2264 2063 in
2320 2011 2562 2067 nomine
2613 2013 2876 2070 defuncti
2916 2015 3136 2082 fratris,
3167 2016 3229 2071 id
3285 2020 3377 2072 Bst
3433 2017 3667 2087 Christi,

242 2091 421 2147 etiam
452 2092 771 2149 Psalmista
798 2094 912 2150 ait:
948 2116 975 2143 ‹‹
1001 2096 1113 2161 Qui
1140 2096 1417 2155 habitare
1454 2098 1595 2155 facit
1641 2100 1904 2158 sterilem
2005 2096 2179 2165 juxta
2205 2098 2371 2169 quod
2396 2099 2457 2155 in
2498 2100 2629 2170 lege
2659 2102 2947 2174 scriptum
2975 2108 3118 2170 erat,
3152 2113 3273 2159 nan
3320 2107 3670 2160 meruerunt

245 2180 531 2249 indcmo,
563 2186 824 2239 matrem
853 2182 1116 2240 ﬁliorum
1146 2184 1445 2243 laetantem
1483 2188 1673 2258 (Psal.
1708 2192 1903 2260 (11:11).»
2013 2193 2141 2240 esse
2178 2185 2239 2240 in
2280 2191 2437 2242 sorte
2484 2202 2717 2245 eorum.
2772 2191 2851 2246 De
2895 2192 3118 2263 quibus
3169 2192 3252 2248 ait
3287 2191 3646 2264 Apostolus:

253 2269 388 2333 Qua
414 2270 557 2327 olim
610 2270 824 2326 sterilis
856 2287 894 2327 a
923 2270 1284 2329 fecunditate
1334 2275 1517 2346 prolis
1557 2277 1900 2348 spiritualis,
2014 2292 2045 2327 ‹
2075 2277 2138 2329 Et
2161 2273 2405 2331 calceati
2434 2277 2617 2350 pedes
2643 2279 2704 2333 in
2731 2279 3165 2351 praeparatione
3211 2279 3515 2349 Evangelii
3560 2288 3669 2352 per

255 2372 411 2413 nune
466 2361 581 2415 Deo
635 2360 971 2432 spirituales
1027 2361 1180 2417 ﬁlios
1224 2378 1330 2435 per
1390 2364 1615 2421 fontem
1675 2365 1905 2438 baptisu
2013 2363 2530 2435 cis(Epltes.v1).»
2555 2368 2620 2422 Et
2644 2367 2718 2422 de
2742 2367 2964 2439 quibus
2992 2383 3101 2441 per
3130 2369 3486 2442 prophetam
3523 2367 3667 2424 dici-

248 2447 439 2515 matis,
471 2453 528 2505 et
554 2448 812 2519 gratiam
846 2448 1094 2522 Spiritus
1125 2452 1313 2507 sancti
1362 2452 1606 2524 gignere
1639 2470 1763 2511 non
1807 2455 1907 2511 de:
2013 2456 2138 2509 tur:
2164 2455 2397 2518 «Quam
2427 2456 2678 2527 speciosi
2698 2456 2884 2528 pedes
2914 2470 3125 2514 eorum
3168 2458 3271 2531 qui
3306 2458 3670 2514 annuntiant

245 2534 406 2592 sistit.
434 2540 516 2593 De
546 2553 672 2610 qua
697 2537 761 2592 in
789 2537 1043 2594 Canticis
1081 2539 1453 2596 canticorum
1501 2543 1770 2615 Apostoii
1812 2544 1903 2599 di-
2011 2541 2378 2613 bcna(1tom.
2403 2544 2482 2615 Χ).
2507 2558 2534 2592 »ι
2563 2545 2631 2600 Et
2654 2545 2789 2600 ideo
2818 2546 2965 2601 nudi
2995 2551 3050 2602 et
3073 2547 3415 2602 discalceati
3450 2562 3487 2602 a
3526 2552 3666 2602 vera

241 2632 412 2682 cunt:
440 2648 470 2676 η
514 2628 695 2683 Soror
729 2634 937 2684 nostra
984 2629 1235 2700 parvula
1276 2634 1386 2701 est,
1427 2635 1485 2687 et
1536 2632 1724 2690 ubera
1779 2649 1904 2689 non
2012 2630 2130 2686 ﬁde
2152 2636 2208 2686 et
2227 2629 2512 2701 dignitate
2533 2633 2843 2690 sacerdotii
2873 2638 3310 2691 remanserunt.
3336 2633 3511 2700 Quod
3535 2647 3671 2706 per»

236 2713 418 2773 habet
439 2718 644 2785 (Cant.
676 2718 820 2789 vni).
851 2739 880 2767 »
911 2718 1062 2780 Quid
1102 2718 1393 2776 faciemus
1435 2722 1624 2777 sorori
1659 2726 1899 2791 nostra),
2013 2719 2360 2776 timescebat
2379 2734 2555 2791 agere
2574 2725 2831 2779 Joannes
2852 2724 3098 2796 quando
3114 2714 3352 2779 dicebat
3367 2716 3470 2789 eis,
3491 2736 3518 2772 κ
3540 2726 3668 2778 Ncn

236 2804 298 2861 in
327 2806 427 2862 die
457 2806 711 2879 quando
740 2805 1107 2880 alloquenda
1134 2813 1253 2865 est:
1297 2809 1572 2880 Parvula,
1600 2811 1902 2883 inquiunt,
2013 2823 2148 2863 sum
2169 2818 2281 2877 ego
2299 2810 2591 2867 Christus:
2629 2812 2791 2868 Venit
2814 2814 2975 2869 enim
3014 2812 3221 2869 {crtior
3254 2828 3350 2868 me
3378 2816 3533 2886 post
3545 2826 3664 2880 me,

236 2895 497 2968 estquia
538 2896 895 2968 mysterium
932 2897 1374 2971 praedicationis
1416 2900 1692 2955 nondum
1742 2899 1907 2956 suﬂia
2011 2898 2186 2969 cujus
2208 2904 2330 2954 non
2349 2914 2479 2955 sum
2501 2899 2722 2971 dignus
2756 2906 2818 2957 ut
2840 2902 3074 2958 solvam
3096 2902 3414 2972 corrigiam
3435 2900 3667 2957 calceus

236 2985 313 3041 cit
360 2984 592 3052 subire,
621 2989 686 3040 ut
726 2984 883 3041 ﬁlios
929 3000 1225 3055 generans
1282 2987 1361 3043 ab
1412 2987 1638 3044 intimis
1685 2992 1904 3060 myste-
1938 3011 1980 3066 ο
2012 2988 2196 3043 menti
2217 2989 2266 3059 ej
2279 3001 2345 3043 us
2362 2988 2559 3060 (Joan.
2581 2990 2638 3060 1).
2666 3012 2693 3039 ››
2716 2995 2797 3045 Ac
2828 2991 2876 3045 si
2897 2990 3155 3047 diceret:
3186 2993 3307 3061 Ego
3331 2990 3669 3062 redemptae

234 3075 356 3141 riis,
384 3073 480 3130 vel
517 3078 585 3129 ut
612 3089 690 3130 ex
730 3073 1019 3131 uberibus
1056 3075 1282 3132 nutrire
1326 3077 1535 3149 possit.
1564 3076 1715 3143 Quid
1761 3088 1905 3147 ergo
2012 3077 2091 3131 ris
2108 3076 2675 3147 vestigiadenudare
2693 3088 2816 3133 non
2837 3078 3027 3146 valeo,
3043 3079 3188 3151 quia
3210 3093 3434 3134 nomen
3456 3077 3667 3150 sponsi

236 3164 338 3219 tibi
366 3163 629 3230 videtur,
661 3178 699 3218 ο
725 3165 1067 3235 Synagoga,
1096 3164 1170 3220 de
1202 3178 1404 3221 sorore
1432 3171 1643 3222 nostra
1679 3165 1902 3222 faciens
2012 3165 2156 3219 mihi
2187 3166 2519 3221 immeritus
2545 3174 2667 3221 non
2699 3174 2943 3239 usurpo.
2977 3166 3149 3232 Quod
3181 3166 3324 3238 quia
3351 3166 3562 3221 scribae
3607 3169 3668 3221 et

232 3252 412 3319 dum,
466 3250 715 3323 quando
761 3251 1143 3324 alloquenda,
1176 3258 1285 3323 est,
1334 3254 1396 3309 id
1440 3259 1529 3309 est
1574 3269 1682 3326 per
1734 3253 1903 3309 verbi
2011 3254 2286 3309 Pharisaei
2309 3253 2566 3309 indebita
2585 3264 2874 3326 usurpare
2897 3254 3095 3310 conati
3111 3259 3249 3309 sunt
3270 3253 3541 3309 videlicet
3558 3263 3666 3309 nm

232 3338 607 3412 mysterium
629 3338 890 3396 ducenda
918 3344 994 3397 ad
1019 3340 1225 3407 ﬁdem,
1262 3346 1325 3397 ut
1375 3358 1513 3414 quin
1560 3343 1746 3397 modo
1791 3346 1903 3397 sto:
2010 3350 2149 3398 men
2182 3342 2387 3414 sponsi
2436 3342 2546 3397 sibi
2585 3347 2641 3398 et
2666 3354 2789 3399 non
2832 3343 3064 3398 Christo
3094 3342 3372 3410 tribuere,
3405 3346 3463 3399 et
3502 3341 3664 3398 insu-

235 3428 371 3483 rilis
404 3426 634 3482 videtur
666 3429 843 3499 possit
878 3428 1139 3486 fecunda
1173 3430 1553 3502 spiritualiter
1596 3429 1751 3485 ﬁlios
1802 3445 1901 3499 ge:
2008 3440 2164 3504 pere
2186 3432 2483 3487 contrario
2504 3436 3009 3505 contempserunt,
3032 3431 3154 3487 imo
3174 3431 3235 3487 in
3257 3430 3467 3488 faciem
3489 3440 3665 3487 cons-

236 3532 454 3572 nerare
476 3516 503 3570 7
531 3518 848 3587 Synagoga
870 3519 1263 3591 tacente,ipse
1275 3534 1537 3591 sponsus
1554 3519 1674 3575 sive
1706 3522 1901 3592 Aposa
2010 3537 2192 3593 puere
2214 3532 2334 3576 non
2356 3520 2783 3577 dubitaverunt
2809 3538 2821 3575 :
2849 3521 2981 3592 jure
3006 3532 3228 3577 nomen
3257 3520 3497 3576 illorum
3522 3518 3665 3576 dici~

244 3606 344 3662 teli
369 3606 513 3680 quid
542 3606 668 3663 ﬁeri
691 3607 927 3679 debeat,
968 3608 1367 3680 respondent:
1420 3609 1476 3665 Si
1524 3625 1735 3664 murus
1789 3613 1896 3670 est;
2008 3616 2103 3666 tur
2131 3613 2338 3668 domus
2379 3612 2746 3677 discalceati,
2780 3611 2929 3667 sicut
2966 3612 3027 3666 in
3064 3610 3193 3681 lege
3239 3611 3524 3683 scriptum
3570 3614 3661 3668 est

252 3695 601 3750 mdiﬁcemus
628 3712 815 3768 super
833 3711 973 3752 eum
1008 3697 1467 3769 prepugnacuia
1499 3701 1802 3768 argentea,
1838 3695 1899 3751 id
2010 3702 2195 3772 (Deut.
2222 3702 2381 3771 xxxi).
2409 3705 2489 3757 Ac
2518 3708 2624 3773 per
2642 3702 2755 3757 hoc
2781 3701 2928 3756 nudi
2949 3706 3367 3756 remanserunt
3395 3700 3473 3757 ab
3494 3701 3661 3757 omni

263 3783 997 3842 estscientiamdivinarum
1021 3786 1898 3858 Scripturarum,utpossitnon
2005 3791 2310 3861 dignitate,
2351 3795 2407 3847 et
2453 3790 2793 3847 discalceati
2842 3790 2920 3846 ab
2964 3790 3253 3863 eXemplis
3298 3791 3663 3862 patriarchas-

263 3870 441 3926 solum
458 3880 761 3945 protegere
781 3874 1075 3941 inﬁrmos,
1094 3875 1200 3930 sed
1235 3875 1414 3930 etiam
1445 3876 1659 3931 docere
1690 3876 1896 3931 indoc-I
2003 3891 2140 3936 rum
2166 3887 2223 3936 et
2250 3880 2699 3952 prophetarum.
2738 3880 2902 3935 Unde
2935 3880 3053 3936 Silo
3091 3879 3337 3952 quidem
3384 3880 3467 3934 eis
3515 3894 3659 3934 cona-

252 3964 356 4025 tos,
377 3978 447 4017 ne
474 3979 713 4036 semper
740 3962 953 4019 sterilis
975 3968 1346 4035 permaneat.
1373 3966 1489 4019 Ista
1509 3964 1670 4019 enim
1699 3980 1895 4036 quan:
2006 3970 2180 4040 gruit,
2202 3968 2301 4024 ubi
2329 3969 2664 4024 sacerdotes
2692 3968 2871 4023 fuisse
2900 3968 3196 4038 leguntur.
3235 3968 3351 4026 Silo
3394 3976 3658 4040 namque

239 4066 415 4121 quam
442 4056 586 4107 tunc
616 4046 777 4108 uxor
819 4056 977 4107 esset
1002 4051 1063 4107 in
1112 4051 1642 4125 praedestinatione
1676 4052 1894 4109 divinae
2003 4059 2263 4114 dtmissio
2303 4060 2451 4127 ejus,
2475 4057 2565 4112 Vel
2588 4059 2799 4127 petitio
2827 4057 3278 4130 interpretatur:
3324 4057 3469 4130 quia
3494 4058 3657 4112 enim

230 4141 452 4210 gratiis.
505 4143 683 4211 juxta
755 4142 921 4214 quod
991 4150 1250 4213 sponsus
1315 4141 1580 4214 loquitur
1632 4140 1707 4196 de
1764 4158 1835 4198 ea
1877 4161 1891 4198 t
2001 4149 2116 4221 ipsi
2137 4148 2507 4221 cXpetierunt
2534 4148 2804 4213 Pilatum,
2842 4151 2906 4203 ut
2942 4147 3261 4204 dimitteret
3295 4147 3656 4218 Barabbam,

232 4231 565 4302 «ΕἾιιίίᾶῙυί
585 4246 722 4285 meo
741 4231 803 4285 in
823 4229 1096 4285 curribus
1122 4230 1444 4287 ΡΜῙἮΟΠῘΒ
1466 4229 1793 4286 δεξιίωὶίὸνὶ
1816 4236 1892 4300 ιθ,
2003 4236 2059 4296 et
2085 4232 2291 4295 Jesum
2324 4239 2575 4294 traderet
2605 4238 2689 4294 eis
2718 4238 2958 4308 (Matth.
2983 4243 3226 4305 xxvvu).
3263 4232 3427 4295 Unde
3458 4237 3539 4294 ad
3567 4238 3658 4293 in-

226 4320 419 4375 amica
440 4335 585 4418 mea
613 4321 808 4418 (flant.
834 4323 899 4389 1),
923 4342 953 4370 »
983 4319 1044 4418 id
1074 4324 1180 4418 est,
1213 4324 1274 4376 tu
1299 4320 1498 4418 adhuc
1529 4320 1589 4375 in
1617 4320 1893 4418 curribus
1927 4363 1970 4418 υ
2002 4328 2234 4418 saniem
2267 4325 2627 4382 crudelitatis
2658 4326 2946 4389 conversi,
2977 4326 3326 4383 clamabant
3357 4327 3654 4418 dicentes:

223 4409 558 4466 Pharaonis
591 4409 868 4465 subimus
894 4409 1215 4477 serviebas,
1235 4408 1509 4465 subintus
1525 4409 1808 4465 currebas
1829 4410 1894 4466 in
1928 4408 1965 4418 ”
2002 4438 2030 4466 ‹‹
2056 4416 2112 4472 Si
2141 4410 2386 4472 dimittis
2417 4428 2576 4486 eum,
2619 4427 2740 4472 non
2785 4426 2848 4472 es
2891 4416 3120 4472 amicus
3165 4411 3409 4474 Caesaris
3462 4415 3656 4486 (Joan.

222 4499 572 4568 gentilitate,
608 4498 717 4554 sed
744 4506 855 4568 ego
886 4499 1109 4555 attendi
1135 4498 1283 4571 quid
1311 4498 1387 4554 de
1417 4503 1470 4554 te
1503 4513 1611 4570 per
1636 4499 1896 4571 praedesa
1997 4507 2139 4576 xix).
2171 4524 2198 4555 ι»
2231 4507 2295 4559 Et
2342 4504 2521 4560 item:
2571 4520 2599 4555 «
2620 4504 2931 4575 Crueiﬁge,
2962 4505 3241 4574 cruciﬁge
3285 4512 3423 4560 eum
3488 4505 3654 4570 (Luc.

221 4588 582 4644 tinationem
613 4586 748 4643 fecit
775 4605 789 4643 :
816 4608 844 4638 «ι
870 4588 1164 4660 Equitatui
1199 4603 1335 4643 meo
1378 4592 1433 4642 te
1480 4587 1824 4655 assimilavi,
1858 4608 1887 4638 π
1996 4594 2181 4665 xxm).
2208 4611 2238 4646 ›
2261 4588 2457 4649 Merito
2488 4593 2719 4649 dimissi
2749 4593 3011 4657 fuerunt,
3040 4598 3094 4649 et
3141 4592 3403 4647 derelicti
3447 4604 3482 4645 a
3514 4588 3655 4655 Deo,

218 4674 276 4731 id
325 4684 420 4734 est
479 4676 685 4733 electis
738 4678 891 4733 meis
946 4680 1000 4733 te
1059 4676 1314 4733 similem
1367 4677 1611 4733 attendi.
1667 4681 1890 4734 Tamen
1998 4683 2157 4738 exuti
2204 4681 2283 4738 ab
2327 4682 2494 4737 omni
2532 4680 2818 4747 bonitate,
2846 4680 3044 4737 traditi
3089 4683 3228 4734 sunt
3272 4678 3567 4748 gentibus,
3600 4679 3663 4732 et
3728 4722 3737 4731 .

217 4767 357 4837 quia
414 4766 704 4821 nondum
759 4782 1021 4838 sponsus
1075 4782 1211 4822 eam
1284 4765 1528 4838 proprio
1595 4768 1891 4835 sanguine
1998 4770 2328 4826 amiserunt
2348 4767 2747 4824 sacerdotium
2779 4772 2835 4823 et
2862 4778 3138 4838 regnum,
3171 4770 3228 4822 et
3267 4772 3503 4838 torpore
3529 4766 3659 4821 inti-

212 4856 584 4926 redemerat,
616 4871 726 4912 nec
754 4856 1242 4928 desponsaverat,
1276 4854 1485 4910 sterilis
1532 4854 1887 4925 habebatur,
1998 4857 2254 4912 delitatis
2301 4856 2466 4916 nudi.
2511 4855 2835 4925 frigescunt
2874 4856 3025 4910 inter
3070 4859 3294 4925 gentes.
3341 4855 3653 4927 Sequiturt

211 4948 359 5018 quia
386 4947 446 5001 ei
476 4961 592 5018 per
620 4944 803 5001 ﬁdem
832 4945 1155 5016 conjuncta
1204 4961 1328 5000 non
1371 4949 1514 5012 erat,
1545 4944 1653 5000 sed
1701 4946 1888 5014 Synaa
2000 4967 2028 4994 «
2056 4943 2224 5000 Dedit
2243 4958 2385 5015 ergo
2416 4943 2634 4998 Eleana
2663 4944 2994 4999 Phenennae
3022 4948 3079 5000 et
3105 4943 3240 4998 ﬁliis
3265 4944 3397 5015 ers
3428 4949 3485 5000 et
3510 4943 3660 5000 ﬁlia-

209 5050 371 5104 goga
398 5036 457 5093 ei
489 5035 953 5107 quodammodo
982 5035 1135 5090 ﬁlios
1157 5050 1263 5106 per
1282 5033 1497 5104 legem,
1520 5038 1582 5089 ut
1600 5033 1888 5104 diximus,
1996 5035 2113 5091 bus
2137 5037 2361 5107 partes.
2393 5034 2581 5088 Annae
2611 5037 2811 5089 autem
2841 5032 3005 5089 dedit
3032 5038 3264 5107 partem
3297 5046 3482 5090 unam
3532 5034 3661 5090 tris-

202 5140 425 5197 parere
491 5125 826 5181 videbatur.
886 5127 1019 5180 Haec
1064 5124 1225 5180 enim
1265 5122 1522 5179 breviter
1563 5122 1886 5194 tangendo,
2000 5125 2093 5193 tis,
2118 5124 2262 5197 quia
2307 5124 2542 5178 Annam
2590 5122 2947 5194 diligebat.»
2995 5123 3129 5180 Jam
3170 5124 3331 5179 enim
3358 5123 3657 5197 osuperius

204 5221 270 5271 ut
321 5216 627 5285 diximus,
670 5215 776 5270 sed
825 5214 889 5270 in
935 5213 1443 5286 consequentibus
1496 5217 1632 5284 post
1686 5213 1892 5285 aliqua
1998 5213 2431 5270 inculcavimus
2462 5211 2629 5286 quod
2652 5212 2976 5269 Phenenna
3008 5218 3223 5286 typum
3253 5212 3443 5270 tenuit
3469 5213 3654 5285 Syna-

202 5321 347 5378 qum
378 5305 749 5378 interpolata
772 5304 1068 5373 videntur,
1096 5305 1159 5360 in
1204 5303 1450 5360 historia
1497 5303 1730 5375 prolata
1769 5303 1889 5375 pica
1998 5318 2188 5375 gogaa,
2212 5318 2346 5376 quae
2367 5312 2404 5358 a
2429 5302 2547 5358 Deo
2572 5300 2821 5375 quidem
2848 5305 3048 5375 partes
3070 5316 3209 5358 cum
3237 5302 3372 5359 ﬁliis
3410 5306 3468 5358 et
3509 5302 3659 5360 ﬁlia-

201 5395 346 5451 nius
392 5394 743 5451 describere
792 5395 1165 5450 conabimur.
1211 5396 1389 5449 Erant
1432 5393 1572 5449 alibi
1616 5393 1738 5448 duo
1784 5392 1889 5449 ﬁlii
1996 5393 2111 5448 bus
2140 5392 2461 5465 (quantum
2500 5391 2673 5462 juxta
2701 5405 3017 5461 anagogen
3049 5390 3320 5463 pertinet)
3365 5391 3654 5464 percepit,

204 5487 358 5549 Heli,
394 5485 643 5557 Hophni
673 5489 730 5540 et
755 5485 1020 5546 Phinees,
1063 5485 1400 5540 sacerdotes
1451 5483 1703 5539 Domini.
1739 5482 1889 5548 Quia
1995 5481 2267 5537 videlicet
2285 5480 2636 5552 temporalia
2653 5480 2814 5535 bona
2838 5486 3000 5535 terrae
3024 5479 3656 5552 promissionisJuxta

202 5576 467 5633 historia
524 5576 657 5631 luce
688 5574 906 5631 clarius
938 5579 1117 5647 patet,
1146 5575 1225 5630 ad
1264 5574 1589 5647 spiritalem
1630 5574 1885 5630 intellec-
1995 5570 2161 5642 quod
2185 5586 2291 5642 per
2317 5568 2696 5625 Psalmistam
2726 5568 2975 5624 dicitur:
3020 5587 3051 5622 ‹
3076 5568 3245 5625 Dedit
3267 5569 3351 5625 eis
3379 5568 3652 5637 regiones

204 5680 340 5762 tum
372 5664 850 5723 transdu‘cimur.
882 5663 1120 5737 Hephni
1143 5676 1431 5736 namque,
1462 5663 1567 5736 qui
1601 5663 1886 5734 interprea
1996 5658 2953 5732 gentiumetlaborespopulorum
2964 5658 3653 5732 passederunhutcustov
