4130 6182
429 153 535 206 255

1516 107 1878 202 ANGELOMI'
1911 138 2362 197 LUXOWENSIS
2400 138 2743 198 MONACHI.

3734 141 3844 194 256

431 273 602 331 diant
624 271 1079 345 justiﬁcationes
1113 270 1263 340 ejus,
1295 273 1353 324 et
1393 267 1586 337 legem
1616 269 1744 338 ejus
1770 263 2080 338 requirant
2109 265 2156 319 Α
2186 264 2311 320 Noli
2341 281 2436 322 me
2466 265 2790 338 despicere,
2819 281 2855 320 o
2889 266 3232 336 Synagoga,
3256 263 3402 335 quia
3431 262 3480 318 si
3510 262 3685 333 nigra
3706 279 3847 318 sum

432 367 621 437 (Psal.
655 365 788 434 Civ):
815 382 843 412 ›
875 365 930 416 et
957 359 1102 432 quia
1129 359 1393 431 primum
1422 358 1647 414 credita
1668 361 1806 412 sunt
1820 356 1931 412 illis
1962 355 2079 410 elo-

432 454 577 527 quia
606 451 726 518 Dei,
758 453 816 506 et
855 447 1162 518 legislatio,
1206 453 1263 503 et
1307 451 1750 514 testamentum,
1782 449 1838 501 et
1879 459 2079 516 repro-

431 539 656 607 missio,
689 543 747 596 et
773 538 1391 611 reliqua.Quanquam
1411 535 1645 606 ingrata
1663 535 2079 604 fuisset,Annee

433 636 633 686 autem
689 627 851 684 dedit
914 629 1146 697 partem
1219 641 1405 681 unam
1457 625 1654 682 tristis.
1713 625 1856 678 Pars
1921 621 2080 679 enim

432 719 551 774 ista
576 733 764 790 quam
808 714 1078 770 conditor
1111 729 1312 769 rerum
1360 716 1568 784 Annae,
1602 715 1716 769 hoc
1763 716 1850 768 est
1891 710 2083 766 Eccle-

434 807 535 862 siae
580 803 845 875 gentium
889 802 1153 873 contulit,
1206 803 1476 859 naturale
1518 802 1826 872 ingenium
1868 815 2081 874 possu-

432 910 569 949 mus
598 892 887 965 accipere,
909 907 1016 966 per
1047 891 1214 964 quod
1250 895 1434 947 Deum
1458 907 1786 962 agnoscere
1826 892 2076 962 poterat.

436 985 514 1038 De
525 997 647 1054 quo
657 981 1014 1054 praedicator
1024 980 1221 1052 egregi
1231 997 1297 1035 us
1311 981 1390 1036 ad
1411 982 1719 1036 Romanos
1731 979 2080 1035 describens

435 1071 551 1127 ait:
583 1092 610 1121 «
628 1069 955 1125 Invisibilia
975 1070 1133 1125 enim
1164 1069 1350 1142 ipsius
1369 1086 1405 1126 a
1424 1074 1697 1126 creatura
1723 1068 1954 1131 mundi,
1977 1081 2083 1140 per

432 1175 508 1216 ea
533 1175 666 1232 quae
697 1158 854 1214 facta
883 1163 1022 1215 sunt
1065 1158 1364 1214 intellecta
1405 1158 1850 1230 conspiciuntur
1892 1157 2078 1229 (Rom.

433 1250 550 1321 1).»
585 1247 959 1319 Sempiterna
982 1263 1223 1320 quoque
1250 1248 1380 1318 ejus
1435 1246 1614 1303 virtus
1655 1263 1724 1303 ac
1763 1245 2078 1302 divinitas:

434 1336 598 1392 unde
645 1336 720 1391 de
769 1335 1138 1408 sapientibus
1177 1335 1358 1407 hujus
1401 1335 1613 1392 mundi
1662 1335 1969 1408 praemisit,
2000 1334 2085 1389 di-

436 1441 609 1481 cens:
636 1444 667 1477 ‹
698 1425 849 1490 Quia
873 1425 1039 1497 quod
1067 1430 1276 1482 notum
1305 1431 1391 1481 est
1430 1426 1548 1490 Dei,
1583 1424 1968 1480 manifestum
1998 1427 2087 1479 est

435 1513 548 1569 illis
578 1513 778 1585 (Ibid.)
802 1534 829 1563 »
861 1514 1014 1568 Deus
1047 1514 1203 1568 enim
1225 1514 1336 1569 illis
1363 1514 1782 1578 manifestavit,
1807 1512 1911 1568 sed
1931 1512 2085 1568 bene

2185 370 2292 426 per
2320 354 2618 423 meritum,
2652 354 2916 409 formosa
2962 369 3095 408 sum
3126 368 3232 425 per
3275 351 3490 407 divinae
3539 352 3854 424 praedesti-

2186 444 2445 499 nationis
2495 444 2768 514 gratiam.
2805 443 2919 500 Sed
2963 442 3098 498 ideo
3149 444 3474 514 Synagoga
3521 444 3856 500 contemnit

2189 533 2688 606 Ecclesiam,quia
2709 532 3052 588 attendebat
3071 531 3265 604 qualis
3296 535 3444 602 erat,
3479 532 3586 587 sed
3613 533 3858 602 ignora-

2186 624 2308 693 bat,
2340 628 2406 680 ut
2431 624 2715 693 diximus,
2735 622 2930 696 qualis
2956 623 3157 679 futura
3200 626 3344 677 erat.
3369 624 3586 678 Verum
3635 628 3857 695 postea

2189 715 2577 772 considerans
2610 715 2932 770 Ecclesiam
2961 728 3068 785 per
3109 712 3384 768 naturale
3415 712 3725 784 ingenium
3753 731 3854 771 or-

2187 811 2334 875 tam,
2379 806 2584 863 divina
2627 806 2845 862 scilicet
2892 803 3244 859 illustratam
3285 803 3475 872 gratia
3519 806 3723 862 venire
3772 806 3857 862 ad

2190 898 2507 965 Christum,
2541 897 2658 952 ait:
2706 897 2897 961 «Quae
2932 898 3021 949 est
3067 893 3198 962 ista,
3243 909 3380 966 quae
3425 894 3698 951 ascendit
3743 912 3858 968 per

2189 988 2491 1064 desertum
2522 986 2673 1042 sicut
2699 984 2934 1054 virgula
2959 983 3131 1048 fumi,
3167 999 3242 1038 ex
3271 984 3647 1040 aromatibus
3690 1002 3858 1058 myr-

2188 1079 2311 1134 rhte
2337 1081 2394 1132 et
2423 1076 2631 1143 thuris,
2665 1079 2722 1131 et
2758 1073 3019 1129 universi
3067 1073 3325 1145 pulveris
3363 1073 3791 1146 pigmentarii?
3825 1099 3856 1126 υ

2190 1168 2389 1239 (Cant.
2423 1166 2562 1236 cxi.)
2593 1169 2738 1220 Nam
2760 1162 3092 1218 admiratur
3120 1163 3432 1234 quomodo
3457 1164 3721 1232 gentium
3745 1181 3863 1237 po-

2188 1257 2388 1330 pulus,
2421 1255 2586 1310 nullo
2610 1251 3080 1309 circumcisionis
3133 1254 3419 1324 mysterio
3465 1254 3856 1323 emundatus,

2189 1345 2368 1402 nullis
2397 1345 2826 1417 prophetarum
2858 1341 3373 1397 admonitionibus
3394 1341 3738 1411 instructus,
3760 1360 3861 1399 su-

2191 1435 2314 1491 bito
2341 1435 2419 1489 ab
2448 1433 2672 1490 inﬁmis
2701 1431 3105 1505 voluptatibus
3148 1447 3256 1504 per
3293 1431 3596 1488 desertum
3628 1435 3864 1504 gentili-

2192 1525 2328 1581 tatis
2353 1529 2411 1580 et
2437 1523 2805 1589 idololatriae,
2839 1522 2917 1578 ad
2942 1521 3062 1577 alta
3080 1520 3367 1576 virtutum
3392 1521 3678 1588 culmina,
3701 1528 3760 1580 et
3779 1523 3864 1580 ad

438 1601 540 1671 ait,
595 1603 802 1670 tristia
861 1603 1006 1674 quia
1061 1603 1347 1658 Dominus
1411 1602 1786 1658 CODClusel‘at
1838 1601 2083 1657 “Ilvam
2124 1623 2162 1676 Β
2194 1614 2509 1687 amplexus
2543 1613 2748 1686 sponsi
2773 1611 3159 1668 ascendisset.
3197 1613 3264 1666 Et
3287 1610 3440 1666 bene
3473 1611 3591 1667 ait:
3651 1635 3667 1662 ι
3701 1613 3864 1670 Sicut

437 1690 588 1761 ejus.
609 1690 869 1762 Denique
886 1692 1031 1763 quia
1057 1691 1434 1764 spiritualiter
1465 1691 1583 1747 Deo
1614 1706 1898 1761 generare
1934 1689 2088 1745 ﬁlios

435 1792 564 1835 non
585 1781 818 1851 poterat
862 1780 1035 1835 anxie
1083 1779 1326 1845 ferebat,
1368 1779 1582 1835 scilicet
1631 1780 1775 1852 quia
1815 1778 2088 1834 nondum

439 1867 762 1924 advenerat
776 1871 1011 1940 tempus
1031 1867 1350 1923 miserendi
1373 1868 1594 1938 ejus,ut
1614 1884 1650 1924 a
1666 1884 1776 1924 sua
1791 1867 2089 1924 sterilitate

440 1955 781 2027 aperiretur,
807 1960 864 2011 et
884 1955 1176 2028 spirituali
1207 1957 1400 2025 gratia
1438 1956 1875 2012 fecundaretur.
1904 1956 2088 2026 Cujus

437 2042 860 2099 fecunditatem
891 2043 1070 2116 longe
1101 2045 1489 2100 considerans
1514 2046 1718 2114 Isaias,
1751 2044 2087 2112 clamabat;

440 2133 684 2200 Laetare,
707 2133 935 2198 sterilis,
962 2149 1097 2205 quae
1125 2149 1248 2189 non
1283 2135 1445 2205 paris
1474 2135 1612 2204 (Isa.
1646 2138 1782 2201 Liv),
1812 2155 1840 2184 »
1880 2139 1937 2190 et
1964 2133 2090 2189 relic

438 2236 585 2292 qua.
615 2223 754 2277 Post
797 2221 954 2276 hanc
999 2222 1380 2287 sterilitatem,
1432 2223 1607 2278 tristis
1639 2228 1764 2278 erat
1812 2222 2090 2294 Ecclesia,

439 2309 581 2381 quia
607 2325 731 2365 non
759 2309 956 2366 solum
985 2327 1108 2366 non
1146 2311 1417 2384 pariebat
1464 2311 1630 2374 alios,
1662 2328 1872 2366 verum
1911 2314 2091 2367 etiam

441 2413 479 2452 a
507 2397 697 2467 gratia
724 2399 1045 2454 Dominicae
1089 2400 1534 2466 incarnationis,
1569 2405 1624 2455 et
1661 2400 1740 2455 ab
1771 2400 2092 2456 amissione

439 2483 587 2552 legis
610 2484 865 2540 sterilem
895 2502 958 2541 se
1006 2486 1265 2542 videbat.
1301 2487 1413 2542 Sed
1454 2492 1517 2543 ut
1563 2487 1677 2542 hoc
1724 2487 2092 2560 perpendere

441 2570 749 2644 potuisset,
781 2588 887 2644 per
932 2574 1203 2629 naturale
1245 2574 1553 2645 ingenium
1595 2574 1896 2631 intellexit.
1944 2576 2093 2641 Quia

440 2659 636 2732 ipsam
703 2661 990 2716 Dominus
1064 2662 1365 2733 diligebat,
1427 2663 1645 2719 scilicet
1709 2680 1831 2719 non
1897 2663 2090 2736 qualis

442 2751 585 2804 tunc
643 2753 785 2817 erat,
830 2749 935 2805 sed
982 2751 1178 2822 qualis
1220 2751 1280 2806 in
1326 2752 1846 2823 praedestinatione
1895 2753 2093 2808 futura

441 2840 586 2893 erat.
617 2838 728 2893 Sed
754 2839 899 2910 quia
922 2839 1082 2894 hanc
1111 2841 1697 2912 praedestinationem
1736 2847 1792 2896 et
1829 2842 2093 2897 futuram

2193 1703 2426 1774 virgula
2454 1702 2604 1757 fumi
2643 1719 2714 1756 ex
2745 1700 3116 1757 aromatibus
3147 1699 3408 1771 myrrhae
3451 1703 3508 1755 et
3554 1701 3768 1770 thuris,
3802 1707 3863 1759 et

2197 1792 2456 1849 universi
2484 1791 2743 1864 pulveris
2773 1788 3172 1863 pigmentarii,
3195 1810 3221 1837 ››
3256 1789 3313 1844 id
3343 1793 3434 1845 est
3462 1789 3599 1860 igne
3632 1793 3865 1848 amoris

2198 1898 2473 1953 accensa,
2491 1881 2584 1937 vel
2610 1879 2775 1936 omni
2795 1879 2934 1934 nisu
2949 1879 3236 1934 virtutum
3253 1879 3332 1934 ad
3353 1878 3618 1935 coelestia
3649 1881 3859 1938 tendit.

2198 1974 2302 2027 Per
2326 1971 2664 2043 myrrham,
2690 1968 3068 2024 mortiﬁcatio
3089 1967 3423 2023 carnalium
3457 1969 3864 2042 voluptatum.

2201 2063 2306 2116 Per
2335 2061 2491 2127 thus,
2525 2059 2752 2131 puritas
2782 2057 3122 2112 orationum
3147 2073 3159 2110 :
3192 2061 3249 2112 et
3275 2056 3337 2112 in
3367 2057 3616 2114 diversis
3654 2059 3864 2132 pulve-

2199 2148 2365 2205 ribus
2396 2146 2775 2220 pigmentarii
2816 2145 3089 2200 omnium
3119 2145 3406 2200 virtutum
3453 2147 3604 2203 odor
3645 2149 3864 2222 accipi-

2200 2242 2314 2293 tur.
2338 2237 2503 2292 Unde
2552 2235 2694 2291 alibi
2748 2239 2993 2307 stupens
3054 2235 3378 2306 Synagoga
3452 2236 3614 2305 dicit,
3661 2261 3689 2288 «
3719 2242 3860 2294 NeS-

2201 2326 2330 2393 civi,
2359 2326 2567 2382 anima
2594 2340 2730 2380 mea
2754 2323 3128 2380 conturbavit
3148 2330 3515 2398 me,propter
3533 2328 3857 2399 quadrigas

2200 2415 2539 2472 Aminadab
2573 2415 2772 2484 (Cant.
2799 2417 2938 2481 νυ.»
2969 2418 3050 2469 Ac
3081 2412 3128 2468 si
3149 2413 3660 2483 dixisset,Nescivi,
3691 2433 3727 2472 o
3753 2420 3854 2471 Ec-

2201 2504 2380 2560 clesia
2407 2503 2694 2574 gentium,
2727 2503 2890 2557 dona
2916 2501 3118 2571 gratiae
3167 2502 3487 2575 spiritualis
3515 2505 3574 2560 in
3620 2509 3673 2560 te
3697 2521 3848 2576 esse,

2203 2593 2308 2648 sed
2335 2593 2539 2648 anima
2570 2608 2704 2648 mea
2730 2591 3108 2646 conturbavit
3149 2608 3243 2647 me
3282 2599 3524 2666 propter
3572 2594 3856 2650 inductio-

2201 2699 2340 2739 nem
2394 2683 2535 2738 Novi
2587 2681 2962 2751 'l‘estamenti,
3016 2687 3073 2736 et
3121 2683 3476 2753 evangelicae
3532 2685 3860 2757 quadrigae.

2201 2770 2538 2826 Aminadab
2560 2771 2784 2843 quippe
2807 2769 3226 2841 interpretatur
3232 2773 3495 2840 populus
3513 2788 3680 2828 meus
3695 2789 3868 2843 spon-

2204 2865 2435 2925 taneus,
2467 2859 2529 2913 id
2559 2863 2645 2914 est
2673 2858 2939 2913 Christus
2984 2859 3090 2931 qui
3135 2864 3342 2932 sponte
3390 2861 3648 2929 gratiam
3690 2879 3867 2918 suam

441 2925 696 3026 εῖεξίὶεξω
718 2929 1052 3026 synagoga
1092 2928 1426 3026 ίξοζηονᾶῦξξῖν
1470 2929 1854 3026 Samniti}th
1899 2930 2094 3026 dtis!»
2124 2969 2166 3026 ρ
2204 2947 2453 3003 contulit
2473 2947 2871 3019 Ecclesiie,qui
2901 2925 3352 3020 per-totui'njam
3379 2925 3610 3002 vehitur
3625 2950 3860 3019 orbem_

442 3013 655 3083 ciebat,
678 3021 735 3071 et
779 3015 1027 3090 insuper
1069 3017 1247 3073 etiam
1286 3017 1425 3073 odio
1467 3019 1910 3090 insequebatur.
1945 3023 2092 3074 Nam

444 3105 742 3176 sequitur:
779 3128 805 3154 «
830 3104 1146 3174 Atﬂigebat
1175 3122 1418 3179 quoque
1447 3123 1583 3162 eam
1611 3108 1829 3164 aemula
1857 3108 2006 3178 ejus,
2039 3111 2097 3162 et

441 3191 824 3248 vehementer
890 3193 1171 3262 angebat,
1212 3194 1532 3259 intantum,
1587 3200 1648 3251 ut
1713 3195 2098 3267 exprobraret

443 3280 610 3353 quod
631 3281 1020 3338 conclusisset
1041 3283 1325 3339 Dominus
1353 3284 1595 3340 vulvam
1611 3286 1797 3355 ejus.»
1819 3285 1968 3341 Nulli
1992 3285 2098 3353 igi-

445 3373 540 3424 tur
565 3368 782 3436 legenti
809 3369 1064 3424 dubium
1086 3376 1191 3432 est,
1219 3371 1385 3442 quod
1409 3374 1731 3444 Synagoga
1748 3373 2096 3428 Judaaorum

445 3454 769 3510 Ecclesiam
802 3456 1070 3524 gentium
1100 3463 1412 3528 persecuta
1453 3465 1562 3529 est,
1593 3464 1650 3514 et
1690 3467 1932 3532 propter
1972 3460 2099 3516 ido-

445 3541 689 3597 lolatriae
715 3542 944 3599 cultum
971 3545 1392 3601 contemnebat
1441 3552 1496 3602 et
1537 3547 1959 3618 exprobrabat.
1995 3552 2098 3604 De-

445 3630 628 3702 nique
657 3631 836 3687 etiam
864 3631 999 3703 ipsa
1030 3632 1331 3705 primitiva
1357 3635 1615 3691 Ecclesia
1638 3636 1921 3705 ignorans
1940 3653 2100 3709 mys-

445 3719 659 3776 terium
687 3721 1034 3778 salvationis
1055 3723 1263 3796 ipsius,
1293 3725 1530 3780 Petrum
1562 3725 1921 3796 redarguere
1944 3727 2099 3783 vole-

443 3811 570 3882 bat,
591 3828 780 3885 quare
807 3813 1112 3885 ingressus
1141 3821 1298 3872 esset
1325 3815 1403 3872 ad
1443 3816 1780 3873 Cornelium
1824 3823 1879 3874 et
1929 3834 2097 3874 mau-

443 3902 692 3959 ducaret
717 3919 858 3959 cum
889 3905 1226 3974 gentilibus.
1275 3905 1386 3962 Sed
1420 3909 1620 3962 Petrus
1665 3923 1803 3963 cum
1835 3907 2100 3965 divinam

446 3992 702 4062 gratiam
728 3992 812 4047 eis
840 3994 1153 4062 retulisset,
1184 3994 1668 4066 gloriﬁcaverunt
1718 4001 1904 4053 Deum
1940 3999 2094 4069 (Act.

445 4085 528 4149 n).
559 4081 637 4136 De
665 4097 790 4153 qua
815 4082 996 4139 etiam
1024 4084 1409 4156 despectione
1434 4084 1804 4154 idololatriae,
1841 4087 2102 4143 Ecclesia

447 4187 521 4226 ex
569 4169 844 4239 gentibus
900 4173 1237 4243 Synagogaa
1273 4175 1600 4245 respondit,
1634 4175 1872 4232 dicens:
1923 4200 1951 4227 «
1975 4177 2101 4233 Noli

446 4276 542 4316 me
571 4259 948 4316 considerare
978 4262 1139 4333 quod
1173 4262 1342 4319 fusca
1386 4264 1522 4335 sim,
1549 4266 1694 4337 quia
1736 4267 2102 4325 decoloravit

447 4366 545 4406 me
571 4349 659 4406 sol
682 4350 881 4420 (Cant.
915 4352 956 4422 1)
981 4371 1010 4404 »
1041 4356 1122 4407 Ac
1152 4352 1198 4407 si
1229 4358 1430 4424 aperte
1459 4354 1733 4412 dixisset:
1766 4357 1907 4414 Inde
1932 4358 2103 4415 fusca

447 4455 602 4508 sum,
617 4439 778 4496 unde
804 4440 1122 4512 peccatrix,
1137 4441 1282 4513 quia
1298 4458 1395 4498 me
1418 4443 1508 4499 sol
1535 4443 1994 4514 decoloravit,id
2016 4455 2104 4504 est

445 4535 674 4588 creator
703 4547 873 4587 meus
903 4532 962 4587 in
997 4547 1192 4588 errore
1213 4533 1471 4605 positam
1496 4550 1590 4590 me
1617 4535 1898 4606 deseruit,
1928 4543 1984 4594 et
2005 4555 2101 4594 ra-

446 4622 577 4678 dios
609 4640 734 4679 suae
780 4623 1169 4679 districtionis
1211 4624 1524 4681 subtraxit.
1555 4629 1676 4696 Ego
1734 4627 1794 4682 in
1843 4645 2102 4685 errorem

441 4709 615 4783 lapsa
649 4729 804 4775 sum,
840 4712 1000 4770 unde
1027 4718 1082 4770 et
1114 4713 1425 4785 subjungit
1451 4731 1463 4770 :
1500 4737 1528 4765 »
1559 4714 1687 4771 Filii
1716 4718 1925 4772 matris
1955 4734 2103 4773 mete

444 4808 870 4868 pugnaverunt
895 4808 1104 4858 contra
1149 4819 1244 4860 me
1272 4804 1471 4876 (Ibid).
1494 4827 1522 4854 ››
1569 4803 1695 4860 Filii
1743 4807 1968 4871 matris,
1995 4807 2105 4866 im-

445 4883 659 4937 mundi
688 4885 1096 4957 intelliguntur
1125 4892 1390 4962 spiritus,
1421 4893 1565 4965 quia
1605 4893 1682 4950 ab
1731 4910 1857 4952 una
1908 4898 2104 4967 gratia

443 4970 826 5040 benignitatis
855 4980 912 5028 et
951 4979 1226 5047 potentiae
1274 4980 1392 5045 Dei,
1427 4997 1538 5037 nos
1571 4987 1629 5038 et
1656 4983 1852 5052 angeli
1882 4985 2104 5039 conditi

447 5074 676 5113 sumus.
696 5063 764 5116 Et
777 5076 849 5114 ex
870 5077 940 5116 eo
952 5063 1118 5134 quod
1139 5065 1456 5121 rationales
1473 5072 1880 5141 sumus,quasi
1898 5087 2105 5142 quam-

445 5149 587 5205 dam
609 5149 951 5205 societatem
976 5151 1358 5210 fraternitatis
1381 5154 1678 5213 habemus
1705 5175 1717 5212 :
1747 5159 2104 5229 quiatamen

447 5237 728 5294 cadentes
749 5240 967 5309 angeli,
989 5245 1045 5296 et
1087 5246 1223 5296 ante
1277 5243 1602 5300 adventum
1655 5245 1999 5314 Salvatoris,
2049 5254 2106 5303 et

447 5327 711 5401 quotidie
741 5334 948 5385 contra
976 5329 1297 5386 Ecclesiam
1329 5333 1592 5401 gentium
1617 5333 1840 5389 bellum
1867 5341 2101 5407 gerunt,

447 5417 638 5474 dicat:
669 5440 697 5468 «
724 5417 849 5473 Filii
880 5419 1086 5474 matris
1111 5434 1258 5474 meae
1278 5426 1702 5491 pugnaverunt
1722 5426 1932 5477 contra
1947 5439 2100 5479 me.»

448 5512 530 5563 Ac
561 5507 610 5563 si
637 5505 816 5577 dicat,
838 5506 984 5579 quia
1012 5513 1239 5563 creator
1259 5524 1430 5563 meus
1450 5508 1512 5564 in
1533 5508 1854 5580 gentilitate
1876 5528 1972 5567 me
1999 5512 2102 5569 de-

450 5597 650 5667 seruit,
674 5618 703 5648 κ
720 5595 822 5658 ﬁlii
839 5596 1046 5654 matris
1064 5612 1214 5654 meae
1244 5603 1665 5672 pugnaverunt
1692 5603 1902 5657 contra
1929 5619 2049 5660 me.
2073 5627 2102 5656 »

2206 3035 2319 3093 Sed
2347 3035 2492 3108 quia
2518 3035 2798 3090 eamdem
2823 3036 3075 3104 gratiam
3115 3035 3383 3090 nondum
3410 3034 3609 3090 adhuc
3651 3051 3860 3106 perce-

2203 3129 2372 3196 perat
2396 3123 2669 3189 Ecclesia,
2698 3123 2803 3178 sed
2827 3124 3036 3179 sterilis
3065 3122 3452 3195 permanebat
3479 3127 3539 3178 et
3586 3124 3870 3180 tristaba-

2204 3217 2320 3282 tur,
2343 3217 2497 3267 recte
2523 3212 2926 3266 subinferturz
2990 3214 3216 3266 «Porro
3255 3210 3355 3266 illa
3403 3209 3605 3280 ﬂebat,
3639 3217 3695 3266 et
3741 3228 3870 3268 non

2205 3301 2481 3373 capiebat
2522 3301 2746 3356 cibum.
2778 3300 2932 3355 Dixit
2975 3315 3117 3370 ergo
3163 3300 3216 3355 ei
3265 3299 3484 3355 Elcana
3533 3299 3625 3354 vir
3673 3317 3867 3357 suus:

2205 3394 2398 3456 Anna,
2426 3405 2533 3444 cur
2561 3389 2710 3444 ﬂes?
2735 3392 2795 3443 et
2825 3403 3014 3460 quare
3039 3403 3162 3442 non
3190 3389 3456 3443 comedis
3477 3388 3505 3442 ?
3526 3393 3584 3443 et
3615 3404 3873 3460 quamo-

2204 3477 2377 3532 brem
2401 3476 2683 3545 afﬂigitur
2703 3492 2807 3531 cor
2835 3481 3044 3531 tuum:
3091 3476 3374 3547 Nunquid
3407 3491 3532 3531 non
3574 3491 3686 3547 ego
3745 3494 3872 3532 me-

2205 3565 2317 3620 lior
2347 3581 2482 3619 sum
2507 3563 2609 3619 tibi
2629 3581 2816 3637 quam
2832 3564 3041 3620 decem
3184 3563 3211 3619 ?
3230 3585 3258 3612 »
3288 3564 3382 3620 Ait
3404 3565 3566 3620 enim
3588 3583 3600 3620 :
3637 3565 3866 3620 «Porro

2205 3653 2307 3708 illa
2337 3653 2519 3708 tlebat
2536 3658 2593 3708 et
2623 3669 2744 3708 non
2776 3652 3050 3725 capiebat
3073 3652 3296 3708 cibum.
3323 3674 3351 3702 ››
3398 3657 3515 3708 Hoc
3562 3657 3651 3709 est
3695 3651 3862 3725 quod

2205 3742 2418 3798 beatus
2459 3740 2569 3796 Job
2600 3758 2671 3796 ex
2698 3741 2911 3797 eadem
2959 3741 3224 3798 Ecclesia
3262 3742 3549 3811 gentium,
3578 3757 3713 3814 quae
3767 3741 3871 3796 ad-

2206 3834 2454 3886 ventum
2487 3830 2578 3885 sui
2610 3831 3022 3902 Redemptoris
3053 3831 3437 3887 desiderabat
3472 3830 3758 3903 loquitur,
3785 3829 3877 3885 di-

2208 3935 2349 3974 cens
2377 3936 2390 3974 :
2424 3941 2451 3969 «
2482 3919 2764 3992 Nunquid
2794 3920 2986 3990 rugiet
3015 3935 3242 3990 onager
3269 3935 3410 3974 cum
3439 3919 3715 3976 habuerit
3743 3919 3883 3975 her-

2207 4009 2354 4064 bam
2374 4009 2402 4064 ?
2428 4030 2457 4057 »
2491 4008 2648 4074 (Job.
2683 4014 2784 4073 v1.)
2826 4009 2978 4071 Quid
2993 4024 3100 4081 per
3120 4024 3441 4079 onagrum,
3463 4008 3526 4064 id
3559 4013 3646 4064 est
3669 4022 3888 4077 agres-

2211 4103 2329 4153 tem
2352 4097 2733 4166 asinum,nisi
2755 4096 2988 4167 gentilis
3004 4097 3265 4170 populus
3277 4098 3668 4167 designatur?
3688 4114 3888 4170 quem

2211 4187 2360 4241 sicut
2379 4191 2596 4240 natura
2617 4190 2783 4240 extra
2804 4186 3043 4242 stabula
3071 4185 3399 4258 disciplinae
3429 4187 3637 4251 edidit,
3670 4187 3755 4242 ita
3780 4205 3887 4243 va-

2139 4317 2182 4370 D
2213 4291 2325 4345 gus
2351 4275 2414 4330 in
2435 4273 2814 4346 voluptatum
2843 4291 3089 4330 suarum
3120 4291 3338 4349 campo
3368 4275 3717 4348 permansit.
3748 4277 3889 4334 Vita

2212 4379 2476 4436 namque
2508 4363 2667 4419 beati
2699 4363 2811 4419 Job
2851 4368 3182 4430 attestante,
3207 4365 3628 4434 cognoscimus
3667 4381 3896 4438 expec-

2213 4459 2368 4509 tasse
2387 4453 2794 4524 Redemptoris
2811 4454 2884 4508 ad
2896 4458 3138 4508 ventum
3155 4452 3376 4508 multos
3398 4453 3580 4508 etiam
3597 4469 3666 4508 ex
3692 4469 3819 4523 gen
3828 4456 3894 4511 ti-

2211 4542 2346 4598 bus.
2375 4541 2569 4596 Herba
2589 4555 2731 4610 ergo
2758 4541 2971 4612 onagri
3001 4547 3089 4596 est
3108 4543 3235 4595 hanc
3268 4541 3402 4612 ipsa
3421 4541 3777 4597 mediatoris
3799 4544 3899 4599 in-

2213 4630 2498 4695 carnatio,
2518 4645 2625 4702 per
2645 4646 2832 4702 quam
2846 4633 2979 4703 ipsa
2995 4629 3289 4700 gentilitas
3296 4629 3426 4700 jam
3444 4630 3894 4697 satiatur.Quia

2212 4720 2372 4776 enim
2392 4734 2498 4791 per
2518 4720 2875 4791 prophetam
2893 4719 3106 4774 dicitur
3132 4734 3145 4772 :
3182 4739 3210 4765 «
3235 4718 3442 4774 Omnis
3467 4735 3609 4775 caro
3639 4718 3893 4792 fenum,

2213 4807 2608 4863 universitatis
2638 4807 2910 4863 conditor
2933 4822 3007 4862 ex
3031 4810 3236 4862 nostra
3261 4807 3600 4863 substantia
3628 4822 3898 4865 carnem

2215 4912 2459 4953 sumens
2481 4898 2686 4952 fenum
2703 4895 2828 4951 ﬁeri
2851 4896 3054 4963 voluit,
3077 4911 3151 4950 ne
3180 4902 3382 4952 nostra
3418 4896 3478 4951 in
3515 4902 3901 4968 perpetuum

2213 4986 2420 5041 fenum
2443 5002 2581 5041 caro
2616 4991 2951 5040 remaneret
2988 4987 3128 5053 (Isa.
3153 4987 3265 5056 XL).
3294 5007 3322 5034 »
3365 4987 3526 5040 Tunc
3559 5000 3702 5054 ergo
3749 4986 3902 5044 her-

2213 5073 2356 5128 bam
2387 5074 3046 5142 onager,invenit,cum
3077 5073 3312 5143 gentilis
3339 5074 3601 5146 populus
3624 5077 3904 5144 gratiam

2212 5160 2864 5217 divinaeincarnationis
2886 5163 3136 5234 accepit.
3168 5163 3282 5219 Sed
3298 5163 3559 5236 quiadiu
3579 5169 3718 5220 vota
3743 5167 3908 5224 elec-

2214 5253 2410 5304 torum
2431 5249 2738 5316 gentilium
2750 5249 2932 5305 dilata
2953 5251 3299 5322 sunt,longo
3323 5259 3591 5326 tempore
3603 5253 3905 5330 redemp-

2214 5338 2436 5393 tionem
2469 5352 2644 5392 suam
2665 5339 3071 5410 exspectando
3111 5347 3487 5410 gemuerunt,
3513 5348 3569 5398 et
3603 5358 3730 5398 non
3773 5362 3905 5402 me-

2212 5430 2458 5481 ruerunt
2479 5425 2755 5480 eamdem
2792 5427 3046 5496 gratiam
3077 5430 3404 5503 percipere,
3428 5447 3553 5503 qua
3596 5431 3905 5492 fecunda-

2212 5523 2416 5571 rentur
2431 5519 2488 5570 et
2505 5520 2915 5572 saturarentur
2929 5518 3030 5575 illo
3062 5520 3197 5576 cibo
3214 5521 3288 5576 de
3315 5538 3439 5593 quo
3462 5526 3734 5576 Domnus
3771 5526 3902 5580 ait:

2214 5628 2241 5655 ‹‹
2267 5608 2378 5673 Qui
2402 5605 2730 5664 manducet
2747 5623 2989 5666 carnem
3011 5625 3234 5680 meam,
3257 5615 3316 5668 et
3330 5610 3482 5667 bibit
3520 5613 3906 5680 sanguinem
