4136 6176
286 142 388 194 257

1288 135 1538 189 ENARR.
1579 136 1646 190 ΙΝ
1689 133 1934 189 LIBROS
1970 132 2228 188 REGUM.
2268 162 2338 172 —
2376 133 2445 189 IN
2485 133 2618 188 LIB.
2657 135 2698 188 Ι.

3577 138 3685 192 258

267 275 488 322 meum,
511 258 567 313 in
588 273 683 312 me
709 261 934 325 manet,
961 260 1015 312 et
1035 273 1146 328 ego
1173 257 1232 312 in
1253 273 1324 313 eo
1350 257 1669 327 (Joan.v1).
1698 279 1724 306 ››
1746 256 1924 310 Bene-
1955 259 2000 311 Α
2032 254 2310 327 perfectio
2336 256 2500 328 pacis
2529 255 2770 323 intimae,
2821 257 2900 312 ad
2928 271 3115 329 quam
3162 273 3299 314 cum
3351 258 3686 330 perveneri-

263 348 490 404 dictum
519 351 610 402 est
638 363 651 400 :
704 369 730 394 «
758 350 931 402 Perro
959 353 1129 401 Anna
1177 347 1375 411 ﬂebat,
1405 352 1460 402 et
1503 362 1625 401 non
1652 344 1926 417 capiebat

259 437 486 493 cibum.
515 458 544 485 ››
577 438 643 490 Et
663 435 808 508 quia
835 435 1088 491 Ecclesia
1111 436 1512 506 perseveravit
1538 436 1599 491 in
1620 450 1794 507 prece
1815 449 1924 505 pro

257 525 474 582 eadem
508 522 919 595 Redemptoris
950 523 1161 594 gratia,
1190 523 1434 579 tandem
1466 524 1593 597 ipse
1624 539 1730 596 per
1756 539 1923 593 mys-

260 615 476 671 terium
505 629 628 668 sua:
661 613 1090 668 incarnationis
1131 613 1602 668 consolationem
1630 611 1922 668 adhibuit.

261 704 433 760 Unde
462 707 515 758 et
543 701 790 757 dicitur:
847 726 874 751 «
907 710 1098 772 Anna,
1142 719 1248 758 cur
1293 703 1448 757 ﬂes?
1497 701 1773 774 nunquid
1800 716 1924 756 non

261 809 377 864 ego
406 791 615 848 melior
643 791 748 847 tibi
778 808 964 864 quam
994 791 1204 847 decem
1235 791 1337 846 ﬁlii
1359 794 1386 848 ἱ)
1409 815 1437 841 ››
1467 795 1678 846 Verum
1712 795 1818 858 est,
1841 790 1925 845 in-

253 896 470 954 quam,
498 896 710 935 verum
740 880 906 952 quod
932 879 1194 952 loquitur
1223 895 1423 934 sermo
1462 879 1677 935 divinae
1710 893 1924 933 conso-

250 969 501 1024 lationis
536 986 549 1022 :
592 968 803 1024 melior
848 973 937 1023 est
980 967 1249 1023 Ecclesiae
1293 968 1380 1023 vir
1428 985 1592 1038 suus,
1639 967 1927 1022 Dominus

253 1059 482 1116 scilicet
511 1059 796 1128 Christus,
823 1075 1010 1130 quam
1035 1058 1242 1114 decem
1273 1057 1396 1114 ﬁlii.
1423 1061 1634 1113 Decem
1662 1071 1926 1129 namque

252 1147 352 1204 ﬁlii
405 1148 491 1204 illi
548 1147 978 1218 signiﬁcantur,
1030 1163 1184 1218 quos
1228 1164 1334 1219 per
1377 1147 1570 1216 legem
1604 1149 1927 1218 Synagoga

252 1239 368 1293 Deo
392 1237 578 1293 edere
609 1237 943 1303 videbatur,
980 1235 1087 1291 sed
1119 1235 1418 1291 multoties
1448 1236 1585 1308 plus
1612 1252 1749 1290 eum
1793 1233 1923 1290 dili-

254 1328 352 1396 git,
401 1327 534 1382 imo
580 1325 834 1396 gratiam
885 1324 1250 1396 Evangelicae
1286 1325 1749 1397 priedicationis,
1789 1339 1925 1396 quae

253 1432 360 1488 per
383 1416 593 1487 ipsum
621 1414 762 1470 data
788 1418 893 1478 est,
927 1430 1115 1486 quam
1143 1413 1276 1470 illos
1300 1429 1454 1485 quos
1484 1413 1798 1469 carnaliter
1823 1429 1926 1487 pa-

258 1504 472 1559 riebat.
522 1502 719 1572 Diligit
773 1502 900 1575 ipse
940 1501 1285 1570 Ecclesiam,
1335 1507 1393 1558 et
1439 1502 1720 1572 diligitur.
1774 1502 1924 1558 Scri-

2033 359 2188 409 mus,
2220 343 2367 398 nihil
2394 343 2728 400 remanebit
2756 344 3014 416 amplius
3043 345 3209 416 quod
3234 363 3600 419 quaeramus.
3623 349 3688 402 Et

2031 429 2166 486 ideo
2195 431 2485 487 debemus
2508 432 2568 488 in
2599 432 2811 489 eadem
2838 433 3028 504 gratia
3048 435 3525 506 compunctionis
3555 439 3685 492 tan-

2031 537 2214 594 quam
2246 523 2421 577 Anna
2451 538 2823 594 permanere,
2852 528 2907 579 et
2933 539 3054 580 non
3084 525 3311 580 vultum
3359 525 3421 580 in
3449 524 3688 581 diversa

2031 611 2490 677 mutare,donec
2516 613 2936 684 perveniamus
2966 613 3044 670 ad
3060 615 3288 686 prolem
3314 614 3531 671 divinae
3549 631 3688 672 con-

2032 701 2454 772 templationis.
2487 705 2602 757 Nos
2631 703 2921 759 hactenus
2946 704 3059 759 ista
3087 703 3162 759 de
3194 705 3428 772 Elcana,
3459 709 3515 760 et
3539 704 3685 761 dua-

2030 788 2146 844 bus
2168 790 2454 846 uxoribus
2483 791 2728 862 ejus,ac
2768 793 3038 865 partibus
3089 809 3316 862 earum,
3371 799 3427 850 et
3473 798 3687 850 caetera

2032 895 2167 951 quae
2188 879 2566 947 inseruimus,
2597 887 2772 953 prout
2817 881 3137 951 intelligere
3183 882 3510 955 potuimus,
3563 887 3619 938 et
3647 897 3685 937 a

2034 967 2312 1024 traditore
2335 969 2676 1040 didicimus,
2693 969 3027 1026 describere
3058 971 3254 1027 conati
3275 987 3506 1026 sumus.
3541 973 3683 1037 Quae

2033 1057 2085 1112 si
2113 1057 2208 1114 cui
2225 1056 2650 1130 displicuerint,
2668 1064 2725 1115 et
2743 1059 2955 1114 melius
2974 1060 3237 1116 invenire
3258 1061 3513 1134 potuerit
3535 1077 3548 1115 :
3571 1076 3684 1117 nos

2033 1147 2340 1219 sequenda
2364 1147 2788 1218 judicavimus,
2819 1149 2965 1221 quia
2990 1150 3182 1219 magis
3211 1150 3578 1206 decrevimus
3605 1150 3682 1206 al-

2033 1236 2212 1292 terius
2247 1253 2491 1292 sensum
2523 1238 2714 1309 sequi,
2760 1254 2946 1310 quam
2982 1239 3319 1312 pertinaciae
3367 1239 3681 1295 deservire.

2031 1327 2341 1392 Caeterum,
2374 1326 2467 1380 his
2498 1326 2828 1399 descriptis,
2853 1328 2930 1382 ad
2957 1343 3027 1383 ea
3052 1345 3187 1400 quae
3205 1333 3554 1400 sequuntur,
3578 1329 3686 1383 Do«

2031 1415 2197 1471 mino
2251 1415 2506 1483 favente,
2563 1416 2785 1488 stylum
2843 1422 3067 1472 vertere
3120 1417 3519 1473 conabimur:
3581 1416 3685 1472 sed

2032 1507 2197 1579 prius
2227 1505 2561 1561 notandum
2591 1506 2734 1578 quia
2769 1505 3038 1561 nonnulli
3079 1506 3251 1577 juxta
3279 1506 3534 1563 ethicam
3563 1505 3684 1562 dis-

259 1598 430 1665 ptum
460 1605 724 1663 namque
755 1596 846 1646 est
877 1609 890 1646 :
926 1612 953 1639 »
1003 1589 1258 1646 Dilectus
1301 1605 1473 1645 meus
1516 1590 1682 1658 mihi,
1732 1594 1789 1645 et
1812 1605 1924 1661 ego
1958 1614 1994 1666 Β
2033 1595 2336 1667 ciplinam,
2364 1595 2424 1650 id
2455 1601 2541 1651 est
2569 1594 2861 1651 moralem
2889 1611 3074 1668 quam
3101 1594 3268 1650 aliter
3291 1595 3684 1668 tropologiam

257 1681 333 1736 illi
387 1682 594 1752 (Cant.
627 1684 710 1746 ιι).
747 1703 774 1728 ››
806 1679 970 1736 Adeo
998 1679 1189 1750 diligit
1213 1679 1470 1735 Ecclesia
1508 1679 1828 1751 Christum,
1859 1684 1924 1736 ut

2030 1688 2368 1748 nominant,
2436 1684 2739 1756 Elcanam,
2817 1689 2923 1757 qui
2976 1684 3394 1757 interpretatur
3447 1686 3689 1741 Domini

255 1787 372 1826 non
406 1770 608 1826 solum
664 1770 870 1826 omnia
913 1774 1261 1826 contemnat
1302 1785 1412 1841 pro
1464 1769 1622 1841 ipsc,
1672 1770 1923 1825 adversa
2023 1775 2330 1845 possessio,
2361 1779 2636 1830 sanctum
2664 1773 2992 1847 quemlibet
3014 1778 3069 1830 et
3105 1774 3433 1847 perfectum
3475 1773 3688 1847 praedi-

256 1860 476 1915 scilicet
511 1865 568 1914 et
600 1874 893 1931 prospera
924 1858 1153 1925 mundi,
1183 1857 1577 1914 verumetiam
1623 1858 1774 1914 mori
1797 1873 1920 1913 non

258 1948 536 2005 formidet
588 1963 700 2020 pro
743 1947 1057 2003 dilectione
1101 1947 1255 2018 ejus.
1289 1948 1367 2002 De
1399 1946 1571 2017 cujus
1611 1946 1921 2003 dilectione

261 2042 638 2110 (quanquam
665 2036 832 2092 aliter
869 2035 1250 2107 intelligatur)
1276 2035 1337 2090 in
1383 2035 1636 2091 Canticis
1661 2037 1919 2092 cantico-

262 2143 390 2181 rum
417 2126 654 2191 dicitur,
699 2147 724 2173 «
759 2125 948 2180 Fortis
991 2128 1078 2179 est
1126 2129 1190 2179 ut
1230 2139 1394 2179 mors
1445 2123 1678 2179 dilectio
1718 2125 1918 2194 (Cant.

271 2219 404 2282 viui,
438 2239 466 2264 n
496 2214 602 2270 sed
633 2214 780 2286 quia
813 2212 1075 2268 Ecclesia
1098 2212 1158 2268 in
1182 2213 1396 2268 eadem
1423 2213 1612 2282 gratia
1632 2218 1810 2286 atque
1830 2213 1920 2268 di-

274 2302 509 2359 lectione
553 2319 746 2376 quam
803 2303 1084 2374 percepit,
1138 2303 1552 2375 perseveravit,
1595 2307 1749 2356 recte
1787 2301 1919 2373 qui-

270 2393 515 2449 busdam
545 2391 910 2465 interpositis
940 2392 1013 2446 de
1045 2392 1176 2464 ipsa
1197 2391 1430 2458 dicitur,
1451 2391 1769 2463 vultusque
1793 2392 1921 2461 ejus

263 2497 376 2537 non
407 2486 547 2536 sunt
579 2480 843 2552 amplius
873 2478 934 2534 in
965 2480 1198 2535 diversa
1242 2479 1476 2536 mutati.
1526 2483 1921 2552 Nequaquam

261 2573 414 2626 enim
449 2571 712 2626 Ecclesia
742 2586 779 2625 a
804 2569 1141 2639 cognitione
1190 2569 1346 2635 ﬁdei,
1390 2574 1445 2624 et
1473 2569 1786 2625 dilectione
1831 2571 1921 2626 sui

263 2659 670 2732 Redemptoris
699 2659 1019 2732 immutata
1039 2662 1144 2726 est,
1167 2673 1362 2728 neque
1403 2656 1570 2711 evelli
1596 2658 1656 2711 in
1685 2657 1922 2713 diversa

258 2731 616 2804 declinando
646 2748 858 2820 potuit,
890 2731 967 2802 ab
995 2747 1126 2818 ipsa
1157 2746 1487 2802 devotionis
1519 2746 1708 2816 gratia
1733 2764 1922 2819 quam

257 2839 537 2911 peicepit.
602 2841 896 2894 Cazterum
955 2841 1250 2909 quantum
1304 2835 1382 2890 ad
1430 2835 1690 2890 historiae
1739 2835 1920 2891 ﬁdem

256 2928 524 3000 pertinet,
559 2927 716 2982 bene
747 2927 868 2981 ait:
905 2949 931 2972 ‹‹
958 2924 1286 2996 Vultusque
1318 2923 1446 2994 ejus
1477 2941 1596 2979 non
1630 2929 1768 2980 sunt
1797 2942 1922 2979 am-

257 3016 410 3088 plius
442 3017 505 3072 in
535 3015 778 3071 diversa
808 3013 1042 3070 mutati.
1077 3034 1103 3062 ››
1157 3012 1432 3068 Videlicet
1467 3013 1614 3085 quia
1644 3014 1811 3084 quod
1845 3013 1922 3068 ad

257 3107 443 3162 Deum
465 3105 812 3178 postulavit,
845 3121 918 3160 ex
943 3103 1061 3159 ﬁde
1092 3103 1363 3167 credens,
1410 3102 1664 3174 adipisci
1709 3119 1769 3158 se
1799 3119 1922 3159 non

257 3195 560 3250 dubitavit
591 3212 604 3248 :
639 3195 755 3249 sive
785 3194 927 3266 quia
964 3193 1025 3248 in
1056 3208 1197 3248 vero
1245 3192 1467 3247 affectu
1515 3193 1924 3263 compunctio-

261 3284 362 3340 nis
389 3283 742 3355 permansit,
771 3299 959 3356 usque
989 3282 1137 3337 dum
1169 3281 1388 3353 adepta
1418 3285 1575 3335 esset
1604 3281 1770 3352 quod
1792 3296 1925 3352 pos-

264 3373 505 3429 tulavit.
540 3373 643 3428 Hic
691 3373 838 3428 enim
881 3373 1062 3429 datur
1113 3370 1456 3443 exemplum
1503 3369 1737 3437 orandi,
1783 3370 1926 3442 quia

263 3462 542 3519 videlicet
570 3463 839 3535 quisquis
890 3461 1155 3518 exaudiri
1201 3459 1517 3526 desiderat,
1569 3458 1702 3514 talis
1749 3457 1926 3516 debet

266 3568 666 3625 perseverare,
698 3552 892 3624 qualis
919 3553 981 3607 in
1010 3551 1280 3608 oratione
1305 3549 1552 3605 inveniri
1581 3564 1642 3603 se
1660 3553 1922 3620 exoptat.

281 3643 345 3695 Et
393 3643 441 3695 si
482 3641 658 3697 semel
713 3641 1194 3714 compunctionis
1243 3639 1497 3708 gratiam
1543 3637 1794 3710 percipit
1821 3653 1926 3709 per

291 3729 586 3797 puritatem
611 3730 848 3796 mentis,
881 3729 1056 3784 debet
1088 3729 1146 3783 in
1177 3727 1390 3782 eadem
1433 3725 1727 3780 munditia
1758 3741 1923 3781 men-

298 3816 364 3869 tis
386 3819 696 3889 persistere,
728 3824 786 3875 ct
817 3835 853 3876 a
881 3818 1044 3874 nullo
1059 3817 1295 3873 deviare
1326 3833 1432 3889 per
1460 3814 1797 3881 lasciviam,
1822 3815 1926 3870 do-

284 3921 384 3961 nec
433 3908 705 3964 affectum
766 3908 1106 3976 voluntatis,
1162 3906 1327 3979 quod
1377 3906 1542 3977 petit,
1595 3905 1921 3976 perveniat.

278 3995 391 4051 Imo
419 3997 609 4053 donec
638 3997 871 4070 prolem
903 3997 1118 4053 divinae
1151 3993 1672 4066 contemplationis
1715 4009 1923 4048 conse-

266 4093 497 4156 quatur.
533 4090 602 4142 Et
629 4087 678 4141 si
708 4086 824 4142 hoc
845 4085 1093 4141 voluerit
1131 4101 1252 4141 non
1281 4083 1497 4139 sufﬁcit
1527 4081 1712 4138 semel
1759 4098 1923 4138 com-

261 4175 467 4245 pungi,
539 4175 648 4230 sed
707 4173 916 4230 sedulo
973 4190 1081 4246 per
1135 4171 1613 4246 compunctionis
1670 4171 1923 4241 gratiam

259 4265 600 4334 emundari,
655 4265 827 4335 juxta
873 4264 1036 4337 quod
1094 4279 1201 4335 per
1249 4261 1624 4317 Psalmistam
1663 4261 1918 4316 dicitur:

260 4374 286 4404 ‹
302 4354 657 4409 Constituite
679 4353 839 4408 diem
862 4352 1192 4408 solemnem
1222 4351 1282 4406 in
1313 4349 1921 4421 confrequentatione,

257 4458 447 4516 usque
479 4443 562 4498 ad
592 4459 781 4499 cornu
810 4442 1010 4499 altaris
1037 4443 1222 4514 (Psal.
1258 4444 1454 4511 cxvii).
1480 4463 1507 4489 »
1540 4440 1668 4494 Dies
1712 4439 1926 4494 solem-

255 4534 340 4589 nis
371 4539 467 4590 est
492 4533 772 4601 Domino,
795 4533 1175 4605 compunctio
1204 4530 1400 4586 cordis
1429 4529 1632 4586 nostri.
1654 4529 1768 4584 Sed
1787 4534 1926 4586 tunc

252 4624 308 4680 in
363 4623 970 4696 confrequentatione
1035 4622 1160 4678 dies
1207 4620 1599 4687 constituitur,
1642 4635 1780 4675 cum
1846 4618 1924 4674 ad

254 4712 563 4786 lacrymas
577 4728 689 4785 pro
710 4728 914 4769 amore
929 4710 1159 4767 Domini
1182 4709 1419 4764 assidue
1441 4725 1610 4763 mens
1630 4713 1920 4762 movetur.

253 4804 351 4860 Cui
369 4803 542 4860 velut
562 4802 613 4857 si
638 4802 994 4871 diceremus,
1026 4799 1341 4873 quandiu‘?
1364 4797 1494 4869 subj
1505 4797 1692 4866 ungit,
1720 4796 1925 4852 dicens

253 4913 281 4944 ‹
309 4909 512 4966 usque
532 4891 614 4948 ad
638 4907 826 4947 cornu
847 4890 1117 4947 altaris.»
1149 4891 1346 4944 Cornu
1373 4887 1574 4944 altaris
1601 4890 1689 4942 est
1707 4884 1928 4941 exalta-

253 4981 328 5037 tio
351 4981 620 5038 sacriﬁci
644 4980 959 5048 interioris,
992 4981 1104 5036 hoc
1131 4983 1221 5035 est
1242 4976 1666 5050 contemplatio
1706 4974 1924 5030 divinas

251 5071 526 5127 visionis.
553 5069 699 5126 Inde
721 5075 808 5126 est
827 5068 993 5142 quod
1015 5069 1219 5125 anima
1235 5084 1370 5140 quin
1386 5067 1515 5138 jam
1531 5081 1638 5138 per
1654 5079 1925 5120 amorem

249 5159 591 5234 compungi
619 5158 937 5230 desiderat,
991 5159 1051 5214 in
1079 5158 1336 5216 Canticis
1367 5155 1760 5219 canticorum,
1795 5153 1875 5208 ait
1908 5171 1920 5208 :

249 5270 278 5300 ι
312 5251 642 5307 Osculetur
689 5265 786 5305 me
836 5249 1041 5305 osculo
1084 5248 1203 5304 oris
1243 5248 1332 5302 sui
1363 5248 1538 5304 Cant.
1563 5246 1621 5317 1).
1659 5267 1686 5295 »
1731 5243 1924 5299 Toties

246 5341 412 5396 enim
434 5339 650 5396 anima
679 5340 984 5395 osculatur
1006 5339 1214 5403 Deum,
1238 5337 1472 5410 quoties
1493 5336 1552 5390 in
1573 5337 1702 5405 ejus
1720 5349 1925 5390 amore

245 5429 709 5502 compungitur.
740 5429 834 5484 Ait
863 5428 1044 5497 enim,
1091 5427 1398 5484 Osculetur
1443 5441 1539 5481 me
1571 5423 1776 5480 osculo
1806 5422 1926 5478 oris

245 5519 361 5574 sui.
403 5542 431 5568 ι»
467 5521 555 5573 Ac
586 5518 635 5573 si
663 5523 866 5590 aperte
896 5517 1053 5573 dicat
1078 5535 1090 5571 :
1125 5541 1150 5566 ‹‹
1178 5520 1404 5586 Tangat
1428 5531 1524 5570 me
1551 5513 1742 5584 gratia
1760 5528 1923 5568 com-

245 5608 604 5682 punctionis
633 5623 782 5676 sum,
814 5605 908 5664 vel
935 5610 1110 5671 certe,
1155 5603 1432 5662 osculum
1460 5602 1581 5659 oris
1618 5602 1747 5674 ejus
1775 5605 1867 5657 est
1893 5623 1924 5652 ››

2031 1869 2291 1920 catorem
2334 1863 2582 1934 intelligi
2628 1863 2850 1930 volunt,
2896 1863 3068 1934 cujus
3096 1867 3358 1919 mentem
3398 1863 3685 1919 Dominus

2028 1953 2296 2027 possidet
2348 1955 2451 2007 Per
2480 1951 2635 2008 duas
2663 1968 2797 2008 vero
2830 1967 3064 2019 uxores,
3099 1952 3481 2008 Phenennam
3526 1952 3686 2007 vide-

2029 2042 2163 2097 licet
2187 2047 2243 2096 et
2269 2047 2524 2106 Annam,
2561 2040 2817 2096 activam
2858 2044 2916 2094 et
2945 2039 3469 2111 contemplativam
3501 2039 3684 2094 vitam

2029 2131 2366 2199 designant,
2396 2130 2714 2184 Phenenna
2735 2144 2996 2200 namque
3013 2127 3270 2184 fecunda
3289 2128 3349 2183 in
3370 2127 3523 2196 ﬁliis,
3546 2143 3683 2199 qua:

2030 2219 2244 2274 dicitur
2273 2219 2596 2288 conversio,
2625 2217 2880 2272 activam
2911 2223 3081 2271 Anna
3107 2232 3250 2271 vero
3282 2215 3515 2286 sterilis,
3544 2232 3682 2288 quae

2030 2308 2450 2380 interpretatur
2504 2307 2707 2376 gratia
2755 2308 2902 2374 ejus,
2955 2303 3484 2376 contemplativam
3531 2303 3684 2359 desi-

2032 2403 2174 2467 gnat
2204 2397 2406 2451 vitam.
2431 2395 2633 2450 Activa
2659 2395 2817 2449 enim
2849 2394 2970 2450 vita
3000 2398 3104 2460 est,
3136 2409 3360 2466 panem
3404 2393 3685 2449 esurienti

2030 2486 2306 2553 tribuere,
2341 2484 2519 2539 verbo
2550 2483 2852 2555 sapientia:
2901 2482 3260 2538 nescientem
3311 2481 3547 2549 docere,
3600 2497 3686 2537 er-

2030 2581 2261 2630 rantem
2293 2573 2604 2644 corrigere,
2635 2572 2712 2628 ad
2751 2571 3098 2627 humilitatis
3128 2571 3290 2626 viam
3334 2570 3683 2643 superbien-

2033 2668 2148 2719 tem
2167 2662 2509 2735 proximum
2531 2675 2832 2726 revocare,
2847 2659 3202 2714 inﬁrmantis
3224 2675 3434 2715 curam
3459 2673 3684 2729 gerere,

2031 2769 2167 2825 quae
2221 2750 2470 2820 singulis
2519 2749 2862 2822 quibusque
2914 2748 3254 2820 expediant,
3313 2748 3682 2821 dispensare.

2033 2845 2174 2908 Quae
2198 2857 2320 2896 non
2343 2840 2637 2895 immerito
2667 2839 3035 2908 signiﬁcatur
3062 2853 3168 2910 per
3195 2838 3578 2894 Phenennam
3606 2838 3686 2894 fe-

2033 2930 2319 2998 cundam,
2347 2945 2483 3000 quae
2514 2929 2932 3000 interpretatur
2971 2929 3293 2995 conversio,
3321 2927 3465 2999 quia
3494 2926 3689 2982 activa

2033 3020 2252 3075 multas
2276 3018 2459 3074 habet
2479 3017 2740 3073 actiones
2760 3016 2980 3088 quibus
3004 3016 3322 3071 subvenire
3344 3019 3536 3088 potest
3549 3031 3686 3088 pro-

2032 3110 2226 3166 ximis.
2257 3107 2344 3163 Ad
2369 3123 2522 3179 quas
2549 3121 2788 3160 necesse
2810 3109 2916 3171 est,
2940 3109 3003 3159 ut
3026 3104 3266 3159 sollicite
3287 3109 3683 3160 convertatur.

2035 3202 2132 3254 Est
2159 3197 2318 3253 enim
2366 3194 2623 3250 fecunda
2669 3192 2730 3248 in
2759 3192 2894 3246 ﬁliis
2939 3197 2995 3246 et
3023 3190 3277 3258 ﬁliabus,
3322 3191 3466 3264 quia
3514 3191 3688 3247 fortia

2031 3287 2165 3342 licet
2192 3283 2431 3340 inﬁrma
2460 3281 2797 3352 videantur,
2829 3281 2890 3336 in
2920 3279 3369 3352 comparatione
3417 3285 3685 3336 contem-

2033 3374 2310 3449 plationis
2337 3371 2524 3442 gignit
2551 3385 2737 3442 opera
2765 3370 2984 3442 pariter
3006 3368 3264 3432 inﬁrma,
3301 3385 3437 3442 quze
3467 3368 3688 3438 signiﬁ-

2035 3469 2246 3522 cantur
2271 3479 2377 3536 per
2405 3461 2557 3516 ﬁlios
2589 3464 2646 3515 et
2691 3457 2863 3514 ﬁlias.
2909 3457 3387 3529 Contemplativa
3428 3457 3550 3514 vita
3601 3461 3688 3512 est

2033 3570 2195 3621 vero,
2209 3551 2558 3608 charitatem
2579 3548 2678 3604 Dei
2705 3547 2948 3621 quidem
2972 3555 3027 3602 et
3047 3546 3324 3619 proximi,
3347 3550 3470 3603 tota
3491 3551 3688 3602 mente

2034 3643 2302 3708 retinere,
2337 3639 2441 3695 sed
2467 3638 2544 3694 ab
2570 3637 2840 3694 exteriori
2861 3636 3091 3691 actione
3117 3635 3441 3707 quiescere,
3466 3635 3575 3692 soli
3591 3636 3690 3693 de-

2036 3732 2252 3788 siderio
2284 3728 2604 3786 conditoris
2650 3727 2958 3792 inhaerere,
2995 3730 3055 3780 ut
3085 3725 3230 3780 nihil
3255 3725 3386 3796 jam
3415 3741 3590 3795 agere
3618 3725 3687 3781 li-
3737 3715 3740 3720 ’

2033 3819 2192 3889 beat,
2224 3819 2332 3874 sed
2361 3816 2600 3874 calcatis
2630 3815 2786 3871 curis
2815 3812 3100 3870 omnibus
3134 3813 3211 3868 ad
3241 3813 3563 3868 videndam
3598 3813 3686 3869 fa-

2035 3909 2186 3964 ciem
2213 3907 2306 3962 sui
2333 3905 2654 3962 conditoris
2685 3903 2923 3960 animus
2947 3901 3306 3958 inardescat.
3355 3905 3484 3957 Haec
3527 3902 3687 3958 enim

2035 3996 2402 4068 signiﬁcatur
2422 4009 2529 4067 per
2558 3995 2816 4057 Annam,
2840 4007 2975 4062 quae
3004 3989 3422 4062 interpretatur
3461 3991 3685 4062 gratia,

2035 4087 2138 4143 sed
2167 4085 2442 4142 sterilem.
2477 4085 2633 4138 Bene
2662 4081 2862 4154 itaque
2885 4079 3092 4136 sterilis
3112 4079 3344 4148 dicitur,
3373 4080 3516 4153 quia
3545 4096 3688 4137 con-

2035 4174 2382 4247 templativa
2409 4171 2530 4228 vita
2575 4174 2754 4244 prout
2796 4173 2883 4224 est
2920 4168 3120 4225 nullus
3150 4175 3460 4242 penetrare
3512 4169 3685 4226 valet.

2039 4265 2170 4321 Sive
2208 4263 2354 4336 quia
2393 4261 2592 4317 nullus
2627 4276 2763 4316 eam
2807 4258 3061 4332 perfecte
3108 4259 3433 4330 praedicare
3476 4258 3690 4314 sufﬁcit

2034 4352 2202 4426 quod
2237 4351 2427 4419 sentit,
2475 4356 2540 4406 ut
2569 4366 2702 4406 eam
2729 4348 3118 4422 praedicando
3148 4348 3350 4421 plures
3395 4348 3548 4404 ﬁlios
3601 4347 3688 4417 gi-

2035 4457 2213 4514 gnere
2233 4441 2439 4514 possit.
2474 4439 2637 4495 Unde
2667 4454 2788 4494 non
2812 4437 3110 4493 immerito
3135 4452 3242 4509 per
3261 4438 3519 4504 Annam,
3551 4451 3687 4506 qure

2032 4531 2448 4603 interpretatur
2461 4530 2685 4600 gratia,
2702 4527 2994 4597 ﬁguratur
3013 4543 3026 4580 :
3045 4526 3188 4596 quia
3199 4540 3376 4579 nemo
3399 4523 3476 4578 ad
3491 4523 3688 4595 ipsam

2031 4619 2337 4693 pervenire
2377 4617 2612 4683 sufﬁcit,
2653 4615 2769 4670 nisi
2807 4629 2914 4685 per
2951 4612 3218 4668 divinam
3263 4610 3542 4678 gratiam.
3573 4609 3688 4665 Sed

2032 4708 2185 4763 bene
2201 4707 2356 4761 duas
2381 4721 2596 4759 uxores
2622 4702 2908 4757 habuisse
2934 4697 3303 4764 describitur,
3331 4697 3474 4770 quia
3503 4697 3688 4770 perfe-

2033 4802 2164 4852 ctus
2191 4793 2439 4867 quilibet
2468 4791 2822 4865 praedicator
2845 4803 2968 4844 non
2999 4791 3107 4855 est,
3128 4786 3238 4842 nisi
3261 4791 3577 4861 utramque
3604 4787 3688 4844 vi-

2035 4889 2158 4941 tam
2183 4896 2455 4938 exercere
2471 4879 2718 4935 noverit.
2745 4876 2926 4932 Debet
2941 4891 3014 4932 ex
3034 4874 3410 4948 amplexibus
3428 4877 3690 4933 Phenen-

2033 4991 2146 5035 nze,
2163 4971 2413 5028 transire
2427 4968 2506 5025 ad
2517 4967 2866 5039 complexus
2878 4969 3064 5021 Annae
3080 4981 3092 5020 :
3107 4966 3252 5038 quia
3261 4965 3439 5022 debet
3450 4982 3511 5022 se
3521 4966 3689 5040 prius

2034 5077 2303 5121 exercere
2323 5060 2386 5115 in
2407 5058 2618 5127 activa,
2648 5061 2714 5112 ut
2736 5055 2886 5112 dum
2924 5054 3143 5111 multos
3186 5053 3342 5110 ﬁlios
3371 5071 3691 5125 generave-

2033 5154 2127 5221 rit,
2143 5150 2327 5224 possit
2338 5145 2729 5221 postmodum
2752 5145 2830 5201 ad
2853 5143 3379 5216 contemplativam
3392 5143 3575 5200 vitam
3598 5160 3690 5201 ar-

2036 5242 2184 5298 ctius
2200 5238 2450 5309 accingi,
2474 5242 2530 5294 et
2550 5241 2669 5293 toto
2690 5235 2984 5291 desiderio
3010 5234 3071 5289 in
3088 5235 3216 5306 ejus
3238 5233 3690 5306 contemplatio-

2035 5347 2110 5386 ne
2134 5327 2459 5391 immorari,
2480 5331 2535 5383 et
2554 5325 2813 5398 perfecta
2838 5339 3021 5397 opera
3043 5323 3306 5394 gignere.
3332 5322 3560 5389 Quibus
3583 5339 3690 5378 ux-

2035 5420 2239 5476 oribus
2269 5423 2326 5474 et
2353 5416 2487 5472 ﬁliis
2513 5421 2569 5472 et
2591 5414 2830 5470 ﬁliabus
2859 5419 3058 5486 partes
3091 5413 3327 5469 tribuet:
3361 5413 3504 5486 quia
3530 5428 3691 5468 sum-

2036 5525 2174 5564 mus
2197 5507 2282 5562 vir
2294 5505 2416 5561 sive
2437 5505 2697 5574 inﬁrma,
2717 5519 2823 5558 seu
2839 5501 3126 5559 creaverit
3145 5502 3317 5558 fortia
3327 5518 3510 5574 opera
3531 5516 3688 5556 sem-

2035 5613 2144 5671 per
2164 5596 2357 5652 studet
2372 5600 2430 5652 et
2445 5595 2507 5652 in
2528 5594 2720 5652 activa
2741 5593 2872 5651 etin
2892 5592 3353 5666 contemplativa
3371 5591 3493 5647 vita
3511 5590 3688 5644 desu-
