4130 6182
448 153 556 223 ιω

1550 146 1911 215 μαιεωω
1948 144 2402 215 μυίονωηειε
2439 151 2637 209 MONA
2648 151 2764 209 CH1

3769 146 3883 211 κο

450 273 608 333 dans
638 272 900 348 amplius
940 269 1296 338 laborando,
1326 269 1642 331 virtutibus
1684 268 1930 331 virtutes
1966 267 2183 334 sub-43
2223 287 2410 343 quam
2440 274 2739 347 meipsum
2771 270 3025 328 audietis
3055 270 3247 340 (Deut.
3272 284 3446 335 xvm;
3477 267 3613 325 Act.
3632 268 3807 338 n1,7),
3829 273 3892 324 et

450 370 686 433 nectere
718 368 781 418 ut
800 360 1093 433 perfectus
1123 358 1460 424 inveniatur
1487 358 1854 431 quandoque
1883 358 1947 417 in
1971 372 2110 417 con-

453 452 861 523 templatiOne.
894 450 962 509 Et
987 446 1122 514 idat)
1147 447 1254 517 qui
1292 446 1416 505 vult
1454 446 1608 509 efﬁci
1638 445 1940 519 possessio
1989 445 2107 511 Dei,

451 541 565 609 has
593 539 752 607 duas
782 536 966 607 ducat
994 548 1211 599 uxores
1236 551 1249 589 :
1283 535 1542 600 activam
1574 535 1795 593 scilicet
1824 534 2110 608 primum,

451 644 524 689 ac
548 627 834 699 deinceps
866 628 1125 688 transeat
1149 622 1255 692 ad:
1274 624 1828 698 contemplativam.
1886 625 2023 691 Seu,
2054 622 2117 681 ut

455 717 621 781 aliter
646 716 941 779 dicamus,
976 711 1305 782 conjungat
1344 713 1460 769 sibi
1484 730 1642 779 eam,
1677 729 1812 786 quae
1856 711 2114 768 nobilior

452 812 563 877 est,
614 806 874 871 Annam,
918 800 1033 865 hoc
1080 805 1169 863 est
1210 802 1485 873 gratiam.
1543 805 1676 871 Haec
1715 801 1874 865 enim
1920 800 2117 874 prima

452 891 837 962 conjungitur
864 889 1097 953 homini
1121 905 1228 963 per
1258 889 1474 958 ﬁdem,
1504 890 1608 946 ubi
1633 889 1952 963 Apostolus
1989 888 2071 951 ait
2097 906 2110 944 :

454 1000 485 1041 ι
518 979 715 1044 Gratia
772 979 933 1043 enim
1008 978 1108 1041 Dei
1170 978 1325 1045 salvi
1375 979 1517 1044 tacti
1562 968 1717 1045 estis
1770 994 1878 1051 per
1930 976 2115 1043 ﬁdem

453 1069 693 1143 (Ep/tes.
728 1073 813 1138 ιι).
850 1090 878 1127 ν
906 1066 1183 1133 Secundo
1214 1068 1617 1138 conjungatut‘
1659 1068 2013 1135 Phenennie,
2053 1064 2116 1133 id

380 1214 383 1221 ,
454 1162 543 1221 est
565 1156 960 1225 conversioni,
982 1155 1127 1230 quia
1156 1160 1292 1231 post
1320 1156 1576 1227 gratiam
1610 1155 1991 1225 credulitatis,
2021 1168 2115 1217 se-

454 1247 560 1321 qui
590 1245 769 1303 debet
797 1243 1139 1309 emendatio
1164 1260 1425 1303 morum.
1458 1245 1657 1309 Prima
1683 1243 1840 1307 ﬁlios
1873 1245 2118 1313 generat

456 1336 804 1404 Phenenna,
871 1333 1014 1408 quia
1067 1333 1247 1405 primi
1301 1332 1528 1395 fructus
1579 1333 1962 1407 proferuntur
2012 1346 2119 1405 per

456 1423 936 1488 conversionem,
983 1422 1101 1479 Nisi
1156 1422 1317 1487 enim
1364 1429 1785 1489 convertamur
1842 1438 1879 1488 a
1929 1419 2115 1491 male,

457 1528 581 1579 non
606 1512 936 1587 poterimus
961 1511 1115 1577 edici
1143 1516 1343 1587 patres
1395 1512 1469 1581 de
1506 1517 1699 1578 Anna,
1732 1516 1789 1579 et
1833 1526 2117 1582 generare

460 1601 818 1671 Samuelem,
868 1600 973 1674 qui
1027 1600 1124 1665 hic
1178 1600 1547 1673 interpretari
1589 1604 1804 1674 potest,
1847 1601 1950 1657 ubi
1996 1601 2118 1670 ipse
2146 1626 2186 1687 Β

457 1693 635 1753 Deus.
667 1691 776 1747 Ubi
797 1690 956 1757 enim
987 1689 1231 1765 spiritus
1248 1689 1451 1759 gratiae
1468 1693 1575 1761 est,
1597 1689 1679 1755 ibi
1698 1689 1909 1755 dicitur
1937 1690 2114 1753 Deus.

460 1779 626 1848 Unde
655 1778 874 1845 Paulus
915 1779 997 1845 ait
1024 1795 1037 1834 :
1083 1797 1115 1843 ς
1138 1781 1204 1845 Et
1234 1778 1456 1843 cadens
1483 1778 1547 1833 in
1577 1778 1811 1847 faciem,
1844 1777 2122 1847 adorabit

460 1869 668 1933 Deum,
697 1866 904 1931 dicens
924 1885 937 1922 :
962 1868 1126 1934 Vere,
1150 1868 1304 1921 Deus
1320 1868 1382 1929 in
1406 1865 1580 1929 vobis
1601 1872 1689 1923 est
1714 1866 1769 1937 (Ι
1783 1866 1922 1922 Cor.
1937 1865 2071 1938 inv).
2089 1885 2118 1913 ››

462 1959 528 2015 Et
552 1955 689 2012 ideo
746 1955 860 2019 nisi
911 1954 1254 2027 praecedant
1298 1969 1484 2027 opera
1526 1953 1953 2026 conversionis,
1998 1967 2123 2017 non

459 2061 784 2121 possumus
822 2044 985 2109 dona
1018 2042 1208 2107 divini
1255 2042 1506 2114 Spiritus
1546 2059 1855 2114 generare.
1912 2046 1978 2099 Et
2007 2043 2122 2101 hoc

459 2132 759 2199 orandum
784 2136 873 2201 est
901 2131 1007 2197 sed
1039 2130 1353 2197 sciendum
1382 2132 1630 2204 estquia
1653 2135 1804 2197 Deus
1833 2147 1955 2192 non
1976 2146 2123 2187 voce

459 2226 692 2287 tantum
718 2221 1039 2289 invenitur,
1069 2221 1173 2283 sed
1199 2220 1398 2277 corde.
1434 2221 1599 2278 Unde
1641 2221 1855 2281 beatus
1883 2221 1997 2277 Job
2038 2219 2124 2276 lo-

458 2311 682 2387 quitur,
710 2310 915 2379 dicens
941 2328 952 2377 ;
985 2332 1017 2367 s
1046 2310 1188 2386 (,zuis
1216 2310 1361 2377 mihi
1406 2310 1627 2379 tribuat
1656 2309 2011 2383 auditorem,
2058 2311 2126 2375 ut

458 2400 816 2465 desiderium
829 2415 1035 2465 meum
1053 2398 1444 2473 Omnipotens
1464 2398 1710 2457 audiat?
1725 2422 1753 2448 n
1774 2400 1923 2472 (Job.
1937 2399 2119 2471 xxxi).

460 2493 589 2555 Non
630 2490 734 2553 ait.
772 2505 1000 2562 preces,
1044 2489 1150 2549 sed
1194 2510 1223 2547 ις
1261 2488 1626 2555 desiderium
1655 2504 1878 2555 meum.
1914 2510 1941 2541 »
1981 2491 2124 2544 Vere

460 2576 686 2651 quippe
715 2576 1038 2649 p.0stu1atio
1053 2592 1177 2634 non
1196 2576 1258 2643 in
1287 2593 1433 2634 voce
1460 2578 1580 2643 oris
1612 2583 1721 2645 est,
1747 2577 1852 2633 sed
1881 2577 1943 2632 in
1966 2576 2124 2648 cogi-

461 2664 788 2729 tationibus
812 2663 1027 2731 cordis.
1052 2664 1197 2726 Hinc
1220 2668 1307 2719 est
1327 2664 1493 2736 quod
1511 2664 1590 2720 ad
1605 2667 1847 2737 Moysen
1869 2664 2083 2720 dicitur
2107 2681 2119 2720 :

465 2775 492 2807 α
522 2752 677 2827 Quid
703 2752 930 2817 clamas
950 2752 1032 2817 ad
1053 2768 1149 2815 me
1170 2753 1197 2808 ‘I
1219 2752 1436 2820 (Εφοιι,
1468 2756 1545 2822 iv)
1565 2774 1593 2815 ι)
1624 2768 1761 2817 cum
1783 2753 2018 2825 penitus
2039 2753 2124 2808 ni-

460 2841 545 2907 hil
565 2841 928 2915 loqueretur.
976 2841 1119 2905 Hinc
1164 2846 1251 2897 est
1301 2840 1468 2915 quod
1491 2846 1665 2907 Anna
1705 2841 1978 2915 superius
2022 2857 2123 2897 ore

458 2928 710 3002 quidem
732 2929 934 2997 tacuit,
960 2934 1015 2993 et
1038 2934 1238 2997 tamen
1261 2932 1346 2995 tot
1367 2931 1460 2985 sui
1483 2929 1761 2989 desiderii
1780 2945 1957 2995 voces
1978 2930 2122 2985 emi-

463 3018 554 3083 sit.
591 3018 751 3084 Sicut
795 3017 1084 3090 scriptum
1106 3022 1194 3083 est
1223 3034 1235 3072 :
1290 3039 1317 3069 ιι
1343 3018 1525 3074 Porro
1563 3025 1737 3075 Anna
1760 3018 2122 3091 loquebatur
2153 3017 2171 3041 "

460 3107 522 3173 in
539 3107 717 3173 corde
745 3124 876 3177 suo,
902 3112 1258 3182 tantumque
1277 3106 1441 3167 labia
1465 3107 1621 3167 illius
1642 3109 2063 3165 movebantur.
2093 3130 2121 3158 »

461 3195 611 3261 Hinc
645 3196 929 3263 Dominus
970 3196 1028 3261 in
1052 3196 1371 3269 Evangelia
1402 3196 1544 3261 dicit
1575 3214 1587 3253 :
1620 3219 1650 3255 ις
1683 3200 1839 3255 intra
1866 3197 1927 3261 in
1953 3196 2120 3253 cubi-

462 3285 872 3353 culumtuum
900 3288 977 3353 et,
1008 3284 1214 3347 clauso
1240 3284 1411 3353 ostio,
1445 3300 1549 3360 ora
1577 3288 1808 3351 Patrem
1848 3290 2037 3355 tuum,
2067 3289 2124 3341 et

460 3374 635 3437 Pater
667 3377 822 3439 tuus,
871 3372 976 3446 qui
1022 3373 1183 3428 videt
1233 3374 1293 3429 in
1336 3373 1716 3443 abscondito,
1766 3375 1975 3431 reddet
2020 3374 2123 3431 tibi

460 3462 703 3534 (Matth.
735 3462 827 3531 v1).
851 3480 879 3509 υ
905 3459 1119 3516 Clauso
1139 3461 1365 3535 quippe
1385 3462 1557 3531 ostio,
1584 3463 1727 3535 petit
1743 3463 1805 3517 in
1823 3463 2120 3531 cubiculo,

461 3548 569 3622 qui
593 3547 809 3603 tacenti
838 3562 939 3602 ore
968 3547 1029 3600 in
1061 3554 1383 3620 conspectu
1430 3564 1703 3620 supernas
1734 3550 1969 3622 pietatis
1995 3551 2123 3607 fun-

462 3635 549 3701 dit
576 3633 858 3690 affectum
881 3635 1117 3693 mentis.
1150 3638 1218 3693 Et
1244 3652 1363 3693 vox
1392 3637 1632 3692 auditur
1659 3637 1720 3691 in
1747 3636 2120 3708 abscondito,

463 3741 601 3781 cum
634 3739 739 3798 per
768 3729 975 3781 sancta
1003 3724 1299 3783 desideria
1328 3726 1565 3782 silenter
1590 3726 1928 3783 exauditur.
1958 3728 2124 3784 Unde

461 3814 714 3879 dicitur:
749 3838 778 3875 μς
807 3814 1174 3879 Desiderium
1215 3831 1555 3893 pauperum
1580 3815 1883 3883 exaudivit
1924 3818 2123 3881 Domi-

464 3922 600 3963 nus.
618 3929 645 3955 »
678 3908 742 3962 Et
758 3906 903 3979 quia
928 3908 1101 3962 Anna
1124 3905 1206 3962 ita
1236 3906 1557 3965 Dominum
1583 3905 1928 3980 postulavit,
1944 3923 2122 3965 exau-

461 3995 574 4051 diri
619 4011 730 4069 pro
756 3995 880 4051 lilio
917 3994 1264 4069 promeruit.
1292 4017 1320 4046 «
1350 3996 1492 4070 Quae
1512 3996 1785 4071 concepit
1805 3999 1863 4051 et
1898 3995 2127 4069 peperit

462 4084 677 4153 ﬁlium,
708 4083 1061 4156 vocavitque
1082 4098 1305 4148 nomen
1341 4086 1470 4156 ejus
1509 4084 1768 4151 Samuel,
1795 4100 1866 4140 eo
1896 4083 2062 4157 quod
2089 4100 2126 4140 a

466 4171 719 4235 Domino
739 4172 1097 4249 postulasset
1113 4198 1119 4212 ε
1134 4189 1276 4228 eum
1308 4174 1494 4239 (Psal.
1527 4174 1627 4244 1x).
1647 4195 1674 4223 »
1720 4172 1810 4229 Sic
1834 4172 2121 4231 nimirum

464 4265 673 4318 sancta
702 4260 962 4323 Ecclesia
992 4276 1172 4323 orans
1208 4277 1317 4335 per
1346 4261 1682 4327 naturalem
1732 4261 2118 4333 intellectum,

2221 361 2464 434 reliquis
2492 364 2751 435 denique
2776 363 2905 434 ipse
2932 360 3006 415 de
3038 357 3359 430 semetipso
3380 357 3522 413 dicit
3551 373 3564 412 :
3599 376 3629 411 ‹
3652 360 3784 417 Non
3800 363 3893 415 est

2222 452 2515 523 propheta
2562 453 2687 509 sine
2724 452 2972 516 honore,
3008 448 3119 504 nisi
3163 447 3224 505 in
3255 447 3449 518 patria
3484 462 3596 503 sua
3645 447 3886 517 (Malm.

2221 541 2359 611 χιιι).
2395 561 2424 599 ιν
2455 541 2559 599 Cui
2588 541 2789 613 itaque
2822 537 3114 597 Samuelis
3160 536 3340 595 valde
3393 536 3671 605 congruit
3711 535 3895 599 inter-

2220 629 2471 700 pretatio
2500 629 2782 700 nominis,
2814 627 2957 700 quia
2984 627 3188 698 ipsum
3232 626 3423 683 Deum
3471 629 3528 685 et
3574 624 3893 687 hominem

2221 718 2537 777 conﬁtetur
2565 718 2763 775 omnis
2794 716 3077 772 Ecclesia.
3114 717 3193 770 De
3223 730 3347 786 qua
3377 712 3753 769 subnectitur
3784 736 3796 757 τ

2294 828 2321 865 (ς
2357 808 2422 862 Et
2449 805 2702 863 adduxit
2731 821 2868 863 eum
2904 820 3132 871 secum,
3174 806 3499 875 postquam
3548 803 3896 867 ablactave-

2223 917 2252 953 σε
2280 901 2390 958 rat,
2410 895 2475 951 in
2494 895 2691 953 vitulis
2745 895 2952 961 tribus,
2986 898 3042 949 et
3068 891 3257 948 tribus
3303 892 3523 951 modiis
3568 892 3802 956 ferinis,
3836 898 3897 958 et

2219 1005 2251 1041 α
2282 984 2578 1056 amphora
2600 984 2742 1053 vini,
2795 988 2853 1039 et
2882 980 3134 1038 adduxit
3184 996 3323 1037 eum
3373 980 3435 1039 in
3484 980 3738 1041 domum
3784 982 3899 1041 Do-

2220 1093 2250 1131 ις
2282 1071 2437 1137 mini
2460 1071 2519 1128 in
2553 1072 2692 1129 Silo.
2726 1095 2754 1123 »
2788 1072 2943 1127 Bene
2973 1070 3055 1126 ait
3089 1086 3100 1124 :
3135 1090 3165 1127 ς
3188 1072 3515 1141 Postquam
3544 1069 3894 1131 ablactave-

2220 1164 2331 1228 rat,
2365 1183 2394 1221 ιι
2423 1160 2569 1234 quia
2598 1159 2870 1216 videlicet
2896 1165 3088 1227 Anna,
3138 1158 3201 1214 id
3241 1163 3331 1219 est
3373 1162 3585 1215 sancta
3631 1159 3898 1221 Ecclesia

2220 1264 2296 1307 ex
2324 1249 2687 1307 nationibus.
2722 1251 2800 1304 De
2829 1247 3052 1320 quibus
3093 1247 3384 1305 Dominus
3416 1247 3497 1303 ait
3531 1265 3544 1302 :
3597 1267 3627 1305 ς
3650 1250 3716 1310 Et
3739 1249 3896 1307 alias

2219 1354 2366 1403 oves
2380 1338 2578 1394 habeo
2594 1354 2732 1411 quae
2746 1354 2871 1394 non
2891 1341 3120 1395 suntex
3135 1336 3249 1395 hoc
3273 1334 3497 1398 ovili,et
3511 1336 3642 1401 illas
3656 1342 3899 1409 oportet

2223 1443 2319 1491 me
2348 1425 2669 1489 adducere,
2703 1432 2760 1485 et
2789 1442 2997 1503 vocem
3030 1440 3232 1485 meam
3260 1422 3509 1487 audient
3536 1428 3741 1492 (Joan.
3770 1428 3895 1498 ιη.»

2226 1516 2392 1580 Prius
2424 1515 2575 1577 lacte
2604 1515 2886 1573 enutrivit
2914 1514 3126 1581 ﬁlium,
3161 1529 3345 1586 quem
3390 1514 3570 1573 corde
3619 1515 3897 1588 concepit

2223 1620 2330 1678 per
2357 1604 2563 1674 ﬁdem,
2592 1604 2654 1663 id
2674 1609 2763 1662 est
2792 1603 3046 1676 simplici
3077 1601 3375 1659 intellectu
3402 1601 3464 1659 in
3496 1602 3621 1659 suis
3652 1604 3893 1665 audito-

2224 1694 2407 1758 ribus.
2437 1693 2517 1749 De
2559 1709 2680 1765 quo
2733 1693 2954 1751 Paulus
3006 1690 3312 1764 apostolus
3346 1690 3425 1751 ait
3458 1708 3471 1745 :
3524 1714 3553 1742 «
3579 1694 3691 1748 Lac
3722 1692 3893 1749 vobis

2226 1788 2435 1854 potum
2464 1781 2626 1851 dedi,
2658 1798 2785 1839 non
2814 1797 3017 1841 escam
3048 1781 3104 1852 (Ι
3120 1780 3256 1836 Cor.
3290 1783 3395 1852 ut).
3432 1801 3460 1841 η
3492 1779 3723 1837 Scilicet
3752 1782 3897 1854 quia

2227 1872 2578 1943 mysterium
2601 1869 3029 1927 incarnationis
3058 1873 3117 1929 et
3162 1868 3355 1925 crucis
3400 1874 3459 1929 at
3505 1870 3791 1942 praecepit
3840 1874 3898 1927 et

2228 1959 2588 2032 praedicavit.
2643 1957 2811 2015 Unde
2860 1958 3022 2014 idem
3064 1956 3338 2026 egregius
3388 1956 3748 2028 praedicator
3794 1959 3896 2017 ite-

2227 2064 2363 2107 rum
2392 2048 2533 2105 dicit
2563 2064 2575 2103 :
2602 2070 2631 2098 «
2665 2046 2815 2105 Nihil
2843 2063 2940 2102 me
2967 2045 3234 2117 judicavi
3261 2046 3411 2102 scire
3436 2046 3592 2105 inter
3620 2062 3748 2114 vos,
3780 2048 3895 2115 nisi

2227 2136 2524 2199 Christum
2552 2139 2874 2195 Dominum
2918 2137 3146 2199 Jesum,
3190 2138 3248 2191 et
3298 2134 3459 2190 hunc
3490 2135 3844 2197 cruciﬁxum
3876 2156 3890 2193 :

2227 2224 2444 2291 Iudaeis
2472 2224 2718 2296 quidem
2746 2222 3122 2290 scandalum,
3154 2221 3437 2291 gentibus
3476 2229 3677 2281 autem
3705 2224 3895 2291 stulti-

2229 2313 2372 2377 tiam
2398 2313 2457 2380 (Ι
2481 2314 2617 2369 Cor.
2654 2313 2740 2384 11).
2772 2335 2802 2364 ››
2834 2315 2901 2369 Et
2928 2316 3083 2373 recte
3110 2333 3141 2369 μ
3166 2311 3226 2367 in
3248 2311 3446 2377 vitulis
3474 2312 3678 2377 tribus.
3700 2336 3727 2377 υ
3750 2317 3888 2373 Tres

2226 2401 2390 2466 enim
2418 2401 2606 2471 vituli,
2644 2402 2771 2465 tria,
2805 2404 2871 2458 ut
2905 2399 3079 2457 nobis
3118 2400 3401 2465 traditum
3455 2407 3559 2469 est,
3609 2406 3881 2472 tempore

2229 2489 2584 2560 signiﬁcant.
2617 2495 2765 2547 Ante
2794 2489 2987 2560 legem
3018 2488 3310 2559 videlicet,
3339 2489 3451 2553 sub
3471 2489 3750 2562 eiemplis
3773 2503 3877 2561 pa.

2230 2579 2643 2646 triarcharum,
2677 2582 2735 2634 et
2763 2578 2875 2635 sub
2904 2577 3055 2649 lege,
3087 2578 3202 2635 sub
3232 2579 3406 2643 dictis
3427 2580 3881 2652 prophetarums

2228 2666 2465 2731 scilicet,
2496 2667 2719 2740 quibus
2745 2666 3166 2739 praeﬁguratus
3196 2672 3282 2725 est
3329 2669 3641 2739 Dominus,
3670 2672 3727 2730 et
3750 2683 3887 2729 eum

2229 2754 2615 2828 exspectabat
2644 2755 2909 2815 Ecclesia
2937 2761 2993 2811 et
3019 2755 3155 2813 ideo
3184 2750 3549 2822 tristabatur,
3588 2757 3735 2829 quia
3762 2771 3891 2826 gra-

2230 2844 2371 2909 tiam
2400 2844 2829 2905 incarnationis
2846 2844 3121 2907 nondum
3145 2845 3425 2911 habebat.
3457 2850 3520 2901 In
3551 2848 3721 2903 tertio
3744 2850 3889 2905 tem-

2231 2948 2375 3004 pore
2401 2934 2626 3002 gratim,
2660 2949 2732 2989 eo
2762 2938 3112 3005 apparente,
3148 2934 3276 3004 jam
3302 2938 3358 2990 et
3399 2933 3577 2989 ﬁdem
3626 2934 3897 3005 percepit

2232 3021 2549 3089 (tradendo,
2598 3027 2655 3081 et
2700 3022 3186 3095 praedicationem
3232 3020 3688 3093 quodammodo
3735 3037 3892 3092 priB-

2231 3111 2496 3178 sentarit,
2530 3111 2673 3183 quia
2692 3112 3003 3171 manifeste
3033 3127 3095 3167 se
3125 3109 3385 3177 credidit.
3412 3108 3578 3169 Unde
3602 3114 3660 3165 et
3687 3109 3893 3181 sequi-

2230 3205 2345 3269 tur,
2377 3224 2406 3252 ‹‹
2435 3206 2492 3257 et
2515 3201 2576 3256 in
2608 3201 2794 3257 tribus
2822 3201 3037 3262 modiis
3067 3199 3286 3263 farinae.
3313 3222 3341 3263 ξ»
3367 3201 3473 3264 Per
3498 3202 3616 3255 tres
3648 3198 3896 3263 modios

2230 3291 2458 3361 farina,
2491 3296 2607 3359 tres
2637 3291 2876 3347 virtutes
2901 3291 2963 3347 in
2994 3290 3220 3355 unitate
3256 3288 3397 3355 ﬁdei
3417 3293 3765 3361 compactas
3795 3303 3895 3353 ac-

2231 3380 2426 3452 cipere
2455 3379 2767 3450 debemus,
2794 3379 2980 3437 tidem
3010 3379 3299 3447 videlicet,
3328 3383 3387 3439 et
3410 3393 3602 3450 spem,
3652 3381 3708 3444 et
3754 3376 3896 3445 cha-

2231 3472 2487 3538 ritatem,
2516 3485 2671 3541 quas
2700 3471 2989 3542 perfectas
3025 3467 3239 3525 obtulit
3272 3468 3527 3525 Ecclesia
3556 3485 3569 3536 ;
3622 3483 3728 3523 seu
3774 3471 3891 3533 tres

2231 3558 2415 3616 modii
2444 3556 2669 3625 farinae,
2685 3563 2801 3615 tres
2831 3558 3199 3631 accipiuntur
3227 3556 3335 3621 ﬁlii
3355 3560 3497 3625 Noe,
3518 3571 3674 3628 quos
3694 3555 3892 3628 plures

2232 3646 2481 3711 credens
2540 3647 2799 3709 Ecclesia
2853 3646 3131 3721 perduxit
3178 3645 3259 3703 ad
3310 3645 3516 3712 ﬁdem,
3550 3650 3734 3717 atque
3773 3647 3887 3699 Deo

2231 3735 2443 3793 obtulit
2468 3736 2826 3795 conﬁtendo.
2854 3736 3131 3793 Nonnulli
3160 3736 3340 3797 etiam
3360 3736 3423 3795 in
3451 3733 3648 3792 farina
3665 3732 3893 3791 modio-

2231 3841 2387 3892 rum,
2444 3841 2665 3898 corpus
2713 3824 2944 3882 Domini
2997 3825 3333 3898 accipiunt:
3379 3828 3435 3880 et
3483 3824 3547 3880 in
3597 3822 3898 3894 amphora

2231 3915 2376 3987 vini,
2427 3915 2738 3983 sanguinis
2787 3915 3140 3987 mysterium
3187 3914 3397 3987 ipsius,
3428 3929 3564 3985 quae
3609 3911 3903 3984 mysteria

2232 4005 2496 4077 quotidie
2524 4004 2785 4061 celebrat
2811 4003 3074 4061 Ecclesia
3109 4003 3435 4071 oﬂ'erendo,
3476 4006 3534 4061 et
3563 4000 3746 4065 sumit
3792 4016 3903 4063 ore

2234 4092 2313 4149 ad
2367 4092 2747 4157 mutandum.
2812 4092 2947 4147 Haec
2996 4096 3137 4153 sunt
3177 4090 3338 4153 enim
3378 4090 3544 4151 dona
3598 4104 3736 4161 quae
3783 4104 3903 4161 pro

2232 4196 2420 4253 puero
2444 4180 2617 4236 offert
2646 4179 2909 4237 Ecclesia
2935 4180 3223 4251 gentium,
3256 4182 3321 4235 ut
3346 4176 3620 4245 ostendat
3653 4192 3716 4232 se
3751 4191 3906 4248 pus-

2232 4285 2367 4329 rum
2394 4269 2690 4339 genuisse,
2720 4268 2783 4324 id
2810 4273 2917 4335 est,
2949 4266 3284 4340 percepisse
3312 4281 3377 4335 se
3422 4264 3711 4335 veraciter
3754 4279 3903 4335 per.-

463 4349 720 4421 gratiam
768 4349 904 4415 ﬁdei
958 4353 1016 4405 et
1059 4328 1413 4421 mysterium
1461 4350 1911 4419 incarnationis,
1940 4328 2119 4407 corde
2145 4328 2192 4392 Β
2232 4328 2448 4415 factam
2476 4328 2915 4424 ﬁ'dem'Christi,
2949 4328 3006 4413 et
3032 4328 3169 4424 eam
3198 4328 3267 4421 sie
3312 4328 3907 4428 pperibuis‘denion-

464 4439 757 4514 concepit,
808 4445 865 4495 et
901 4453 1004 4494 ore
1047 4437 1436 4503 confessionis
1478 4438 1718 4508 gignere
1769 4442 2118 4512 promeruit.

464 4534 638 4602 Nam,
659 4530 831 4603 juxta
859 4527 1209 4602 Apostolum
1233 4544 1246 4582 :
1282 4549 1310 4579 ς‹
1335 4526 1522 4583 Corde
1561 4527 1818 4593 creditur
1847 4530 1925 4598 ad
1945 4531 2121 4602 justi-

464 4619 629 4684 tiam,
654 4635 756 4676 ore
782 4623 982 4685 autem
1004 4615 1297 4685 confessio
1322 4615 1390 4673 ﬁt
1408 4616 1487 4683 ad
1509 4616 1763 4675 salutem
1786 4620 1973 4691 (Rom.
2000 4621 2073 4693 χ).
2094 4641 2122 4673 ››

465 4708 613 4765 Hinc
639 4713 727 4766 est
750 4708 916 4782 quod
939 4708 1017 4765 ad
1045 4706 1382 4766 Cornelium
1409 4706 1657 4778 angelus
1680 4708 1786 4764 ait:
1814 4732 1841 4761 α
1869 4709 2121 4779 Corneli,

468 4797 761 4861 exauditae
783 4802 922 4853 sunt
941 4797 1241 4861 orationes
1272 4801 1411 4864 tuae,
1468 4801 1526 4865 et
1572 4795 1968 4872 eleemosynaa
2008 4802 2125 4859 tua:

463 4883 526 4940 in
552 4889 875 4956 conspectu
920 4886 1020 4940 Dei
1043 4887 1189 4957 (Act.
1213 4890 1296 4958 χ),
1318 4904 1350 4940 ι
1390 4889 1500 4943 etc.
1544 4918 1611 4926 —
1634 4908 1662 4937 ‹‹
1696 4887 1885 4955 Quem
1931 4886 2124 4955 ﬁlium

467 4996 495 5026 ‹‹
521 4976 759 5035 vocant
775 4972 1007 5046 iinquit)
1019 4974 1377 5032 Samuelem.
1395 4998 1423 5029 ››
1444 4977 1582 5032 Sam
1591 4975 1704 5047 uel,
1722 4978 1827 5050 qui
1845 4979 2127 5051 interpre-

466 5068 622 5130 tatur
641 5078 854 5123 nomen
875 5065 1003 5132 ejus
1033 5065 1208 5129 Deus,
1250 5067 1437 5119 Annae
1466 5065 1738 5131 videlicet
1755 5066 2122 5139 primogeni-

464 5158 561 5217 tus
585 5158 643 5209 et
661 5150 987 5226 prophetiae
1008 5151 1201 5221 gratia
1224 5151 1564 5225 decoratus,
1579 5154 1714 5227 quis
1741 5153 1891 5210 alius
1916 5155 2122 5211 intelli-

462 5241 700 5315 gendus
726 5245 832 5311 est,
846 5240 960 5296 nisi
980 5239 1325 5309 Dominicus
1349 5240 1557 5315 homo,
1588 5242 1879 5299 Dominus
1904 5242 2124 5302 scilicet

420 5393 422 5395 ,
463 5348 536 5401 ac
556 5331 913 5407 Redemptor
941 5332 1181 5399 noster?
1207 5333 1286 5386 De
1310 5330 1445 5403 ipso
1487 5330 1649 5399 enim
1670 5332 1953 5404 scriptum
1987 5340 2073 5391 est
2104 5351 2118 5390 :

466 5442 496 5479 ss
519 5418 1044 5493 Omnipotensipse
1064 5416 1260 5483 veniet
1277 5422 1333 5482 et
1348 5417 1720 5483 salvabitnos
1736 5419 1877 5490 ([sa.
1894 5423 2118 5493 Μή.»

466 5514 597 5584 Ipse
618 5510 795 5575 etiam
825 5508 1117 5583 propheta
1137 5507 1330 5564 dictus
1356 5512 1466 5579 est,
1492 5506 1665 5579 juxta
1694 5508 1860 5580 quod
1892 5512 2119 5584 Moyses

466 5599 586 5673 ait;
637 5623 667 5654 «
686 5597 1043 5674 Proelium
1082 5597 1389 5671 suscitant
1432 5595 1727 5669 Dominus
1772 5599 1948 5673 Deus,
1986 5605 2118 5675 ίμ-

2234 4445 2595 4513 strarevelle.
2624 4469 2651 4499 «
2678 4445 3007 4505 Etadduxit
3027 4461 3166 4513 eum
3187 4444 3249 4513 in
3276 4443 3395 4511 Silo
3415 4443 3478 4499 in
3500 4442 3757 4513 domum
3786 4444 3907 4511 Do-

2232 4535 2399 4603 mini.
2433 4536 2583 4603 Quia
2607 4552 2747 4592 cum
2777 4535 2991 4597 eadem
3020 4534 3279 4607 perfecta
3325 4531 3444 4601 ﬁde
3488 4530 3756 4604 mystcrii
3804 4532 3912 4601 in-

2231 4623 2592 4689 carnationis
2638 4624 2873 4694 Christi,
2921 4629 2979 4681 et
3027 4622 3221 4689 crucis
3270 4621 3539 4694 trophael,
3581 4620 3785 4692 iunxit
3840 4639 3913 4679 se

2229 4713 2541 4786 primitivae
2581 4714 2854 4770 Ecclesiae
2883 4730 2955 4770 ex
2997 4714 3317 4785 Synagoga
3341 4710 3707 4781 Judaeorum,
3752 4725 3911 4783 quae

2226 4802 2449 4869 domus
2479 4802 2580 4859 Dei
2608 4802 2766 4874 dicta
2794 4804 3005 4871 fuerat,
3033 4804 3113 4863 De
3142 4816 3265 4874 qua
3293 4799 3518 4869 dictum
3552 4803 3643 4867 est
3666 4814 3683 4865 ς
3717 4819 3746 4851 ις
3780 4801 3912 4857 Do-

2231 4908 2401 4961 mum
2428 4895 2594 4949 tuam
2622 4892 2792 4961 decet
2814 4890 3152 4959 sanctitudo
3210 4889 3398 4961 (Psal,
3426 4887 3627 4960 xcxn).
3660 4911 3691 4939 »
3729 4887 3918 4949 Dica-

2232 4998 2366 5049 mus
2391 4986 2448 5038 et
2475 4982 2642 5052 aliter
2662 4981 2996 5051 secundum
3026 4978 3338 5052 opiniones
3356 4976 3718 5051 aliquorum.
3744 4980 3916 5047 Nam

2227 5071 2396 5144 quod
2414 5071 2496 5137 ait
2528 5090 2541 5127 :
2574 5094 2603 5121 «
2632 5071 2893 5127 Adduxit
2937 5085 3078 5126 eum
3125 5084 3329 5135 secum
3376 5071 3704 5140 postquam
3730 5066 3918 5137 abla-

2229 5163 2478 5227 taverat,
2504 5159 2567 5216 in
2595 5159 2793 5217 vitulis
2816 5158 3027 5227 tribus,
3054 5161 3114 5227 et
3141 5157 3334 5220 tribus
3609 5155 3856 5227 farinae,
3883 5180 3917 5221 ί»

2226 5247 2291 5309 in
2305 5247 2571 5320 Hebraeo,
2586 5247 2846 5315 utaiunt,
2860 5262 2985 5302 non
3011 5246 3202 5301 tribus
3217 5245 3448 5315 modiis,
3474 5243 3579 5300 sed
3594 5243 3813 5311 modio
3826 5244 3923 5317 fa.

2228 5335 2373 5397 rinae
2390 5336 2599 5395 haberi
2623 5336 2851 5403 dicunt,
2866 5339 2924 5391 et
2938 5332 3105 5407 apud
3120 5332 3358 5390 Latinos
3374 5332 3737 5406 scriptorum
3753 5335 3918 5405 vitio

2229 5429 2443 5497 putant
2463 5425 2880 5498 depravatum,
2896 5426 2954 5479 et
2977 5438 3100 5479 non
3117 5426 3325 5481 contra
3352 5421 3499 5493 legis
3519 5428 3917 5501 praeceptum

2229 5518 2346 5570 tres
2374 5514 2608 5583 modios
2619 5512 2922 5570 obtulisse:
2942 5513 3087 5587 quia
3114 5513 3198 5571 ibi
3219 5511 3577 5588 praecipitur,
3594 5517 3659 5568 ut
3686 5528 3916 5579 mense

2224 5602 2425 5676 primo
2444 5603 2956 5679 offerrent
2985 5604 3120 5677 oleo
3142 5617 3484 5679 αρηερθτεεθ
3495 5605 3616 5673 Has
3624 5601 3919 5680 desisses
