4130 6182
254 169 355 233 261

1240 165 1492 237 ΕΝΑΒΗ,
1534 166 1605 231 ΙΝ
1642 162 1901 233 1-4ΒῇΟὸ
1937 162 2195 233 REGUM.
2236 194 2304 225 =--
2343 168 2411 231 ιη
2450 168 2580 235 LIB.
2625 173 2664 225 l-

3556 181 3664 237 262

250 307 356 365 per
380 290 651 362 singulos
681 289 926 360 vitulos,
955 287 1103 346 duas
1155 288 1423 345 decimas
1473 305 1579 363 per
1636 287 1900 351 arietem,
1934 288 1983 342 Α
2018 288 2460 359 cognoscimus,
2511 308 2682 365 spem
2738 308 2849 348 nos
2899 292 3119 350 inﬁrmi
3156 296 3216 352 in
3262 300 3339 368 te,
3366 298 3442 355 de
3488 303 3666 358 venia

249 399 431 441 unam
462 381 771 437 decimam
801 396 911 453 per
935 396 1182 450 agnum.
1208 382 1341 435 Haec
1363 395 1503 436 vero
1535 379 1787 447 decima,
1806 375 1907 431 de-

248 472 402 528 cima
430 487 578 544 pars
629 472 757 527 erat
786 468 927 542 ephi
955 487 968 523 :
1002 467 1164 527 unde
1212 467 1390 525 datur
1444 468 1713 537 intelligi,
1743 464 1905 539 quod

246 576 369 618 non
401 558 663 633 potuerit
707 562 825 613 tres
856 556 1095 612 modios
1126 556 1335 617 farinae
1372 573 1510 617 cum
1542 556 1732 615 tribus
1761 556 1909 619 vitu-

245 650 318 709 lis
347 648 587 718 offerre,
612 647 714 703 sed
736 662 959 705 novem
988 645 1276 719 decimas,
1304 645 1527 719 quibus
1572 643 1906 703 secundum

251 740 609 801 Hebraicam
654 752 1005 797 mensuram
1056 752 1213 793 unus
1242 735 1494 795 efﬁcitur
1537 734 1695 809 ephi.
1727 736 1907 792 Caete-

250 845 387 887 rum
440 827 779 903 allegorice,
807 824 973 898 quod
1002 823 1191 885 noluit
1216 824 1385 883 illum
1442 823 1658 880 ducere
1691 821 1769 882 ad
1798 820 1908 877 do-

247 935 413 977 mum
470 916 711 975 Domiui
766 920 1097 987 antequam
1147 912 1565 982 ablactaretur,
1614 910 1912 981 signiﬁcat

247 1014 501 1065 matrem
536 1004 863 1065 Ecclesiam
881 1002 1209 1077 quemlibet
1230 1002 1489 1065 ﬁliorum
1516 1017 1764 1058 suorum
1785 1015 1906 1059 non

248 1102 381 1161 ante
438 1096 521 1151 ad
571 1092 978 1155 sacerdotium
1028 1092 1376 1164 provehere.
1410 1107 1597 1164 quam
1654 1088 1823 1147 illum
1871 1104 1908 1144 a

251 1184 394 1242 lacte
422 1183 690 1245 infantiae
721 1188 778 1239 et
803 1181 1099 1255 parvitate
1130 1197 1342 1237 sensus
1401 1179 1746 1248 educatum,
1777 1177 1911 1239 effe-

257 1274 392 1333 cerit
444 1289 732 1346 capacem
778 1270 1058 1345 spiritalis
1087 1270 1399 1328 doctrinae.
1430 1293 1457 1321 «
1491 1268 1700 1329 Omnis
1729 1267 1908 1341 enim,

262 1368 324 1420 ut
353 1363 431 1419 ait
454 1361 795 1435 Apostolus,
825 1360 929 1435 qui
984 1359 1155 1423 lactis
1207 1364 1297 1419 est
1345 1359 1671 1433 particeps,
1701 1372 1911 1430 expers

272 1457 360 1517 est
380 1453 613 1523 iustitiae
639 1466 985 1513 sermonum
1016 1450 1218 1522 (Hebr.
1254 1450 1329 1524 γ).
1365 1472 1393 1500 ››
1428 1448 1609 1507 Offert
1662 1464 1801 1509 eum
1848 1447 1911 1505 in

282 1541 464 1599 tribus
482 1540 689 1613 vitulis,
713 1548 765 1598 et
813 1540 1021 1599 modio
1072 1539 1300 1607 farinae,
1330 1546 1382 1597 et
1442 1539 1742 1614 amphora
1767 1536 1906 1603 vini,

2014 382 2421 457 peccatorum,
2470 382 2785 437 sumimus.
2842 383 3004 438 Unde
3062 389 3218 440 recte
3277 387 3662 446 subinfertur.

2015 484 2043 511 ‹‹
2080 466 2145 519 Et
2174 467 2498 524 exaltatum
2516 476 2602 527 est
2629 486 2817 526 cornu
2839 487 3039 527 meum
3063 471 3124 528 in
3156 476 3271 528 Deo
3298 491 3491 532 meo.»
3511 479 3664 545 Quid

2013 550 2191 621 igitur
2222 570 2328 631 per
2356 573 2543 613 cornu
2579 560 2849 615 Ecclesiae
2872 560 2985 615 nisi
3013 576 3262 632 regnum
3292 564 3480 637 ipsius
3512 567 3665 623 acci-

2012 656 2153 712 pere
2184 643 2477 705 debemus
2496 648 2523 702 ?
2551 646 2709 705 Sicut
2738 649 2899 704 enim
2923 665 3112 705 COI'DU
3141 667 3383 708 carnem
3413 656 3666 726 excedit,

2014 729 2095 784 ita
2123 746 2376 801 regnum
2408 739 2628 791 sancta:
2653 738 2926 794 Ecclesiae
2956 738 3211 796 adversa
3240 741 3421 813 hujus
3454 745 3667 802 mundi

2015 822 2073 875 et
2100 819 2399 879 desideria
2446 824 2641 880 carnis
2672 828 3061 885 transcendit.
3098 830 3210 886 Sed
3257 831 3372 887 hoc
3415 849 3667 905 regnum

2016 906 2075 963 in
2108 910 2359 966 Domino
2389 912 2717 969 exaltatum
2747 914 2983 981 dicitur,
3018 933 3141 991 quo
3171 919 3249 974 ab
3281 921 3416 993 ipso
3446 922 3669 996 ubique

2018 996 2393 1057 sublimatur.
2421 1002 2591 1067 Quod
2622 1018 2877 1071 regnum
2898 1005 3200 1079 primitiva
3227 1008 3488 1066 Ecclesia
3515 1011 3672 1068 intra

2016 1089 2164 1142 lines
2186 1088 2404 1144 Judaeze
2438 1096 2825 1161 angustatum
2881 1092 3110 1163 habuit,
3145 1096 3249 1151 sed
3300 1097 3431 1168 jam
3462 1099 3671 1157 dilata-

2016 1179 2144 1231 tum
2170 1192 2275 1249 per
2300 1184 2504 1249 gentes
2529 1185 2707 1252 atque
2751 1180 3141 1244 sublimatum
3192 1184 3465 1244 habetur.
3505 1189 3670 1245 Unde

2016 1281 2125 1345 per
2153 1267 2513 1341 prophetam
2552 1270 2604 1325 ei
2634 1270 2849 1327 dicitur
2880 1288 2893 1326 :
2928 1295 2955 1322 ‹‹
2992 1273 3178 1329 Dilata
3205 1273 3405 1332 locum
3438 1279 3670 1335 tentorii

2016 1355 2123 1422 tui,
2154 1354 2368 1429 longos
2398 1356 2491 1412 fac
2519 1357 2811 1415 luniculos
2842 1365 2995 1428 tuos,
3023 1367 3081 1418 et
3109 1362 3310 1419 clavos
3342 1370 3476 1421 tuos
3524 1384 3669 1423 con-

2019 1443 2231 1510 solida,
2263 1450 2320 1500 et
2350 1444 2531 1519 pelles
2581 1447 3102 1506 tabernaculorum
3150 1457 3388 1510 tuorum
3417 1456 3669 1513 extende

2016 1532 2158 1601 (Isa.
2182 1537 2317 1599 ων).
2354 1556 2382 1583 ››
2412 1535 2503 1591 Ad
2531 1535 2839 1593 dexteram
2869 1538 3026 1594 enim
3053 1546 3109 1595 et
3135 1539 3214 1596 ad
3240 1542 3539 1600 sinistram
3569 1559 3669 1617 pe-

283 1629 394 1689 hoc
421 1637 505 1687 est
527 1631 584 1699 in
612 1630 892 1692 sacriﬁcio
948 1630 1061 1709 piae
1092 1627 1506 1699 confessionis,
1538 1628 1599 1683 in
1630 1625 1910 1683 exercitio
1939 1641 1979 1703 Β
2019 1620 2301 1689 netrabis,
2352 1630 2407 1677 et
2463 1624 2661 1680 locum
2721 1631 2892 1682 tuum
2949 1633 3153 1697 gentes
3209 1631 3668 1689 haereditabunt.

276 1717 443 1775 bona;
494 1720 867 1792 operationis,
896 1723 951 1779 et
981 1720 1174 1790 gratia
1221 1735 1405 1775 sacras
1453 1715 1828 1786 eruditionis,
1854 1719 1913 1770 et

266 1807 377 1865 ﬁde
403 1816 618 1867 sanctas
648 1808 944 1867 Trinitatis
969 1808 1219 1881 pleniter
1246 1808 1620 1864 instructum.
1655 1804 1766 1872 Qui
1806 1819 1909 1879 po-

257 1900 358 1951 test
401 1896 599 1955 dicere
650 1914 791 1961 cum
850 1897 1184 1970 propheta:
1221 1916 1251 1952 ‹
1283 1896 1624 1955 Reddemus
1660 1891 1911 1953 Domino

247 1983 461 2041 vitulos
488 1986 799 2047 labiorum
823 1991 1164 2051 nostrorum
1187 1988 1370 2055 (Osee,
1398 1988 1539 2054 xiv),
1558 2007 1585 2032 »
1611 1987 1668 2039 et
1690 1981 1913 2055 jugiter

240 2071 301 2127 in
328 2073 522 2131 domo
557 2075 657 2130 Dei
686 2090 1074 2148 permanens,
1101 2073 1316 2139 offerat
1344 2073 1523 2145 digne
1574 2086 1913 2129 sacramen-

238 2166 363 2218 tum
390 2163 682 2234 corporis
712 2166 769 2219 et
796 2161 1106 2234 sanguinis
1134 2161 1391 2219 Domini.
1427 2160 1704 2232 Sequitur

302 2273 333 2307 α
370 2251 600 2308 Oravit
624 2256 819 2325 Anna,
846 2256 904 2313 et
929 2250 1012 2311 ait
1043 2269 1056 2307 :
1094 2272 1122 2299 ››

934 2393 1159 2447 CAPUT
1200 2390 1261 2447 ll.

300 2540 331 2569 ι(
366 2514 849 2582 Exsultavitcor
872 2533 1077 2577 meum
1107 2516 1169 2576 in
1198 2515 1470 2585 Domino,
1503 2518 1557 2571 et
1591 2514 1912 2575 exaltatum

238 2630 261 2657 κ
296 2612 389 2669 est
419 2621 627 2661 cornu
676 2620 882 2659 meum
914 2605 975 2667 in
1031 2607 1150 2660 Deo
1180 2620 1336 2659 meo.
1366 2627 1393 2653 ››
1426 2604 1567 2658 Hinc
1597 2604 1756 2659 enim
1781 2604 1912 2675 jam

241 2694 743 2758 manifestissime
773 2700 944 2753 Anna
972 2693 1032 2749 in
1061 2693 1294 2749 cantico
1341 2710 1451 2748 suo
1492 2694 1911 2761 mutationem,

244 2786 394 2845 sicut
422 2783 710 2856 superius
732 2781 1139 2854 praediximus,
1165 2782 1380 2838 Veteris
1404 2782 1789 2851 Testamenti,
1819 2782 1915 2837 vel

248 2872 583 2937 sacerdotii,
598 2871 661 2933 in
675 2874 910 2931 Novum
923 2872 1366 2935 Testamentum
1382 2870 1473 2926 vel
1486 2869 1909 2937 sacerdotium,

248 2962 353 3033 qui
381 2969 470 3021 est
500 2960 785 3026 Christus,
818 2958 1178 3032 prophetare
1229 2958 1464 3015 videtur
1497 2976 1510 3014 :
1553 2976 1912 3033 quanquam
1941 2991 1982 3045 Ο

257 3049 522 3108 nonnulli
542 3065 665 3108 non
686 3049 1081 3129 prophetasse
1104 3049 1324 3114 dicant,
1354 3049 1459 3113 sed
1491 3048 1911 3107 tantummodo

259 3142 501 3210 propter
530 3137 720 3208 ﬁlium
750 3139 1157 3219 impetratum,
1192 3141 1380 3194 Deum
1412 3138 1731 3195 exsultanti
1764 3156 1915 3213 prte-

270 3224 562 3285 ὤθειὶόοω
600 3225 895 3285 laudasse.
931 3227 1041 3291 Qui
1090 3242 1233 3296 ergo
1285 3226 1401 3281 sibi
1449 3226 1572 3283 vult
1612 3227 1779 3300 quod
1812 3228 1910 3295 ait,

284 3333 313 3360 ι(
356 3327 525 3365 arcus
569 3312 800 3368 fortium
825 3320 1141 3387 superatus
1160 3300 1279 3379 est,
1313 3320 1371 3371 et
1394 3315 1615 3371 infirmi
1665 3315 1915 3375 accincti

294 3418 323 3453 ςς
366 3404 499 3455 sunt
526 3399 858 3470 fortitudine,
887 3410 945 3461 et
982 3403 1189 3479 repleti
1215 3405 1381 3481 prius
1410 3419 1520 3476 pro
1556 3405 1815 3476 panibus
1850 3420 1912 3460 se

295 3510 327 3536 ε‹
364 3486 705 3561 locaverunt,
726 3498 776 3548 et
798 3492 1052 3553 famelici
1074 3494 1322 3550 saturati
1347 3498 1503 3551 sunt.
1535 3496 1733 3553 Donec
1756 3496 1914 3551 steri-

288 3598 317 3625 ‹‹
352 3576 423 3633 Iis
446 3580 663 3653 peperit
692 3587 941 3654 septem,
960 3588 1174 3655 etquae
1203 3584 1425 3639 multos
1450 3584 1714 3639 habebat
1734 3584 1910 3650 ﬁlios,

271 3689 303 3727 ει
340 3667 633 3731 inﬁrmata
676 3677 779 3728 est.
815 3672 1167 3745 »i\'umquid
1211 3673 1344 3747 ipsa
1396 3674 1624 3747 peperit
1682 3678 1912 3747 septem

267 3759 541 3830 quamvis
560 3760 769 3817 sterilis
788 3760 963 3821 fuerit
987 3762 1229 3823 unicum
1247 3761 1514 3818 habebat
1532 3763 1783 3835 quando
1801 3763 1916 3819 ista

264 3845 517 3917 dicebat,
548 3849 649 3909 sed
680 3866 793 3907 nec
838 3855 1050 3923 postea
1095 3856 1322 3925 septem
1354 3852 1599 3929 peperit,
1634 3852 1759 3907 sive
1790 3870 1910 3917 sex,

255 3936 476 4009 (11111308
507 3940 801 4012 septimus
842 3944 999 3995 esset
1044 3940 1304 4005 Samuel,
1333 3940 1438 3996 sed
1488 3946 1605 3995 tres
1638 3956 1834 3995 mares
1860 3946 1917 3997 et

250 4025 405 4092 duos
425 4026 706 4085 feminas.
725 4027 943 4087 Deinde
963 4028 1025 4087 in
1047 4028 1146 4089 illo
1166 4029 1397 4102 papulo
1429 4045 1568 4084 cum
1589 4028 1790 4083 adhuc
1809 4045 1913 4085 ne-

245 4131 351 4173 mo
378 4121 689 4185 regnaret.
715 4116 883 4192 quod
926 4122 1190 4175 extremo
1237 4117 1457 4190 posuit,
1487 4115 1590 4172 dat
1638 4115 1915 4174 virtutem

244 4205 516 4275 regibus,
550 4209 610 4260 et
640 4204 929 4265 exaltabit
955 4222 1142 4263 cornu
1170 4205 1379 4263 Christi
1409 4205 1520 4260 sui.
1559 4204 1721 4261 Unde
1759 4206 1916 4262 dice-

243 4294 366 4365 bat,
401 4294 453 4351 si
482 4310 615 4351 non
648 4295 1091 4371 prophetabat‘?
1114 4295 1522 4353 Conticescant
1541 4310 1683 4364 ergo
1703 4296 1910 4371 Judaei,

244 4346 717 4451 uagam”,
730 4346 1185 4458 magna;
1195 4346 1521 4449 agas;
1535 4346 1913 4459 causa;
1944 4346 1989 4419 υ

246 4474 364 4530 ﬁlio
395 4473 640 4531 dictum
672 4478 904 4549 putant.
934 4475 1102 4537 Dicat
1123 4478 1299 4537 Anna
1326 4473 1917 4547 prophetando,pro-

251 4564 507 4636 spiciens
559 4564 625 4623 in
666 4580 729 4619 se
777 4563 1203 4628 fecunditatem
1252 4562 1512 4625 Ecclesia
1539 4562 1718 4619 dicat.
1753 4564 1917 4620 Dicat

253 4655 426 4713 etiam
474 4654 749 4711 Ecclesia
797 4654 1026 4725 Christi,
1054 4654 1261 4710 civitas
1307 4653 1461 4725 regis
1493 4654 1700 4733 magni
1726 4655 1917 4725 gratia

260 4743 446 4814 plena,
474 4743 654 4819 prole
679 4742 962 4813 fecunda,
982 4743 1168 4809 dicat:
1195 4765 1212 4792 ι
1246 4742 1569 4799 Exsultavit
1585 4759 1687 4799 cor
1709 4760 1914 4800 meum

267 4830 327 4886 in
346 4834 620 4890 Domino.
648 4855 680 4882 ››
714 4834 827 4890 Cor
855 4833 1014 4893 enim
1047 4838 1269 4891 sanctae
1299 4832 1570 4888 Ecclesiae
1600 4848 1723 4888 non
1747 4833 1807 4888 in
1828 4848 1915 4887 re-

270 4918 381 4976 bus
395 4923 746 4989 transiturus
771 4922 1045 4983 exsultat:
1059 4923 1202 4996 quia
1216 4927 1410 5003 potest
1425 4922 1558 5003 quis
1571 4922 1833 4993 gaudere
1855 4921 1918 4977 in

276 5012 618 5083 carnalibus,
638 5024 775 5075 non
804 5012 1091 5083 gloriatur
1115 5028 1189 5069 ex
1234 5010 1609 5084 iucunditate
1653 5016 1915 5067 terrena-

271 5112 408 5157 rum
420 5116 625 5168 rerum,
647 5103 757 5159 sed
778 5100 1127 5169 inDomino;
1144 5101 1316 5175 juxta
1337 5100 1500 5183 quod
1522 5098 1741 5155 Paulus
1757 5116 1918 5156 com-

263 5195 470 5255 monet
492 5191 695 5255 dicens
721 5208 734 5246 :
756 5212 784 5241 «
806 5190 918 5261 Qui
940 5189 1246 5267 gloriatur,
1274 5188 1336 5245 in
1364 5189 1616 5246 Domino
1633 5188 1917 5259 glorietur

257 5278 323 5344 (Ῑ
346 5277 476 5343 601-
502 5281 563 5354 ι).
598 5303 629 5333 ιι
662 5281 815 5343 Hinc
842 5280 1003 5345 enim
1028 5279 1091 5341 in
1118 5280 1370 5339 Canticis
1419 5279 1811 5349 canticorum,
1844 5295 1919 5335 ex

250 5383 400 5425 voce
426 5369 759 5437 electorum
786 5369 1007 5435 dicitur
1035 5386 1048 5425 :
1083 5389 1114 5427 ς
1142 5368 1587 5433 Exsultabimus
1612 5372 1668 5422 et
1694 5367 1919 5423 laetabi-

244 5474 387 5515 mur
408 5459 467 5517 in
494 5466 552 5517 te
581 5461 792 5531 (Cant.
822 5462 891 5527 ι).
930 5479 959 5507 ››
988 5462 1067 5523 Ac
1096 5458 1146 5514 si
1174 5463 1376 5531 aperte
1407 5457 1676 5513 dicatur:
1710 5458 1838 5511 Non
1857 5455 1917 5513 in

244 5548 425 5611 nobis
455 5551 566 5609 sed
596 5552 660 5607 in
715 5555 771 5607 te
812 5548 1249 5606 exsultabimus
1280 5552 1337 5606 et
1380 5548 1739 5619 laetabimur,
1770 5547 1917 5622 quia

245 5638 397 5709 dum
415 5640 694 5721 fortiores
707 5639 789 5717 ad
801 5637 1270 5721 contemplanda
1282 5637 1564 5707 sublimia
1574 5637 1914 5712 pervenisse

2021 1709 2190 1773 Quod
2236 1726 2342 1783 per
2398 1714 2750 1785 Apostolum
2801 1714 3115 1773 dilatatum
3146 1724 3325 1791 atque
3355 1727 3669 1777 extensum

2021 1801 2126 1853 est.
2159 1797 2271 1857 Sed
2304 1814 2551 1870 regnum
2585 1804 2918 1876 Synagogae
2952 1805 3209 1863 Ecclesia
3239 1809 3503 1876 gentium
3535 1825 3670 1882 per-

2022 1886 2195 1969 cepit,
2221 1904 2356 1959 que:
2386 1888 2459 1944 de
2485 1890 2610 1945 suis
2631 1892 3128 1964 praedicatoribus
3151 1896 3669 1965 gratulabundain

2024 1975 2412 2048 sequentibus
2471 1978 2755 2052 loquitur,
2786 1982 3031 2038 dicens:
3058 2007 3085 2033 «
3118 1985 3435 2042 Dilatatum
3466 1992 3556 2043 est
3602 2003 3672 2043 es

2022 2079 2225 2119 meum
2253 2081 2430 2138 super
2457 2066 2729 2124 inimicos
2754 2070 2903 2142 ejus.
2937 2090 2966 2123 ›
2992 2076 3193 2144 Itaque
3226 2074 3495 2129 Ecclesiae
3524 2090 3675 2146 prm-

2022 2152 2315 2209 dicatores
2346 2156 2534 2211 sancti
2564 2156 2993 2230 intelliguntur,
3021 2177 3280 2232 quorum
3326 2162 3671 2233 praedicatio

2020 2241 2115 2296 vel
2139 2241 2290 2298 ﬁdes
2311 2242 2557 2299 dilatata
2574 2250 2665 2301 est
2690 2262 2869 2318 super
2887 2247 3160 2303 inimicos
3183 2249 3492 2321 ejus,quia
3512 2250 3673 2306 vide-

2019 2330 2152 2387 licet
2179 2333 2431 2388 excessit
2451 2333 2758 2389 scientiam
2785 2335 3118 2391 scribarum
3150 2341 3206 2391 et
3234 2338 3670 2406 haereticorum,

2021 2425 2077 2476 et
2102 2421 2364 2476 maxime
2391 2429 2863 2493 persecutorum,
2892 2424 3064 2495 juxta
3089 2425 3256 2498 quod
3284 2442 3390 2498 per
3411 2427 3672 2500 prophe-

2024 2516 2147 2567 tam
2179 2512 2316 2582 (Isa.
2348 2514 2457 2585 LIV)
2486 2512 2539 2569 ei
2585 2514 3016 2587 repromissum
3057 2517 3284 2574 fuerat:
3310 2541 3338 2568 «
3377 2520 3443 2575 Et
3468 2517 3675 2587 lingua

2020 2602 2418 2658 resistentium
2442 2603 2545 2659 tibi
2567 2605 2625 2659 in
2648 2604 2874 2675 judicio
2924 2608 3257 2679 superabis.
3290 2627 3320 2662 ›
3353 2612 3478 2666 Non
3508 2609 3669 2665 enim

2021 2689 2079 2744 in
2108 2690 2397 2759 angustiis
2444 2710 2900 2766 praessurarum,
2952 2697 3122 2767 juxta
3182 2698 3530 2771 Apostolum
3591 2699 3682 2764 (II

2024 2782 2170 2835 Tim.
2203 2784 2289 2850 II),
2342 2798 2539 2838 sermo
2587 2784 2686 2840 Dei
2742 2791 2829 2841 est
2882 2785 3177 2855 alligatus,
3210 2788 3499 2854 videlicet,
3531 2788 3675 2860 quia

2019 2866 2218 2925 laetata
2246 2875 2333 2925 est
2381 2871 2637 2927 Ecclesia
2684 2872 2743 2928 in
2778 2873 3035 2930 salutare
3070 2875 3188 2930 Dei.
3238 2875 3507 2931 Salutare
3553 2876 3671 2944 Dei,

2022 2956 2236 3013 Filium
2292 2960 2392 3015 Dei
2441 2961 2601 3027 dicit,
2634 2961 2707 3016 de
2764 2979 2887 3034 quo
2935 2963 3194 3029 Simeon,
3228 2965 3564 3036 suscipiens
3613 2965 3675 3019 in

2021 3044 2217 3115 ulnas,
2250 3063 2458 3119 ovans,
2489 3049 2716 3105 aiebat:
2745 3073 2769 3098 ‹‹
2794 3055 2956 3105 Nunc
2978 3051 3248 3121 dimittis,
3275 3053 3678 3119 Domine,ser-

2019 3152 2166 3191 vum
2191 3141 2360 3191 tuum
2381 3137 2439 3191 in
2462 3153 2631 3207 pace,
2655 3139 2990 3192 secundum
3015 3139 3271 3192 verbum
3294 3144 3462 3193 tuum
3488 3156 3500 3192 :
3526 3140 3677 3201 Quia

2020 3224 2300 3279 viderunt
2329 3224 2486 3279 oculi
2531 3225 2649 3278 mei
2681 3225 2936 3279 salutare
2979 3230 3186 3280 tuum:
3222 3225 3391 3289 Quod
3424 3226 3672 3295 parasti,

2022 3318 2161 3369 ante
2191 3313 2405 3369 faciem
2436 3313 2711 3368 omnium
2742 3312 3107 3385 populorum
3138 3314 3305 3384 (Luc.
3337 3313 3418 3382 ιι).
3452 3335 3479 3363 »ι
3510 3317 3577 3370 Et
3600 3314 3675 3371 de

2021 3418 2145 3474 quo
2191 3402 2535 3475 patriarcha
2558 3402 2745 3459 Jacob
2769 3401 3147 3475 loquebatur,
3171 3404 3414 3459 dicens:
3449 3426 3475 3453 «
3511 3404 3677 3463 Salu-

2022 3498 2147 3549 tare
2178 3498 2346 3549 tuum
2378 3492 2742 3567 exspectabo
2776 3493 3021 3551 Domine
3048 3494 3217 3565 (Gen.
3246 3496 3413 3565 xux).
3442 3518 3470 3545 ››
3493 3495 3673 3568 Cujus

2021 3582 2531 3654 magniﬁcentiam
2564 3598 2634 3638 ac
2660 3584 2987 3655 potentiam
3019 3584 3429 3657 considerans,
3461 3586 3543 3642 ait
3570 3602 3583 3641 ε

2096 3694 2122 3722 ‹‹
2155 3676 2283 3730 Non
2313 3677 2401 3729 est
2425 3676 2687 3740 sanctus,
2716 3678 2781 3729 ut
2809 3678 2899 3729 est
2930 3674 3239 3744 Dominus,
3266 3691 3464 3747 neque
3517 3675 3679 3732 enim

2026 3784 2053 3811 ‹‹
2094 3767 2183 3818 est
2214 3761 2366 3817 alius
2399 3766 2565 3817 extra
2595 3766 2669 3832 te,
2701 3768 2757 3817 et
2786 3778 2909 3818 non
2962 3767 3051 3818 est
3096 3763 3261 3819 fortis
3318 3765 3469 3819 sicut
3524 3766 3679 3821 Deus

2026 3874 2054 3901 «
2095 3856 2319 3921 noster,
2356 3872 2383 3901 ››
2416 3855 2473 3906 et
2523 3848 2774 3921 reliqua.
2837 3851 2991 3905 Bene
3046 3851 3273 3906 dictum
3324 3857 3412 3906 est
3442 3868 3455 3905 :
3490 3874 3517 3901 «
3550 3856 3679 3909 Non

2024 3945 2115 3995 est
2162 3944 2424 4011 sanctus,
2456 3945 2519 3993 ut
2568 3926 2659 3993 est
2704 3939 3012 4008 Dominus,
3046 3960 3075 3989 ››
3120 3939 3267 4010 quia
3308 3938 3508 3994 nullus
3548 3940 3679 4010 ejus

2026 4028 2323 4085 sanctitati
2354 4044 2416 4084 se
2462 4042 2813 4100 comparare
2858 4026 3029 4083 valet.
3063 4028 3445 4085 Distinctione
3474 4028 3678 4100 utitur,

2027 4122 2090 4174 ut
2136 4117 2284 4175 dixit
2333 4117 2639 4182 Dominus,
2669 4116 2773 4172 sed
2802 4116 3003 4172 nullus
3053 4123 3141 4174 est
3187 4118 3338 4175 sicut
3366 4119 3676 4183 Dominus,

2030 4214 2275 4263 sanctus
2304 4212 2361 4262 et
2386 4206 2787 4273 sanctiﬁcans,
2813 4206 3009 4277 justus
3060 4212 3117 4263 et
3139 4208 3498 4279 justiﬁcans.
3533 4212 3681 4266 Nam

2026 4298 2140 4352 hoc
2208 4296 2631 4352 considerabat
2690 4295 3013 4354 Psalmista
3089 4298 3337 4369 quando
3392 4297 3677 4354 dicebat:

2028 4408 2056 4435 ς(
2088 4385 2227 4451 Quis
2268 4385 2329 4441 in
2381 4385 2647 4441 nubibus
2694 4385 3032 4469 aequabitur
3080 4389 3349 4454 Domino,
3401 4392 3506 4443 aut
3546 4387 3683 4459 quis

2029 4474 2236 4530 similis
2273 4476 2391 4530 Deo
2421 4474 2571 4530 inter
2594 4474 2748 4530 ﬁlios
2778 4475 2877 4530 Dei
2897 4476 3085 4547 (Psal.
3118 4479 3395 4541 Lxxxvui)
3413 4476 3441 4530 ?
3462 4499 3491 4524 »
3514 4473 3682 4529 Unde

2027 4568 2084 4619 et
2137 4563 2345 4619 merito
2394 4564 2760 4619 subinfertur
2801 4584 2813 4620 :
2848 4586 2876 4613 «
2912 4568 3110 4635 Neque
3167 4563 3327 4617 enim
3383 4567 3474 4616 est
3530 4560 3682 4614 alius

2027 4657 2193 4720 extra
2220 4658 2275 4709 te
2306 4657 2505 4708 etnon
2535 4657 2623 4707 est
2652 4650 2821 4707 fortis
2851 4652 3001 4705 sicut
3033 4653 3183 4704 Deus
3214 4651 3433 4701 noster.
3471 4668 3499 4696 »
3532 4646 3684 4711 Quia

2026 4757 2207 4796 nemo
2236 4742 2303 4797 ﬁt
2323 4746 2586 4808 sanctus,
2615 4740 2731 4793 nisi
2762 4739 2840 4793 ab
2885 4738 3018 4807 ipso
3051 4733 3455 4790 sanctiﬁcatus
3486 4733 3681 4790 fuerit.

2028 4829 2093 4880 Et
2119 4840 2243 4879 non
2290 4823 2485 4878 solum
2535 4827 2800 4889 sanctus,
2834 4820 2941 4874 sed
2992 4834 3101 4874 nec
3150 4817 3474 4875 consistere
3506 4818 3682 4892 valet,

2025 4930 2135 4970 nec
2165 4912 2431 4985 aliquam
2460 4910 2867 4967 fortitudinem
2891 4908 3133 4977 habere,
3156 4909 3273 4966 nisi
3301 4909 3380 4967 ab
3400 4910 3532 4986 ipso
3554 4929 3686 4987 per-

2027 5002 2264 5077 ceperit.
2300 5001 2443 5057 Hinc
2474 4999 2691 5057 Paulus
2742 4999 3050 5073 apostolus
3079 5002 3162 5059 ait
3193 5020 3206 5058 :
3243 5025 3271 5054 «
3301 5002 3597 5065 Quoniam
3622 5006 3686 5062 in

2026 5094 2159 5168 ipso
2208 5092 2488 5164 vivimus,
2529 5107 2863 5164 movemur,
2898 5098 2955 5149 et
3011 5110 3220 5150 sumus
3278 5095 3431 5161 (Act.
3462 5097 3622 5168 xvii).
3655 5117 3683 5147 »

2028 5186 2170 5242 Hinc
2224 5183 2349 5239 suis
2392 5182 2702 5257 discipulis
2748 5184 2882 5258 ipsa
2930 5184 3154 5242 Veritas
3198 5185 3316 5242 ait:
3347 5208 3374 5236 ‹‹
3400 5186 3536 5244 Sine
3586 5203 3685 5244 me

2025 5275 2174 5332 nihil
2217 5274 2460 5349 potestis
2508 5275 2702 5331 facere
2747 5276 2946 5346 (Joan.
2980 5276 3101 5348 xv).
3139 5295 3167 5325 »
3200 5278 3264 5332 Et
3312 5276 3365 5331 si
3411 5279 3554 5333 sunt
3582 5276 3689 5349 qui

2026 5366 2307 5423 dicuntur
2333 5364 2418 5423 dii
2463 5364 2635 5423 multi
2675 5369 2733 5422 et
2760 5364 2991 5422 domini
3029 5364 3222 5433 multi,
3253 5365 3455 5422 nullus
3482 5371 3687 5422 tamen

2026 5474 2237 5514 eorum
2285 5460 2395 5529 est,
2446 5456 2795 5514 naturaliter
2836 5456 2901 5512 id
2945 5456 3111 5530 quod
3162 5458 3318 5512 Deus
3370 5461 3478 5513 est.
3532 5454 3686 5521 Quid

2027 5552 2114 5602 est
2156 5548 2315 5603 enim
2368 5548 2583 5604 umbra
2625 5547 2706 5604 ad
2751 5548 3266 5620 comparationem
3297 5545 3585 5619 corporis,
3631 5547 3689 5599 et

2028 5635 2232 5695 fumus
2262 5636 2343 5693 ad
2371 5638 2889 5717 comparationem
2924 5636 3081 5719 ignis
3102 5636 3131 5691 ‘l'
3161 5638 3281 5693 Hoc
3303 5632 3686 5719 perpendens
