4130 6182
541 123 644 176 263
1650 110 2006 168 ANGELOMI
2045 105 2495 166 LUXOVIENSIS
2533 111 2850 170 MONACHI
3845 126 3936 180 τοι

541 244 870 306 Abraham.
901 239 1147 313 quando
1171 253 1309 294 cum
1329 237 1582 293 Domino
1607 234 1986 308 loquebatur,
2010 231 2181 288 dicit:
2217 246 2265 298 Α
2297 231 2357 286 in
2383 231 2512 303 lege
2543 235 2772 304 gloriati
2796 240 2952 304 sunt,
2969 242 3026 294 et
3045 254 3115 294 ea
3141 237 3604 311 quodammodo
3632 241 3928 301 defendere

541 356 568 384 ‹‹
613 337 844 404 Loquar
873 329 950 384 ad
982 327 1301 384 Dominum
1322 341 1547 392 meum,
1583 341 1721 380 cum
1745 323 1860 380 sim
1907 321 2102 394 pulvis
2132 325 2190 376 et
2295 323 2551 406 superbe
2582 325 2916 393 voluerunt,
2940 327 3226 384 inﬁrmati
3257 334 3414 396 sunt,
3444 334 3500 385 et
3528 330 3752 387 malum
3772 336 3922 406 quod

539 421 916 489 cinis?(Gen.
949 416 1126 486 xvm.)
1152 438 1178 464 ››
1206 419 1266 470 In
1292 413 1742 487 comparatione
1766 417 1941 468 tantae
1963 410 2184 481 majes-
2292 405 2366 461 de
2409 409 2691 480 pharetra
2740 413 2829 467 sui
2877 412 3079 468 livoris
3134 412 3441 469 intendere
3486 405 3816 487 voluerunt,
3870 419 3920 475 in

536 509 689 576 tatis,
723 525 860 563 cum
889 506 1055 562 dives
1089 509 1264 569 esset,
1294 503 1440 560 nihil
1484 503 1645 559 aliud
1676 502 1784 558 nisi
1833 501 2089 557 cinerem
2128 502 2185 554 et
2289 494 2453 568 ipsos
2501 514 2859 557 conversum
2915 507 3023 572 est,
3064 502 3230 572 justa
3272 501 3438 574 quod
3469 503 3610 558 alibi
3654 506 3917 578 scriptum

534 598 842 672 pulverem
875 612 936 650 se
967 609 1097 649 esse
1121 593 1418 663 cognovit.
1454 592 1626 659 Quod
1653 591 1864 647 scribae
1896 594 1951 645 et
1982 589 2179 643 Phari-
2290 591 2412 642 est:
2437 588 2715 646 Conversi
2737 594 2874 647 sunt
2897 590 2956 646 in
2982 607 3189 647 arcum
3216 607 3469 664 pravum
3505 594 3916 662 (Psal.van).»

533 688 654 750 saei,
683 685 993 755 caeterique
1016 681 1412 754 reproborum
1434 681 1704 736 humana
1729 679 2025 751 sapientes
2043 691 2180 731 con-
2288 677 2474 730 Arcus
2503 677 2661 733 enim
2715 695 2752 735 a
2797 695 2919 752 quo
2939 679 3283 748 intenditur,
3317 679 3393 736 ad
3423 680 3625 752 ipsum
3655 684 3918 738 converti-

530 775 789 830 siderare
821 776 1232 828 contemnunt.
1263 771 1425 828 Unde
1457 771 1531 826 dc
1563 770 1647 826 eis
1675 768 2058 839 subjungitur
2092 784 2103 818 :

602 887 626 912 ‹‹
671 861 853 918 Nolite
885 860 1278 933 multiplicare
1307 859 1472 932 loqui
1502 858 1802 922 sublimia,
1836 856 2172 926 gloriantes.

526 977 554 1004 «
596 952 897 1008 Recedant
923 955 1120 1006 vetera
1146 949 1219 1005 de
1249 964 1351 1004 ore
1395 954 1613 1016 vestro,
1645 969 1672 998 »
1703 950 1811 1002 etc.
1859 943 2175 1013 Redarguit

524 1047 732 1099 sancta
764 1039 1021 1097 Ecclesia
1048 1038 1284 1095 Judaaos
1314 1043 1373 1095 et
1395 1038 1690 1111 sapientes
1738 1036 1918 1107 hujus
1951 1032 2174 1104 saeculi,

522 1132 866 1189 extollentes
905 1147 967 1187 se
993 1135 1200 1187 contra
1221 1129 1528 1186 scientiam
1565 1129 1685 1198 Dei,
1715 1143 1791 1183 ne
1813 1125 2068 1199 superbe
2087 1142 2177 1181 sa-

520 1223 709 1294 piant,
738 1238 846 1276 nec
876 1236 1059 1292 prave
1090 1219 1164 1274 de
1197 1221 1316 1275 Deo
1347 1219 1626 1275 sentiant.
1656 1217 1760 1273 sed
1812 1215 2062 1272 humilia
2117 1219 2173 1270 et

521 1311 758 1383 sapiant
780 1316 835 1366 et
858 1310 1199 1382 loquantur.
1227 1309 1524 1380 Scriptum
1553 1324 1816 1380 namque
1845 1311 1962 1362 est:
2001 1328 2028 1353 «
2060 1307 2170 1360 Do-

517 1401 719 1456 minus
750 1400 766 1454 i
795 1429 802 1451 ε
841 1399 1014 1470 coelo,
1035 1402 1092 1454 et
1121 1403 1182 1453 tu
1215 1413 1395 1469 super
1416 1402 1632 1452 terram
1666 1398 1750 1464 (II
1775 1396 1976 1452 Mach.
1999 1398 2165 1461 xv).»

516 1491 655 1546 Ideo
685 1491 863 1563 pauci
895 1489 1011 1544 sint
1057 1503 1363 1543 sermones
1408 1487 1510 1542 tui.
1541 1486 1857 1555 Recedant,
1889 1485 2163 1557 inquam,

2288 766 2383 818 tur
2409 781 2422 819 :
2456 769 2597 838 quia
2642 769 2906 840 pravitas
2938 769 3216 839 malignae
3246 768 3613 840 intentionis,
3639 787 3818 844 quam
3851 773 3915 829 de

2286 853 2562 922 pharetra
2595 858 2686 913 sui
2717 857 2919 914 livoris
2947 873 3218 914 exercere
3257 858 3511 916 Judaica
3557 861 3805 932 perﬁdia
3830 879 3916 919 vo-

2283 939 2407 1008 luit,
2438 944 2498 1000 in
2529 962 2660 1002 eam
2693 963 2983 1004 conversa
3015 953 3120 1014 est,
3153 946 3298 1020 quia
3326 964 3437 1004 sua
3463 949 3695 1006 malitia
3732 951 3915 1008 inﬁde-

2280 1026 2459 1087 litatis
2485 1033 2775 1092 damnata
2805 1036 3043 1103 exstitit,
3067 1040 3124 1091 et
3151 1035 3404 1106 gratiam
3436 1035 3794 1092 fortitudinis
3807 1052 3912 1110 qua

2281 1117 2647 1187 gloriabatur
2684 1139 2862 1196 posse
2893 1124 3020 1180 sine
3073 1124 3372 1194 adjutorio
3401 1123 3619 1181 divino
3669 1125 3908 1180 humana

2281 1209 2633 1268 sufﬁcientia
2681 1213 2874 1284 legem
2943 1214 3210 1286 implere,
3271 1213 3487 1283 amisit,
3543 1219 3613 1271 et
3663 1214 3902 1271 eamdem

2279 1301 2530 1369 gratiam
2580 1303 2939 1359 valetudinis
2988 1303 3318 1371 credentes,
3376 1319 3448 1359 ex
3497 1304 3771 1374 gentibus
3814 1303 3901 1376 qui

2277 1390 2442 1462 prius
2473 1391 2693 1448 inﬁrmi
2740 1393 3100 1449 videbantur
3147 1409 3299 1455 esse,
3337 1393 3604 1450 Domino
3629 1393 3902 1464 largiente,

2275 1487 2690 1554 perceperunt,
2722 1482 2872 1538 sicut
2893 1482 3295 1538 subnectitur:
3331 1505 3359 1532 ‹‹
3394 1485 3459 1537 Et
3483 1483 3714 1540 inﬁrmi
3741 1483 3906 1539 accin-

513 1585 714 1636 vetera
744 1579 890 1650 legis
921 1578 993 1633 de
1028 1593 1128 1632 ore
1158 1576 1448 1648 ipsorum,
1477 1582 1534 1632 et
1558 1581 1770 1632 cmtera
1799 1591 1933 1647 quae
1964 1574 2041 1629 ad
2062 1590 2164 1628 ve-
2193 1595 2232 1649 Β
2274 1570 2348 1624 cti
2380 1575 2517 1626 sunt
2546 1572 2782 1628 robore.
2815 1591 2844 1624 ›
2871 1572 3148 1628 Videlicet
3173 1571 3383 1645 populi
3410 1573 3704 1643 gentium,
3726 1571 3820 1646 qui
3840 1571 3902 1626 de

512 1675 696 1726 terem
758 1669 1067 1724 hominem
1116 1666 1432 1739 pertinent,
1482 1666 1541 1721 id
1593 1670 1682 1722 est
1731 1664 1809 1720 ad
1856 1663 2159 1720 carnalem

512 1758 1047 1816 conversationem.
1084 1755 1198 1812 Sed
1253 1755 1558 1811 scientiam
1589 1771 1725 1829 qua),
1756 1770 1826 1809 ex
1873 1755 1992 1808 Deo
2049 1757 2156 1824 est,

507 1849 806 1922 inquirere
858 1851 1152 1916 satagant,
1197 1861 1320 1900 non
1364 1845 1478 1900 sint
1521 1844 1790 1900 humana
1838 1849 1892 1898 et
1933 1841 2156 1898 carnali

507 1935 752 1992 scientia
780 1935 927 2004 legis
953 1933 1292 2005 gloriantes,
1315 1938 1372 1990 et
1399 1950 1522 1989 non
1543 1938 1714 1989 exeat
1744 1931 2152 2004 vaniloquium

505 2026 580 2081 de
610 2041 710 2081 ore
742 2025 1035 2096 ipsorum,
1053 2028 1111 2079 et
1131 2023 1323 2079 sciant
1351 2024 1494 2096 quia
1517 2039 1698 2079 nemo
1719 2027 1913 2094 potest
1932 2021 2153 2077 habere

503 2114 620 2170 nisi
650 2114 726 2170 ab
757 2114 892 2185 ipso
922 2113 1267 2185 perceperit,
1291 2113 1596 2168 scientiam
1619 2111 1874 2168 veritatis
1908 2129 1920 2165 :
1952 2134 1979 2159 «
2012 2110 2155 2182 quia

502 2226 531 2254 ‹‹
572 2203 698 2276 ipse
747 2206 835 2257 est
874 2201 1257 2258 scientiarum
1299 2201 1610 2269 Dominus,
1641 2207 1697 2257 et
1738 2201 1851 2274 ipsi
1904 2215 2151 2256 necesse

501 2317 528 2343 ‹‹
571 2297 678 2360 est,
712 2297 775 2348 ut
804 2296 1216 2363 praeparentur
1263 2290 1441 2347 bonae
1499 2290 1907 2361 cogitationes.
1942 2313 1968 2339 »
2003 2290 2153 2354 Quia

501 2382 790 2454 scriptum
819 2385 904 2436 est
937 2397 950 2435 :
981 2401 1008 2430 ‹‹
1045 2379 1293 2452 Spiritus
1334 2380 1493 2435 enim
1525 2384 1766 2435 sanctus
1817 2379 2148 2452 disciplinas

497 2470 737 2540 effugiet
760 2469 987 2539 ﬁctum,
1019 2473 1078 2524 et
1105 2469 1332 2524 auferet
1361 2485 1422 2524 se
1452 2485 1488 2526 a
1513 2469 1993 2538 cogitationibus,
2011 2484 2148 2542 qua:

497 2565 635 2616 sunt
661 2559 787 2615 sine
839 2559 1159 2615 intellectu.
1192 2558 1488 2624 Quoniam
1517 2557 1579 2613 in
1611 2558 1970 2615 malevolam
2021 2561 2147 2616 ani-

495 2667 659 2706 mam
721 2665 844 2704 non
892 2648 1158 2704 introibit
1204 2648 1515 2721 sapientia,
1573 2663 1683 2703 nec
1737 2648 2029 2705 habitabit
2083 2651 2144 2706 in

493 2753 740 2810 corpore
791 2736 1032 2792 subdito
1089 2736 1348 2810 peccatis
1406 2738 1573 2806 (Sap.
1632 2741 1692 2802 1).
1731 2758 1756 2785 ι
1790 2740 1851 2792 Et
1902 2739 2144 2810 spiritus

492 2833 789 2884 scrutatur
819 2825 998 2882 etiam
1055 2825 1356 2898 profunda
1404 2825 1504 2880 Dei
1533 2825 1604 2892 (Ι.
1641 2826 1775 2881 Cor.
1811 2826 1889 2896 ιι).
1927 2829 2140 2883 Verum

2272 1659 2394 1714 suis
2423 1661 2737 1716 virtutibus
2763 1661 2909 1717 nihil
2935 1666 3395 1734 praesumentes,
3432 1661 3492 1717 in
3524 1662 3758 1719 Domini
3785 1666 3901 1716 sunt

2261 1749 2490 1818 justitia
2510 1752 2792 1807 roborati.
2829 1756 2908 1807 Ex
2937 1767 3195 1824 quorum
3228 1767 3370 1807 voce
3402 1751 3898 1825 Psalmistaloqui-

2267 1842 2362 1894 tur
2386 1840 2590 1897 dicens
2625 1860 2636 1897 :
2672 1864 2699 1891 «
2733 1842 2996 1899 Miserere
3023 1843 3164 1908 mei,
3197 1841 3461 1909 Domine,
3493 1843 3778 1915 quoniam
3823 1842 3896 1897 in-

2263 1928 2473 1985 ﬁrmus
2500 1947 2630 1985 sum
2661 1933 2850 1998 (Psal.
2886 1932 2982 2002 γι).
3013 1954 3040 1981 ››
3071 1933 3136 1986 Et
3163 1931 3409 1986 iterum:
3433 1954 3461 1981 ‹‹
3485 1932 3746 1989 Miserere
3769 1930 3890 1986 mei:

2263 2019 2436 2085 Deus,
2473 2022 2749 2077 miserere
2780 2021 2916 2089 mei,
2948 2020 3236 2093 quoniam
3277 2020 3337 2075 in
3357 2025 3413 2076 te
3438 2023 3683 2078 conﬁdit
3709 2021 3888 2077 anima

2261 2125 2399 2164 mea
2421 2111 2608 2177 (Psal.
2644 2113 2776 2183 LVI).
2809 2132 2836 2160 ››
2879 2112 3153 2166 Infirmus
3198 2115 3323 2166 erat
3353 2111 3616 2184 populus
3651 2109 3880 2182 gentilis,

2258 2199 2506 2269 quando
2530 2199 2759 2256 alienus
2785 2217 2821 2257 a
2844 2205 3201 2256 testamento
3229 2201 3328 2255 Dei
3352 2200 3713 2258 fuerat.Hinc
3735 2198 3880 2256 Salo-

2259 2303 2399 2343 mon
2420 2288 2495 2345 de
2525 2291 2739 2345 eadem
2762 2289 3028 2360 gentium
3053 2289 3398 2346 inﬁrmitate
3429 2290 3540 2347 ait:
3568 2311 3596 2344 ‹
3611 2294 3876 2362 Lepuscu-

2255 2377 2349 2434 lus
2388 2378 2558 2450 plebs
2585 2379 2871 2450 invalida,
2907 2395 3041 2452 quae
3097 2379 3350 2436 collocat
3398 2379 3458 2436 in
3501 2383 3656 2452 petra
3691 2375 3864 2432 cubile

2256 2485 2435 2523 suum
2466 2468 2666 2539 (Prov.
2698 2470 2862 2540 xxx).
2893 2490 2921 2518 »
2953 2468 3128 2524 Plebs
3155 2473 3246 2524 est
3272 2467 3527 2525 invalida
3552 2465 3701 2523 natio
3729 2478 3858 2533 gen-

2254 2557 2400 2613 tium
2429 2557 2644 2627 ﬁdelis,
2676 2575 2812 2631 quae
2849 2558 2909 2614 in
2942 2559 3064 2614 suis
3088 2558 3315 2614 viribus
3340 2558 3425 2614 nil
3470 2557 3675 2624 ﬁdens,
3693 2552 3794 2609 sed
3809 2551 3868 2607 in

2253 2647 2475 2703 auxilio
2507 2648 2600 2702 sui
2623 2647 3031 2720 Redemptoris
3063 2664 3302 2720 sperare
3333 2648 3560 2706 didicit.
3595 2649 3655 2702 Et
3668 2644 3775 2700 hoc
3795 2645 3879 2698 est

2250 2735 2331 2790 illi
2363 2736 2422 2791 in
2451 2742 2620 2809 petra
2648 2737 2940 2793 collocare
2963 2737 3176 2793 cubile.
3210 2758 3241 2792 ‹
3272 2741 3438 2794 Petra
3469 2744 3690 2801 autem,
3707 2731 3885 2804 inquit

2249 2826 2587 2896 Apostolus,
2621 2831 2746 2883 erat
2777 2827 3040 2883 Christus
3066 2827 3122 2898 (Ι
3145 2827 3280 2883 Cor.
3314 2829 3390 2898 x).
3429 2850 3456 2877 ››
3481 2827 3666 2898 Cujus
3697 2819 3886 2896 praesi-

487 2918 631 2992 quia
667 2915 852 2972 Judaei
905 2915 1226 2984 gloriantes
1285 2915 1344 2970 in
1391 2914 1544 2985 lege,
1599 2913 1808 2970 altiora
1857 2932 1916 2970 se
1975 2933 2137 2988 quae-
2169 2947 2208 3002 ρ
2245 2915 2345 2970 dio
2372 2920 2434 2972 ut
2463 2932 2707 2972 aversos
2746 2916 2886 2972 vitet
2912 2916 3206 2982 incursus,
3235 2915 3484 2972 Domino
3509 2917 3707 2971 dicere
3727 2909 3888 2966 novit

483 3011 699 3073 rentes,
749 3011 805 3062 et
855 3004 1183 3061 nescientes
1239 3001 1382 3076 quia
1411 3005 1565 3058 Deus
1615 3009 1703 3059 est
1731 3004 2133 3069 scientiarum,

482 3103 540 3154 et
594 3096 813 3154 arbiter
867 3095 1390 3164 conscientiarum,
1423 3097 1478 3149 et
1533 3094 1845 3150 carnaliter
1897 3097 2135 3168 sapien-

479 3191 587 3258 tes,
650 3187 732 3243 ita
787 3201 962 3256 agere
1026 3185 1446 3258 despexerunt,
1506 3198 1544 3239 θ.
1607 3183 1768 3240 fastu
1835 3201 1957 3241 suae
2033 3204 2132 3242 su-

477 3275 697 3349 perbiae
753 3277 1119 3343 corruentes,
1169 3272 1464 3329 humiliati
1517 3277 1678 3328 sunt.
1736 3277 1883 3329 Nam
1933 3276 2129 3347 sequi-

477 3368 572 3419 tur
603 3382 615 3419 :

2244 3020 2381 3060 cum
2433 3005 2743 3062 Psalmista
2775 3022 2789 3060 :
2824 3009 2958 3060 Esto
3014 3006 3156 3062 mihi
3208 3005 3267 3060 in
3320 3003 3589 3076 lapidem
3639 2999 3882 3056 fortissi-

2243 3112 2433 3161 mum,
2458 3097 2599 3153 etin
2629 3096 2880 3152 domum
2910 3095 3222 3166 munitam,
3253 3097 3316 3150 ut
3343 3092 3534 3150 salves
3563 3107 3663 3147 me
3693 3089 3880 3162 (Psal.

2241 3188 2391 3259 LXX).
2427 3209 2455 3236 »
2485 3187 2649 3243 Unde
2678 3185 2831 3241 bene
2856 3185 2931 3241 de
2964 3185 3294 3258 abjectione
3339 3183 3683 3240 ludaeorum
3708 3184 3766 3236 et
3789 3193 3881 3235 sa-

2235 3274 2356 3332 lute
2388 3276 2654 3346 gentium
2684 3274 3047 3330 subinfertur
3079 3293 3092 3331 :

2309 3382 2337 3409 ‹‹
2371 3361 2591 3433 Repleti
2621 3360 2787 3432 prius
2813 3376 2921 3432 pro
2946 3359 3206 3432 panibus
3237 3375 3299 3415 se
3328 3359 3695 3415 locaverunt.
3727 3360 3782 3410 et
3798 3353 3875 3409 fa-

547 3471 576 3502 ι
618 3454 802 3504 Arcus
832 3445 1072 3502 fortium
1103 3450 1416 3518 superatus
1445 3451 1556 3517 est,
1588 3451 1642 3502 et
1685 3447 1908 3504 infirmi
1937 3451 2132 3506 accin-
2232 3470 2261 3499 «ί
2303 3449 2498 3505 melici
2542 3450 2785 3506 saturati
2829 3455 2985 3504 sunt.
3018 3471 3048 3498 »
3076 3452 3138 3503 In
3194 3451 3394 3504 Graeco
3436 3448 3520 3504 ita
3581 3445 3867 3503 habetur:

474 3561 501 3590 ‹‹
545 3538 621 3594 cti
646 3540 785 3593 sunt
812 3535 1048 3591 robore.
1077 3556 1104 3584 »
1135 3540 1321 3590 Arcus
1350 3536 1510 3590 enim
1555 3535 1820 3603 nomine,
1861 3536 1919 3592 in
1954 3555 2124 3596 sacro
2231 3560 2258 3587 «
2302 3537 2460 3592 Pleni
2489 3537 2750 3611 panibus
2777 3537 3054 3594 minorati
3082 3543 3240 3605 sunt,
3272 3542 3329 3593 et
3349 3529 3686 3593 esurientes
3717 3540 3861 3589 tran-

471 3626 732 3700 eloquio,
765 3622 1092 3697 aliquando
1149 3624 1274 3680 dies
1327 3623 1554 3694 judicii,
1580 3625 1752 3696 juxta
1792 3628 1956 3698 quod
2018 3645 2124 3700 per
2230 3627 2455 3684 sierunt
2484 3633 2727 3684 terram.
2772 3651 2798 3677 »
2833 3627 3054 3700 Repleti
3080 3627 3268 3701 prius,
3292 3644 3397 3684 seu
3425 3627 3592 3700 pleni
3622 3621 3858 3700 panibus

468 3716 846 3774 Psalmistam
877 3714 1093 3770 dicitur
1125 3730 1137 3768 :
1169 3736 1195 3764 «
1231 3713 1548 3771 Ostendisti
1570 3713 1796 3787 populo
1823 3719 1923 3771 tuo
1946 3716 2118 3787 dura,
2224 3716 2410 3772 Judaei
2443 3717 2868 3787 intelliguntur,
2901 3717 3003 3789 qui
3023 3717 3303 3774 minorati
3333 3723 3470 3774 sunt
3501 3736 3515 3774 :
3545 3717 3694 3791 quia
3719 3710 3863 3768 vide-

467 3807 687 3881 potasti
722 3822 834 3862 nos
863 3804 1004 3860 vino
1035 3802 1536 3876 compunctionis.
1567 3802 1779 3859 Dedisti
1813 3807 2120 3863 metuenti-
2223 3804 2358 3862 licet
2388 3807 2613 3863 credita
2640 3811 2778 3863 sunt
2805 3806 2918 3862 illis
2945 3806 3184 3879 eloquia
3217 3807 3334 3874 Dei,
3364 3823 3500 3880 quae
3546 3823 3658 3880 per
3687 3816 3868 3879 panes

463 3896 579 3953 bus
609 3901 665 3951 te
720 3893 1236 3964 signiﬁcationem,
1270 3897 1335 3948 ut
1379 3892 1614 3962 fugiant
1660 3909 1697 3949 a
1735 3893 1883 3950 facie
1941 3913 2116 3952 arcus
2222 3890 2633 3961 designantur,
2660 3891 2882 3964 quibus
2927 3891 3128 3948 satiari
3151 3892 3506 3948 videbantur
3533 3892 3726 3964 prius.
3764 3886 3872 3946 Sed

465 3985 650 4056 (Psal.
680 3984 812 4055 1.1x).
841 4005 869 4032 »
900 3981 1236 4053 Aliquando
1267 3998 1404 4037 vero
1458 3997 1629 4038 sacra
1671 3982 1909 4056 eloquia
1957 3985 2113 4040 desi-
2220 3982 2364 4053 quia
2396 3981 2731 4055 spiritaliter
2782 3981 3126 4053 intelligere,
3149 3998 3260 4038 nec
3303 3981 3481 4037 etiam
3510 3981 3744 4054 ipsum,
3773 3977 3873 4052 qui

461 4075 739 4145 gnantur,
771 4070 922 4125 sicut
961 4086 1070 4142 per
1118 4070 1399 4125 eumdem
1453 4070 1805 4143 Prophetam
1852 4072 2066 4128 dicitur
2095 4092 2107 4130 :
2219 4069 2293 4124 de
2325 4072 2645 4142 semetipso
2675 4069 2756 4126 ait
2787 4087 2799 4125 :
2845 4092 2873 4119 «
2907 4073 3028 4141 Ego
3061 4087 3198 4126 sum
3227 4070 3403 4144 panis
3437 4070 3635 4133 vivus,
3669 4069 3775 4144 qui
3803 4068 3874 4123 de

467 4183 484 4214 ι
521 4167 742 4217 Arcum
768 4175 945 4214 suum
973 4159 1216 4214 tetendit
1240 4164 1296 4214 et
1319 4159 1552 4232 paravit
1587 4159 1774 4226 illum,
1809 4165 1863 4216 et
1894 4162 1951 4216 in
1973 4163 2108 4234 ipso
2218 4158 2367 4213 coelo
2398 4159 2680 4214 descendi
2705 4161 2896 4230 (Joan.
2927 4161 3032 4231 v1),
3069 4182 3096 4209 »
3123 4159 3385 4231 recipere
3413 4158 3748 4216 noluerunt
3773 4155 3875 4230 qui

455 4249 691 4325 paravit
734 4264 882 4304 vasa
927 4247 1136 4303 mortis
1182 4249 1368 4315 (Psal.
1403 4252 1526 4316 vn),
1557 4271 1584 4297 »
1617 4251 1726 4304 etc.
1767 4249 2105 4322 Aliquando
2133 4301 2176 4325 η
2217 4247 2406 4303 multa
2436 4247 2727 4304 beneﬁcia
2765 4247 3073 4318 signorum
3100 4253 3277 4321 atque
3324 4249 3769 4306 miraculorum
3794 4246 3877 4302 eis

456 4344 656 4398 autem
686 4336 986 4394 malorum
1015 4335 1266 4400 insidiae,
1300 4340 1358 4391 et
1384 4335 1740 4393 intentiones
1768 4338 2105 4407 ﬁgurantur
2131 4335 2176 4356 ”
2215 4337 2480 4404 contulit,
2515 4343 2571 4393 et
2613 4337 2882 4408 ingratus
2939 4337 3236 4410 apparuit.
3291 4337 3560 4409 ideoque
3615 4339 3769 4394 dum
3817 4335 3877 4391 hi

452 4443 890 4504 perversorum,
923 4424 1075 4481 sicut
1097 4423 1158 4480 in
1187 4423 1426 4480 Psalmo
1446 4424 1738 4495 legimus:
1773 4448 1803 4482 ‹
1839 4430 2104 4486 Intende-
2211 4427 2606 4500 superbirent,
2669 4433 2725 4484 et
2776 4433 3006 4484 terrena
3053 4432 3349 4500 saperent,
3399 4426 3474 4482 de
3529 4428 3877 4500 majoribus

449 4524 588 4576 runt
617 4533 825 4575 arcum
874 4531 1074 4581 suum,
1102 4530 1229 4570 rem
1281 4529 1554 4570 amaram
1599 4516 2100 4585 (Psal.xxxv1).»
2209 4517 2471 4573 minores
2528 4516 2740 4584 effecti,
2787 4533 2896 4590 pro
2951 4517 3178 4572 eisdem
3235 4516 3495 4589 panibus
3549 4518 3797 4583 elocati,
3842 4532 3880 4572 a

449 4608 614 4664 Unde
640 4613 697 4664 et
720 4607 779 4663 in
810 4606 924 4663 hoc
954 4605 1086 4662 loco
1135 4603 1350 4660 dicitur
1381 4621 1394 4659 :
1429 4627 1456 4654 ‹‹
1487 4606 1674 4661 Arcus
1719 4606 1959 4664 fortium
2003 4625 2102 4664 su-
2203 4606 2461 4681 propriis
2492 4606 2737 4662 sedibus
2765 4612 2903 4663 sunt
2931 4607 3142 4664 evulsi.
3173 4606 3324 4672 Quia
3352 4607 3499 4662 dum
3548 4609 3883 4666 carnaliter

445 4701 686 4768 peratus
711 4701 817 4751 est.
854 4717 882 4745 »
912 4695 1175 4768 Denique
1202 4694 1344 4768 quia
1389 4693 1579 4750 Judaei
1617 4695 1896 4753 duritiam
1925 4696 2092 4768 legis,
2199 4697 2396 4769 legem
2425 4697 2739 4754 voluerunt
2766 4697 3103 4766 defendere,
3131 4701 3189 4752 et
3235 4713 3297 4752 se
3327 4696 3773 4756 subtraxerunt
3803 4714 3880 4754 ne

443 4783 606 4838 velut
626 4798 852 4838 cornua
871 4799 1046 4838 arcus
1078 4783 1262 4841 corda
1284 4783 1433 4840 Novi
1458 4784 1840 4852 Testamenti,
1858 4785 2094 4844 ﬂectere
2201 4787 2510 4845 crederent
2537 4787 2599 4843 in
2633 4787 3022 4859 Salvatorem,
3056 4791 3113 4843 et
3167 4786 3228 4842 in
3275 4785 3422 4858 ipsis
3477 4788 3787 4860 panibus,
3820 4787 3883 4845 id

444 4869 782 4937 noluerunt,
805 4870 910 4925 sed
931 4872 1245 4927 carnaliter
1272 4889 1502 4945 sapere,
1531 4880 1588 4930 et
1607 4876 2090 4947 praedicationem
2196 4885 2284 4935 est
2323 4878 2541 4935 divinis
2574 4877 2848 4951 eloquiis,
2882 4882 3118 4934 terrena
3145 4880 3380 4933 tantum
3419 4893 3648 4949 sapere
3677 4879 3885 4935 volue-

441 4959 758 5016 Salvatoris
790 4957 985 5013 conati
1017 4964 1155 5014 sunt
1180 4959 1304 5014 suis
1333 4963 1629 5032 perversis
1660 4964 2088 5020 intentionibus
2195 4968 2355 5032 runt,
2397 4969 2453 5020 et
2499 4963 2719 5030 locum,
2753 4968 2808 5018 et
2861 4967 3122 5031 gentem,
3169 4966 3225 5018 et
3266 4961 3404 5034 ipsa
3459 4960 3727 5036 eloquia
3776 4961 3883 5020 Dei

440 5061 745 5120 superare,
777 5049 834 5101 et
885 5061 1066 5116 prave
1113 5045 1188 5101 de
1245 5046 1380 5118 ipso
1411 5050 1646 5115 sentire,
1681 5056 1858 5122 atque
1891 5053 2085 5108 Eccle-
2192 5051 2582 5123 perdiderunt
2624 5053 2797 5122 juxta
2843 5053 3009 5124 quod
3062 5052 3348 5108 Dominus
3401 5051 3485 5107 eis
3520 5055 3882 5111 commina-

440 5137 590 5194 siam
620 5134 808 5208 ipsius
853 5139 1255 5205 contemnere,
1295 5141 1352 5192 et
1401 5153 1616 5210 parare
1669 5155 1872 5194 arcum
1906 5157 2084 5196 suum
2193 5144 2287 5194 tus
2331 5145 2421 5194 est
2449 5138 2655 5194 dicens
2690 5156 2702 5193 :
2739 5163 2763 5191 α
2796 5140 3105 5196 Auferetur
3134 5155 3170 5196 a
3199 5140 3368 5196 vobis
3415 5155 3696 5210 regnum
3751 5143 3883 5216 Dei,

435 5242 563 5282 rem
594 5239 888 5292 amaram,
921 5227 977 5277 et
1020 5227 1338 5296 propterea
1358 5225 1570 5295 dejecti
1597 5231 1734 5281 sunt
1762 5232 1939 5298 atque
1971 5229 2084 5284 hu-

436 5314 663 5370 miliati.
711 5315 862 5368 Bene
887 5310 1114 5367 dictum
1144 5316 1271 5368 est:
1301 5335 1329 5362 ‹‹
1361 5318 1547 5369 Arcus
1575 5313 1814 5369 fortium
1846 5331 2086 5388 supera-

438 5407 530 5457 tus
571 5409 678 5458 est.
704 5424 732 5453 ››
765 5401 829 5456 Id
859 5404 948 5457 est
975 5401 1221 5457 intentio
1246 5402 1588 5457 Iudaeorum
1617 5417 1917 5473 perversa,
1939 5406 2084 5477 quia

437 5508 618 5564 prave
649 5495 980 5564 senserunt,
1005 5507 1077 5547 ex
1104 5490 1290 5547 Veteri
1309 5493 1685 5547 Testamento
1734 5491 1987 5564 prolata,
2019 5493 2083 5550 in

436 5583 606 5639 Novo
631 5582 936 5640 inﬁrmata
958 5583 1068 5640 est.
1101 5579 1252 5647 Quia
1292 5596 1365 5639 ex
1408 5579 1527 5638 hoc
1554 5579 1722 5654 quod
1767 5582 2082 5642 carnaliter

2191 5232 2249 5284 et
2276 5227 2516 5283 dabitur
2547 5227 2705 5297 genti
2730 5227 2967 5284 facienti
2988 5229 3215 5285 fructus
3247 5231 3377 5302 ejus
3404 5231 3664 5303 (Matth.
3692 5237 3884 5306 xxx).»

2189 5316 2335 5371 Hinc
2392 5316 2655 5388 Apostoli
2713 5317 2880 5373 aiunt
2930 5334 2942 5372 :
2997 5341 3024 5369 «
3072 5319 3251 5375 Vobis
3305 5319 3558 5392 quidem
3625 5328 3884 5398 oporte-

2187 5405 2292 5461 bat
2345 5406 2608 5478 primum
2657 5405 2822 5480 loqui
2883 5407 3148 5466 Verbum
3203 5411 3324 5473 Dei,
3377 5410 3482 5466 sed
3545 5415 3716 5485 quia
3782 5432 3884 5472 re-

2188 5493 2421 5568 pulistis
2465 5495 2636 5564 illud,
2688 5502 2743 5553 et
2791 5497 3072 5570 indignos
3114 5518 3225 5556 vos
3291 5499 3618 5571 judicastis
3693 5509 3881 5562 aeter-

2185 5599 2281 5642 nae
2309 5584 2466 5652 vitae,
2491 5601 2565 5644 ex
2592 5585 2710 5644 hoc
2725 5587 2950 5648 ibimus
2978 5589 3059 5647 ad
3088 5593 3293 5662 gentes
3318 5588 3478 5662 (Act.
3506 5593 3684 5666 xm).
3723 5616 3758 5646 ιο
3793 5597 3884 5654 De
