4136 6176
212 157 318 208 Ξϐὄ

1214 153 1464 207 ΕΝΛΒΒ.
1507 153 1572 207 ΙΝ
1615 150 1859 206 LIBROS
1899 151 2155 209 REGUM.
2197 186 2266 196 —
2306 154 2382 211 IN
2428 157 2554 210 LIB.
2599 159 2636 210 Ι.

3529 164 3633 217 266

206 274 429 348 quibus
460 271 869 342 subjungitur,
898 295 925 320 «
964 277 1021 328 et
1049 272 1306 330 famelici
1345 273 1589 330 saturati
1645 277 1805 329 sunt.
1839 295 1869 324 ››
1899 276 1947 329 Α
1984 273 2044 330 id
2075 280 2164 332 est
2189 279 2444 334 ternario
2474 283 2530 334 et
2557 278 2941 351 quaternario
2972 295 3224 336 numero
3246 284 3536 355 tanquam
3563 300 3634 340 ex

208 361 492 419 Famelici
562 360 721 417 enim
779 360 1023 432 gentiles
1087 361 1513 431 intelliguntur,
1557 361 1660 434 qui
1702 361 1868 434 prius

205 452 554 509 esuriebant
583 465 803 522 panem
829 449 992 505 verbi
1022 451 1262 508 Dei.Sed
1290 452 1433 524 quia
1458 451 1647 507 Judaei
1677 467 1712 506 a
1732 466 1870 523 pro—

210 542 352 617 priis
391 540 644 596 sedibus
673 539 882 595 elocati
913 545 1070 602 sunt,
1113 547 1170 596 et
1209 541 1468 596 esuriem
1515 541 1869 611 sustinuere,

198 632 378 703 juxta
423 629 592 703 quod
644 644 749 701 per
789 628 1145 701 prophetam
1184 629 1327 685 ol‘m
1375 629 1601 685 dictum
1645 629 1865 685 fuerat:

208 721 440 777 mittam
477 720 536 774 in
572 717 742 774 vobis
770 718 1018 784 famem,
1046 734 1170 774 non
1194 718 1420 775 famem
1446 717 1643 792 panis,
1673 733 1869 789 neque

205 809 375 864 sitim
404 823 602 880 aqua,
635 807 738 862 sed
765 806 1320 863 audiendiverbum
1345 808 1444 862 Dei
1473 807 1674 878 (Amos
1696 808 1867 870 vui),»

203 915 277 955 ex
345 897 564 955 eodem
622 897 757 952 cibo
824 897 1160 969 spiritaliter
1225 898 1478 954 saturari
1539 901 1864 970 caperunt.

204 988 372 1044 Unde
404 991 465 1042 et
490 985 553 1041 in
579 987 780 1042 Graco
809 985 892 1040 ita
921 985 1207 1042 habetur:
1235 1009 1261 1035 «
1286 989 1350 1042 Et
1371 986 1693 1042 esurientes
1717 991 1869 1041 tran-

201 1076 434 1132 sierunt
465 1078 718 1130 terram:
757 1096 782 1122 ››
816 1073 961 1146 quia
1007 1079 1234 1144 gentes,
1268 1073 1348 1130 ad
1394 1091 1548 1146 quas
1588 1073 1720 1146 ipsa
1748 1072 1867 1129 elo-

201 1162 347 1236 quia
378 1162 484 1217 Dei
514 1161 896 1230 transierunt,
929 1161 1208 1232 multum,
1240 1161 1577 1228 esuriendo,
1601 1177 1723 1216 non
1763 1166 1872 1217 ter-

204 1267 367 1316 rena,
433 1256 498 1304 ut
543 1249 755 1319 Judai,
787 1248 893 1304 sed
938 1249 1197 1306 calestia
1253 1255 1598 1323 sapuerunt.
1634 1249 1779 1305 Hinc
1808 1249 1868 1304 in

202 1338 355 1395 libro
385 1338 551 1394 beati
592 1337 702 1393 Job
733 1337 1020 1409 scriptum
1053 1343 1172 1394 est:
1214 1362 1240 1388 ‹‹
1275 1339 1456 1409 Cujus
1487 1355 1747 1395 messem
1788 1337 1871 1395 fa-

205 1428 458 1484 melicus
511 1425 806 1493 comedet,
859 1432 916 1482 et
969 1426 1173 1499 ipsum
1230 1427 1421 1500 rapiet
1478 1433 1764 1493 armatus,
1815 1431 1873 1483 et

207 1517 424 1574 bibent
445 1516 706 1572 sitientes
735 1515 972 1572 divitias
994 1515 1044 1587 ej
1056 1532 1124 1571 us
1148 1516 1296 1587 (Job.
1313 1517 1425 1586 v).»
1452 1516 1682 1572 Judaici
1708 1516 1868 1572 enim

211 1606 423 1681 populi
451 1604 682 1673 messis,
710 1604 945 1661 fuerant
975 1621 1160 1661 sacra
1181 1605 1330 1676 legis
1349 1605 1607 1678 eloquia,
1640 1621 1712 1662 ex
1739 1604 1866 1678 qui-
1896 1625 1937 1676 Β

203 1695 325 1752 bus
352 1694 654 1767 sapienter
683 1692 883 1750 satiari
910 1693 1220 1759 debuerat,
1243 1709 1365 1750 non
1391 1693 1686 1751 comedit:
1723 1693 1867 1766 quia

203 1785 396 1856 legem
426 1784 678 1857 quidem
701 1783 1060 1840 verbotenus
1082 1785 1289 1853 tenuit,
1324 1784 1428 1839 sed
1457 1800 1563 1856 per
1585 1783 1868 1839 fatuitatis

206 1868 540 1940 fastidium,
573 1869 651 1924 ab
671 1867 804 1939 ejus
838 1867 1136 1924 intellectu
1159 1869 1472 1940 jejunavit.
1504 1868 1690 1939 Hujus
1725 1883 1868 1938 ergo

206 1975 470 2016 messem
499 1956 817 2014 famelicus
845 1957 1123 2020 comedit,
1149 1957 1294 2031 quia
1319 1957 1607 2014 nimirum
1638 1957 1869 2027 gentilis

205 2047 476 2123 populus
510 2045 698 2102 verba
727 2045 876 2116 legis
920 2046 1305 2117 intelligendo
1339 2046 1543 2112 edidit,
1581 2062 1619 2102 a
1645 2046 1870 2120 quibus

208 2137 463 2194 Judaica
488 2135 659 2209 plebs
694 2136 819 2192 sine
849 2135 1147 2192 intellectu
1168 2136 1483 2192 laboravit.
1507 2137 1626 2192 Hos
1648 2135 1871 2192 fameli-

215 2243 314 2283 cos
340 2224 484 2281 ﬁdei
533 2223 824 2280 Dominus
851 2224 1141 2296 pravidit,
1174 2241 1313 2280 cum
1345 2241 1451 2298 per
1484 2223 1869 2295 Evangelium

222 2313 396 2369 dixit:
428 2332 458 2366 ι
482 2313 639 2368 Beati
659 2312 766 2385 qui
797 2312 1062 2368 esuriunt
1089 2317 1144 2368 et
1166 2313 1367 2368 sitiunt
1385 2313 1695 2384 justitiam,
1717 2327 1870 2384 quo-

218 2405 380 2461 niam
409 2403 517 2478 ipsi
547 2403 981 2460 saturabuntur
1011 2403 1252 2475 (Matth.
1288 2405 1368 2475 v).
1404 2428 1432 2454 ››
1467 2403 1579 2461 Sed
1601 2404 1745 2477 quia
1771 2404 1870 2458 Ju-

213 2494 421 2550 daicus
473 2493 738 2566 populus
783 2508 1040 2548 messem
1070 2492 1348 2565 perdidit,
1379 2497 1533 2548 recte
1565 2491 1874 2564 subjungi-

214 2588 304 2639 tur
352 2581 610 2656 qualiter
648 2581 778 2654 ipse
808 2581 1001 2654 periit,
1033 2580 1180 2636 dum
1226 2581 1472 2638 dicitur:
1510 2604 1536 2631 «
1571 2583 1636 2637 Et
1671 2581 1870 2652 ipsum

211 2672 402 2746 rapiet
429 2677 720 2728 armatus.
755 2694 784 2719 »
815 2670 1108 2742 Antiquus
1136 2671 1322 2726 hostis
1344 2669 1661 2726 Judaicum
1683 2686 1873 2743 popu-

208 2759 339 2816 lum
369 2765 638 2815 armatus
667 2757 886 2831 rapuit,
918 2759 1062 2830 quia
1091 2759 1149 2813 in
1171 2774 1311 2814 eum
1339 2759 1522 2815 vitam
1539 2757 1698 2826 fidei,
1718 2758 1874 2814 frau-

207 2849 470 2904 dulenta
505 2846 907 2918 suggestionis
940 2845 1156 2916 jaculis
1187 2847 1477 2916 exstinxit,
1511 2853 1575 2903 ut
1617 2848 1776 2903 unde
1808 2862 1872 2902 se

207 2937 498 2995 inhaerere
526 2938 648 2993 Deo
679 2935 964 3003 crederet,
997 2935 1136 2991 inde
1187 2937 1317 3007 ejus
1360 2936 1732 2992 ordinatione
1784 2951 1870 2991 re-

208 3032 525 3101 pugnaret.
561 3029 640 3082 De
681 3041 805 3099 quo
833 3029 891 3080 et
922 3024 1166 3080 dicitur:
1202 3048 1228 3073 ‹‹
1272 3028 1338 3081 Et
1375 3025 1583 3082 bibent
1609 3026 1872 3081 sitientes

212 3116 448 3172 divitias
481 3116 673 3187 ejus.»
697 3114 882 3185 Hujus
909 3113 1070 3169 enim
1102 3113 1362 3170 sitientes
1380 3113 1615 3170 divitias
1635 3114 1872 3181 bibunt,

211 3206 354 3276 quia
382 3204 628 3260 ﬂuentis
645 3219 830 3259 sacra
850 3202 1188 3272 locutionis,
1215 3220 1351 3276 qua
1379 3203 1666 3260 Judaicus
1686 3219 1876 3276 popu-

211 3292 306 3349 lus
338 3294 403 3348 in
425 3291 725 3363 superbia
753 3291 1145 3349 ostentatione
1173 3292 1545 3365 possederat,
1579 3307 1874 3347 conversa

215 3381 543 3452 gentilium
595 3386 813 3435 mentes
855 3381 1196 3450 irrigantur.
1241 3383 1321 3436 De
1375 3379 1598 3453 quibus
1627 3379 1874 3436 benedi-

216 3469 401 3524 citur:
439 3491 468 3516 «
504 3469 698 3523 Donec
738 3469 944 3524 sterilis
1000 3469 1228 3542 peperit
1279 3467 1594 3542 plurimos,
1625 3474 1682 3524 et
1739 3484 1875 3540 qua

223 3557 439 3614 multos
490 3555 754 3613 habebat
785 3557 938 3613 ﬁlios
968 3558 1271 3614 infirmata
1313 3564 1420 3614 est.
1459 3579 1480 3607 ι
1538 3561 1603 3614 In
1635 3558 1876 3614 Hebraeo

231 3652 285 3701 et
311 3646 695 3720 Septuaginta
721 3663 846 3703 non
874 3649 1150 3718 plurimi,
1186 3647 1292 3704 sed
1317 3654 1535 3719 septem
1566 3647 1872 3719 leguntur:

236 3734 398 3788 unde
439 3735 612 3791 tudai
651 3734 1054 3792 deliramenta
1090 3735 1346 3806 ﬁngunt,
1394 3736 1667 3792 videlicet
1711 3735 1876 3808 quod

247 3824 381 3877 nato
409 3823 657 3880 Samuele
689 3824 972 3898 inquiunt
997 3830 1273 3882 mortuus
1294 3825 1368 3881 sit
1389 3825 1544 3880 ﬁlius
1574 3826 1876 3898 primoge-

244 3908 390 3966 nitus
423 3912 774 3982 Phenenna,
807 3919 866 3970 et
891 3914 1138 3984 singulis
1176 3921 1360 3970 Anna
1400 3911 1533 3970 ﬁliis
1579 3913 1878 3971 nascenti-

231 3998 362 4073 bus,
415 4001 635 4074 singuli
684 4003 790 4059 ﬁlii
818 4004 1152 4060 Phenenna
1185 4004 1406 4060 mortui
1436 4003 1570 4059 sint.
1597 4003 1710 4060 Sed
1734 4003 1880 4075 quia

224 4094 372 4146 stare
398 4106 526 4147 non
584 4097 800 4165 potest,
852 4092 1381 4165 pratermittimus,
1433 4095 1491 4146 et
1518 4090 1597 4147 ad
1626 4089 1880 4146 intellec-

223 4183 339 4236 tum
368 4180 648 4237 altiorem
679 4181 1162 4255 properabimus.
1197 4185 1344 4237 Nam
1376 4185 1432 4236 et
1469 4180 1530 4236 in
1561 4181 1782 4247 Graco,
1815 4183 1881 4235 ut

222 4267 402 4334 aiunt,
457 4269 547 4326 ita
591 4269 843 4341 legitur:
878 4293 904 4320 «
961 4269 1179 4326 Sterilis
1236 4269 1466 4342 peperit
1519 4273 1769 4341 septem,
1825 4271 1881 4323 et

219 4359 400 4416 multa
456 4359 524 4414 in
562 4358 700 4415 ﬁliis
748 4359 1051 4416 inﬁrmata
1076 4363 1184 4415 est.
1218 4379 1246 4408 »
1281 4357 1498 4415 Sterilis
1541 4359 1702 4414 enim
1743 4371 1879 4430 qua

219 4447 535 4520 plurimos,
588 4447 713 4504 sive
765 4453 994 4522 septem
1024 4447 1271 4522 peperit.
1323 4446 1582 4503 Ecclesia
1630 4462 1701 4502 ex
1738 4462 1884 4518 gen-

221 4537 364 4593 tibus
421 4535 800 4608 intelligitur,
839 4553 976 4610 qua
1027 4535 1248 4592 multos
1296 4535 1450 4591 ﬁlios
1497 4551 1605 4608 per
1660 4535 1886 4592 fontem

219 4623 626 4699 baptismatis,
659 4629 715 4682 et
761 4625 992 4682 donum
1030 4625 1280 4698 Spiritus
1324 4625 1535 4691 sancti,
1572 4625 1677 4698 qui
1709 4623 1888 4698 septi-

218 4714 422 4772 formis
455 4713 682 4771 dicitur
724 4719 968 4787 propter
1013 4714 1418 4788 septenariam
1477 4715 1889 4786 operationem

219 4805 323 4874 sui,
346 4805 414 4862 id
448 4810 547 4860 est
575 4804 884 4876 sapientia
913 4809 968 4860 et
996 4804 1352 4872 intellectus,
1385 4803 1638 4874 consilii,
1685 4807 1742 4859 et
1771 4803 1892 4859 for-

216 4893 517 4961 titudinis,
551 4892 838 4963 scientia,
877 4898 935 4950 et
985 4893 1244 4966 pietatis,
1276 4898 1333 4950 et
1378 4892 1608 4950 timoris
1657 4893 1756 4948 Dei
1806 4892 1894 4962 gi-

217 4997 395 5052 gnere
424 4999 561 5040 non
610 4987 824 5040 cessat.
857 4983 999 5050 Qua
1030 4983 1191 5055 prius
1223 4983 1434 5039 sterilis
1464 4986 1590 5040 erat
1618 4981 1680 5037 in
1707 4980 1896 5051 genti-

215 5071 348 5142 bus,
403 5072 521 5130 sed
571 5088 736 5129 nunc
797 5071 1059 5129 fecunda
1107 5072 1437 5142 gratulatur
1491 5071 1553 5127 in
1593 5070 1896 5140 Domino,

217 5162 387 5232 juxta
431 5161 614 5235 quod
652 5160 798 5217 olim
837 5159 1025 5217 Isaias
1078 5159 1460 5234 praedixerat:
1508 5182 1535 5209 ‹‹
1584 5159 1902 5217 Latabitur

215 5249 461 5308 deserta
495 5254 554 5307 et
581 5248 768 5317 invia,
821 5254 878 5306 et
905 5249 1198 5306 exultabit
1251 5249 1533 5321 solitudo,
1559 5253 1616 5305 et
1668 5247 1904 5306 ﬂorebit

217 5341 398 5412 quasi
426 5339 630 5396 lilium
655 5339 799 5409 (Isa.
828 5340 1030 5411 xxxv).
1077 5356 1107 5391 ›
1138 5343 1254 5396 Ista
1278 5339 1438 5395 enim
1469 5339 1637 5410 prius
1669 5338 1906 5394 deserta

219 5443 286 5484 ac
347 5427 626 5487 solitudo
691 5427 922 5500 peperit
969 5431 1225 5500 suptein.
1287 5427 1636 5500 Septenario
1681 5427 1906 5499 quippe

223 5533 490 5575 numero
533 5516 741 5573 unitas
799 5533 868 5571 ac
926 5515 1280 5572 universitas
1331 5515 1710 5588 perfectionis
1762 5514 1910 5571 solet

223 5604 668 5679 demonstrari,
697 5621 770 5662 eo
791 5606 955 5678 quod
975 5605 1175 5679 primo
1196 5605 1436 5678 impari,
1467 5610 1524 5661 et
1543 5605 1740 5676 primo
1757 5604 1908 5677 pari,

555 5699 806 5754 PATIOL.
849 5696 1003 5755 CXV.
1708 5713 1712 5718 ·

1982 363 2234 430 diverso,
2269 369 2469 424 imit-Is
2519 372 2638 424 tota
2670 369 2998 424 conﬁcitur.
3036 371 3100 424 Et
3142 369 3277 426 ideo
3308 387 3414 443 per
3437 371 3637 446 ipsum

1980 451 2314 522 ﬁgurantur
2372 457 2653 526 universi,
2682 474 2836 529 quos
2881 458 2940 512 in
2987 457 3208 514 unitate
3237 459 3378 514 ﬁdei
3429 466 3638 517 sancta

1983 543 2240 599 Ecclesia
2260 561 2366 617 per
2383 551 2642 618 quatuor
2675 551 2873 618 partes
2891 546 3103 602 mundi
3130 547 3383 606 Domino
3411 549 3634 618 genuit.

1983 632 2060 685 De
2095 632 2225 704 ipsa
2278 634 2490 689 iterum
2523 651 2627 707 per
2657 634 2938 690 eumdem
2982 635 3342 708 prophetam
3383 636 3634 694 dicitur:

1981 740 2009 768 ‹‹
2044 722 2280 792 Laetare,
2314 723 2544 790 sterilis,
2578 740 2695 796 que
2741 740 2863 780 non
2896 724 3094 796 paris:
3131 741 3380 799 erumpe
3428 732 3484 782 et
3522 727 3640 783 cla-

1980 825 2102 880 ma,
2131 828 2266 882 qua
2294 828 2416 867 non
2445 813 2721 884 parturis,
2750 813 3041 886 quoniam
3098 814 3267 870 multi
3301 815 3404 870 ﬁlii
3433 815 3635 872 deser-

1980 903 2072 966 ta,
2100 901 2291 970 magis
2321 917 2508 972 quam
2535 902 2664 972 ejus
2689 918 2823 974 qua
2854 901 3037 957 habet
3052 901 3247 958 virum
3272 904 3636 973 (Gatat.iv).»

1982 989 2216 1043 Deserta
2250 989 2353 1044 diu
2385 989 2489 1045 fuit
2521 1006 2556 1044 a
2600 995 2806 1045 sancto
2850 990 3070 1062 Spiritu
3124 993 3389 1059 gentium
3444 999 3635 1048 mater

1980 1075 2262 1133 Ecclesia.
2294 1081 2407 1133 Nec
2437 1077 2648 1133 habuit
2677 1078 2830 1133 ﬁlios
2857 1083 2992 1134 ante
3026 1079 3281 1148 gratiam
3321 1096 3638 1151 regenera-

1981 1165 2174 1234 tionis,
2207 1183 2343 1240 qua
2365 1173 2574 1240 postea
2596 1173 2799 1237 gentes
2825 1173 2879 1223 et
2900 1169 3178 1241 populos.
3218 1173 3334 1226 Deo
3361 1170 3421 1225 in
3455 1187 3538 1239 se,
3574 1177 3640 1227 ut

1979 1253 2261 1326 diximus,
2293 1261 2599 1329 operante,
2633 1257 2971 1328 generavit:
3030 1258 3190 1314 unde
3229 1258 3632 1331 subjungitur,

1980 1365 2007 1392 ‹‹
2038 1343 2231 1413 magis
2277 1361 2463 1417 quam
2497 1347 2625 1417 ejus
2673 1363 2808 1418 qua
2850 1347 3033 1402 habet
3079 1347 3296 1403 virum.
3333 1367 3362 1400 ›
3399 1348 3520 1404 Hoc
3550 1355 3638 1404 est

1983 1433 2303 1504 Synagoga
2328 1450 2464 1505 qua
2497 1434 2654 1490 velut
2676 1436 2817 1504 jugo
2845 1435 2973 1500 viri,
3007 1435 3087 1491 ita
3117 1435 3264 1506 legis
3295 1453 3476 1492 onere
3505 1453 3639 1510 pre-

1982 1521 2277 1578 mebatur.
2304 1528 2417 1578 Aut
2446 1530 2600 1579 certe
2631 1523 3009 1580 referendum
3027 1529 3132 1587 est,
3151 1542 3285 1597 qua
3314 1532 3640 1598 antequam

1981 1610 2289 1680 ejiceretur
2314 1612 2507 1668 virum
2538 1631 2600 1668 se
2616 1613 2838 1668 habere
2860 1613 3161 1676 credebat,
3190 1614 3293 1669 sed
3317 1619 3642 1687 postquam

1981 1698 2215 1770 abjecta
2267 1705 2355 1755 est
2407 1705 2464 1756 et
2514 1701 2707 1756 virum
2768 1701 3046 1773 perdidit,
3080 1702 3341 1758 Ecclesia
3386 1703 3644 1759 fecunda

1978 1789 2106 1844 fuit.
2142 1790 2283 1845 Hinc
2329 1806 2435 1862 per
2490 1790 2876 1847 Salomonem
2927 1791 3176 1848 dicitur:
3211 1815 3239 1841 ‹‹
3274 1792 3530 1849 Florebit
3579 1808 3643 1848 a-

1977 1877 2353 1948 mygdalum,
2404 1879 2881 1951 impinguabitur
2931 1879 3182 1951 locusta,
3247 1880 3638 1954 dissipabitur

1977 1966 2258 2037 capparis
2292 1968 2476 2036 (Eccl.
2510 1973 2635 2035 x11).
2673 1990 2699 2015 »
2741 1968 3152 2039 Amygdalum
3184 1970 3408 2041 quippe
3431 1971 3643 2025 ﬂorem

1977 2054 2142 2125 prius
2173 2056 2400 2109 cunctis
2429 2055 2750 2111 arboribus
2777 2057 3038 2112 ostendit
3063 2074 3076 2121 ;
3101 2063 3159 2112 et
3207 2057 3355 2128 quid
3387 2057 3447 2111 in
3498 2058 3644 2114 ﬂore

1978 2141 2305 2213 amygdali,
2357 2144 2469 2198 nisi
2521 2149 2743 2199 sancta
2793 2144 3066 2200 Ecclesia
3117 2144 3446 2215 primordia
3492 2143 3645 2200 desi-

1979 2231 2285 2299 gnantur?
2323 2247 2459 2302 qua
2501 2233 2560 2286 in
2593 2231 3084 2303 pradicatoribus
3129 2232 3272 2298 suis,
3308 2232 3637 2304 primitivos

1982 2317 2269 2373 virtutum
2302 2319 2478 2374 ﬂores
2507 2320 2756 2392 aperuit,
2788 2324 2846 2375 et
2874 2319 2950 2374 ad
2983 2319 3291 2375 inferenda
3321 2336 3507 2392 poma
3530 2320 3639 2376 bo-

1979 2421 2197 2462 norum
2218 2423 2469 2479 operum
2496 2413 2778 2463 venturos
2799 2411 3060 2474 sanctos,
3088 2408 3266 2480 quasi
3288 2408 3535 2464 arbusta
3557 2424 3644 2464 se-

1980 2495 2225 2568 quentia
2254 2497 2562 2568 pravenit,
2590 2497 2650 2551 in
2707 2512 2830 2569 qua
2857 2513 2998 2552 mox
3042 2501 3098 2552 et
3153 2496 3388 2552 locusta
3425 2496 3612 2568 impin

1982 2591 2184 2656 gnata,
2228 2585 2422 2655 gratia
2450 2585 2676 2641 caelesti
2707 2585 2938 2640 infusa:
2991 2584 3094 2640 sed
3128 2584 3325 2641 statim
3357 2585 3643 2658 capparis

1981 2673 2328 2746 dissipatur,
2358 2675 2501 2746 quia
2533 2673 2681 2730 dum
2712 2675 2901 2740 gratia
2943 2673 3330 2743 gentilitatem
3379 2673 3635 2744 attingit,

1981 2764 2193 2820 Judaa
2249 2764 2311 2819 in
2353 2781 2462 2819 sua
2493 2763 2789 2819 sterilitate
2839 2779 3181 2830 remanens,
3211 2763 3366 2818 bene
3409 2762 3645 2818 vivendi

1981 2852 2254 2908 ordinem
2281 2853 2496 2908 amisit.
2523 2854 2602 2907 De
2628 2867 2750 2924 qua
2776 2853 2974 2907 adhuc
3005 2852 3310 2907 subditur:
3348 2875 3374 2900 «
3411 2855 3471 2907 Et
3499 2868 3632 2924 quae

1942 2980 1954 3032 Ξ
1983 2941 2204 2996 multos
2229 2940 2490 2996 habebat
2518 2941 2694 3002 ﬁlios,
2726 2940 3032 2996 inﬁrmata
3062 2944 3168 2994 est.
3214 2961 3241 2988 »
3274 2939 3502 2995 Scilicet
3531 2941 3640 3012 Sy-

1982 3044 2223 3099 nagoga
2251 3028 2614 3094 Judaorum,
2635 3033 2692 3083 et
2708 3034 2938 3084 terrena
2967 3028 3318 3094 Jerusalem,
3338 3045 3473 3100 qua
3490 3028 3643 3084 mul-

1982 3122 2072 3173 tos
2124 3116 2276 3172 ﬁlios
2335 3117 2648 3172 carnaliter
2692 3132 2799 3188 per
2849 3116 3043 3186 legem
3075 3115 3249 3170 edere
3297 3116 3634 3177 videbatur,

1981 3220 2117 3276 qua
2147 3205 2289 3275 quia
2319 3203 2722 3259 viviﬁcantem
2746 3203 3025 3274 Spiritum
3055 3203 3314 3274 recipere
3345 3202 3554 3269 noluit,
3578 3203 3640 3257 i1:

1982 3293 2289 3350 occidente
2317 3292 2510 3348 littera
2537 3292 2837 3347 inﬁrmata
2863 3296 2952 3346 est
2970 3291 3045 3346 de
3071 3307 3193 3363 qua
3222 3291 3440 3346 Paulus
3467 3307 3645 3363 apos-

1984 3382 2138 3438 tolus
2165 3382 2276 3438 ait:
2307 3404 2333 3431 «
2359 3381 2598 3437 Litterra
2622 3380 2858 3450 occidit,
2891 3379 3134 3452 spiritus
3165 3384 3363 3435 autem
3387 3379 3639 3436 viviﬁcat

1983 3472 2076 3543 (II
2099 3473 2236 3528 Cor.
2271 3475 2427 3538 111).»
2452 3473 2516 3526 Et
2544 3470 2686 3542 quia
2717 3469 3094 3541 superﬁciem
3125 3468 3329 3524 littera
3358 3469 3528 3540 sequi
3546 3485 3648 3524 vo-

1983 3559 2112 3630 luit,
2136 3559 2463 3632 spiritalem
2491 3559 2944 3627 intelligentiam
2973 3558 3034 3612 in
3064 3557 3389 3612 incredulis
3420 3557 3639 3627 amisit,

1985 3655 2041 3706 et
2065 3650 2305 3705 inﬁrma
2330 3649 2694 3720 permansit:
2731 3649 2896 3719 quod
2926 3647 2986 3702 in
3019 3647 3340 3716 Evangelio
3368 3646 3648 3718 praﬁgu-

1986 3743 2180 3794 ratum
2209 3743 2315 3804 est,
2342 3737 2444 3791 ubi
2474 3738 2680 3791 Petrus
2710 3735 3043 3791 auriculam
3075 3735 3532 3807 serviprincipis
3555 3750 3648 3791 sa-

1986 3827 2296 3883 cerdotum
2325 3825 2660 3896 amputavit
2688 3826 3036 3894 (Lue.xxn).
3054 3822 3206 3888 Quia
3238 3822 3510 3878 videlicet
3536 3837 3646 3892 po-

1986 3915 2166 3988 pulus
2204 3913 2548 3969 Judaorum
2594 3911 2879 3984 principis
2937 3909 3316 3966 sacerdotum
3380 3909 3649 3965 indebito

1987 4004 2411 4076 mancipantus
2438 4001 2750 4073 obsequio,
2773 4000 2927 4056 adeo
2952 4005 3014 4055 ut
3045 4015 3232 4054 suasu
3254 3999 3493 4054 illorum
3515 3999 3654 4055 Bar-

1987 4093 2200 4149 rabam
2223 4090 2455 4157 dimitti,
2475 4091 2503 4144 J
2510 4105 2680 4145 esum
2694 4105 2832 4144 vero
2850 4092 3119 4161 poterent
3132 4087 3398 4157 cruciﬁgi
3411 4086 3651 4158 (Matth.

1988 4183 2192 4252 xxvn).
2217 4184 2277 4236 In
2306 4179 2539 4236 Domini
2565 4177 2850 4251 passione
2877 4177 3185 4233 dexteram
3219 4175 3571 4243 auriculam,
3593 4174 3658 4231 id

1990 4276 2083 4327 est
2103 4269 2426 4343 spiritalem
2444 4268 2588 4338 legis
2604 4267 3054 4338 intelligentiam
3073 4265 3354 4339 perdidit,
3383 4269 3443 4321 ut
3467 4268 3658 4321 totam

1991 4359 2197 4416 littera
2253 4357 2702 4428 intelligentiam
2738 4355 2944 4413 audiat
2991 4357 3051 4411 in
3105 4355 3365 4410 sinistra.
3398 4354 3544 4409 Hinc
3595 4355 3660 4409 ii;

1995 4448 2252 4505 Canticis
2278 4448 2649 4504 canticorum
2681 4462 2942 4520 sponsus
2971 4446 3265 4516 Ecclesia,
3289 4459 3477 4516 quam
3507 4458 3644 4513 mys

1997 4536 2363 4594 terioCrucis
2411 4535 2682 4598 redemit,
2708 4551 2780 4592 ex
2819 4535 3165 4590 inﬁdelitate
3200 4536 3536 4604 Synagoga
3577 4529 3664 4583 lo-

1997 4625 2218 4698 quitur,
2273 4624 2518 4680 dicens:
2553 4646 2579 4672 ‹‹
2622 4623 2744 4680 Sub
2799 4623 3012 4679 arbore
3062 4620 3223 4676 malo
3279 4615 3564 4672 suscitavi
3608 4619 3666 4671 tt.

2003 4717 2199 4788 (Cant.
2230 4719 2407 4784 vui),»
2439 4719 2496 4769 et
2522 4713 2785 4783 reliqua;
2811 4727 2880 4766 ac
2913 4711 2958 4764 si
2988 4708 3266 4763 dixisset:
3296 4705 3419 4760 Sub
3450 4703 3667 4761 arbore

2003 4803 2194 4859 crucis
2224 4819 2260 4858 a
2302 4807 2592 4874 perpetua
2623 4805 2812 4854 morte
2841 4795 3088 4852 liberavi
3110 4799 3184 4851 te.
3214 4793 3327 4850 Sed
3365 4815 3393 4842 «
3427 4791 3510 4848 ibi
3536 4807 3668 4848 cor-

2003 4895 2180 4962 rupta
2217 4894 2306 4945 est
2335 4893 2525 4944 mater
2555 4892 2680 4957 tua,
2714 4887 2796 4941 ibi
2823 4883 3044 4940 violata
3074 4887 3163 4938 est
3201 4881 3454 4953 genitrix
3480 4884 3604 4949 tua,
3637 4902 3668 4930 »

2007 4981 2066 5037 id
2088 4983 2176 5036 est
2205 4979 2400 5050 major
2423 4991 2563 5050 pars
2595 4974 2809 5049 plebis,
2843 4990 2938 5029 me
2970 4971 3251 5043 negando
3278 4975 3335 5026 et
3364 4970 3666 5027 Barraban

2008 5067 2305 5141 eligendo,
2333 5083 2370 5123 a
2410 5083 2507 5122 me
2538 5063 2864 5139 reprobata
2893 5066 2979 5119 est
3024 5065 3203 5134 atque
3249 5058 3568 5116 inﬁrmata.
3596 5060 3673 5113 De

2011 5175 2133 5232 qua
2163 5160 2319 5214 recte
2352 5155 2734 5212 subinfertur.

2085 5270 2111 5298 ‹‹
2142 5245 2431 5303 Dominus
2454 5243 2773 5299 mortiﬁcat
2801 5244 2859 5298 et
2884 5239 3164 5306 viviﬁcat,
3194 5237 3437 5293 deducit
3475 5235 3553 5293 ad
3583 5235 3676 5292 in-

2016 5358 2044 5387 «
2076 5336 2231 5392 feros
2261 5339 2318 5390 et
2345 5331 2639 5389 reducit.»
2671 5327 2975 5388 Mortiﬁcat
3005 5326 3256 5382 multam
3298 5326 3359 5380 in
3391 5325 3547 5379 filius
3573 5324 3680 5395 Sy-

2017 5439 2320 5494 nagogam
2343 5421 2582 5491 scilicet,
2606 5417 2859 5474 viviticat
2883 5416 3167 5483 sterilem,
3193 5413 3518 5471 Ecclesiam
3541 5427 3684 5482 gen-

2019 5515 2186 5568 tium.
2223 5510 2504 5578 Quamvis
2532 5508 2718 5581 possit
2762 5504 3141 5563 commoduis
3170 5503 3410 5573 intelligi
3436 5500 3680 5556 eosdem

2021 5601 2343 5670 viviﬁcare,
2373 5613 2528 5672 quos
2558 5594 3020 5662 mortificaverit,
3043 5591 3204 5650 idem
3244 5589 3456 5664 repetit
3483 5587 3682 5644 dicen-

3358 5685 3390 5734 9
