4130 6182
508 174 613 237 267
1598 174 1955 234 ANGELOMI
1991 169 2465 233 LUXOVIENSIS
2502 168 2814 233 MONACHI
3819 182 3932 236 268

508 302 623 361 do:
657 325 687 355 «
714 301 959 360 Deducit
988 300 1066 359 ad
1086 300 1304 358 inferos
1335 302 1391 357 et
1411 298 1658 357 reducit.
1685 324 1712 352 ››
1740 304 1858 357 Hoc
1889 305 1975 357 est
1995 298 2157 373 quod
2188 295 2237 354 Α
2266 294 2413 353 lium
2446 296 2646 367 gloriae
2686 299 2898 356 retinet
2927 314 3048 355 non
3098 298 3293 355 solum
3332 296 3602 356 videlicet
3630 300 3691 356 in
3723 316 3936 376 aqua-

508 391 829 467 Apostolus
873 390 989 448 ait:
1026 411 1053 441 «
1078 389 1283 447 Mortui
1333 389 1492 446 enim
1535 390 1693 461 estis,
1725 394 1782 447 et
1820 392 1941 447 vita
1963 395 2159 446 vestra
2264 385 2426 443 litate
2458 388 2658 457 Patris,
2679 388 2943 444 sedendo
2968 387 3047 445 ad
3071 388 3378 444 dexteram
3402 389 3729 460 majestatis
3753 410 3766 447 :
3788 392 3935 463 jux-

509 479 865 538 abscondita
894 483 984 536 est
1030 494 1170 535 cum
1223 479 1454 536 Christo
1490 480 1549 535 in
1600 480 1719 535 Deo
1752 479 1896 549 (Col.
1926 480 2005 549 v).
2032 499 2058 527 ι
2093 480 2158 533 Et

505 571 722 627 iterum
747 588 760 627 :
796 578 837 622 «'
853 568 911 627 Si
939 567 1392 626 consurrexistis
1423 584 1561 625 cum
1595 569 1843 638 Christo,
1873 584 2006 641 qua
2035 583 2157 622 sur-

506 675 644 715 sum
673 660 809 714 sunt
833 656 1079 731 quaerite
1097 657 1322 727 (Ibid),
1350 679 1378 707 ››
1396 661 1452 713 et
1471 656 1717 729 reliqua.
1746 655 1855 710 Sed
1879 654 2155 727 nunquid

506 748 751 804 eosdem
782 744 1030 802 deduxit
1059 742 1139 803 ad
1166 744 1385 802 inferos
1416 750 1472 802 et
1495 744 1771 801 reduxit?
1804 743 1916 801 Sed
1938 743 2051 800 hoc
2092 744 2153 798 in

503 836 695 910 capite
724 833 1017 903 Ecclesia,
1043 834 1104 889 id
1128 838 1215 890 est
1240 833 1487 903 Christo,
1512 834 1682 905 cujus
1713 831 1987 888 membra
2017 837 2156 888 sunt

500 923 728 993 ﬁdeles,
748 921 981 997 absque
1001 921 1121 978 ulla
1148 922 1553 978 controversia
1572 927 1763 995 potest
1788 921 1999 994 accipi,
2013 936 2153 977 cum

500 1029 623 1087 quo
665 1013 852 1068 vitam
877 1015 1145 1067 nostram
1191 1011 1507 1084 Apostolus
1538 1010 1683 1067 dixit
1711 1010 2150 1067 absconditam.

500 1102 631 1175 Ipse
659 1100 966 1157 descendit
985 1097 1064 1156 ad
1082 1097 1323 1168 inferos,
1356 1105 1413 1157 et
1443 1116 1567 1156 non
1594 1103 1681 1155 est
1704 1099 1908 1155 anima
1930 1100 2060 1170 ejus
2089 1097 2152 1155 in

496 1190 730 1247 inferno
781 1188 1077 1256 derelicta,
1124 1186 1230 1243 sed
1260 1188 1373 1245 cito
1398 1188 1721 1245 resurrexit
1745 1202 1781 1245 a
1817 1187 2067 1244 mortuis
2097 1191 2154 1244 et

496 1278 733 1336 reduxit
760 1292 830 1334 eo
860 1279 1027 1332 Pater
1053 1277 1131 1334 ad
1154 1277 1543 1353 semetipsum
1572 1279 1761 1347 (Psal.
1781 1282 1899 1345 xv).
1929 1278 2008 1333 De
2028 1291 2151 1351 quo

496 1367 804 1425 inferendo
834 1366 1067 1425 dicitur.

567 1516 598 1546 «
630 1492 920 1550 Dominus
949 1508 1283 1566 pauperem
1307 1492 1450 1551 facit
1482 1497 1540 1550 et
1567 1492 1746 1560 dicat,
1777 1492 2053 1549 humiliat
2096 1497 2154 1550 et

499 1604 530 1635 α
567 1580 874 1650 sublimat,
902 1599 933 1635 ›
954 1581 1259 1640 Manifesta
1286 1586 1376 1639 est
1392 1582 1640 1638 historia
1668 1580 1808 1638 cum
1833 1582 1948 1638 hoc
1973 1580 2150 1637 nobis

495 1670 892 1729 certissimum
924 1675 1032 1743 est,
1056 1671 1330 1729 videlicet
1357 1672 1499 1744 quia
1528 1672 1805 1728 humiliat
1833 1670 2146 1744 superbos,

494 1765 550 1818 et
578 1759 799 1817 exaltat
816 1759 1073 1816 humiles
1095 1761 1264 1827 (Luc.
1297 1760 1358 1831 ι).
1393 1760 1508 1816 Sed
1538 1759 1727 1817 altiori
1762 1758 2151 1828 intelligentia

493 1850 569 1906 de
593 1847 849 1906 Domino
893 1852 1088 1920 potest
1116 1847 1329 1920 accipi,
1350 1849 1456 1921 qui
1503 1853 1748 1922 propter
1778 1864 1889 1905 nos
1918 1863 2151 1921 pauper

491 1940 683 1997 factus
713 1942 803 1995 est
848 1937 1155 1995 voluntate
1184 1937 1399 1994 Patris:
1439 1939 1584 2010 quia
1637 1938 1720 1994 sic
1749 1940 1905 1993 Deus
1947 1937 2152 1994 dilexit

490 2027 815 2092 mundum,
842 2030 909 2083 ut
944 2026 1146 2099 ipsum
1181 2026 1564 2096 Unigenitum
1610 2026 1782 2084 daret
1828 2043 1938 2099 pro
1972 2026 2150 2083 nobis

491 2117 691 2188 (Joan.
724 2120 827 2183 ιιι).
862 2114 1023 2173 Sicut
1040 2115 1259 2173 Paulus
1279 2115 1390 2173 ait:
1420 2137 1448 2167 «
1471 2116 1582 2182 Qui
1600 2116 1845 2191 proprio
1874 2115 2012 2173 Filio
2038 2132 2148 2173 suo

490 2218 615 2261 non
637 2202 922 2277 pepercit,
950 2202 1058 2259 sed
1080 2218 1193 2275 pro
1216 2202 1392 2261 nobis
1412 2204 1694 2260 omnibus
1716 2203 1959 2260 tradidit
1979 2202 2149 2260 illum

489 2292 679 2364 (Rom.
709 2295 854 2361 vui).
880 2314 910 2343 »
935 2292 1066 2348 Imo
1095 2291 1276 2349 etiam
1324 2295 1383 2348 et
1429 2307 1541 2348 sua
1568 2291 1894 2362 voluntate,
1927 2295 1991 2348 ut
2037 2306 2148 2347 nos

490 2397 603 2439 sua
650 2384 1024 2455 paupertate,
1057 2384 1116 2437 et
1138 2380 1238 2436 hic
1285 2379 1498 2437 divites
1552 2381 1772 2437 taceret
1810 2381 1875 2436 in
1920 2379 2060 2446 ﬁde,
2092 2385 2149 2437 et

485 2470 603 2528 illic
629 2469 900 2528 haredes
930 2468 1120 2539 regni,
1151 2468 1319 2542 quod
1348 2469 1688 2541 repromisit
1714 2471 1868 2525 Deus
1897 2468 2146 2539 diligen-

488 2558 646 2616 tibus
670 2574 754 2616 se.
809 2562 940 2631 Ipse
968 2558 1131 2614 enim
1168 2557 1390 2614 ditatus
1418 2562 1511 2613 est
1538 2557 1989 2627 magniﬁcentia
2012 2574 2144 2615 ma-

482 2646 735 2720 jestau's,
769 2669 797 2698 «
829 2646 975 2719 quia
1000 2645 1066 2703 in
1102 2646 1236 2718 ipso
1262 2645 1553 2703 habitavit
1599 2646 1794 2702 omnis
1836 2646 2144 2718 plenitudo

488 2737 816 2795 divinitatis
852 2736 1241 2810 corporaliter
1296 2737 1446 2805 (Col.
1482 2737 1562 2809 ιι).
1614 2760 1642 2787 ››
1676 2739 1756 2793 De
1802 2736 1935 2809 ipso
1963 2738 2143 2794 etiam

489 2827 674 2886 Isaias
706 2827 819 2884 ait:
851 2849 882 2878 (ι
905 2825 1215 2900 Requievit
1234 2839 1416 2899 snper
1440 2841 1582 2883 eum
1606 2826 1854 2898 Spiritus
1885 2826 2139 2894 Domini,

491 2917 744 2991 Spiritus
771 2915 1080 2990 sapientia
1108 2919 1169 2972 et
1212 2914 1564 2983 intellectus,
1617 2915 1861 2986 Spiritus
1908 2915 2139 2972 consilii

487 3010 545 3063 et
570 3004 954 3073 fortitudinis,
984 3004 1236 3078 Spiritus
1267 3003 1528 3061 scientia
1574 3008 1632 3060 et
1666 3004 1919 3077 pietatis,
1949 3005 2141 3078 reple-
2171 3009 2212 3065 C

486 3096 572 3153 vit
614 3111 758 3152 eum
790 3094 1039 3168 Spiritus
1087 3093 1315 3151 timoris
1365 3093 1605 3150 Domini
1652 3094 1793 3166 (Ira.
1826 3095 1906 3167 ιι).
1939 3115 1967 3145 ››
2012 3099 2141 3168 Ipse

484 3184 667 3241 etiam
685 3183 1032 3241 humiliatus
1044 3188 1135 3241 est
1151 3186 1397 3257 propter
1414 3199 1527 3240 nos
1555 3187 1734 3256 atque
1760 3184 2138 3251 sublimatus,

486 3272 637 3331 sicut
688 3274 1008 3348 Apostolus
1064 3273 1173 3330 ait:
1236 3294 1268 3325 κ
1318 3272 1581 3330 Christus
1609 3272 1804 3330 factus
1853 3274 2142 3332 obediens

484 3378 678 3436 usque
699 3364 780 3420 ad
801 3367 1077 3434 mortem,
1094 3366 1353 3420 mortem
1367 3368 1570 3419 autem
1592 3363 1786 3420 crucis
1814 3364 2000 3435 (Phil.
2022 3364 2139 3436 11).»

483 3454 634 3509 Ecce
687 3452 1028 3509 audivimus
1077 3452 1208 3524 ejus
1253 3451 1686 3525 humilitatem,
1719 3452 2039 3509 audiamus
2084 3457 2143 3511 et

484 3542 934 3600 sublimitatem.
968 3563 998 3594 κ
1030 3545 1274 3615 Propter
1299 3542 1469 3616 quod
1497 3546 1555 3598 et
1583 3544 1739 3598 Deus
1786 3540 1957 3597 illum
1986 3542 2141 3598 exal-

482 3631 649 3701 tavit,
678 3636 736 3689 et
759 3631 1003 3689 donavit
1028 3631 1111 3688 illi
1139 3647 1365 3688 nomen
1408 3630 1573 3703 quod
1612 3636 1704 3687 est
1733 3646 1917 3702 super
1958 3646 2139 3689 omne

480 3736 729 3789 nomen,
754 3726 821 3778 ut
859 3722 922 3778 in
958 3722 1205 3779 nomine
1232 3724 1375 3779 Jesu
1424 3735 1604 3777 omne
1649 3735 1809 3790 genu
1845 3719 2134 3790 ﬂectatur,

485 3810 837 3882 calestium,
893 3810 1284 3878 terrestrium,
1326 3813 1386 3865 et
1434 3808 1803 3866 infernorum
1852 3809 2070 3883 (Ibid)
2103 3829 2133 3864 ›

480 3902 562 3959 De
591 3902 766 3975 cujus
795 3900 978 3958 etiam
1003 3899 1368 3957 sublimitate
1394 3898 1814 3971 subjungitur:

548 4067 580 4096 «
614 4042 919 4102 Suscitans
958 4042 1033 4099 de
1087 4042 1333 4115 pulvere
1364 4055 1625 4112 egenum
1673 4046 1731 4099 et
1772 4042 1847 4098 de
1880 4046 2134 4099 stercore

477 4154 508 4184 α
548 4132 781 4203 erigens
805 4145 1157 4203 pauperem.
1177 4151 1207 4180 ››
1228 4133 1396 4187 Pater
1420 4128 1691 4187 videlicet
1719 4129 1793 4185 de
1816 4134 1982 4186 terra
2005 4129 2134 4201 pul-

474 4233 615 4277 vere
660 4218 871 4274 Filium
912 4222 1038 4273 tam
1090 4218 1204 4275 cito
1235 4218 1562 4287 suscitavit,
1590 4220 1764 4291 juxta
1809 4218 1971 4291 quod
2003 4219 2130 4292 ipse

472 4323 583 4383 per
626 4305 1001 4364 Psalmistam
1049 4304 1330 4379 postulat,
1359 4306 1604 4363 dicens:
1648 4330 1676 4356 «
1699 4307 2003 4365 Resuscita
2031 4325 2128 4365 me

2263 480 2326 531 ta
2351 476 2515 549 quod
2542 478 2865 550 Apostolus
2893 478 3069 534 dicit:
3104 478 3320 534 «Sedet
3350 476 3429 533 ad
3458 477 3769 536 dexteram
3791 498 3932 540 ma-

2258 564 2493 636 jestatis
2542 562 2605 622 in
2651 564 2899 622 excelsis
2932 567 3131 638 (Hebr.
3170 567 3240 637 1);
3276 588 3305 616 »
3341 567 3533 623 Tanto
3580 568 3792 626 melior
3822 587 3934 628 an-

2264 652 2407 721 gelis
2438 654 2702 725 etfectus,
2736 659 2964 728 quanto
2994 654 3363 711 diii‘erentius
3398 671 3522 728 pra
3553 655 3667 712 illis
3696 674 3931 717 nomen

2261 741 2650 815 hareditavit,
2703 744 3095 801 verumetiam
3152 744 3369 801 solium
3437 745 3638 815 gloria
3699 750 3933 808 tenebit

2261 830 2593 887 secundum
2609 832 2773 905 quod
2804 833 2931 906 ipse
2962 834 3042 889 ait
3064 851 3075 889 :
3098 836 3299 889 «Pater
3323 849 3443 889 non
3462 834 3693 906 judicat
3713 855 3930 911 quem-

2258 935 2464 992 quam,
2500 922 2605 977 sed
2635 937 2814 978 omne
2840 922 3136 994 judicium
3186 922 3348 979 dedit
3379 923 3519 979 Filio
3552 924 3750 996 (Joan.
3776 929 3858 1000 v).
3896 954 3928 981 ››

2259 1029 2287 1055 ‹‹
2321 1011 2450 1079 Ipse
2476 1010 2635 1065 enim
2662 1011 2723 1065 in
2749 1011 2937 1080 gloria
2968 1011 3149 1067 Patris
3176 1013 3268 1067 sui
3303 1016 3591 1068 venturus
3613 1019 3705 1071 est
3726 1016 3804 1071 ad
3824 1018 3929 1088 ju-

2255 1095 2497 1163 dicium,
2531 1115 2670 1155 cum
2698 1099 2924 1170 angelis
2950 1104 3005 1156 et
3034 1100 3424 1171 archangelis,
3451 1117 3591 1158 cum
3610 1103 3844 1162 thronis
3870 1112 3929 1166 et

2260 1184 2795 1255 dominationibus,
2828 1192 2885 1244 et
2913 1190 3140 1245 sedebit
3186 1190 3246 1245 in
3278 1190 3418 1246 sede
3460 1189 3663 1261 gloria
3700 1196 3927 1267 majes-

2256 1275 2392 1330 tatis
2418 1276 2854 1347 sua,judicans
2877 1278 3087 1334 orbem
3108 1277 3169 1333 in
3198 1279 3474 1352 aquitate
3504 1281 3712 1353 (Marc.
3729 1290 3922 1353 vm).»

2260 1383 2289 1411 «
2334 1361 2637 1419 Sedebunt
2691 1365 2870 1420 etiam
2928 1371 2986 1420 et
3032 1363 3331 1439 principes
3363 1383 3546 1440 super
3595 1369 3925 1430 duodecim

2262 1449 2457 1517 sedes,
2488 1448 2826 1521 judicantes
2867 1450 3188 1507 duodecim
3239 1453 3429 1509 tribus
3460 1455 3641 1513 Israel
3670 1456 3919 1528 (Matth.

2257 1538 2401 1611 x1x).
2428 1558 2455 1587 ››
2486 1538 2631 1595 Hinc
2679 1540 2859 1596 Isaias
2889 1540 3065 1597 dicit:
3099 1562 3128 1590 ‹‹
3184 1543 3469 1599 Dominus
3515 1545 3590 1601 ad
3620 1545 3923 1617 judicium

2180 1656 2221 1710 Β
2258 1627 2453 1684 veniet
2478 1644 2616 1684 cum
2661 1628 2996 1685 senioribus
3025 1630 3233 1704 populi
3278 1631 3369 1687 sui
3399 1635 3678 1708 (1.90.111).
3714 1656 3742 1686 »
3771 1637 3922 1695 Hinc

2261 1715 2543 1774 Salomon
2567 1718 2682 1774 ait:
2727 1742 2754 1769 «
2786 1719 3009 1775 Nobilis
3040 1720 3101 1775 in
3153 1718 3339 1793 portis
3372 1722 3460 1777 vir
3487 1724 3638 1794 ejus,
3668 1727 3919 1798 quando

2259 1804 2476 1862 sederit
2518 1823 2657 1863 cum
2705 1808 3082 1865 senatoribus
3136 1811 3337 1879 (Prov.
3370 1812 3553 1884 XXXI).
3605 1832 3632 1863 ›
3692 1815 3920 1873 Nobilis

2258 1911 2399 1967 ergo
2431 1897 2538 1953 erit
2567 1897 2875 1963 Dominus,
2910 1898 3001 1954 vir
3051 1903 3271 1955 sancta
3320 1900 3615 1974 Ecclesia,
3637 1902 3699 1959 in
3730 1907 3919 1978 portis

2259 2001 2382 2040 sua
2407 1986 2679 2057 civitatis,
2713 1987 2818 2059 qui
2864 1987 3184 2045 videbatur
3220 1987 3521 2060 ignobilis,
3570 1996 3707 2049 ante
3734 1994 3921 2051 tribu-

2255 2074 2358 2130 nal
2383 2075 2677 2148 prasidis.
2712 2076 2862 2142 Quia
2911 2077 3091 2134 etiam
3140 2092 3302 2134 nunc
3343 2094 3379 2135 a
3422 2079 3626 2137 multis
3651 2088 3919 2141 contem-

2256 2162 2492 2219 nendus
2520 2168 2785 2237 putatur,
2836 2165 2981 2238 quia
3010 2164 3115 2222 ubi
3161 2165 3364 2223 saculi
3405 2167 3542 2224 ﬁnis
3582 2171 3913 2244 advenerit,

2257 2251 2360 2309 ubi
2412 2253 2618 2326 patria
2649 2253 2904 2311 caelestis
2958 2255 3300 2325 ingressum
3346 2261 3642 2331 aperuerit
3687 2260 3911 2329 electis,

2251 2343 2382 2414 jam
2434 2342 2661 2399 cunctis
2689 2343 2925 2417 parebit
2979 2344 3274 2401 sublimis.
3328 2347 3393 2402 Et
3448 2347 3659 2404 solium
3702 2351 3910 2420 gloria

2254 2431 2475 2489 tenebit
2523 2433 2648 2489 sine
2700 2432 2842 2503 ﬁne,
2874 2433 3018 2507 quia
3068 2435 3235 2505 regni
3280 2435 3410 2508 ejus
3460 2451 3575 2493 non
3623 2439 3727 2493 erit
3755 2430 3900 2495 finis

2253 2524 2417 2590 (Luc.
2451 2525 2517 2590 1).
2548 2525 2697 2579 Nam
2728 2522 3027 2596 sequitur:
3079 2522 3228 2590 Quia
3276 2525 3401 2599 ipse
3429 2523 3831 2582 dominabitur
3859 2543 3898 2584 a

2253 2611 2406 2667 mari
2430 2626 2621 2683 usque
2651 2611 2732 2668 ad
2781 2628 2948 2668 mare
2977 2612 3167 2685 (Psal.
3203 2615 3373 2687 1.xx1),
3404 2638 3431 2665 »
3471 2620 3577 2672 etc.
3612 2638 3639 2665 ‹‹
3663 2616 3905 2673 Domini

2252 2699 2414 2755 enim
2467 2704 2607 2756 sunt
2663 2699 2935 2757 cardines
2990 2705 3180 2772 terra,
3229 2707 3285 2760 et
3338 2705 3541 2778 posuit
3588 2720 3763 2779 super
3800 2719 3908 2762 eos

2250 2788 2535 2846 orbem.»
2563 2789 2847 2847 Cardines
2896 2794 3060 2847 terra
3107 2795 3368 2865 quatuor
3405 2794 3648 2852 climata
3695 2795 3912 2852 mundi

2249 2878 2964 2951 intelliguntur,videlicet
2982 2879 3199 2954 oriens,
3225 2882 3531 2949 occidens,
3557 2885 3909 2959 septentrio,

2250 2972 2429 3041 atque
2455 2966 2756 3039 meridies,
2772 2986 2951 3041 super
2962 2986 3099 3043 qua
3120 2969 3316 3044 posuit
3333 2971 3564 3037 orbem,
3583 2973 3731 3044 quia
3747 2974 3918 3030 vide-

2246 3056 2381 3115 licet
2426 3057 2649 3133 ubique
2679 3057 2949 3116 dilatavit
2975 3058 3291 3116 Ecclesiam
3320 3074 3513 3115 suam.
3563 3061 3708 3116 Hinc
3739 3061 3920 3119 Psal-

2248 3147 2425 3204 mista
2455 3148 2567 3205 ait:
2602 3170 2630 3197 «
2662 3148 2751 3204 Ab
2780 3152 2914 3205 ortu
2945 3148 3085 3205 solis
3109 3163 3295 3222 usque
3318 3145 3397 3203 ad
3421 3163 3731 3220 occasum,
3764 3148 3915 3206 lau-

2248 3236 2446 3294 dabile
2498 3254 2720 3295 nomen
2746 3239 2982 3294 Domini
3028 3239 3210 3312 (Psal.
3242 3241 3395 3306 exn).
3432 3260 3459 3287 »
3502 3237 3651 3294 Hinc
3683 3238 3914 3298 iterum

2248 3329 2538 3402 scriptum
2565 3332 2678 3386 est:
2706 3350 2733 3378 «
2765 3329 2814 3382 A
2834 3327 3056 3385 ﬁnibus
3106 3332 3271 3385 terra
3315 3327 3657 3384 audivimus
3691 3328 3911 3386 laudes

2239 3414 2388 3490 justi
2417 3419 2558 3486 (Isa.
2584 3422 2757 3486 xx1v).
2788 3440 2816 3469 ››
2846 3420 2913 3474 Et
2948 3418 3164 3474 iterum
3190 3418 3265 3474 de
3296 3418 3516 3474 sanctis
3548 3417 3909 3492 pradicato-

2245 3507 2413 3563 ribus
2440 3524 2452 3564 :
2485 3527 2516 3561 ‹
2540 3512 2602 3563 In
2634 3524 2880 3564 omnem
2910 3510 3126 3563 terram
3151 3506 3330 3563 exivit
3350 3523 3538 3563 sonus
3569 3524 3798 3577 eorum,
3844 3514 3906 3566 et

2244 3594 2306 3651 in
2335 3596 2484 3651 ﬁnes
2541 3596 2703 3651 orbis
2733 3599 2899 3653 terra
2950 3594 3135 3652 verba
3193 3611 3405 3651 eorum
3435 3596 3627 3667 (Psal.
3654 3598 3831 3667 xvni).
3865 3621 3897 3648 η

2246 3686 2605 3759 Quanquam
2635 3685 2908 3742 cardines
2936 3688 3127 3756 terra,
3158 3688 3224 3741 ut
3260 3683 3629 3760 quibusdam
3677 3684 3891 3758 placet,

2241 3773 2356 3846 ipsi
2381 3774 2804 3848 pradicatores
2847 3774 3277 3845 intelligantur,
3313 3791 3493 3847 super
3521 3791 3779 3848 quorum
3828 3772 3902 3830 ﬁ-

2239 3863 2379 3920 dem
2412 3864 2671 3922 stabilita
2693 3869 2781 3921 est
2812 3864 3091 3921 Ecclesia.
3111 3866 3192 3921 De
3213 3864 3433 3937 quibus
3459 3865 3746 3937 scriptum
3771 3869 3898 3921 est:

2241 3976 2270 4004 «
2305 3952 2426 4011 Sub
2450 3971 2572 4028 quo
2594 3956 2937 4026 curvantur,
2964 3953 3069 4027 qui
3086 3959 3328 4027 portant
3348 3952 3556 4011 orbem
3572 3954 3900 4023 (Job.x1x)»

2240 4041 2357 4115 Ipsi
2410 4042 2658 4117 quidem
2714 4048 2851 4098 sunt
2900 4042 3005 4116 qui
3061 4042 3205 4099 alibi
3250 4041 3542 4100 columna
3589 4042 3904 4117 dicuntur,

2237 4132 2388 4189 sicut
2440 4134 2733 4206 scriptum
2787 4135 2913 4189 est:
2968 4154 2996 4183 α
3027 4131 3333 4189 Columna
3378 4131 3511 4188 cali
3543 4133 3909 4189 contremis-

2202 4220 2213 4227 ’
2238 4225 2382 4278 cunt
2404 4206 2464 4278 et
2506 4225 2725 4295 pavent
2754 4221 2834 4277 ad
2884 4225 3102 4277 nutum
3130 4221 3262 4292 ejus
3295 4221 3447 4292 (Job.
3472 4223 3650 4293 xxvl),
3686 4241 3713 4270 »
3736 4220 3914 4280 vide-

2235 4308 2371 4367 licet
2407 4311 2595 4367 sancti
2619 4308 2889 4366 Ecclesia
2927 4308 3370 4382 pradicatores,
3406 4325 3586 4382 super
3614 4325 3771 4382 quos
3804 4309 3911 4370 fa-

473 4372 532 4454 ἐι
552 4394 883 4454 retribuam
912 4392 1017 4463 eis,
1045 4372 1112 4450 ut
1133 4408 1275 4451 caro
1307 4394 1437 4467 ejus
1466 4411 1590 4452 non
1629 4394 1853 4451 videret
1881 4412 2127 4472 corrup-
2158 4372 2202 4428 Β
2234 4397 2411 4455 bricae
2432 4399 2703 4455 Ecclesia
2726 4372 3021 4456 structura
3040 4372 3367 4468 consurgit,
3386 4372 3536 4453 sicut
3557 4372 3675 4453 alia
3693 4398 3911 4474 Scrip-

471 4489 699 4547 tionem
728 4486 918 4563 (Psal.
948 4483 1066 4556 xx),
1092 4504 1122 4533 ››
1144 4483 1480 4540 secundum
1508 4484 1673 4556 quod
1712 4500 1817 4557 per
1844 4486 2127 4545 eumdem

468 4579 849 4637 Psalmistam
898 4572 1143 4630 dicitur:
1197 4593 1227 4623 «
1259 4575 1389 4629 Non
1436 4572 1817 4647 derelinques
1857 4576 2125 4634 animam

467 4685 668 4726 meam
696 4667 759 4722 in
783 4663 1038 4736 inferno,
1066 4678 1178 4719 nec
1208 4660 1382 4719 dabis
1407 4664 1693 4721 Sanctum
1723 4669 1893 4722 tuum
1923 4667 2124 4725 videre

465 4754 910 4828 corruptionem
939 4754 1128 4827 (Psal.
1160 4754 1257 4828 ιν).
1287 4776 1316 4805 ››
1368 4758 1499 4828 Ipse
1528 4754 1731 4823 etiam,
1763 4755 1914 4813 sicut
1941 4773 2124 4831 supra

460 4847 690 4903 dictum
715 4849 824 4913 est,
873 4860 1012 4904 cum
1062 4860 1295 4920 pauper
1346 4846 1744 4919 apparuisset,
1781 4852 1960 4924 atque
1990 4863 2121 4920 ege-

460 4950 578 4993 nus
634 4934 698 4992 in
749 4950 928 4992 carne
957 4939 1025 4991 ut
1053 4952 1240 5008 supra
1285 4940 1639 5010 paupertate
1668 4943 1847 5011 atque
1877 4937 2119 4996 humili-

458 5029 577 5084 tate
606 5028 919 5100 superaret
940 5023 1256 5082 diabolum
1300 5026 1652 5100 superbum,
1685 5027 1790 5100 qui
1831 5044 1938 5083 rex
1978 5028 2119 5084 dici-

456 5119 555 5172 tur
607 5131 791 5189 super
817 5130 1029 5172 omnes
1082 5113 1239 5169 ﬁlios
1292 5115 1611 5188 superbia,
1661 5119 1863 5171 tamen
1893 5116 2115 5186 majes-

453 5210 547 5264 tas
578 5206 679 5263 Dei
724 5205 930 5275 Patris,
958 5204 1035 5262 de
1086 5208 1344 5262 stercore
1387 5220 1525 5261 eum
1579 5205 1926 5262 sublimavit
1969 5205 2113 5261 inef-

448 5294 740 5366 fabiliter,
794 5301 856 5353 et
898 5296 1016 5353 hoc
1077 5310 1265 5369 quare
1294 5296 1322 5351 ?
1374 5294 1599 5362 Quaris
1664 5310 1855 5367 quare
1884 5295 1911 5350 ‘I
1955 5295 2111 5352 Audi

452 5389 645 5459 quare
667 5402 683 5444 :
704 5407 733 5437 ››
769 5385 1083 5455 υἱιδθάθθιι,
1112 5405 1142 5433 ››
1175 5382 1388 5456 inquit,
1418 5401 1451 5437 ‹
1480 5398 1621 5439 cum
1650 5382 2023 5456 principibus
2050 5389 2107 5442 et

446 5473 667 5532 solium
712 5472 917 5546 gloria
957 5475 1154 5529 teneat
1208 5470 1450 5538 (Matth.
1506 5472 1650 5542 xix).
1694 5492 1726 5523 »
1773 5470 2099 5545 Principes,

444 5657 677 5715 Christo
708 5669 892 5729 super
936 5650 1258 5711 duodecim
1287 5650 1483 5708 sedes.
1514 5651 1629 5709 Sed
1675 5646 1963 5711 Dominus
1992 5670 2093 5711 so-

2235 4493 2368 4545 tura
2396 4493 2665 4560 testatur,
2717 4486 2954 4545 dicens:
2980 4509 3007 4538 «
3056 4487 3167 4554 Qui
3189 4486 3413 4559 vicerit,
3453 4486 3673 4543 faciam
3717 4486 3913 4548 illum

2232 4577 2514 4636 columna
2558 4578 2622 4633 in
2675 4577 2900 4651 templo
2955 4575 3059 4633 Dei
3110 4577 3225 4632 mei
3277 4577 3486 4649 (Apoc.
3532 4577 3634 4648 III).
3674 4599 3704 4625 »
3736 4578 3912 4638 Nam

2229 4665 2505 4741 quisquis
2557 4666 2619 4723 in
2675 4666 2777 4722 Dei
2816 4683 3014 4740 opere,
3042 4670 3205 4722 recta
3232 4665 3556 4721 intentione
3585 4665 3908 4741 ﬁrmatur,

2230 4757 2514 4815 columna
2566 4756 2628 4813 in
2684 4760 2982 4814 structura
3020 4754 3261 4811 fabrica
3293 4755 3576 4828 spiritalis
3616 4754 3906 4833 erigitur,

2226 4854 2292 4906 ut
2314 4848 2376 4905 in
2402 4849 2517 4906 hoc
2546 4847 2792 4921 templo,
2819 4844 2986 4920 quod
3006 4850 3097 4902 est
3119 4844 3375 4902 Ecclesia
3394 4844 3648 4918 positus,
3680 4848 3743 4901 et
3770 4848 3912 4905 uti-

2221 4938 2385 4997 litate
2411 4938 2617 5013 prosit.
2651 4939 2709 4993 et
2736 4936 2970 4993 decore.
3003 4934 3168 4993 Unde
3188 4933 3263 4991 de
3290 4938 3637 4991 sanctorum
3668 4937 3910 5007 pradj-

2223 5028 2456 5085 catione
2495 5026 2860 5083 subinfertur
2883 5042 2897 5080 :

2294 5138 2321 5164 ‹‹
2348 5114 2534 5171 Pedes
2559 5118 2906 5171 sanctorum
2932 5128 3183 5169 suorum
3217 5111 3497 5181 servabit,
3527 5114 3584 5167 et
3619 5110 3803 5185 impii
3834 5115 3908 5173 in

2221 5226 2250 5256 ‹‹
2278 5203 2536 5261 tenebris
2566 5203 2980 5269 conticescent,
3003 5202 3149 5271 quia
3176 5218 3299 5261 non
3318 5202 3381 5258 in
3398 5199 3749 5270 fortitudine
3770 5218 3910 5263 sua
4024 5204 4029 5211 ’

2216 5316 2246 5346 ‹‹
2276 5292 2659 5351 roborabitur
2688 5292 2831 5348 vir.»
2865 5291 3021 5348 Licet
3044 5292 3230 5364 pedes
3268 5292 3381 5365 ipsi
3418 5292 3693 5348 doctores
3725 5291 3909 5353 desi-

2215 5386 2493 5456 gnentur,
2517 5381 2666 5437 sicut
2691 5397 2797 5455 per
2817 5383 3079 5455 Moysem
3100 5381 3317 5440 dicitur
3340 5399 3352 5438 :
3381 5380 3529 5448 «Qui
3543 5382 3908 5454 appropin—

2210 5471 2667 5548 quantpedibus
2686 5470 2807 5528 suis
2828 5470 3129 5545 accipiunt
3143 5472 3218 5529 de
3242 5471 3513 5529 doctrina
3526 5470 3684 5526 illius
3715 5488 3904 5545 quos
4020 5498 4031 5517 ε

344 5608 353 5621 .
446 5564 639 5623 sancti
676 5562 939 5638 apostoli
986 5560 1416 5631 intelliguntur,
1446 5559 1551 5633 qui
1608 5559 1903 5619 scdebunt
1959 5579 2097 5619 cum
2208 5562 2499 5619 Dominus
2556 5561 2708 5619 inter
2765 5561 3054 5620 scandala
3103 5565 3559 5636 persecutorum
3614 5565 3904 5623 servavit
4022 5577 4031 5615 ε

2203 5653 2393 5725 (Deut.
2436 5652 2641 5725 xxxn).
2675 5675 2703 5703 »
2744 5650 3175 5711 Verumtamen
3190 5651 3377 5724 pedes
3406 5654 3758 5708 sanctorum
3782 5654 3903 5713 in-
