4136 6176
211 160 323 215 269

1170 157 1429 216 ENARR.
1471 160 1541 214 IN
1588 152 1839 213 LIBROS
1876 153 2138 215 REGUM.
2175 192 2243 202 -—
2268 164 2335 218 IN
2379 165 2507 219 LlB.
2549 164 2590 219 Ι.

3533 175 3641 230 2‘70

203 297 414 337 cessus
434 279 685 337 actionis
724 284 786 337 et
811 281 1011 354 ipsum
1036 297 1192 355 opus
1228 281 1692 356 praedicationis,
1721 280 1871 337 acci-
1908 282 1956 336 Α
1988 284 2276 341 Dominus
2304 288 2551 355 tonavit,
2603 288 2855 362 quando
2906 306 3014 364 per
3059 291 3367 365 apostolos
3410 295 3643 367 perﬁda

202 388 344 446 pere
376 387 730 445 possumus,
752 387 877 444 quo
920 374 1206 429 Dominus
1248 376 1309 429 in
1334 374 1494 431 viam
1512 374 1753 445 justitizr.
1784 372 1873 427 di-

204 463 361 532 rigit.
391 462 476 517 De
506 461 734 533 quibus
758 463 1045 520 Dominus
1069 463 1215 537 ipsis
1248 464 1746 537 pre'dicatoribus
1764 462 1872 518 ait:

204 575 231 599 α
265 556 328 607 In
358 564 795 623 quamcunque
825 551 1079 608 domum
1099 553 1193 609 vel
1223 554 1520 611 civitatem
1570 551 1876 609 intraveri-

199 642 299 711 tis,
329 645 391 697 et
418 656 544 697 non
569 641 902 714 receperint
929 658 1058 710 vos,
1093 647 1376 699 exeuntes
1404 644 1479 699 de
1508 643 1757 709 civitate,
1780 657 1878 696 ex-

205 731 395 787 cutite
416 729 724 803 pulverem
740 730 814 786 de
825 731 1083 803 pedibus
1100 733 1313 789 vestris
1329 734 1568 805 (Matth.
1584 749 1622 787 x
1648 750 1660 801 ;
1686 732 1877 787 Marc.

202 826 313 881 vi).
349 820 595 876 nPulvis
635 820 797 877 enim
844 821 1049 878 levitas
1092 828 1179 879 est
1205 826 1455 880 terrente
1487 821 1878 893 cogitationis,

201 928 238 967 a
256 926 384 983 quo
404 910 524 983 ipsi
544 911 725 966 etiam
745 912 968 968 summi
988 913 1409 985 praedicatores
1426 913 1729 969 immunes
1747 926 1882 967 esse

198 1004 535 1073 nequeunt,
572 1017 823 1073 cumpro
845 1000 1217 1057 auditoribus
1244 1002 1367 1058 suis
1391 1001 1619 1059 solliciti
1639 999 1885 1057 salubri-

199 1090 317 1145 bus
348 1088 514 1145 curis
545 1090 913 1146 incessanter
941 1089 1279 1159 intendunt,
1316 1095 1372 1147 et
1393 1092 1565 1165 quasi
1586 1107 1694 1163 per
1720 1090 1883 1146 itine-

200 1192 271 1234 ra
298 1176 520 1233 mundi
564 1177 685 1233 imo
742 1178 843 1233 vix
873 1177 1154 1235 calcaneo
1206 1184 1378 1234 terra;
1434 1179 1745 1252 pulverem
1782 1177 1887 1232 lin-

208 1270 371 1339 gant,
402 1266 509 1323 sed
543 1266 706 1323 hunc
730 1267 1308 1340 pulveremlevitatis
1337 1268 1603 1341 quotidie
1619 1283 1726 1340 per
1742 1266 1887 1323 effu-

207 1357 444 1413 sionem
488 1355 764 1412 doctores
806 1357 1050 1413 abluere
1115 1358 1399 1415 festinant
1448 1357 1879 1431 lacrymarum.

208 1446 361 1501 Eine
381 1450 469 1503 est
494 1445 659 1519 quod
681 1445 743 1501 in
770 1446 1023 1503 Canticis
1046 1448 1417 1503 canticorum
1454 1464 1593 1503 cum
1624 1446 1884 1502 Ecclesia

214 1534 300 1589 ad
333 1533 591 1589 oﬁicium
632 1534 1075 1606 praedicationis
1146 1551 1389 1603 surgere
1439 1534 1883 1618 praeciperetur,

1998 388 2207 430 eorum
2232 377 2415 432 corda
2443 377 2665 445 terruit.
2704 378 3001 436 Coelorum
3030 381 3208 451 igitur
3227 384 3493 455 nomine,
3526 386 3645 461 ipsi

1992 465 2245 534 apostoli
2275 465 2702 537 intelliguntur,
2758 468 2831 524 de
2869 470 3089 541 quibus
3117 488 3225 545 per
3254 474 3644 532 Psalmistam

1987 551 2201 609 dicitur
2224 571 2236 608 :
2262 576 2289 605 ‹‹
2325 555 2465 612 Coeli
2493 561 2772 612 enarrant
2795 558 3047 628 gloriam
3070 561 3169 616 Dei
3194 561 3384 633 (Psal.
3416 565 3590 637 xvni).
3613 586 3643 615 »

1987 644 2093 697 Per
2113 643 2373 700 tonitrua
2393 661 2554 716 vero,
2589 648 3085 706 comminationes
3109 651 3561 725 miraculorum,
3588 658 3646 711 et

1989 735 2240 787 terrores
2275 732 2585 801 signorum
2616 736 3007 808 accipiuntur,
3050 756 3187 811 quc'e
3219 741 3456 813 expleta
3507 747 3648 800 sunt

1989 822 2238 892 quando
2269 823 2843 896 apostolicoeperunt
2874 826 2935 882 in
2964 827 3058 885 die
3082 830 3451 887 Pentecostes
3467 832 3647 889 variis

1990 907 2209 982 linquis
2230 909 2394 983 loqui
2409 912 2713 983 magnalia
2730 914 2849 981 Dei,
2872 916 3119 988 quando
3133 918 3381 991 Spiritus
3398 925 3645 976 sanctus

1991 997 2051 1052 in
2083 998 2234 1067 ignis
2268 999 2491 1055 visione
2520 1017 2700 1075 super
2729 1018 2831 1058 eos
2853 1005 3148 1077 apparuit.
3166 1008 3413 1064 EtPetro
3431 994 3645 1081 praedi-

1994 1091 2189 1157 cante,
2219 1088 2405 1144 Judaei
2437 1093 2726 1162 tanquam
2753 1091 2973 1148 tonitru
2997 1093 3273 1166 perculsi,
3306 1098 3649 1169 compuncti

1993 1174 2302 1232 dixerunt:
2354 1198 2382 1225 «
2416 1177 2530 1233 Viri
2576 1178 2807 1252 fratres,
2861 1181 3009 1253 quid
3039 1181 3432 1239 faciemus?»
3478 1186 3647 1242 Tunc

1993 1265 2201 1319 Petrus
2230 1266 2537 1353 apostolus
2564 1271 2645 1324 ait
2669 1285 2682 1323 :
2717 1290 2744 1319 ‹‹
2770 1269 3142 1327 Pcenitemini
3168 1272 3366 1353 igitur,
3386 1279 3444 1330 et
3457 1274 3650 1347 bapti-

1995 1353 2154 1404 zetur
2186 1351 2601 1425 unusquisque
2653 1358 2938 1427 vestrum,
2992 1361 3049 1412 et
3104 1351 3415 1414 deleantur
3452 1364 3651 1416 vestra

1994 1444 2241 1509 peccata
2270 1441 2425 1511 (Act.
2460 1442 2542 1512 ιι).
2577 1464 2605 1492 ››
2658 1443 2802 1498 Hine
2840 1443 2902 1499 in
2951 1445 3314 1520 Apocalypsi
3364 1447 3651 1521 scriptum

1999 1534 2085 1584 est
2120 1546 2131 1583 :
2159 1549 2188 1580 «
2216 1533 2279 1585 Et
2308 1530 2381 1585 de
2418 1531 2633 1587 throno
2662 1533 3073 1605 procedebant
3101 1535 3341 1606 fulgura
3393 1543 3450 1594 et
3477 1554 3653 1595 voces

214 1638 453 1696 sponso
480 1623 806 1695 respondit,
854 1623 1094 1680 dicens:
1126 1646 1154 1673 ‹‹
1188 1624 1529 1697 Exspoliavi
1557 1640 1652 1680 me
1683 1624 1884 1680 tunica
1916 1638 1958 1693 Β
1997 1621 2050 1672 et
2082 1618 2342 1674 tonitrua
2383 1620 2588 1689 (Apoc.
2618 1622 2719 1693 iv);
2754 1644 2780 1671 ››
2824 1623 2941 1679 hoc
2971 1628 3059 1680 est
3082 1625 3248 1697 quod
3273 1629 3500 1685 Marcus
3533 1629 3650 1685 ait:

207 1727 371 1781 mea,
399 1710 708 1784 quomodo
735 1712 957 1769 induar
983 1713 1083 1769 illa
1103 1716 1134 1770 ?
1163 1715 1304 1770 Lavi
1324 1714 1509 1787 pedes
1528 1730 1717 1782 meos,
1738 1730 1888 1786 quo-

205 1802 396 1858 modo
448 1801 789 1874 inquinabo
845 1801 978 1857 illos
1027 1803 1211 1874 (Cant
1251 1804 1430 1873 v1)?»
1462 1808 1541 1859 Ae
1574 1804 1621 1858 si
1676 1807 1880 1875 aperte

207 1891 371 1947 dicat
401 1908 415 1945 :
446 1890 690 1946 Deserui
720 1892 960 1961 negotia
988 1892 1300 1949 saecularia
1350 1894 1433 1948 tui
1478 1909 1685 1964 causa,
1729 1909 1880 1965 quo-

201 1975 395 2031 modo
474 1981 743 2050 repetam
814 1975 957 2033 illa?
1033 1978 1220 2033 Etiam
1306 1981 1534 2033 secreta
1591 1994 1882 2050 compun-

208 2064 535 2135 ctionibns,
566 2063 805 2120 ﬂetibus
833 2064 1018 2136 ablui,
1045 2066 1351 2138 quidquid
1378 2067 1439 2122 in
1470 2067 1710 2122 incessu
1740 2082 1884 2139 prae-

212 2153 552 2224 dicationis,
603 2160 660 2209 et
714 2154 777 2209 in
831 2154 1294 2226 cogitationibus
1332 2157 1583 2213 terrenis
1638 2156 1878 2229 reliqui,

214 2244 522 2318 quomodo
543 2244 879 2301 immundis
908 2245 1188 2302 sordibus
1208 2247 1424 2303 iterum
1454 2246 1691 2320 polluar
1710 2248 1738 2303 ‘t
1765 2247 1881 2303 Sed

215 2333 357 2390 licet
380 2333 492 2389 hoc
529 2334 956 2406 pertimescant
986 2335 1172 2404 electi,
1205 2336 1391 2408 pedes
1423 2352 1643 2391 eorum
1682 2350 1719 2392 a‘
1773 2339 1888 2393 Deo

219 2426 570 2491 servantur,
618 2423 775 2479 utin
824 2422 991 2480 nulla
1048 2423 1190 2480 faece
1236 2426 1526 2482 haeretica:
1584 2425 1891 2500 pravitatis

208 2512 508 2568 fcedentur
533 2526 733 2585 neque
764 2512 842 2569 ad
868 2527 1120 2586 pravum
1151 2514 1397 2587 aliquod
1425 2530 1579 2587 opus
1614 2514 1891 2572 dilaban-

203 2607 298 2658 tur
342 2601 511 2658 nnde
560 2602 787 2658 sanctis
836 2602 1155 2659 animabus
1198 2620 1305 2676 per
1343 2604 1701 2661 Ezechielem
1748 2605 1890 2661 dici-

206 2696 337 2746 tur:
369 2689 555 2746 Pedes
604 2706 817 2747 eorum
864 2691 1049 2764 pedes
1101 2693 1243 2748 recti
1278 2693 1493 2761 (Ezech
1524 2698 1584 2759 1).
1623 2716 1650 2743 ››
1694 2694 1885 2750 Pedes

209 2783 562 2835 sanctorum
592 2779 780 2852 pedes
802 2780 944 2836 recti
974 2780 1274 2849 dicuntur,
1299 2782 1443 2855 quia
1463 2798 1673 2838 eorum
1698 2799 1883 2856 opera

208 2867 285 2923 ad
314 2868 695 2940 sequendam
723 2868 1099 2941 iniquitatem
1128 2885 1254 2926 non
1282 2875 1420 2925 sunt
1446 2874 1701 2939 retorta;
1741 2871 1885 2943 quia

1997 1730 2022 1755 ‹‹
2050 1707 2133 1761 Illi
2178 1713 2378 1763 autem
2440 1708 2689 1781 profecti
2737 1712 3217 1783 praedicaverunt
3280 1715 3504 1789 ubique
3552 1720 3659 1773 Do-

1996 1796 2162 1851 mino
2192 1803 2571 1869 cooperante,
2620 1805 2677 1855 et
2720 1817 3065 1858 sermonem
3104 1804 3517 1871 conﬁrmante,
3571 1822 3658 1863 se-

1996 1886 2319 1957 quentibus
2348 1887 2550 1957 signis.
2586 1907 2616 1940 »
2649 1890 2876 1955 Quibus
2929 1892 3154 1948 scilicet
3191 1895 3537 1952 tonantibus
3561 1913 3657 1953 ex-

1996 1976 2175 2030 territi
2207 1980 2346 2032 sunt
2374 1976 2619 2048 inimici,
2648 1995 2721 2035 ex
2744 1980 2966 2051 quibus
2995 1981 3165 2038 multi
3192 1984 3467 2040 conversi
3518 1990 3657 2042 sunt

1996 2063 2075 2119 ad
2112 2065 2295 2120 ﬁdem
2331 2084 2342 2117 :
2368 2066 2541 2136 juxta
2567 2068 2733 2139 quod
2760 2072 2947 2125 Lucas
2969 2070 3051 2127 ait
3077 2088 3090 2126 :
3126 2094 3154 2121 ‹‹
3187 2075 3255 2128 Et
3312 2074 3500 2129 multa
3529 2078 3656 2130 tur-

1995 2152 2074 2208 ba
2118 2152 2504 2210 sacerdotum
2554 2155 2875 2212 obediebat
2896 2157 3039 2213 ﬁdei
3066 2176 3080 2226 ;
3106 2180 3136 2210 κ
3161 2175 3270 2232 per
3298 2160 3407 2216 hos
3434 2161 3654 2218 etenim

1995 2241 2177 2297 ceelos
2206 2241 2328 2297 imo
2358 2258 2465 2314 per
2492 2244 2704 2312 nubes,
2723 2261 2878 2317 quas
2902 2246 3119 2318 Spiritu
3148 2252 3356 2305 sancto
3385 2249 3651 2323 replevit,

1996 2348 2133 2388 cum
2162 2331 2526 2388 ascendisset
2554 2332 2616 2388 in
2644 2334 2883 2400 coelum,
2927 2352 3109 2409 super
3152 2337 3530 2395 adversarios
3559 2339 3654 2396 in-

1994 2422 2187 2477 tonuit
2214 2440 2225 2477 :
2259 2437 2608 2495 quanquam
2634 2423 2709 2480 de
2738 2423 2941 2481 futuro
2978 2426 3207 2497 judicno
3238 2428 3511 2485 nonnulli
3548 2446 3653 2487 ve-

1996 2511 2103 2566 lint
2126 2510 2389 2580 intelligi,
2418 2510 2523 2567 ubi
2552 2511 2823 2569 infideles
2850 2514 3040 2569 Judzei
3067 2516 3167 2587 qui
3212 2533 3388 2573 suam
3417 2518 3514 2573 hic
3544 2535 3655 2595 vo-

1992 2599 2231 2656 luerunt
2259 2605 2516 2656 statuere
2540 2602 2853 2674 justitiam,
2880 2603 3199 2673 gloriantes
3226 2606 3300 2661 de
3329 2607 3656 2664 observan-

1993 2688 2262 2759 tialegis,
2298 2689 2425 2745 sine
2452 2689 2570 2746 ﬁde
2603 2691 2835 2760 Christi,
2859 2693 3100 2763 justitize
3145 2694 3276 2765 ejus
3333 2696 3659 2755 noluerunt

1994 2793 2121 2831 esse
2154 2777 2440 2849 subjecti:
2488 2779 2802 2850 judicandi
2861 2788 3019 2853 sunt,
3065 2799 3188 2839 non
3246 2784 3442 2841 solum
3474 2803 3509 2841 a
3541 2790 3654 2843 Do-

2000 2867 2165 2921 mino
2186 2883 2367 2939 quem
2392 2874 2895 2941 contempserunt,
2913 2887 3121 2928 verum
3152 2871 3328 2930 etiem
3352 2874 3431 2930 ab
3459 2879 3649 2948 Apos-

204 2957 363 3013 inter
412 2956 633 3013 ﬂuctus
679 2958 863 3029 hujus
917 2958 1115 3014 saeculi
1168 2964 1477 3016 servantur
1515 2976 1551 3017 a
1603 2960 1880 3017 Domino.
1920 2993 1961 3046 ο
2002 2955 2133 3009 toiiS
2191 2955 2296 3046 qui
2365 2956 2521 3046 (caeli,
2551 2958 2797 3013 nomine
2844 2959 3271 3030 intelliguntur,
3321 2963 3658 3022 damnandi

212 3045 325 3102 Sed
380 3045 530 3102 dum
582 3046 666 3102 illi
716 3049 1051 3111 servantur,
1108 3047 1276 3120 impii
1338 3064 1369 3104 e
1431 3049 1727 3105 contrario
1776 3049 1880 3122 qui

208 3151 417 3191 eorum
460 3134 993 3208 praedicationibus
1024 3137 1304 3193 contrarii
1331 3136 1602 3209 fuerunt,
1633 3138 1691 3194 in
1718 3143 1882 3194 tene-

209 3224 334 3280 bris
372 3225 791 3292 conticescent,
825 3225 1075 3282 scilicet:
1118 3226 1325 3294 Judaei,
1359 3227 1465 3300 qui
1500 3227 1759 3283 tenebris
1791 3227 1881 3283 in-

204 3312 491 3368 ﬁdelitati
548 3317 607 3369 et
669 3314 1016 3383 ignorantiae
1094 3315 1502 3385 involvuntur,
1562 3318 1619 3371 et
1677 3315 1884 3371 lumen

209 3402 489 3458 veritatis
524 3403 900 3476 contemplari
928 3419 1053 3459 non
1084 3408 1407 3475 merentur,
1440 3404 1586 3461 dum
1637 3405 1761 3460 sine
1794 3404 1881 3461 di-

216 3492 369 3548 vino
422 3491 718 3563 adjutorio
764 3493 875 3550 sibi
925 3510 1107 3567 posse
1164 3493 1434 3551 sufﬁcere
1483 3493 1883 3566 crediderunt,

220 3580 376 3637 unde
400 3586 462 3638 et
496 3582 783 3655 sequitur.
814 3606 844 3633 »
869 3584 1017 3649 Quia
1044 3598 1166 3639 non
1188 3584 1249 3639 in
1282 3584 1623 3640 fortitudine
1655 3600 1766 3640 sua
1796 3600 1889 3640 ro-

224 3668 540 3727 borabitur
562 3671 670 3728 vir.
700 3695 730 3722 »
746 3671 1025 3729 Videlicet
1043 3673 1309 3746 propria,
1345 3673 1449 3729 sed
1477 3674 1691 3729 virtute
1738 3674 1886 3729 divi-

239 3772 319 3812 na
338 3764 540 3830 potens
556 3766 635 3817 est
652 3762 764 3831 vir,
788 3762 851 3817 id
882 3766 971 3819 est
986 3762 1218 3833 gentilis
1241 3764 1505 3837 populus
1527 3782 1539 3831 ;
1569 3764 1658 3819 vel
1682 3770 1881 3838 potest

246 3849 568 3916 generaliter
603 3851 872 3924 intelligi,
897 3851 1041 3925 quia
1068 3852 1269 3908 nullus
1303 3852 1426 3908 suis
1464 3852 1693 3910 viribus
1721 3854 1886 3911 bona

236 3937 450 4007 operari
484 3938 659 4007 valet,
678 3955 794 3995 nec
825 3939 1068 3997 diabolo
1100 3939 1407 4010 resistere,
1433 3939 1552 3996 imo
1579 3940 1627 3996 si
1649 3956 1710 3995 se
1746 3956 1884 3996 eon-

222 4026 305 4080 tra
331 4026 650 4083 Dominum
698 4027 924 4098 erigere
973 4027 1315 4098 tentaverit,
1356 4026 1588 4083 bonum
1643 4028 1689 4083 si
1716 4028 1878 4102 quod

212 4110 425 4171 habere
450 4115 690 4172 videtur
710 4116 941 4184 amittit,
967 4117 1135 4190 quod
1162 4116 1223 4173 in
1252 4117 1385 4190 ipso
1403 4117 1616 4191 primo
1639 4117 1876 4187 angelo,

212 4211 416 4276 postea
463 4205 529 4261 in
581 4205 830 4262 homine
882 4205 1359 4263 demonstratum
1423 4209 1532 4264 est.
1584 4206 1881 4280 Scriptum

211 4308 477 4369 namque
500 4300 593 4351 est
623 4313 637 4351 :
674 4317 702 4345 «
734 4299 859 4352 Non
891 4295 1171 4367 glorietur
1190 4296 1455 4371 prudens
1469 4297 1532 4353 in
1563 4297 1881 4370 prudentia

211 4400 327 4451 sua,
365 4401 491 4441 nec
521 4385 771 4459 sapiens
798 4385 859 4442 in
884 4386 1176 4460 sapientia
1197 4402 1328 4455 sua,
1361 4401 1472 4442 nec
1498 4386 1670 4443 dives
1697 4387 1758 4442 in
1788 4386 1877 4443 di-

210 4473 348 4530 vitiis
383 4475 521 4531 suis
550 4493 563 4530 :
599 4474 706 4530 sed
728 4475 832 4548 qui
863 4474 1167 4545 gloriatur,
1210 4473 1274 4530 in
1304 4474 1559 4531 Domino
1599 4475 1881 4545 gloﬂetur

209 4562 319 4633 (λετ
347 4570 460 4631 xx).
502 4587 531 4615 υ
560 4564 709 4621 Hinc
738 4565 955 4621 iterum
978 4563 1119 4621 alibi
1149 4563 1400 4620 dicitur:
1436 4587 1463 4613 «
1497 4564 1754 4623 Perdam
1786 4581 1880 4622 sa-

206 4653 501 4725 pientiam
547 4653 932 4726 sapientium,
961 4658 1016 4710 et
1058 4653 1440 4727 prudentiam
1493 4655 1879 4728 prudentium

204 4742 555 4816 reprobaho
586 4743 642 4812 (1
673 4742 800 4798 Cor.
836 4743 898 4814 1).
935 4765 962 4791 »
987 4743 1159 4809 Quod
1200 4743 1642 4800 evidentissima
1682 4748 1879 4800 osten-

202 4847 327 4888 sum
357 4837 456 4889 est
480 4832 548 4888 in
578 4829 825 4898 Judzris,
866 4831 941 4886 de
973 4832 1194 4904 quibus
1228 4832 1503 4889 subditur
1531 4849 1543 4887 :

266 4943 294 4976 ‹
334 4921 683 4979 Dominum
731 4920 1155 4978 formidabunt
1209 4921 1539 4980 adversarii
1615 4922 1763 4994 ejus,
1825 4926 1881 4978 et

200 5031 227 5057 ι(
267 5028 456 5087 super
494 5010 668 5086 ipsos
722 5011 783 5067 in
831 5010 993 5068 caelis
1040 5011 1288 5068 tonabit.
1343 5035 1371 5062 »
1426 5010 1665 5068 Domini
1704 5026 1874 5067 nam-

201 5114 311 5173 que
358 5098 731 5168 adversarii,
803 5099 963 5156 idem
1023 5100 1211 5157 Judaei
1292 5100 1713 5172 intelligentur,
1775 5100 1881 5173 qui

200 5188 491 5249 dixerunt
538 5213 568 5240 ‹‹
602 5189 903 5247 Mittamus
949 5189 1181 5260 lignum
1230 5190 1292 5247 in
1330 5206 1554 5264 panem
1612 5189 1769 5264 ejus,
1822 5193 1881 5246 et

201 5283 538 5339 eradamus
595 5295 739 5335 eum
791 5278 866 5333 de
914 5282 1070 5335 terra
1124 5278 1477 5353 viventium,
1545 5283 1601 5335 et
1653 5293 1877 5335 nomen

202 5369 327 5439 ejus
349 5386 486 5428 non
528 5371 907 5426 memoretur
948 5367 1207 5442 amplius
1235 5369 1376 5437 (Isa.
1413 5369 1512 5442 xx).
1543 5392 1571 5420 »
1608 5369 1748 5424 inde
1790 5372 1878 5424 est

201 5461 367 5532 quod
399 5464 625 5535 postea
668 5457 1103 5523 clamaverunt,
1159 5457 1425 5515 dicentes
1457 5477 1468 5514 :
1504 5480 1531 5508 «
1564 5457 1874 5528 Cruciﬁge,

202 5550 489 5622 cruciﬁge
536 5566 683 5608 eum
734 5550 909 5619 (Joan
960 5550 1103 5620 xxx).
1137 5572 1163 5598 υ
1205 5551 1394 5623 Super
1440 5550 1551 5605 hos
1582 5548 1740 5605 enim
1790 5552 1880 5616 (ut

203 5641 586 5712 quibusdam
692 5638 948 5710 videtur)
1036 5637 1428 5706 adversarios,
1535 5638 1610 5694 de
1714 5637 1879 5695 caelis

1994 3049 2136 3099 sunt
2166 3044 2314 3099 sicut
2358 3045 2647 3101 Dominus
2695 3047 2810 3103 ait:
2845 3070 2871 3097 ‹‹
2934 3049 3223 3107 Sedebitis
3256 3067 3436 3125 super
3483 3053 3656 3109 sedes

1993 3131 2334 3194 duodecim,
2414 3134 2752 3204 judicantes
2824 3135 3146 3193 duodecim
3232 3138 3422 3195 tribus
3472 3140 3656 3196 Israel

1993 3220 2235 3290 (Matth.
2270 3222 2405 3292 XIX).
2440 3244 2467 3270 ››
2497 3221 2638 3277 Hinc
2670 3222 2750 3278 ad
2776 3224 3020 3279 eosdem
3073 3224 3315 3281 Judzeos
3364 3227 3654 3284 Dominus

1993 3308 2135 3364 dicit
2156 3330 2184 3357 α
2218 3308 2272 3365 Si
2304 3324 2415 3377 ego
2444 3309 2504 3365 in
2546 3310 2815 3383 principe
2862 3312 3301 3371 daemoniorum
3330 3315 3501 3389 ejicio
3529 3316 3652 3374 dae-

1992 3396 2218 3463 monia,
2274 3396 2377 3452 ﬁlii
2408 3398 2586 3453 vestri
2635 3398 2695 3454 in
2754 3416 2877 3472 quo
2929 3401 3214 3471 ejiciunt?
3258 3403 3392 3460 ideo
3418 3403 3654 3476 judices

1991 3486 2175 3541 vestri
2211 3484 2384 3542 erunt
2413 3487 2652 3555 (Matth.
2680 3487 2798 3558 xu).
2828 3511 2856 3537 ››
2889 3478 3032 3545 Ηὶη“ο
3059 3490 3240 3546 etiam
3261 3506 3370 3564 per
3395 3493 3655 3567 prophe-

1994 3579 2119 3631 tam
2183 3575 2437 3631 dicitur:
2483 3599 2509 3624 ‹‹
2546 3576 2791 3633 Vocabit
2835 3578 3126 3635 Dominus
3183 3580 3481 3651 judicium
3574 3583 3656 3639 ad

1994 3664 2195 3733 ignem
2228 3669 2284 3721 et
2302 3665 2616 3721 devorabit
2643 3666 2937 3737 abyssum
2967 3667 3241 3741 multam,
3301 3673 3358 3726 et
3382 3670 3657 3729 comedet

1993 3759 2223 3825 partem
2255 3754 2472 3809 domus
2495 3754 2715 3823 (Amos.
2747 3759 2881 3823 νη).
2917 3778 2945 3804 ››
2970 3756 3270 3813 Judicium
3292 3760 3517 3833 quippe
3573 3761 3654 3817 ad

1990 3843 2193 3913 ignem
2243 3844 2581 3911 vocabitur,
2638 3861 2775 3900 cum
2826 3846 2887 3901 in
2940 3846 3167 3916 judicio
3213 3849 3454 3919 justitiaa
3515 3865 3652 3906 sen-

1994 3934 2179 3989 tentia
2209 3933 2288 3988 ad
2316 3950 2561 4005 poenam
2586 3935 2713 4005 jam
2745 3939 2979 3991 aeternae
3008 3938 3504 3995 concremationis
3559 3955 3653 3997 os-

1992 4023 2279 4089 tenditur;
2316 4026 2372 4077 et
2402 4022 2692 4094 abyssum
2734 4023 3047 4082 devorabit
3089 4026 3235 4099 quia
3273 4026 3511 4102 iniquas
3560 4032 3651 4087 at-

1991 4129 2108 4186 que
2138 4112 2776 4185 incomprehensibiles
2806 4114 3124 4173 hominum
3144 4121 3375 4175 mentes
3406 4134 3652 4177 concre-

1989 4202 2202 4267 mabit,
2251 4219 2387 4275 qua:
2424 4219 2586 4259 nunc
2626 4220 2689 4259 se
2717 4203 3063 4262 hominibus
3101 4207 3279 4263 etiam
3312 4207 3425 4265 sub
3451 4209 3652 4281 signo-

1990 4309 2125 4349 rum
2176 4292 2482 4349 miraculis
2536 4294 2857 4365 occultant,
2908 4296 3012 4370 qui
3054 4296 3116 4352 in
3160 4297 3393 4368 judicio
3439 4298 3653 4355 dicturi

1994 4388 2169 4439 sunt:
2204 4404 2223 4435 ε
2264 4383 2532 4452 Domine,
2564 4384 2831 4455 domine,
2862 4402 3065 4442 nonne
3117 4386 3179 4442 in
3238 4388 3481 4444 nomine
3549 4392 3651 4444 tuo

1989 4472 2482 4547 prophetavimus
2562 4474 2796 4545 (Matth.
2850 4476 3051 4545 vn)?»
3130 4479 3187 4532 et
3235 4475 3490 4550 reliqua.
3538 4476 3653 4531 Sed

1991 4561 2236 4617 audient
2264 4578 2300 4618 a
2328 4562 2578 4618 Domino
2603 4581 2615 4619 :
2653 4586 2681 4613 «
2708 4563 2998 4620 Discedite
3029 4581 3065 4621 a
3091 4580 3211 4631 me,
3253 4563 3509 4636 operarii
3536 4562 3650 4619 ini-

1990 4651 2252 4725 quitatis,
2283 4652 2485 4708 nescio
2512 4652 2615 4725 qui
2644 4652 2837 4707 estis.»
2873 4654 3020 4708 Cum
3041 4653 3135 4706 his
3169 4651 3347 4706 etiam
3376 4667 3519 4724 pars
3548 4650 3654 4707 do-

1990 4757 2126 4795 mus
2156 4741 2524 4809 comedetnr,
2547 4740 2691 4812 quia
2729 4740 2965 4794 Judaeos
3020 4739 3341 4811 gloriantes
3402 4738 3477 4796 de
3528 4756 3651 4797 suae

1991 4829 2359 4885 caeremoniis
2388 4828 2534 4897 legis
2561 4832 2739 4901 atque
2771 4827 2845 4883 de
2876 4828 3168 4885 lectorum
3196 4845 3451 4885 numero
3479 4845 3539 4886 se
3565 4845 3653 4886 es-

1990 4936 2052 4975 se
2080 4920 2396 4989 jactantes,
2439 4917 2597 4973 unde
2631 4920 2687 4972 et
2735 4916 3030 4974 dixerunt.
3061 4939 3091 4968 ‹‹
3128 4920 3246 4975 Nos
3293 4924 3525 4992 patrem
3553 4920 3653 4978 ha-

1988 5008 2202 5065 bemus
2231 5005 2537 5062 Abraham
2565 5008 2765 5075 (Joan.
2790 5024 2929 5080 vni),
2957 5029 2986 5059 »
3016 5007 3122 5082 qui
3143 5007 3286 5065 olim
3308 5009 3529 5067 domus
3550 5010 3654 5069 Dei

1988 5097 2129 5154 dicti
2159 5099 2320 5166 sunt,
2352 5099 2492 5151 tunc
2510 5096 2798 5165 gehennae
2816 5097 3067 5155 ﬂamma
3082 5099 3509 5157 concremabit.
3534 5102 3653 5158 Un-

1988 5188 2062 5244 de
2099 5203 2223 5244 non
2242 5186 2540 5243 immerito
2561 5187 2631 5244 de
2662 5187 2928 5263 utrisque
2958 5189 3225 5262 sequitur
3253 5207 3266 5246 :
3298 5212 3325 5243 «
3361 5191 3652 5251 Dominus

1983 5279 2147 5350 judie
2156 5277 2277 5333 abit
2288 5277 2438 5333 ﬁnes
2451 5280 2616 5333 terrae
2626 5319 2639 5332 .
2649 5277 2853 5344 nQuod
2866 5278 3145 5351 quamvis
3157 5279 3330 5351 juxta
3341 5279 3655 5339 historiam

1987 5365 2619 5442 possitintelligi,quia
2646 5365 2772 5441 ipse
2803 5366 3036 5438 judicat
3069 5384 3280 5425 omnes
3297 5368 3651 5427 ﬁnesterrte.

1986 5461 2159 5514 Juxta
2175 5458 2339 5531 quod
2366 5472 2473 5531 per
2494 5456 2865 5513 Psalmistam
2892 5456 3135 5514 dicitur:
3160 5482 3187 5507 «
3206 5458 3357 5524 Quia
3383 5459 3443 5516 in
3466 5473 3654 5515 manu

1990 5549 2119 5619 ejus
2146 5562 2355 5602 omnes
2385 5546 2535 5600 ﬁnes
2568 5549 2731 5601 terrae
2764 5547 2946 5617 (Psat,
2980 5550 3191 5620 xexn'),
3238 5547 3509 5605 videlicet
3541 5562 3652 5602 sua

1994 5639 2282 5708 potestate
2322 5637 2540 5691 cuncta
2575 5633 2923 5702 decernens,
2973 5639 3174 5691 tamen
3213 5634 3289 5693 de
3330 5636 3546 5701 futuro,
3588 5635 3655 5687 ut
