4130 6182
386 4897 393 4903 ,
504 4839 742 4911 perium
843 4840 970 4909 regi
1053 4855 1183 4920 suo.

506 112 601 165 271

1537 104 1895 160 ANGELOMI
1934 98 2384 160 LUXOVIENSIS
2421 105 2731 163 MONACHI

3830 109 3940 163 272

506 229 794 298 diximus,
825 227 1111 301 accipitur
1132 226 1358 298 judicio
1391 225 1495 282 ubi
1527 225 1699 297 juxta
1726 223 2034 281 retributio
2072 223 2161 279 fu-
2190 224 2240 278 Α
2270 229 2393 283 stas
2420 231 2667 299 aeterna,
2697 246 2834 303 quae
2865 244 2987 285 non
3019 227 3339 296 auferetur,
3383 231 3440 284 et
3491 243 3755 298 regnum
3805 230 3940 302 ejus

508 326 643 378 tura
662 322 754 375 est
776 334 812 373 a
830 316 1082 371 Domino
1108 330 1288 386 super
1309 313 1462 371 ﬁlios
1484 314 1648 384 Adae,
1672 313 1776 370 ubi
1787 313 1960 385 juxta
1980 317 2163 385 Apos-

509 409 735 465 tolum:
769 427 796 453 «
820 406 1042 460 Omnes
1070 406 1302 474 oportet
1324 402 1673 474 praesentari
1714 406 1851 458 ante
1898 401 2162 457 tribunal

509 497 717 569 ipsius,
777 497 843 548 ut
895 491 1108 548 reddat
1158 491 1579 563 unusquisque
1630 491 1924 548 rationem
1984 493 2163 563 prout

510 584 691 657 gessit
719 599 781 639 se
807 582 968 651 (Cor.
1001 582 1080 652 v.)
1109 603 1137 629 ››
1160 581 1326 637 Unde
1376 584 1433 636 et
1461 580 1779 637 Psalmista
1811 599 1824 637 :
1859 600 1889 634 ‹
1938 578 2165 636 Reddet

508 674 831 745 unicuique
861 670 1195 726 secundum
1227 685 1411 743 opera
1443 686 1555 726 sua
1581 672 1753 740 (Psal
1778 669 1906 741 LXI).
1939 688 1970 721 »
2000 671 2162 725 Tunc

511 764 729 820 scilicet
756 758 1002 833 quando
1029 759 1556 829 congregabuntur
1607 764 1743 816 ante
1785 775 1924 815 eum
1952 773 2164 815 omnes

511 855 715 923 gentes
745 854 802 904 et
830 847 1171 919 segregabit
1208 864 1421 904 omnes
1454 848 1531 904 ab
1562 848 1837 917 invicem,
1869 852 2164 920 tanquam

511 942 786 1009 segregat
812 941 1021 1010 pastor
1041 953 1183 992 oves
1221 936 1300 992 ab
1330 936 1521 994 haedis
1549 937 1792 1006 (Matth.
1826 936 1985 1009 xxv).
2015 936 2164 991 Hinc

507 1046 616 1104 per
644 1028 1003 1101 Prophetam
1026 1026 1241 1082 dicitur
1268 1045 1281 1082 ε
1317 1049 1344 1076 ‹‹
1378 1026 1613 1083 Paravit
1639 1026 1701 1082 in
1726 1026 1950 1098 judicio
2007 1026 2167 1081 thro-

509 1136 659 1176 num
687 1132 887 1185 suum,
910 1120 967 1172 et
988 1115 1115 1188 ipse
1130 1115 1427 1186 judicabit
1452 1116 1661 1172 orbem
1692 1119 1861 1172 terrae
1891 1115 1953 1170 in
1983 1113 2163 1187 aequi-

510 1214 650 1273 tate,
673 1206 970 1279 judicabit
992 1205 1252 1278 populos
1282 1206 1345 1261 in
1369 1206 1598 1277 justitia
1630 1205 1945 1277 (Psat.1x).
1973 1227 2000 1255 n
2033 1208 2163 1277 Ipse

510 1299 716 1370 utique
737 1294 1025 1351 Dominus
1048 1293 1312 1350 Christus
1341 1294 1447 1366 qui
1476 1294 1852 1350 adversarios
1897 1308 2058 1361 suos,
2094 1308 2165 1349 ac

511 1401 721 1442 eorum
747 1382 1054 1454 injustitia,
1084 1382 1180 1438 hic
1219 1381 1504 1455 patiendo
1562 1382 1819 1455 pertulit,
1848 1382 1930 1437 ibi
1965 1381 2165 1454 impiis

512 1473 801 1531 veraciter
846 1472 1060 1528 dicitur
1112 1472 1524 1528 demonstrare
1592 1472 1903 1543 justitiam.
1947 1470 2160 1528 Orbem

2269 332 2522 388 regnum
2535 320 2964 394 sempiternum
2973 361 2986 386 ,
3000 318 3167 392 quod
3179 333 3302 374 non
3319 322 3741 390 corrumpetur
3754 320 3937 391 (Dan.

2269 407 2386 477 v11).
2422 428 2449 456 »
2482 408 2607 466 Hoc
2637 413 2726 465 est
2754 408 2922 481 quod
2953 407 3274 480 Apostolus
3308 406 3391 463 ait
3421 423 3435 461 :
3472 429 3502 457 ‹‹
3537 406 3649 472 Qui
3678 424 3828 464 cum
3878 409 3942 465 in

2269 495 2464 553 forma
2496 497 2593 553 Dei
2610 503 2782 562 esset,
2814 513 2938 554 non
2966 497 3242 571 rapinam
3266 496 3589 553 arbitratus
3604 502 3700 553 est
3715 513 3855 555 esse
3878 514 3940 555 se

2269 584 2567 657 aequalem
2586 588 2725 649 Deo,
2751 586 2859 642 sed
2889 588 3278 658 semetipsum
3298 584 3647 651 exinanivit,
3671 585 3940 643 formam

2272 672 2421 728 servi
2446 672 2767 746 accipiens,
2790 673 2851 729 in
2877 672 3331 729 similitudinem
3361 672 3685 729 hominum
3717 673 3941 740 factus,

2271 765 2328 817 et
2341 761 2549 818 habitu
2563 763 2846 819 inventus
2863 766 2926 817 ut
2944 761 3131 817 homo
3151 760 3490 817 humiliavit
3511 762 3937 835 semetipsum,

2270 848 2462 906 factus
2490 854 2579 907 est
2602 850 2889 906 obediens
2921 866 3111 923 usque
3132 849 3211 905 ad
3239 854 3519 917 mortem,
3549 854 3816 907 mortem
3842 867 3942 908 au-

2278 942 2397 994 tem
2423 938 2646 995 crucis:
2680 942 2916 1010 PrOpter
2938 937 3105 1010 quod
3128 941 3189 994 et
3224 940 3376 993 Deus
3400 937 3573 994 illum
3624 938 3936 1008 exaltavit,

2272 1031 2329 1082 et
2351 1025 2595 1082 donavit
2612 1025 2695 1082 illi
2711 1041 2935 1082 nomen
2964 1024 3127 1097 quod
3151 1029 3243 1081 est
3271 1041 3452 1098 super
3478 1041 3661 1083 omne
3683 1042 3936 1099 nomen,

2271 1118 2338 1170 ut
2358 1114 2419 1170 in
2449 1114 2693 1171 nomine
2711 1118 2848 1170 Jesu
2877 1130 3057 1170 omne
3078 1128 3238 1183 genu
3256 1115 3528 1171 ﬂectatur
3555 1116 3812 1187 (Philip.
3841 1133 3933 1172 ιι.»

2272 1206 2330 1260 et
2353 1203 2603 1276 reliqua.
2663 1203 2806 1272 Hinc
2835 1202 3019 1259 Isaias
3052 1201 3133 1259 ait
3163 1219 3176 1258 :
3221 1225 3249 1253 «
3274 1202 3760 1275 Multiplicabitur
3808 1204 3937 1276 ejus

2270 1292 2614 1365 imperium.
2696 1296 2754 1348 et
2819 1291 2988 1365 pacis
3048 1306 3172 1348 non
3222 1292 3331 1349 erit
3367 1292 3504 1348 ﬁnis
3564 1294 3704 1361 (Isa.
3772 1296 3936 1362 1x).»

2273 1405 2301 1433 ‹‹
2337 1385 2526 1455 Super
2555 1382 2769 1438 solium
2805 1382 3011 1453 David,
3042 1386 3100 1438 et
3142 1398 3327 1456 super
3355 1398 3612 1453 regnum
3674 1385 3729 1456 ej
3743 1402 3815 1440 us
3847 1400 3933 1442 se-

2273 1471 2437 1527 debit
2484 1471 2649 1543 (Luc.
2679 1487 2699 1526 1
2731 1472 2767 1541 ).
2806 1492 2834 1521 ››
2860 1470 3002 1526 Hinc
3053 1470 3317 1540 Angelus
3369 1471 3450 1528 ad
3504 1471 3764 1529 Mariam
3812 1474 3930 1530 ait:

511 1568 700 1633 terrae,
724 1565 962 1617 sanctos
990 1559 1150 1616 viros
1175 1560 1465 1616 debemus
1492 1560 1783 1633 accipere,
1810 1560 1915 1633 qui
1936 1559 2012 1616 de
2041 1559 2166 1615 uni-
2200 1576 2244 1628 B
2274 1559 2448 1616 Dabit
2476 1558 2559 1615 illi
2609 1559 2899 1615 Dominus
2947 1560 3104 1615 Deus
3132 1558 3339 1616 sedem
3370 1559 3557 1617 llavid
3600 1561 3793 1633 patris
3824 1563 3929 1622 sui.

510 1651 729 1709 versali
755 1649 1019 1706 Ecclesia
1046 1649 1222 1722 quasi
1251 1649 1325 1705 de
1358 1665 1597 1706 coronae
1656 1648 1879 1706 circulo
1923 1663 2168 1719 congre-

512 1738 749 1814 gantur.
806 1740 899 1795 Isti
947 1738 1009 1794 in
1066 1737 1345 1811 aequitate
1392 1738 1709 1810 judicandi
1756 1742 1913 1807 sunt,
1945 1736 2166 1811 quibus

511 1836 755 1905 propter
782 1828 918 1885 ﬁdei
951 1834 1008 1884 et
1029 1826 1377 1884 humilitatis
1400 1845 1522 1884 suae
1549 1828 1804 1897 bonum,
1838 1828 2168 1884 misericor-

512 1920 613 1976 dia
635 1918 880 1992 copiosa
891 1916 1289 1990 praestabitur,
1307 1916 1411 1990 qui
1427 1916 1685 1973 audituri
1702 1921 1841 1973 suut
1863 1934 1876 1972 :
1897 1936 1927 1971 ς
1944 1916 2164 1981 Venite,

508 2008 808 2065 benedicti
845 2007 1033 2063 Patris
1082 2006 1220 2076 mei,
1265 2005 1565 2078 possidete
1611 2010 1894 2080 paratum
1926 2006 2162 2077 (Matth.

510 2098 671 2168 xxv),
700 2100 808 2153 etc.
842 2114 870 2149 ι
902 2094 1117 2168 Populi
1154 2098 1356 2151 autem
1385 2094 1606 2151 debent
1647 2095 1838 2168 accipi
1882 2098 2161 2168 peccato-

509 2203 626 2255 res,
643 2184 749 2258 qui
768 2183 1051 2257 operibus
1080 2183 1392 2240 diabolicis
1408 2200 1532 2240 non
1564 2184 1838 2241 videntur
1859 2183 2019 2241 exuti
2040 2182 2168 2253 ;isti

511 2290 651 2331 cum
677 2272 909 2346 justitia
954 2272 1279 2344 judicandi
1327 2277 1484 2340 sunt,
1518 2272 1660 2346 quia
1706 2288 1816 2346 pro
1867 2273 2166 2330 factorum

513 2381 758 2421 suorum
794 2363 1013 2419 scelere
1065 2363 1539 2430 damnabuntur,
1583 2362 1805 2435 quibus
1843 2362 2167 2419 dicendum

511 2458 640 2510 est:
693 2452 852 2519 «Ite,
912 2450 1229 2517 maledicti,
1287 2451 1349 2505 in
1404 2451 1610 2520 ignem
1663 2455 1973 2507 aeternum.
2002 2474 2031 2501 »
2075 2451 2167 2508 Sic

512 2539 751 2595 duobus
781 2538 1130 2594 nominibus
1162 2538 1457 2610 aequitatis
1508 2544 1564 2594 et
1610 2539 1874 2610 justitiae,
1909 2538 2165 2612 qualita-

514 2633 633 2684 tem
658 2627 821 2683 illam
873 2626 1107 2698 judicii,
1141 2626 1399 2682 mirabili
1423 2626 1706 2684 brevitate
1737 2627 2069 2701 descripsit.
2104 2632 2166 2683 In

512 2733 635 2790 quo
662 2715 911 2787 judicio,
944 2720 1009 2770 ut
1036 2714 1322 2783 diximus,
1353 2715 1543 2787 iniqui
1571 2715 1760 2771 Judmi
1780 2716 1975 2772 acrius
2000 2716 2169 2772 dam-

510 2806 838 2872 nabuntur,
886 2802 1032 2876 quia
1069 2805 1359 2859 Dominus
1420 2804 1716 2875 judicabit
1770 2804 1919 2861 ﬁnes
1974 2810 2162 2861 terrae.

2276 1653 2332 1704 et
2376 1647 2652 1719 regnabit
2680 1647 2742 1703 in
2772 1648 2958 1704 domo
2984 1646 3169 1703 Iacob
3217 1651 3279 1703 in
3306 1653 3618 1717 reternum,
3665 1653 3725 1707 et
3768 1650 3930 1723 regni

2275 1737 2404 1808 ejus
2427 1752 2550 1792 non
2581 1735 2689 1792 erit
2718 1735 2853 1791 finis
2886 1735 3089 1805 (Mich.
3114 1736 3212 1807 1v).
3249 1759 3277 1787 ››
3313 1739 3388 1793 De
3419 1753 3543 1810 quo
3572 1738 3760 1796 etiam
3782 1740 3928 1796 bene

2275 1825 2355 1881 ait
2375 1844 2406 1878 ‹
2438 1829 2494 1880 et
2521 1823 2690 1881 dabit
2736 1824 3059 1896 imperium
3090 1824 3216 1896 regi
3268 1842 3398 1893 suo,
3434 1847 3463 1876 ››
3492 1826 3609 1899 ipsi
3663 1827 3931 1885 videlicet

2275 1912 2521 1979 Christo,
2549 1911 2647 1969 cui
2675 1911 2917 1969 tradidit
2944 1915 3114 1968 Pater
3152 1913 3358 1969 omnia
3404 1913 3467 1970 in
3510 1930 3777 1987 manus;
3826 1934 3927 1974 seu

2274 2001 2573 2073 dabitregi
2591 2016 2699 2058 suo
2714 2001 3056 2073 imperium,
3075 2001 3190 2058 hoc
3205 2007 3294 2059 est
3317 2003 3546 2076 populo
3571 2005 3922 2063 Christiano.

2276 2093 2385 2147 Dat
2417 2090 2502 2146 eis
2551 2088 2849 2159 virtutem,
2882 2090 3026 2163 quia
3057 2106 3236 2163 super
3264 2107 3532 2160 carnem,
3556 2093 3709 2152 sicut
3734 2111 3920 2166 reges,

2274 2182 2565 2249 regnant:
2616 2183 2674 2234 et
2713 2178 2776 2234 in
2801 2178 2923 2248 illo,
2969 2179 3072 2252 qui
3102 2183 3347 2252 propter
3375 2196 3478 2237 eos
3509 2181 3660 2239 fudit
3686 2183 3921 2255 sangui-

2276 2282 2412 2323 nem
2449 2281 2648 2336 suum,
2670 2266 2971 2322 mundum
2998 2266 3246 2323 vincunt
3287 2286 3318 2321 (
3351 2270 3418 2324 Et
3438 2268 3780 2328 sublimabit
3801 2287 3922 2328 cor-

2275 2371 2361 2411 nu
2391 2354 2601 2412 Christi
2629 2353 2740 2410 sui.
2768 2378 2795 2405 ››
2826 2354 2979 2420 Quid
3000 2371 3107 2428 per
3122 2371 3314 2411 cornu
3331 2357 3557 2425 Christi,
3581 2358 3692 2414 nisi
3713 2359 3918 2414 ﬁrmis-

2276 2445 2494 2501 simam
2523 2458 2593 2499 ac
2622 2442 2849 2500 celsam
2872 2444 3204 2517 potentiam
3236 2461 3414 2502 suam
3438 2445 3721 2502 debemus
3745 2446 3909 2503 intel-

2273 2532 2476 2602 ligere,
2504 2549 2641 2605 qua:
2674 2538 2889 2589 cuncta
2932 2533 3337 2606 supereminet
3360 2534 3436 2591 de
3463 2534 3631 2608 ipso:
3658 2550 3915 2608 namque

2275 2620 2590 2677 Zacharias
2619 2620 2903 2695 loquitur,
2938 2621 3145 2678 dicens
3177 2640 3190 2679 :
3240 2624 3437 2680 Erexit
3484 2640 3672 2682 cornu
3724 2624 3923 2682 salutis

2274 2710 2451 2766 nobis
2480 2711 2647 2782 (Luc.
2679 2712 2741 2783 1).
2772 2735 2800 2762 ››
2847 2713 2994 2768 Ossa
3025 2712 3327 2785 siquidem
3356 2715 3586 2784 omnia,
3641 2731 3813 2772 carne
3840 2715 3928 2770 in-

2274 2798 2482 2856 voluta
2512 2804 2652 2855 sunt
2681 2817 2695 2868 ;
2719 2816 2908 2856 cornu
2938 2802 3172 2858 excedit
3201 2818 3467 2867 carnem,
3501 2808 3559 2860 et
3587 2804 3723 2861 ideo
3750 2819 3933 2861 cornu

521 2895 811 2950 Caeterum
833 2898 1129 2966 quantum
1155 2892 1233 2948 ad
1256 2892 1547 2949 moralem
1570 2893 1821 2966 pertinet
1843 2893 2169 2964 intelligen-
2206 2929 2247 2985 C
2278 2887 2487 2985 salutis
2513 2904 2773 2985 regnum
2796 2888 3141 2985 Salvatoris
3169 2891 3408 2985 __Christi
3449 2897 3728 2985 vocatur,
3767 2892 3936 2985 quod

512 2984 679 3054 tiam,
709 2983 861 3039 ﬁnes
890 2986 1059 3038 terrae
1089 2987 1356 3037 extrema
1392 2981 1707 3037 hominum
1756 2986 1934 3054 atque
1979 2983 2167 3037 inten-

513 3073 704 3130 tiones
733 3071 1146 3142 designantur,
1169 3087 1305 3144 qute
1326 3071 1613 3127 Dominus
1638 3066 1911 3142 judicare
1932 3071 2164 3127 dicitur.

512 3167 647 3236 Ipse
675 3162 921 3235 quidem
943 3162 1078 3235 pius
1111 3161 1394 3217 Conditor
1422 3166 1643 3223 noster,
1672 3160 1969 3216 facturam
1992 3176 2169 3217 suam

512 3270 637 3311 non
663 3252 974 3321 deserens,
1001 3251 1165 3308 mala
1191 3252 1507 3307 hominum
1531 3256 1588 3307 et
1614 3267 1718 3324 per
1747 3266 1922 3307 suam
1942 3251 2169 3323 patien-

511 3344 656 3399 tiam
690 3341 919 3406 tolerat,
954 3345 1011 3395 et
1040 3356 1147 3411 per
1175 3355 1384 3395 eorum
1428 3340 1798 3412 quandoque
1829 3338 2169 3394 conversio-

511 3443 653 3482 nem
674 3426 920 3481 relaxat.
946 3428 1094 3482 Cum
1111 3426 1293 3481 duras
1318 3431 1499 3498 atque
1527 3426 1903 3481 insensibiles
1935 3431 2169 3484 mentes

512 3512 770 3585 respicit,
800 3512 984 3568 modo
1006 3527 1111 3568 eas
1141 3512 1340 3579 minis,
1374 3512 1560 3568 modo
1591 3512 1960 3580 verberibus,
1988 3514 2169 3570 modo

512 3599 980 3656 revelationibus
1009 3604 1205 3668 terret,
1249 3606 1313 3656 ut
1349 3617 1487 3672 quae
1537 3600 1804 3672 pessima
1859 3602 2171 3658 securitate

515 3689 868 3757 duruerant,
912 3688 1136 3744 salubri
1192 3688 1401 3745 timore
1435 3688 1804 3746 mollescant.
1852 3691 1969 3747 Scit
2011 3691 2172 3746 enim

515 3778 828 3847 Dominus,
860 3779 1007 3850 quia
1030 3782 1298 3834 extrema
1326 3778 1461 3833 vitae
1511 3783 1751 3845 nostrae,
1783 3778 1919 3852 plus
1941 3779 2173 3851 judicat

515 3872 574 3924 et
604 3867 825 3924 idcirco
855 3866 1074 3923 electos
1107 3883 1251 3922 suos
1299 3867 1359 3923 in
1399 3866 1518 3923 ﬁne
1572 3866 1876 3924 sollicitius
1930 3872 2168 3942 purgat.

514 3956 663 4011 Hinc
694 3960 783 4010 est
806 3954 971 4027 quod
995 3955 1091 4010 hic
1125 3955 1413 4028 scriptum
1438 3960 1558 4012 est:
1579 3978 1607 4006 ι(
1633 3956 1922 4013 Dominus
1943 3957 2173 4029 judica-

514 4042 602 4098 bit
629 4042 780 4097 ﬁnes
804 4046 993 4111 terrae,
1024 4066 1054 4093 »
1085 4043 1230 4116 quia
1264 4047 1432 4100 tanto
1464 4043 1685 4100 ultimis
1712 4046 1934 4102 nostris
1956 4045 2169 4116 invigi-

513 4130 615 4197 lat,
641 4134 868 4202 quanto
895 4130 956 4185 in
983 4130 1129 4203 ipsis
1154 4130 1319 4188 initia
1351 4133 1653 4206 sequentis
1683 4138 1914 4206 pensat.
1936 4137 2000 4190 Et
2027 4133 2172 4207 quia

513 4222 720 4274 nostra
750 4233 936 4290 opera
956 4223 1135 4291 atque
1181 4218 1542 4276 intentiones
1573 4220 1819 4278 diversis
1848 4221 2064 4292 modis,
2091 4221 2168 4278 si-

514 4310 615 4362 cut
642 4305 869 4362 dictum
897 4311 1003 4371 est,
1029 4307 1089 4362 in
1118 4307 1486 4365 extremitate
1511 4308 1837 4378 examinat,
1861 4310 2016 4367 bene
2043 4310 2167 4367 dic-

512 4397 642 4450 tum
675 4398 782 4461 est,
803 4417 831 4444 ‹‹
868 4396 1150 4451 Dominus
1174 4396 1470 4468 judicabit
1489 4397 1640 4453 ﬁnes
1668 4402 1838 4455 terrae
1863 4417 1876 4467 ;
1926 4421 1955 4449 ››
1986 4398 2049 4455 id
2082 4403 2172 4455 est

511 4486 777 4540 extrema
794 4482 1076 4553 hominis,
1101 4485 1392 4558 quoniam
1411 4502 1535 4542 non
1556 4485 1695 4542 inde
1711 4487 2166 4559 judicabuutur,

509 4588 647 4645 quae
690 4573 751 4628 in
804 4573 1018 4629 melius
1072 4573 1167 4628 vel
1216 4574 1277 4629 in
1336 4573 1597 4630 deterius
1643 4574 1844 4631 medio
1898 4579 2167 4648 tempore

508 4668 976 4734 commutantur,
1008 4664 1114 4720 sed
1170 4663 1230 4718 in
1280 4664 1504 4736 quibus
1560 4664 1839 4721 extremis
1886 4664 2167 4723 inventus

506 4750 680 4806 fuerit
726 4751 832 4824 qui
875 4751 1263 4823 judicabitur.
1300 4750 1621 4823 Sequitur:
1655 4774 1685 4801 «
1717 4755 1784 4810 Et
1835 4752 2008 4811 dabit
2054 4754 2166 4810 im-

1282 4839 1570 4896 Dominus
1665 4841 1770 4899 dat
1842 4842 2164 4917 imperium

503 4928 631 4997 regi
685 4945 818 4998 suo,
914 4928 1060 4999 quia
1135 4928 1288 4982 Deus
1373 4932 1541 4986 Pater
1624 4930 1848 5005 ubique
1898 4938 2163 5007 potesta-

504 5023 626 5073 tem
651 5017 819 5072 dedit
840 5014 1146 5084 unigenito
1174 5015 1311 5071 Filio
1330 5033 1439 5073 suo
1463 5036 1475 5073 :
1504 5020 1677 5091 juxta
1696 5022 1861 5095 quod
1880 5022 2085 5079 Daniel
2100 5022 2162 5077 in

502 5106 732 5161 visione
762 5118 874 5157 sua
900 5101 1184 5173 loquitur,
1217 5102 1454 5162 dicens:
1490 5130 1519 5158 »
1565 5109 1944 5181 Aspiciebam
1987 5109 2050 5164 in
2077 5109 2162 5164 vi-

504 5192 672 5246 sione
695 5187 912 5255 noctis,
944 5191 1002 5244 et
1021 5203 1155 5244 ecce
1181 5206 1322 5247 cum
1348 5193 1613 5252 nubibus
1635 5197 1790 5264 cceli,
1809 5194 1983 5267 quasi
2002 5195 2160 5251 ﬁlius

502 5275 767 5333 hominis
783 5276 962 5348 venit,
981 5282 1037 5334 et
1052 5293 1244 5353 usque
1262 5282 1341 5338 ad
1355 5284 1681 5356 Antiquum
1696 5282 1928 5338 dierum
1949 5298 2160 5356 perve-

503 5365 591 5421 nit
615 5364 745 5420 etin
764 5371 1093 5440 conspectu
1116 5369 1167 5440 ej
1178 5386 1246 5425 us
1262 5370 1608 5427 obtulerunt
1639 5385 1800 5439 eum,
1832 5375 1890 5426 et
1916 5370 2079 5428 dedit
2106 5373 2160 5429 ei

503 5455 857 5525 potestatem
876 5456 1235 5513 ethonorem
1255 5463 1312 5514 et
1326 5474 1603 5527 regnum,
1628 5461 1685 5511 et
1700 5472 1910 5514 omnes
1926 5460 2155 5532 populi,

503 5541 693 5599 tribus
719 5546 778 5599 et
798 5542 1036 5616 linguae,
1074 5547 1185 5619 ipsi
1230 5546 1503 5603 servient.
1534 5548 1794 5603 Potestas
1831 5548 1963 5621 ejus
1995 5555 2156 5624 pote-

2276 2981 2493 3033 cuncta
2525 2976 2747 3048 gaudia
2796 2977 2977 3049 hujus
3004 2979 3201 3035 saeculi
3234 2983 3492 3051 superat,
3541 2979 3602 3035 in
3632 2981 3809 3050 cujus
3859 2981 3941 3037 si-

2277 3062 2680 3134 gniﬁcatione,
2710 3063 2898 3120 David
2921 3064 3016 3121 vel
3048 3065 3344 3134 Salomon,
3398 3080 3587 3121 cornu
3631 3065 3746 3122 olei
3791 3072 3939 3124 sunt

2276 3151 2337 3208 in
2358 3152 2501 3223 regii
2535 3151 2788 3222 gloriam
2818 3154 3158 3211 consecrati.
3191 3153 3412 3210 Verum
3462 3159 3527 3211 ut
3555 3155 3934 3228 quibusdam

2276 3240 2493 3314 placet,
2516 3257 2623 3314 per
2649 3241 2971 3315 imperium
3001 3243 3168 3316 quod
3205 3259 3242 3300 a
3264 3245 3438 3299 Patre
3466 3243 3647 3299 Filius
3677 3245 3930 3319 accepit,

2279 3331 2611 3403 specialites
2646 3330 2903 3388 Ecclesia
2931 3333 3352 3391 tantummodo
3405 3333 3796 3405 designatur.
3851 3339 3930 3392 De

2277 3436 2400 3492 quo
2419 3435 2525 3492 per
2552 3419 2934 3477 Psalmistam
2956 3424 3122 3477 Pater
3149 3421 3431 3494 loquitur,
3460 3422 3668 3479 dicens
3702 3442 3715 3479 :
3741 3447 3767 3474 ‹‹
3793 3424 3929 3479 Pos-

2279 3508 2404 3563 tula
2431 3524 2468 3564 a
2484 3523 2602 3576 me,
2625 3512 2683 3565 et
2704 3509 2864 3566 dabo
2887 3509 2990 3566 tibi
3011 3514 3217 3579 gentes
3249 3510 3659 3568 hereditatem
3686 3518 3843 3568 tuam
3873 3518 3929 3568 et

2278 3598 2725 3669 possessionem
2757 3604 2921 3656 tuam
2948 3598 3231 3656 terminos
3252 3603 3421 3656 terrae
3452 3601 3626 3673 (Psat
3650 3602 3729 3673 ιι).
3754 3623 3781 3651 ››
3810 3602 3924 3656 Cu-

2276 3686 2374 3756 jus
2406 3686 2689 3743 terminos
2746 3687 2992 3757 indicat,
3026 3688 3197 3757 sicut,
3233 3689 3508 3761 superius
3537 3690 3758 3746 dictum
3794 3694 3921 3745 est:

2281 3774 2570 3830 Dominus
2597 3775 2895 3846 judicabit
2923 3776 3073 3832 ﬁnes
3129 3781 3316 3833 terrae.
3352 3798 3382 3827 ››
3413 3809 3482 3818 -
3533 3800 3562 3828 ‹‹
3592 3781 3761 3833 Pater
3807 3792 3930 3833 non

2274 3863 2508 3935 judicat
2536 3880 2937 3938 quemquam,
2970 3866 3165 3939 inquit
3210 3866 3272 3923 in
3303 3866 3642 3937 Evangelio,
3675 3866 3780 3923 sed
3807 3883 3936 3923 om-

2277 3968 2354 4008 ne
2396 3953 2692 4025 judicium
2749 3952 2914 4010 dedit
2970 3953 3109 4010 Filio
3169 3956 3373 4022 (Joan.
3424 3955 3500 4027 ν).
3535 3976 3564 4005 ››
3616 3958 3685 4012 Et
3739 3955 3932 4013 illud:

2279 4062 2307 4091 «
2341 4044 2694 4098 Potestatem
2739 4041 2905 4098 dedit
2934 4042 2987 4098 ei
3014 4042 3210 4099 facere
3232 4043 3549 4115 judicium,
3581 4045 3727 4117 quia
3758 4044 3938 4100 Filius

2277 4129 2539 4186 hominis
2568 4135 2655 4186 est
2679 4132 2868 4203 (Psal.
2901 4132 2983 4203 ιι).
3017 4154 3045 4182 ››
3082 4134 3162 4188 De
3206 4148 3329 4205 quo
3370 4132 3550 4189 etiam
3603 4132 3749 4190 alibi
3804 4133 3939 4206 ipse

2278 4217 2459 4273 Filius
2479 4218 2652 4274 dicit:
2697 4242 2725 4269 «
2752 4223 2873 4292 Ego
2900 4225 3102 4278 autem
3152 4220 3511 4278 constitutus
3542 4237 3679 4277 sum
3708 4237 3815 4278 rex
3856 4223 3939 4281 ab

2278 4323 2349 4363 eo
2399 4323 2579 4383 super
2638 4309 2776 4367 Sion
2822 4314 3092 4367 montem
3141 4315 3417 4368 sanctum
3469 4311 3600 4382 ejus
3643 4312 3873 4384 (Ibid.).
3907 4335 3936 4363 ι»

2276 4401 2358 4453 De
2386 4413 2509 4469 quo
2532 4398 2710 4455 etiam
2733 4398 2986 4471 imperio
3014 4400 3293 4472 annectit,
3320 4400 3527 4457 dicens
3554 4419 3567 4456 :
3598 4422 3625 4449 ‹‹
3661 4403 3728 4457 Et
3751 4402 3942 4459 subli-

2287 4486 2477 4543 mabit
2506 4503 2694 4544 cornu
2729 4488 2939 4545 Christi
2976 4489 3141 4545 sui.»
3180 4493 3302 4547 Hoc
3351 4489 3431 4547 ad
3481 4505 3701 4564 corpus
3778 4493 3938 4563 ejus,

2274 4575 2443 4649 quod
2464 4582 2553 4634 est
2606 4578 2884 4647 Ecclesia,
2915 4578 3120 4636 referri
3163 4578 3394 4641 volunt.
3434 4582 3655 4637 Omnes
3705 4581 3941 4656 quippe

2272 4670 2485 4723 unctos
2500 4667 2631 4738 ejus
2664 4668 2982 4725 chrismate
3010 4673 3165 4725 recte
3193 4668 3445 4726 christos
3476 4685 3811 4743 possumus
3842 4671 3939 4728 di-

2272 4770 2403 4812 eere
2434 4757 2601 4829 quod
2632 4760 2832 4815 tamen
2862 4761 3055 4815 totum
3104 4774 3246 4815 cum
3277 4773 3390 4815 suo
3430 4759 3648 4831 capite,
3682 4773 3937 4833 corpus,

2269 4860 2429 4901 unus
2470 4850 2559 4903 est
2606 4846 2896 4904 Christus.
2929 4847 3110 4918 Cujus
3160 4846 3373 4903 Christi
3419 4863 3698 4919 regnum,
3750 4848 3817 4904 id
3847 4853 3941 4906 est

2270 4935 2536 5008 corporis
2563 4936 2676 5007 sui,
2707 4936 2836 5009 ipse
2868 4935 3043 4993 Filius
3076 4936 3443 5004 sublimavit,
3473 4942 3773 5011 quantum
3801 4938 3943 4995 ubi-

2268 5039 2387 5096 que
2416 5024 2704 5095 dilatavit,
2735 5026 2874 5081 etin
2903 5027 3022 5083 ﬁde
3050 5026 3297 5083 ﬁrmiter
3328 5026 3626 5096 stabilivit,
3662 5032 3719 5084 et
3745 5043 3940 5099 regna

2267 5111 2483 5166 mundi
2506 5112 2816 5184 confregit,
2848 5118 2906 5170 et
2951 5115 3224 5187 superari
3253 5131 3326 5172 ea
3374 5115 3530 5172 fecit.
3577 5118 3755 5173 Juxta
3780 5116 3939 5190 quid

2266 5213 2375 5270 per
2393 5198 2768 5257 Psalmistam
2797 5202 2879 5257 ait
2904 5219 2917 5257 :
2942 5224 2971 5254 κ
3006 5207 3073 5260 Et
3121 5204 3330 5262 omnia
3380 5220 3608 5262 cornua
3653 5211 3935 5278 peccato-

2265 5303 2403 5345 rum
2486 5287 2885 5361 confringam,
2920 5314 2950 5343 ››
3028 5292 3092 5349 id
3142 5298 3235 5351 est
3318 5310 3542 5367 regna,
3604 5317 3633 5344 «
3661 5298 3720 5352 et
3773 5295 3941 5353 exal-

2266 5377 2552 5433 tabuntur
2630 5393 2858 5437 cornua
2920 5381 3067 5453 justi
3118 5383 3309 5455 (Psal.
3368 5387 3577 5453 LXXIV).
3613 5405 3642 5433 η
3689 5384 3939 5442 Cornua

2260 5464 2430 5535 justi,
2486 5480 2740 5535 regnum
2774 5474 2862 5527 est
2900 5471 3111 5545 populi
3152 5472 3338 5529 electi.
3402 5472 3497 5528 His
3546 5478 3938 5546 (quanquam

2264 5551 2554 5624 impolite,
2609 5561 2675 5615 ut
2725 5559 3050 5632 intelligere
3108 5560 3438 5636 potuimus,
3514 5566 3572 5618 et
3621 5560 3771 5618 mihi
3817 5565 3937 5622 tra-
