4136 6176
182 196 292 249 273

1185 193 1444 249 ENARR.
1489 195 1555 249 IN
1594 193 1844 250 LIBROS
1884 195 2140 254 REGUM.
2175 231 2243 239 —
2292 202 2360 256 IN
2401 200 2534 256 LIB.
2575 200 2620 254 Ι.

3495 206 3600 258 274

182 318 306 374 dita
326 317 587 382 fuerant,
605 315 1040 372 inculcavimus
1069 316 1328 389 qualiter
1353 320 1528 374 Anna
1557 317 1632 374 de
1651 317 1843 373 Chris-
1869 321 1917 373 A
1955 320 2130 377 vilem
2157 323 2380 394 cibum,
2407 325 2468 380 id
2498 335 2588 380 est
2617 323 2980 395 lenticulam,
3010 323 3373 394 concupivit.
3408 327 3603 389 Quam

182 414 260 474 to,
294 410 478 478 atque
509 405 584 460 de
614 404 875 460 Ecclesia
903 404 1193 476 gentium,
1261 411 1316 461 et
1363 405 1705 478 repulsione
1735 407 1842 479 Sy-

183 511 440 566 nagogaa
466 493 947 566 prophetaverat)
980 493 1249 566 expletis,
1284 494 1539 551 Domino
1586 494 1843 566 favente,

185 585 261 642 ad
289 584 410 641 alia
443 583 690 640 tandem
721 582 944 654 stylum
966 587 1194 639 vertere
1223 599 1541 640 conamur.

253 696 283 723 «ι
327 676 556 729 [nterea
575 671 813 728 Samuel
845 675 971 727 erat
998 671 1345 728 ministrans
1383 673 1445 728 in
1473 671 1696 744 templo
1729 673 1845 728 Do-

185 786 212 814 ‹‹
254 761 406 818 mini
435 760 738 818 accinctus
760 760 980 832 ephod,
1015 783 1042 809 ››
1095 761 1211 816 hoc
1240 764 1328 816 est
1371 760 1847 834 superhumerali

181 851 365 920 lineo,
397 849 564 922 quod
584 848 768 904 distat
796 849 875 904 ab
905 848 1004 904 illo
1061 849 1285 922 ephod,
1333 865 1457 922 quo
1486 849 1848 905 induebatur

184 938 490 1013 pontifex;
518 953 592 993 ex
618 940 879 1009 quatuor
908 937 1210 994 coloribus
1240 941 1296 993 et
1349 953 1703 994 concessum
1732 937 1846 994 mi-

184 1027 439 1084 noribus
463 1025 753 1098 gradibus
775 1030 924 1090 erat,
957 1025 1036 1081 ad
1060 1025 1374 1082 utendum.

255 1140 284 1166 ι(
328 1117 397 1170 Et
424 1115 694 1171 tunicam
716 1129 973 1186 parvam
1000 1113 1260 1170 faciebat
1289 1114 1342 1170 ei
1366 1117 1557 1171 mater
1581 1131 1709 1183 sua,
1739 1137 1766 1164 »
1793 1119 1850 1172 et

184 1205 439 1278 reliqua.
474 1202 710 1259 Tunica
739 1203 900 1259 enim
921 1219 1128 1276 parva,
1154 1218 1342 1276 quam
1369 1203 1624 1260 faciebat
1649 1204 1701 1260 ei
1728 1219 1850 1260 ma-

187 1299 291 1360 ter,
325 1292 629 1362 signiﬂcat
658 1292 996 1347 doctrinam
1027 1292 1284 1354 facilem,
1342 1308 1528 1365 quam
1559 1291 1852 1347 induendi

188 1387 327 1438 sunt
351 1381 535 1436 rudes
566 1380 753 1437 animi
783 1379 1184 1449 credentium;
1207 1380 1496 1453 qualibus
1528 1380 1749 1436 Paulus
1768 1380 1853 1435 di-

188 1472 298 1527 cit:
336 1493 364 1519 u
399 1473 511 1526 Lac
542 1469 713 1524 vobis
759 1473 971 1541 potum
1024 1469 1163 1524 dedi
1195 1470 1250 1540 (Ι
1278 1469 1414 1524 Cor.
1447 1469 1528 1540 v),
1563 1490 1591 1518 »
1631 1472 1688 1524 et
1717 1467 1850 1523 reli-

186 1575 329 1632 qua.
365 1556 869 1630 Superbumerale
897 1573 1036 1612 vero
1065 1556 1293 1612 lineum
1324 1556 1620 1626 signiﬁcat
1677 1556 1850 1612 casti-

1953 426 2092 466 cum
2148 413 2401 468 venditis
2445 415 2622 468 etiam
2676 412 3086 485 primogenitis
3143 412 3418 483 praetulit,
3480 431 3603 486 quo

1951 499 2014 555 in
2061 500 2227 558 illam
2304 504 2568 574 appetitu
2651 502 2977 572 anhelaret,
3031 501 3333 557 indicavit.
3402 506 3602 574 Neque

1953 589 2112 646 enim
2142 591 2329 659 cibus,
2358 593 2462 648 sed
2493 593 2790 665 appetitus
2812 592 2871 647 in
2897 591 3038 647 vitio
3066 595 3171 646 est.
3204 592 3367 647 Unde
3393 598 3450 648 et
3473 592 3600 648 lau-

1953 679 2129 734 tiores
2175 680 2342 735 cibos
2391 682 2746 754 plerumque
2805 681 2930 735 sine
2988 679 3165 752 culpa
3204 681 3520 752 sumimus,
3549 684 3606 736 et

1955 767 2304 840 abjectiores
2340 786 2460 825 non
2519 773 2648 825 sino
2696 773 2864 825 reatu
2919 768 3295 824 conscientiae
3326 769 3606 838 degusta-

1954 875 2112 914 mus.
2144 859 2247 914 Hic
2277 860 2501 931 quippe
2528 867 2730 931 (quem
2757 857 3040 928 diximus)
3073 860 3245 916 Esau.
3278 858 3605 930 primat‘um

1953 965 2061 1021 per
2088 948 2431 1004 lenticulam
2464 949 2739 1021 perdidit,
2785 952 2842 1003 et
2871 947 3025 1002 Elias
3081 947 3142 1001 in
3197 964 3396 1004 eremo
3425 948 3606 1003 virtu-

1955 1041 2074 1092 tem
2102 1038 2367 1109 corporis
2399 1054 2609 1093 carnes
2634 1036 2869 1093 edendo
2911 1035 3187 1091 servavit.
3225 1037 3386 1091 Unde
3417 1041 3473 1092 et
3502 1053 3605 1092 an-

1957 1126 2156 1198 tiquus
2182 1126 2367 1182 hostis
2398 1127 2540 1198 quia
2568 1141 2691 1181 non
2722 1125 2944 1190 cibum,
3008 1124 3116 1179 sed
3146 1124 3258 1179 sibi
3295 1125 3607 1197 concupis-

1958 1215 2215 1271 centiam
2268 1231 2399 1271 esse
2453 1231 2702 1270 causam
2756 1213 3162 1270 damnationis
3219 1199 3522 1282 intellexit,
3551 1218 3609 1269 et

1957 1304 2220 1377 primum
2249 1303 2359 1359 sibi
2379 1304 2686 1359 hominem
2708 1318 2830 1359 non
2864 1319 3063 1372 carne,
3098 1302 3202 1358 sed
3227 1318 3410 1374 pomo
3465 1303 3608 1358 sub-

1958 1391 2126 1460 didit,
2158 1397 2214 1448 et
2234 1393 2567 1448 secundum
2595 1408 2716 1448 non
2744 1408 2941 1458 carne,
2978 1391 3084 1446 sed
3136 1407 3293 1463 pane
3343 1391 3606 1447 tentavit.

1961 1482 2104 1537 Hinc
2133 1482 2409 1554 estquod
2463 1481 2817 1553 plerumque
2875 1480 3015 1535 Adae
3071 1479 3250 1551 culpa
3298 1480 3610 1535 committi-

1960 1575 2054 1626 tur
2105 1571 2280 1627 etiam
2307 1587 2446 1626 cum
2477 1569 2710 1640 abjecta
2741 1574 2796 1625 et
2824 1569 2964 1624 vilia
3009 1572 3352 1623 sumuntur.
3411 1572 3611 1641 Neque

189 1653 374 1704 tatem
397 1651 457 1702 et
481 1644 912 1701 continentiam
942 1661 1081 1700 cum
1112 1645 1288 1701 bonis
1344 1645 1649 1718 operibus.
1704 1646 1853 1711 Quia

1968 1661 2120 1716 enim
2160 1660 2355 1715 Adam
2377 1659 2561 1726 solus,
2589 1676 2651 1714 ιιι
2675 1675 2712 1714 a
2737 1658 2914 1715 vetito
2943 1675 3004 1714 se
3051 1674 3236 1730 pomo
3287 1659 3614 1730 suspende-

188 1735 466 1808 quisquis
493 1734 700 1789 divino
728 1733 1058 1789 ministerio
1088 1734 1259 1804 fungi
1304 1736 1551 1806 appetit,
1605 1749 1852 1790 necesse

189 1829 277 1880 est
303 1830 370 1879 ut
392 1823 662 1896 primum
716 1828 875 1878 caste
904 1823 1399 1895 continenterque
1450 1821 1632 1894 vivat,
1675 1838 1747 1879 ac
1769 1823 1852 1878 sic

191 1916 252 1970 in
275 1914 460 1970 bonis
492 1913 778 1986 operibus
819 1912 1208 1985 semetipsum
1240 1916 1532 1969 exerceat.

267 2027 297 2053 ‹‹
342 2005 521 2058 Porro
561 2001 667 2056 ﬁlii
715 2000 864 2070 Heli,
899 2006 956 2056 et
1005 2000 1111 2056 ﬁlii
1152 2000 1348 2071 Belial,
1379 2000 1714 2057 nescientes
1744 2001 1855 2057 Do-

195 2117 222 2143 α
265 2093 506 2149 minum
551 2108 748 2164 neque
801 2091 1070 2148 ofﬁcium
1125 2092 1505 2148 sacerdotum
1555 2092 1636 2148 ad
1667 2107 1857 2165 popu-

198 2206 224 2232 κ
263 2183 418 2248 lum,
454 2181 562 2237 sed
605 2181 952 2254 quicunque
1004 2181 1375 2237 immolasset
1403 2181 1732 2247 victimam,
1761 2196 1856 2236 ve-

195 2296 223 2322 «ς
264 2272 641 2343 niebatpuer
672 2270 999 2326 sacerdotis
1027 2270 1173 2326 dum
1193 2276 1593 2343 coquerentur
1622 2286 1851 2332 carnes,

195 2384 220 2410 α
261 2367 324 2416 et
346 2359 614 2415 habebat
644 2358 1010 2414 fuscinulam
1054 2359 1370 2414 tridentem
1399 2359 1461 2414 in
1481 2373 1671 2414 manu
1719 2373 1851 2428 sua,

193 2473 219 2498 ιι
261 2456 322 2505 et
352 2447 626 2504 mittebat
655 2463 791 2502 eam
815 2446 876 2501 in
907 2446 1184 2510 lebetem,
1218 2447 1308 2502 vel
1337 2447 1399 2502 in
1441 2447 1790 2517 caldariam,
1825 2471 1853 2496 ››

192 2543 250 2595 et
285 2537 540 2609 reliqua,
597 2551 916 2608 usquequo
969 2535 1070 2604 ait,
1125 2538 1321 2590 «Erat
1369 2551 1510 2606 ergo
1540 2540 1856 2608 peccatum

193 2652 218 2675 ει
262 2641 595 2700 puerorum
626 2624 856 2694 grande
885 2623 1062 2679 nimis
1085 2639 1292 2680 coram
1318 2623 1595 2693 Domino,
1627 2623 1732 2696 qui
1758 2623 1858 2679 de-

190 2739 219 2766 α
260 2714 582 2772 trahebant
625 2728 839 2780 omnes
892 2712 1184 2768 sacrificio
1219 2713 1470 2768 Domini.
1508 2734 1535 2760 ››
1560 2712 1660 2767 Hic
1690 2711 1852 2768 enim

191 2804 345 2860 nihil
380 2803 544 2858 aliud
569 2803 742 2873 juxta
765 2816 1086 2871 anagogen
1132 2800 1329 2856 dicere
1385 2816 1714 2873 possumus
1742 2800 1860 2856 nisi

191 2892 530 2948 secundum
587 2889 880 2946 moralem
933 2888 1404 2960 intelligentiam,
1459 2905 1647 2962 quam
1674 2889 1858 2945 solers

197 2983 561 3055 sapientium
595 2980 870 3036 doctrina
900 2979 1158 3034 ethicam
1187 2984 1382 3046 vocat,
1415 2977 1671 3050 qualiter
1700 2977 1856 3033 mul-

195 3072 234 3126 ti
262 3087 370 3143 per
400 3069 741 3143 appetitum
773 3067 950 3138 gulae,
980 3073 1035 3123 et
1085 3083 1371 3123 mucrone
1423 3065 1858 3139 concupiscen-

192 3163 286 3216 tiae
318 3163 602 3232 pereunt.
636 3160 898 3223 Quorum
933 3157 1274 3229 qualitates,
1336 3160 1400 3211 ut
1426 3155 1692 3227 liquidus
1743 3155 1861 3210 lec-

190 3253 283 3304 tor
345 3261 717 3316 cognoscere
766 3246 968 3317 possit,
1027 3244 1297 3318 quinque
1353 3243 1592 3307 modos,
1627 3242 1860 3297 divina-

185 3353 335 3393 rum
398 3335 835 3406 Scripturarum
904 3337 1256 3390 auctoritate
1312 3331 1464 3403 freti,
1524 3331 1863 3386 describere

186 3424 584 3489 conabimur,
638 3422 784 3477 sicut
831 3427 994 3495 Papa
1027 3423 1343 3492 Gregorius
1371 3421 1550 3476 etiam
1580 3420 1704 3475 suis
1734 3419 1863 3474 dic-

192 3515 261 3569 tis
291 3513 577 3570 asseruit.
641 3511 980 3584 Aliquando
1035 3527 1304 3583 namque
1345 3509 1688 3581 indigentiae
1722 3513 1865 3563 tem-

194 3617 346 3674 pora.
367 3601 681 3674 praevenit,
715 3600 1048 3672 aliquando
1077 3615 1221 3655 vero
1243 3604 1481 3671 tempus
1536 3613 1661 3653 non
1716 3612 1865 3669 prae-

199 3693 386 3756 venit,
468 3690 574 3744 sed
625 3689 796 3745 cibos
859 3689 1142 3745 lautiores
1228 3688 1459 3760 quaerit.
1521 3685 1863 3759 Aliquando

208 3777 513 3850 quaslibet,
542 3794 664 3850 qua:
693 3777 994 3834 sumenda
1023 3782 1180 3844 sunt,
1239 3776 1566 3849 praeparari
1613 3789 1861 3830 accura-

209 3867 328 3920 tius
355 3865 938 3938 expetit.Aliquando
951 3869 1152 3920 autem
1174 3864 1530 3936 qualitatem
1565 3862 1859 3930 ciborum,

201 3956 456 4028 tempori
483 3957 778 4026 congruit,
814 3956 918 4011 sed
947 3955 1010 4010 in
1038 3955 1172 4026 ipsa
1201 3954 1533 4027 quantitate
1558 3951 1857 4006 sumendi.

189 4062 548 4101 mensuram
578 4044 913 4100 refectionis
937 4044 1187 4100 excedit.
1237 4047 1681 4114 Nonnunquam
1721 4055 1860 4096 vero

192 4135 501 4206 abjectum
532 4140 622 4190 est
645 4134 813 4206 quod
839 4133 1154 4198 desiderat,
1189 4136 1246 4188 et
1270 4139 1471 4188 tamen
1531 4133 1662 4203 ipso
1711 4133 1862 4184 aestu

188 4225 476 4280 immensi
506 4222 789 4278 desiderii
813 4223 1072 4278 deterius
1107 4227 1334 4294 peccat.
1396 4219 1588 4276 Mortis
1635 4217 1860 4291 quippe

192 4315 560 4368 sententiam
586 4312 770 4384 patris
797 4327 898 4366 ore
923 4311 1224 4366 Jonathan
1245 4309 1489 4374 meruit,
1512 4308 1616 4379 qui
1639 4307 1702 4362 in
1724 4322 1860 4375 gus-

194 4407 258 4457 tu
284 4402 485 4458 mellis
532 4372 925 4456 cdnstitutum
953 4399 1172 4455 edendi
1233 4372 1481 4470 tempus:
1523 4372 1855 4452 antecessit.
1893 4372 1938 4427 D

195 4493 262 4546 Et
286 4495 552 4564 .Egypto
603 4489 866 4562 populus
923 4489 1174 4544 eductus
1233 4487 1296 4542 in
1327 4503 1529 4543 eremo
1557 4484 1858 4552 occubuit,

196 4580 340 4650 quia
363 4580 656 4651 despecto
688 4593 933 4647 manna,
966 4577 1132 4632 cibos
1184 4575 1457 4631 carnium
1489 4573 1674 4646 petiit,
1707 4588 1861 4645 quos

193 4667 483 4724 lautiores
509 4667 762 4740 putavit.
793 4668 860 4722 Et
888 4666 1085 4739 prima
1113 4667 1291 4736 (sicut
1315 4663 1410 4719 hic
1441 4668 1631 4719 textus
1684 4662 1865 4716 histo-

194 4757 294 4813 riae
325 4757 561 4816 edocet)
595 4756 856 4812 filiorum
886 4755 1013 4811 Heli
1041 4754 1220 4827 culpa
1252 4753 1501 4809 suborta
1543 4757 1648 4819 est,
1697 4749 1864 4822 quod

194 4863 266 4901 ex
297 4863 516 4902 eorum
546 4852 684 4902 voto
710 4845 1036 4901 sacerdotis
1065 4859 1234 4916 puer,
1263 4858 1386 4898 non
1416 4843 1666 4913 antiquo
1696 4855 1863 4894 more

192 4943 423 5005 coctas,
459 4935 631 4991 vellet
652 4936 727 4991 de
758 4935 1049 4991 sacriﬁcio
1074 4939 1132 4989 et
1161 4949 1372 4988 carnes
1422 4933 1714 5003 accipere,
1756 4929 1863 4985 sed

193 5026 424 5080 crudas
486 5030 799 5098 quaereret,
855 5040 1011 5096 quas
1067 5022 1402 5078 accuratius
1441 5022 1763 5077 exhiberet.
1797 5021 1865 5074 Et

192 5130 340 5169 cum
399 5113 481 5169 ad
534 5113 863 5169 Jerusalem
914 5113 1130 5168 dicitur
1176 5129 1187 5166 :
1247 5134 1274 5160 ‹‹
1309 5115 1439 5166 Haec
1491 5110 1600 5164 fuit
1651 5107 1861 5181 iniqui-

194 5209 287 5258 tas
375 5204 653 5259 Sodomae
733 5203 951 5258 sororis
1025 5207 1159 5267 tuae,
1221 5200 1523 5271 superbia,
1582 5199 1860 5254 saturitas

192 5294 400 5365 panis,
488 5299 546 5350 et
621 5291 998 5349 abundantia
1079 5307 1254 5362 aqua:
1342 5289 1576 5357 (Ezech.
1635 5288 1777 5359 vn),
1833 5308 1858 5334 ››

192 5389 404 5454 aperte
458 5382 812 5445 ostenditur,
864 5379 1030 5452 quod
1086 5379 1308 5434 idcirco
1363 5378 1615 5434 salutem
1670 5376 1862 5449 perdi«

195 5472 301 5540 dit,
333 5473 480 5544 quia
500 5488 645 5529 cum
672 5469 970 5542 superbiae
997 5468 1130 5524 vitio
1161 5483 1506 5523 mensuram
1535 5465 1861 5522 moderatae

203 5563 536 5618 refectionis
620 5561 894 5617 excessit.
978 5561 1046 5614 Et
1122 5558 1662 5630 primogenitorum
1743 5555 1863 5624 glo-

200 5650 351 5708 riam
409 5655 565 5710 Esau
615 5650 834 5717 amisit,
907 5648 1051 5721 quia
1105 5663 1328 5717 magno
1387 5651 1534 5702 aestu
1563 5644 1858 5709 desiderii,

1960 1753 2064 1815 ret,
2116 1755 2483 1822 praeceptum
2529 1747 2948 1821 prohibitionis
2975 1747 3201 1819 accepit
3234 1764 3246 1802 :
3280 1763 3423 1803 nam
3473 1764 3613 1802 cum

1962 1837 2246 1893 alimenta
2269 1837 2552 1902 quaedam
2607 1835 2785 1892 saluti
2838 1840 3056 1891 nostra;
3111 1837 3264 1890 Deus
3317 1834 3615 1890 contraria

1962 1927 2202 1996 indicat,
2263 1926 2340 1982 ab
2397 1926 2488 1980 his
2539 1941 2650 1980 nos
2680 1924 2853 1996 quasi
2911 1940 3017 1996 per
3048 1923 3401 1979 sententiam
3432 1929 3611 1979 vetat.

1964 2019 2030 2070 Et
2080 2031 2218 2070 cum
2275 2013 2773 2086 concupiscentur
2828 2013 3030 2076 noxia,
3091 2012 3438 2081 attingimus
3481 2026 3616 2082 pro-

1964 2102 2116 2158 fecto
2167 2101 2334 2174 quod
2383 2101 2546 2156 aliud
2589 2117 2776 2173 quam
2820 2099 2996 2155 vetita
3053 2099 3444 2168 degustamus
3474 2097 3501 2152 ?
3534 2100 3615 2152 Ea

1965 2193 2165 2264 itaque
2245 2190 2542 2246 sumenda
2595 2194 2754 2258 sunt,
2816 2205 2948 2260 quas
3007 2192 3232 2243 naturae
3291 2187 3615 2242 necessitas

1967 2281 2196 2354 quierit,
2231 2284 2287 2336 et
2313 2295 2434 2335 non
2467 2295 2603 2351 quae
2630 2277 2844 2332 edendi
2874 2275 3058 2331 libido
3087 2276 3366 2344 suggerit.
3398 2279 3545 2330 Nam
3567 2274 3616 2328 si

1968 2369 2103 2441 quis
2115 2367 2519 2440 voluptatibus
2536 2365 2686 2436 gulae
2707 2364 3050 2419 inetfrenate
3065 2363 3360 2418 deservire
3382 2363 3617 2417 studue-

1969 2459 2062 2525 rit,
2112 2458 2191 2514 ad
2243 2457 2480 2513 foveam
2536 2455 2817 2510 vitiorum
2863 2453 3103 2523 gravius
3146 2452 3495 2524 prolabitur.
3552 2454 3622 2506 Et

1969 2547 2147 2604 etiam
2206 2546 2283 2602 ab
2339 2549 2494 2601 statu
2549 2543 2919 2600 rectitudinis
2977 2542 3222 2608 cadens,
3256 2540 3335 2596 ad
3365 2545 3620 2596 mortem

1968 2637 2183 2693 animae
2241 2633 2620 2707 pertrahitur,
2675 2636 2730 2687 et
2781 2631 3012 2686 bonum
3045 2630 3211 2702 quod
3255 2629 3491 2684 videtur
3519 2629 3622 2684 ha-

1967 2726 2106 2781 bere
2135 2724 2365 2780 amittit.
2391 2721 2564 2788 Quod
2593 2720 2668 2776 de
2698 2720 2791 2774 his
2821 2719 2955 2774 ﬁliis
2978 2719 3100 2773 Heli
3131 2719 3192 2772 in
3225 2717 3618 2790 sequentibus

1967 2814 2428 2882 demonstratur,
2488 2809 2592 2882 qui
2647 2813 2887 2882 propter
2948 2807 3257 2862 libidinem
3312 2806 3464 2874 gula:
3543 2806 3622 2861 ad

1967 2903 2166 2972 majus
2197 2905 2509 2972 peccatum
2575 2898 2666 2952 sui
2717 2895 3152 2952 cumulandum
3200 2898 3620 2967 pervenerunt,

1968 2996 2032 3046 ut
2059 2990 2389 3045 dormirent
2415 3003 2551 3042 cum
2580 2984 2931 3040 mulieribus
2964 2987 3020 3038 et
3073 2983 3405 3052 transgredi
3459 2983 3620 3036 face-

1966 3083 2098 3135 rent
2135 3077 2427 3149 populum
2459 3073 2712 3130 Domini.
2752 3072 2914 3128 Unde
2940 3086 3063 3125 non
3093 3070 3288 3124 solum
3343 3087 3378 3125 a
3433 3085 3624 3124 sacer-

1969 3167 2132 3223 dotio
2159 3165 2326 3236 ejecti
2358 3177 2517 3232 sunt,
2549 3161 2652 3216 sed
2683 3161 2862 3215 etiam
2903 3162 3092 3213 morte
3124 3157 3410 3212 mulctati.
3468 3158 3622 3211 Nam

1971 3255 2238 3328 sequitur
2272 3271 2285 3308 :

2040 3364 2070 3397 ‹
2113 3341 2235 3397 Heli
2267 3345 2467 3396 autem
2495 3353 2676 3394 senex
2707 3341 2831 3393 erat
2860 3335 3055 3402 valde,
3088 3339 3142 3391 et
3171 3334 3397 3390 audivit
3416 3333 3624 3389 omnia

1972 3456 1998 3481 ‹‹
2040 3447 2175 3505 ψ.ιῶ
2206 3429 2506 3486 faciebant
2536 3427 2638 3482 filii
2667 3427 2758 3481 sui
2788 3427 3066 3480 universo
3112 3423 3331 3492 lsraeli,
3385 3426 3442 3478 et
3469 3438 3623 3494 quo-

1973 3545 2000 3572 «
2042 3520 2225 3576 modo
2255 3517 2635 3574 dormiebant
2664 3531 2803 3570 cum
2831 3513 3205 3575 mulieribus,
3233 3536 3258 3561 »
3293 3515 3402 3568 etc.
3429 3513 3626 3575 Quan-

1970 3627 2157 3682 quam
2188 3606 2532 3680 simpliciter
2562 3603 2832 3659 nonnulli
2856 3618 3036 3674 super
3059 3601 3349 3656 adulterio
3379 3599 3625 3667 intelligi

1969 3698 2171 3762 velint,
2205 3701 2268 3751 ut
2293 3695 2591 3766 Josephus
2621 3708 2864 3764 quoqne
2892 3691 3050 3756 dicit,
3087 3689 3437 3743 mulieribus
3495 3687 3624 3742 reli-

1971 3787 2164 3858 gionis
2216 3800 2399 3839 causa
2453 3779 2946 3836 convenientibus
2993 3777 3383 3833 contumelias
3409 3775 3621 3829 infere-

1971 3877 2137 3944 bant,
2170 3873 2300 3929 aliis
2327 3871 2574 3943 quidem
2607 3867 2918 3923 violentias
2949 3866 3253 3934 facientes,
3301 3864 3430 3919 aliis
3483 3878 3619 3917 vero

1968 3961 2398 4038 persuadentes
2428 3958 2621 4013 donis.
2662 3955 2931 4026 Nihilque
2963 3970 3171 4009 eorum
3203 3953 3322 4008 vita
3350 3969 3386 4008 a
3415 3957 3620 4023 tyran-

1968 4052 2108 4108 nide
2134 4049 2395 4122 pessima
2425 4044 2756 4115 differebat,
2788 4043 2954 4115 quod
3006 4047 3061 4097 et
3111 4041 3297 4097 nostri
3346 4041 3619 4096 doctores

1969 4143 2245 4196 asserunt
2277 4141 2509 4192 :tamen
2539 4133 2831 4189 dormisse
2857 4148 2959 4186 eos
2988 4131 3193 4187 dicunt
3223 4129 3448 4186 Hebraei
3479 4145 3618 4184 cum

1970 4227 2319 4284 mulieribus
2344 4241 2478 4297 quae
2505 4221 2908 4279 observabant
2937 4221 3015 4277 ad
3067 4220 3285 4275 ostium
3342 4217 3618 4273 taberna-

1969 4316 2085 4372 culi
2114 4332 2183 4371 eo
2207 4314 2373 4387 quod
2390 4315 2525 4384 post
2552 4311 2841 4367 menstrui
2871 4316 3104 4383 tempus
3135 4313 3238 4365 aut
3261 4311 3618 4379 partus,non

1969 4405 2211 4478 impleto
2243 4401 2578 4458 secundum
2605 4399 2752 4470 legis
2776 4402 3145 4472 praeceptum
3173 4394 3620 4460 sacriﬁcio,sua-

1969 4496 2195 4550 debant
2224 4494 2307 4548 eis
2337 4492 2416 4547 ad
2445 4492 2604 4546 viros
2637 4507 2775 4545 suos
2803 4489 2990 4544 redire
3023 4487 3228 4558 eisque
3256 4481 3620 4540 adcommis-

1971 4584 2106 4640 ceri.
2144 4586 2209 4638 Et
2240 4581 2501 4637 dormire
2531 4580 2666 4635 ideo
2699 4578 2997 4641 dicuntur,
3039 4575 3185 4646 quia
3210 4589 3312 4627 eas
3360 4567 3620 4623 dormire

1971 4689 2109 4729 cum
2137 4670 2278 4726 viris
2311 4670 2432 4724 suis
2466 4671 2674 4723 contra
2702 4665 2848 4734 legis
2885 4667 3254 4735 praeceptum
3299 4655 3617 4712 faciebant.

1971 4761 2141 4816 Unde
2168 4759 2330 4815 idem
2361 4756 2482 4812 Heli
2510 4759 2650 4827 post
2688 4751 2935 4825 paulum
2961 4750 3042 4806 ait
3071 4765 3086 4805 :

2045 4873 2073 4900 ‹‹
2115 4852 2242 4904 Non
2267 4850 2356 4901 est
2379 4843 2539 4899 enim
2568 4843 2732 4897 bona
2778 4839 2942 4894 fama
2969 4854 3156 4910 quam
3183 4851 3295 4907 ego
3321 4833 3521 4900 audio,
3555 4836 3624 4888 ut

1975 4963 1998 4987 ‹‹
2031 4933 2364 5005 transgredi
2382 4930 2611 4987 faciatis
2632 4928 2927 5003 populum
2946 4925 3202 4982 Domini.
3218 4944 3248 4977 ›
3269 4928 3622 4992 Transgres-

1973 5028 2203 5082 sionem
2233 5037 2374 5091 ergo
2404 5020 2670 5092 populus
2699 5015 2974 5083 faciebat,
3007 5015 3150 5087 quia
3177 5012 3467 5069 sacrificio
3497 5027 3620 5066 non

1969 5117 2075 5171 rite
2107 5116 2348 5186 peracto
2378 5108 2663 5165 uxoribus
2697 5106 2818 5161 suis
2842 5105 3227 5175 jungebatur.
3274 5103 3430 5156 Sicut
3461 5099 3621 5154 enim

1970 5199 2404 5273 extorquebant
2446 5212 2655 5253 carnes
2705 5194 2783 5250 ab
2816 5192 3186 5276 immolante,
3208 5191 3288 5247 ita
3309 5191 3487 5246 etiam
3519 5204 3620 5244 ex-

1972 5289 2332 5363 torquebant
2361 5285 2725 5342 sacrificium
2756 5275 3166 5338 abhotferente.
3202 5282 3268 5334 Et
3293 5278 3514 5334 idcirco
3547 5275 3622 5331 si-

1971 5384 2071 5436 cut
2095 5378 2154 5433 in
2185 5375 2503 5432 otferendis
2530 5372 2813 5431 carnibus
2865 5368 3165 5426 faciebant
3212 5367 3489 5423 homines
3521 5366 3622 5421 de-

1970 5465 2203 5520 trahere
2233 5461 2522 5518 sacriticio
2555 5459 2808 5527 Domini,
2847 5458 2928 5513 ita
2959 5472 3200 5529 quoque
3233 5454 3622 5510 nihilominus

1971 5553 2030 5609 in
2056 5550 2494 5621 conjungendis
2525 5548 2814 5604 uxoribus
2838 5545 3172 5615 transgredi
3192 5544 3488 5599 faciebant
3513 5557 3618 5611 po-

1974 5641 2209 5713 pulum.
2230 5641 2423 5708 Quam
2452 5636 2900 5707 intelligentiam
2927 5634 2975 5690 si
2999 5634 3134 5706 quis
3158 5633 3326 5703 sequi
3346 5628 3614 5691 voluerit,
