4130 6182
526 237 634 292 275
1629 228 1987 286 ANGELOMI
2026 218 2496 281 LUXOVIENSIS
2534 216 2848 276 MONACHI
3849 222 3953 278 270

533 374 644 414 suo
686 356 912 428 judicio
957 351 1429 426 derelinquimus
1465 369 1478 407 :
1511 368 1623 408 nos
1676 351 1938 425 priorem
1984 346 2183 421 magis
2216 352 2264 404 Α
2295 363 2323 392 ‹‹
2366 341 2756 409 sacerdotem,
2811 343 2869 398 et
2918 339 3069 396 dixit
3094 338 3147 395 ei
3182 355 3196 394 :
3230 338 3370 393 Hinc
3420 336 3564 428 dicit
3608 340 3946 400 Dominus:

535 427 702 518 sequi
729 443 1126 499 decernimus.
2296 454 2321 481 ‹‹
2366 431 2649 504 Nunquid
2667 446 2790 486 non
2821 436 3021 503 aperte
3046 428 3346 485 revelatus
3372 443 3509 482 sum
3534 427 3747 485 domui
3772 432 3955 503 patris

606 517 636 585 (ξ
679 533 735 590 Si
764 532 1098 607 peccaverit
1150 532 1236 587 vir
1266 531 1329 587 in
1378 531 1593 595 virum,
1642 531 1867 604 placari
1911 530 1962 587 ei
1993 531 2190 602 potest

2366 518 2469 586 tui,
2502 536 2641 576 cum
2671 524 2829 575 esset
2856 519 2918 574 in
2945 522 3199 591 Egypto
3226 517 3253 572 ἱ)
3286 539 3315 567 »
3374 517 3633 573 Domum
3666 519 3955 596 principis

537 646 565 675 ‹‹
607 606 804 692 Deus;
863 623 909 677 si
938 627 1139 677 autem
1194 621 1252 676 in
1306 622 1492 676 Deum
1526 621 1858 693 peccaverit
1915 620 2020 686 vir,
2054 616 2188 689 quis
2297 608 2388 663 sui
2416 611 2612 663 Aaron
2641 607 2784 664 dicit
2812 608 2886 663 de
2918 608 3090 679 cujus
3116 607 3295 678 stirpe
3324 606 3617 663 successit
3646 606 3710 664 in
3770 625 3958 667 sacer-

538 736 565 763 ‹‹
607 712 802 768 orabit
820 727 929 783 pro
962 726 1030 765 eo
1060 712 1086 766 ?
1114 732 1141 759 ››
1174 713 1301 764 Non
1329 709 1507 779 igitur
1545 726 1615 765 eo
1648 710 1829 764 modo
1879 708 1942 764 in
1972 708 2187 773 virum,
2298 697 2550 753 dotium.
2583 697 2686 753 Cui
2717 714 2778 753 se
2807 696 3137 753 revelatum
3185 694 3475 750 Dominus
3531 696 3677 753 dicit
3706 700 3955 772 quando

537 817 659 873 quo
714 800 776 854 in
832 803 1019 855 Deum
1074 804 1353 871 peccatur
1386 817 1399 855 :
1428 799 1574 871 quia
1626 799 1684 853 in
1716 798 1908 853 virum
1940 809 2189 869 peccare
2298 788 2378 843 ait
2406 786 2469 842 in
2496 789 2748 859 IEgypto
2782 804 2795 841 :
2831 809 2860 837 «ι
2891 784 3057 840 Vade
3087 783 3149 840 in
3177 800 3500 841 occursum
3530 787 3716 859 Moysi
3773 789 3834 845 in
3862 789 3960 845 de-

534 892 850 963 peccatum
880 887 1299 960 qualecunque
1330 892 1439 957 est,
1471 888 1773 960 leviorque
1800 886 2093 941 remissio.
2125 886 2189 938 In
2301 880 2527 931 sertum
2553 876 2767 946 (Exod.
2798 876 2894 944 IV)-
2932 896 2958 925 »
2992 873 3096 928 Hic
3119 874 3388 946 primum
3417 874 3714 932 revelﬂills
3764 877 3871 934 fuit
3911 878 3960 935 ei

537 980 726 1035 Deum
757 994 894 1033 vero
935 993 1203 1050 peccare,
1235 976 1294 1031 id
1322 981 1433 1049 est,
1464 977 1541 1033 ab
1582 978 1710 1048 ejus
1742 976 1901 1031 cultu
1959 974 2192 1030 recede-
2300 965 2609 1033 Dominus,
2640 970 2819 1038 atque
2844 964 2924 1021 ad
2952 963 3358 1020 obedientiam
3379 963 3722 1037 destinavit,
3756 972 3816 1025 et
3836 984 3962 1041 pos-

535 1084 623 1138 re,
651 1066 973 1139 impietatis
1006 1071 1319 1139 peccatum
1339 1065 1873 1138 est,ditﬁciliorque
1895 1063 2189 1119 remissio.
2298 1060 2396 1111 tea
2425 1070 2546 1109 non
2573 1054 2768 1109 solum
2794 1053 2943 1126 ipse.
2975 1053 3082 1109 Sed
3105 1053 3287 1109 etiam
3316 1070 3531 1110 omnes
3559 1054 3761 1113 tribus
3786 1058 3850 1114 in
3878 1073 3959 1116 sa.

539 1161 607 1214 Et
630 1156 923 1231 quoniam
982 1172 1120 1211 cum
1172 1156 1234 1210 in
1292 1154 1489 1211 virum
1531 1155 1669 1228 quis
1697 1159 1925 1228 peccat,
1954 1153 2193 1226 placato
2300 1144 2605 1201 cerdotem
2628 1143 2951 1214 elegerunt.
2987 1142 3150 1199 Unde
3180 1142 3395 1198 dicitur
3427 1160 3439 1199 :

542 1246 657 1303 sibi
683 1246 834 1315 viro,
864 1245 1005 1301 facit
1028 1244 1142 1300 sibi
1164 1246 1352 1300 Deum
1378 1245 1734 1318 placabilem
1760 1263 1774 1312 ;
1798 1245 1860 1300 in
1883 1248 2071 1300 Deum
2093 1258 2196 1297 au-
2374 1255 2401 1283 ι(
2446 1234 2511 1287 Et
2549 1232 2699 1302 elegi
2719 1248 2859 1288 eum
2889 1247 2963 1287 θΧ
3001 1230 3287 1288 omnibus
3314 1230 3594 1290 tVibii-bus
3612 1234 3792 1292 israel
3818 1236 3962 1294 mihi

540 1341 664 1392 tem
695 1352 834 1390 cum
863 1334 997 1407 quis
1023 1338 1248 1407 peccat,
1297 1334 1432 1407 quis
1462 1334 1659 1391 orabit
1682 1350 1792 1407 pro
1844 1351 1914 1390 eo
2006 1335 2088 1387 Αο
2304 1342 2333 1370 ((
2373 1322 2433 1376 ill
2466 1320 2858 1391 sacerdotem,
2888 1324 2952 1376 ut
2980 1318 3329 1377 ascenderet
3359 1320 3440 1377 ad
3486 1321 3674 1379 altare
3700 1340 3911 1381 meum
3943 1340 3957 1381 2

542 1423 778 1479 dicatur
805 1440 817 1477 :
854 1424 963 1479 Per
991 1440 1194 1496 quem,
1228 1426 1416 1480 Deum
1448 1424 1562 1480 sibi
1618 1425 1679 1479 in
1710 1439 1893 1496 quem
1924 1419 2197 1496 peccavit

2327 1430 2334 1459 ε
2374 1416 2430 1465 et
2459 1408 2724 1466 adoleret
2772 1408 2920 1464 mihi
2967 1409 3301 1477 incensum,
3358 1414 3418 1464 et
3471 1414 3735 1481 portaret
3768 1410 3958 1485 ephod

543 1511 869 1585 propitium
897 1511 1092 1568 facere
1124 1516 1463 1585 potuerunt.
1514 1516 1735 1569 Tamen
1766 1528 1886 1568 non
1918 1516 1999 1566 ita
2026 1509 2194 1565 intel-
2307 1522 2334 1551 α
2376 1516 2582 1556 coram
2610 1514 2725 1555 ωθο
2784 1501 2850 1554 Εἴ
2901 1497 3041 1554 dedi
3063 1497 3274 1555 domm
3301 1499 3489 1572 Patris
3536 1501 3620 1556 tui
3652 1502 3865 1558 omnia
3890 1501 3958 1557 de

542 1599 855 1670 ﬁgendum
912 1604 1020 1669 est,
1051 1601 1215 1674 quod
1273 1601 1439 1657 nulla
1497 1601 1670 1656 venia
1699 1600 1997 1672 speranda
2032 1598 2099 1651 sit,
2130 1598 2198 1651 iis
2312 1614 2338 1639 ‹(
2378 1588 2682 1645 sacriﬁciis
2712 1588 2974 1644 ﬁliorum
3005 1587 3202 1644 Israel.
3241 1590 3437 1654 Quare
3467 1588 3630 1647 calce
3658 1590 3954 1663 abjecistis

545 1683 650 1757 qui
678 1684 740 1739 in
770 1684 974 1741 divino
1014 1684 1208 1741 ofﬁcio
1258 1684 1483 1758 aliquid
1542 1685 1919 1757 deliquerint,
1969 1681 2198 1738 etiamsi
2229 1705 2273 1759 Β
2312 1701 2339 1728 ‹‹
2381 1678 2687 1735 victimam
2729 1694 2931 1733 meam
2955 1680 3012 1733 et
3038 1693 3295 1734 munera
3347 1693 3486 1735 mea
3520 1694 3660 1751 quae
3709 1678 3956 1753 praecepi

544 1773 725 1843 digne
755 1774 1167 1846 paenitentiam
1197 1779 1424 1843 gerant,
1450 1774 1553 1829 sed
1592 1774 1755 1847 quod
1804 1772 2100 1829 diiﬁcilior
2131 1770 2202 1825 sit
2313 1792 2342 1821 ‹‹
2386 1773 2449 1824 ut
2475 1768 2826 1824 offerrentur
2847 1767 2911 1822 in
2942 1766 3166 1840 templo
3194 1771 3253 1823 et
3306 1767 3501 1838 magis
3527 1768 3842 1827 honorasti
3892 1769 3956 1825 ﬁ-

547 1862 723 1919 venia
751 1867 808 1918 et
831 1864 1028 1935 major
1056 1863 1293 1932 agenda
1324 1864 1671 1936 paenitentia
1699 1863 1770 1918 iis
1797 1863 1898 1936 qui
1929 1863 1992 1918 in
2019 1862 2201 1917 rebus

550 1956 671 2009 Deo
730 1953 979 2008 sacratis
1042 1952 1377 2023 offendunt,
1437 1969 1622 2026 quam
1676 1953 1779 2025 qui
1860 1951 2203 2025 proximum

552 2056 734 2094 suum
762 2039 825 2094 in
848 2039 1033 2095 verbo
1060 2040 1151 2095 vel
1181 2040 1243 2095 in
1311 2039 1467 2096 facto
1500 2040 1727 2113 aliquid
1779 2038 2014 2095 laeserit.
2059 2037 2207 2098 Quia

550 2132 780 2201 quanto
830 2127 1026 2198 major
1077 2127 1284 2198 gloria,
1345 2132 1509 2184 tanto
1541 2128 1780 2199 gravior
1824 2128 1900 2184 sit
1952 2126 2202 2182 offensa.

552 2218 652 2273 Hic
677 2217 1016 2274 notandum
1045 2222 1133 2273 est
1184 2217 1485 2285 siquidem
1530 2218 1674 2292 quia
1728 2217 2086 2291 praesulibus
2139 2232 2207 2272 ac

550 2306 837 2364 omnibus
868 2306 973 2379 qui
1001 2311 1269 2379 praesunt
1293 2307 1519 2380 populo
1549 2308 1906 2375 Christiano,
1940 2305 2208 2362 conside-

550 2396 814 2452 randum
870 2396 961 2451 est
1018 2395 1312 2462 subtilius,
1372 2395 1624 2469 qualiter
1666 2395 1771 2451 ﬁlii
1832 2396 1954 2452 Heli
2005 2395 2209 2451 divina

555 2483 849 2539 sacriﬁcia
888 2488 1245 2539 temerantes
1299 2484 1635 2555 peccabant
1686 2501 1892 2540 coram
1933 2484 2206 2547 Domino,

556 2576 614 2628 et
640 2571 995 2628 deridebant
1030 2588 1137 2645 per
1185 2589 1287 2628 eos
1319 2572 1489 2628 multi
1536 2574 1894 2629 sacriﬁcium
1956 2572 2208 2641 Domini,

557 2659 718 2716 unde
747 2665 803 2715 et
833 2659 960 2716 Heli
983 2661 1261 2716 sacerdos
1287 2677 1393 2733 per
1414 2678 1621 2717 eorum
1654 2661 2023 2735 iniquitatem
2046 2663 2213 2717 dam-

555 2752 734 2804 natus
757 2752 866 2817 est,
899 2749 1065 2820 quod
1096 2765 1197 2805 eos
1228 2754 1543 2821 peccantes
1586 2750 1787 2807 minus
1836 2767 2039 2807 severa
2082 2749 2211 2805 ani-

557 2837 979 2894 madversione
1038 2838 1331 2895 ﬂectebat.
1388 2842 1455 2895 Et
1513 2838 1760 2911 quidem
1817 2841 2094 2911 coercuit,
2157 2843 2214 2896 et

558 2926 807 3000 quidem
860 2926 1164 2999 corripuit,
1227 2926 1335 2983 sed
1391 2925 1628 2984 lenitate
1658 2933 1715 2985 et
1752 2928 2212 2985 mansuetudine

557 3017 764 3089 patris,
814 3029 960 3110 non.
996 3015 1308 3110 severitate
1356 3020 1413 3071 et
1462 3017 1808 3110 auctoritate
1868 3018 2208 3090 pontiﬁcis:
2244 3056 2285 3110 Ο

558 3120 684 3179 qua
712 3103 1005 3161 sententia
1033 3104 1270 3162 discant
1295 3105 1633 3163 sacerdotes
1663 3108 1752 3178 (ut
1779 3107 1973 3163 dicere
2028 3108 2209 3182 crepi-

556 3193 719 3266 mus)
747 3193 916 3267 quod
948 3210 1070 3251 non
1118 3194 1381 3251 debeant
1431 3200 1676 3268 propter
1732 3196 1884 3253 ullos
1913 3197 2215 3254 humanos

559 3282 813 3351 favores,
842 3288 948 3339 aut
978 3283 1303 3339 commoda
1332 3288 1566 3341 terrena
1584 3284 1652 3339 iis
1674 3285 1894 3357 quibus
1926 3291 2213 3358 praesunt,

466 3396 477 3407 ι
556 3370 621 3427 in
646 3370 907 3443 peccatis
933 3371 1158 3444 quibus
1191 3376 1443 3443 peccant
1480 3373 1542 3426 in
1598 3376 1805 3442 Deum,
1865 3389 1988 3428 non
2021 3374 2215 3430 solum

561 3462 850 3514 assentire
901 3462 958 3513 et
1011 3457 1293 3526 blandiri,
1337 3460 1441 3513 sed
1473 3475 1583 3514 nec
1630 3460 1888 3531 lenitate,
1919 3466 2025 3518 aut
2050 3480 2219 3519 man-

562 3546 897 3614 suetudine,
931 3545 1053 3602 imo
1078 3546 1232 3603 dura
1262 3562 1332 3603 ac
1364 3564 1572 3603 severa
1596 3548 2003 3621 increpatione
2034 3554 2215 3608 corri-

563 3650 702 3707 gere
728 3641 786 3692 et
814 3634 1137 3692 emendare
1169 3652 1181 3690 :
1216 3651 1292 3691 ne
1350 3635 1399 3692 si
1451 3638 1744 3693 tacuerint
1791 3644 2040 3711 peccata
2072 3641 2217 3698 ﬁlio—

562 3739 720 3796 rum,
753 3723 816 3781 id
839 3728 933 3781 est
960 3723 1186 3781 scelera
1235 3724 1621 3797 populorum,
1678 3727 1794 3799 ipsi
1836 3734 2080 3800 pereant
2113 3731 2219 3804 qui

566 3814 812 3871 correcti
838 3830 964 3871 non
989 3814 1243 3881 fuerant,
1274 3818 1330 3870 et
1354 3814 1461 3888 qui
1515 3822 1781 3887 priesunt
1830 3818 2049 3891 pariter
2078 3836 2217 3875 cum

565 3904 651 3960 eis
676 3904 1022 3978 puniantur.
1076 3904 1248 3970 Quod
1301 3904 1578 3977 quamvis
1633 3907 1822 3962 sancti
1848 3911 2005 3971 sunt,
2039 3909 2218 3981 culpa

565 3997 771 4049 tamen
799 3992 1177 4049 subditorum
1204 3999 1448 4067 propter
1478 3993 1781 4051 silentium
1811 4000 1868 4052 et
1907 3996 2215 4054 mollitiem

565 4082 935 4153 invectioniu,
986 4081 1037 4138 si
1086 4098 1210 4139 non
1245 4088 1572 4147 coerceant,
1628 4084 1714 4141 eis
1740 4086 2131 4158 reputabitur.
2174 4090 2215 4141 E

566 4170 811 4241 regione
827 4187 1096 4244 namque
1123 4172 1170 4227 si
1196 4172 1368 4243 juxta
1385 4173 1639 4229 modum
1685 4174 1892 4247 culpae,
1944 4175 2098 4231 dura
2125 4175 2215 4231 in-

567 4260 835 4316 vectione
887 4260 1195 4334 increpare
1249 4259 1598 4330 studuerint,
1658 4267 1715 4319 et
1778 4263 2045 4319 antidoto
2098 4282 2217 4319 suae

568 4349 1032 4422 praedicationis,
1106 4349 1357 4406 vulnera
1404 4355 1787 4423 peccatorum
1836 4369 2044 4409 curare
2095 4370 2216 4410 non

568 4438 953 4509 neglexerint,
984 4454 1273 4496 coronam
1326 4444 1561 4495 aeternae
1619 4441 1908 4497 mercedis
1937 4443 2125 4498 sciant
2156 4460 2217 4498 se

567 4543 697 4585 esse
747 4533 1151 4602 percepturos.
1205 4528 1501 4600 Scriptum
1554 4544 1818 4601 namque
1875 4536 2001 4587 est:
2046 4551 2075 4585 «
2108 4532 2218 4598 Qui

567 4618 829 4676 converti
876 4617 1080 4674 fecerit
1127 4620 1505 4690 peccatorem
1559 4617 1638 4673 ab
1685 4634 1883 4675 errore
1927 4620 2037 4674 viae
2069 4638 2217 4693 sum,

566 4707 828 4769 salvabit
840 4707 1108 4764 animam
1136 4707 1266 4779 ejus
1293 4722 1329 4761 a
1358 4710 1565 4776 morte,
1591 4711 1648 4763 et
1676 4708 1901 4780 operiet
1951 4709 2218 4766 multitu-

568 4797 772 4853 dinem
826 4800 1213 4869 peccatorum
1267 4796 1421 4867 (Jac.
1471 4797 1545 4868 v).
1579 4818 1608 4846 »
1640 4798 1904 4871 Denique
1940 4798 2003 4855 in
2033 4799 2219 4856 Veteri

568 4887 945 4940 Testamento
971 4884 1248 4955 legimus,
1279 4885 1444 4957 quod
1468 4886 1716 4943 Phinees
1758 4888 2037 4945 sacerdos
2067 4889 2219 4945 zela-

570 4977 687 5041 tus,
720 4977 784 5027 ut
806 4972 1069 5028 furorem
1100 4974 1333 5030 Domini
1354 4964 1639 5047 placaret,
1666 4983 1983 5050 peccantes
2013 4996 2219 5036 coram

570 5060 799 5134 populo
828 5060 1090 5132 pugione
1122 5062 1433 5133 transﬁxit,
1462 5070 1516 5122 et
1546 5071 1862 5139 propterea
1914 5072 1970 5121 et
1997 5084 2220 5125 nomen

569 5153 629 5206 et
683 5148 1085 5206 sacerdotium
1137 5154 1426 5207 aeternum
1484 5154 1597 5211 sibi
1645 5154 1991 5228 promeruit.
2049 5158 2221 5221 Quod

570 5239 716 5312 quia
742 5238 869 5296 Heli
896 5239 1418 5316 animadversione
1464 5243 1526 5299 in
1557 5243 1711 5301 ﬁlios
1744 5247 2057 5316 peccatum
2087 5246 2217 5301 vin-

571 5328 772 5385 dicare
829 5327 1041 5398 noluit,
1094 5344 1219 5386 non
1266 5312 1468 5387 so'lum
1510 5312 1913 5389 sacerdotium
1938 5333 2215 5405 perdidit,

569 5415 680 5472 sed
707 5417 887 5473 etiam
915 5422 1104 5475 morte
1133 5418 1458 5475 mulctatus
1508 5425 1614 5488 est,
1665 5420 1815 5475 sicut
1842 5419 2124 5488 diximus,
2164 5427 2219 5478 et

571 5521 744 5563 sacra
784 5506 1027 5565 historia
1054 5508 1115 5565 in
1169 5508 1557 5582 sequentibus
1600 5507 2083 5565 manifestissime
2122 5527 2217 5566 os-

573 5596 778 5654 tendit.
812 5601 960 5655 Nam
993 5601 1263 5673 sequitur
1297 5617 1309 5654 :

646 5709 674 5738 ι(
710 5687 873 5746 Venit
901 5688 1061 5746 enim
1089 5689 1343 5762 quidam
1364 5687 1658 5765 propheta
1697 5688 1933 5747 Domini
1971 5690 2047 5748 ad
2097 5691 2218 5750 Heli

2315 1880 2343 1908 ‹‹
2382 1858 2493 1913 lios
2520 1861 2656 1913 tuos
2687 1872 2876 1929 quam
2932 1871 3055 1928 me,
3105 1860 3173 1912 ut
3222 1856 3614 1914 comederetis
3668 1860 3953 1932 primitias

2316 1970 2344 1998 «
2386 1946 2582 2001 omnis
2613 1945 2887 2003 sacriﬁcii
2929 1944 3142 2017 populi
3190 1945 3311 2001 mei
3340 1946 3575 2003 Israel?
3628 1948 3956 2022 Propterea,

2317 2058 2345 2085 ‹‹
2386 2036 2468 2091 ait
2506 2035 2793 2091 Dominus
2824 2036 2979 2090 Deus
3004 2033 3204 2101 Israel,
3234 2033 3487 2108 loquens
3542 2034 3780 2094 locutus
3808 2053 3954 2105 sum,

2317 2147 2346 2177 α
2390 2131 2454 2181 ut
2475 2125 2693 2180 domus
2728 2128 2830 2180 tua
2882 2127 2938 2179 et
2983 2122 3204 2179 domus
3261 2124 3444 2195 patris
3473 2125 3559 2179 tui
3606 2125 3960 2182 ministraret

2318 2239 2347 2267 α
2386 2215 2447 2271 in
2478 2218 2801 2287 conspectu
2822 2228 2979 2281 meo,
3012 2229 3203 2285 usque
3227 2215 3290 2269 in
3321 2214 3771 2285 sempiternum.
3794 2218 3959 2271 Nunc

2319 2328 2347 2355 α
2389 2309 2591 2360 autem
2660 2302 2804 2358 dicit
2852 2301 3139 2358 Dominus
3197 2318 3211 2357 :
3269 2302 3438 2358 Absit
3482 2303 3598 2360 hoc
3625 2320 3663 2361 a
3689 2319 3800 2360 me.
3846 2301 3959 2360 Sed

2319 2416 2347 2445 α
2388 2393 2735 2465 quicunque
2785 2390 3206 2462 gloriﬁcaverit
3256 2406 3377 2460 me,
3428 2391 3766 2462 gloriﬁcabc
3792 2407 3953 2447 eum.

2321 2506 2347 2533 ‹‹
2390 2483 2500 2547 Qui
2566 2486 2770 2538 autem
2808 2484 3199 2537 contemnunt
3251 2495 3372 2549 me,
3430 2486 3597 2537 erunt
3637 2478 3945 2550 ignobiles.

2321 2594 2349 2623 ‹‹
2392 2575 2537 2627 Ecce
2562 2570 2690 2627 dies
2718 2570 2962 2627 veniunt
2989 2574 3045 2624 et
3075 2569 3408 2641 praecidam
3453 2568 3760 2626 brachium
3780 2573 3956 2624 tuum

2322 2683 2350 2712 ‹‹
2391 2661 2609 2716 domus
2640 2658 2825 2731 patris
2854 2658 2959 2726 tui,
2992 2680 3021 2709 ›ι
3051 2657 3115 2714 id
3160 2663 3250 2715 est
3299 2659 3649 2729 dignitatem
3697 2664 3753 2714 et
3775 2656 3963 2713 robur

2322 2747 2638 2805 sacerdotii
2666 2752 2724 2804 et
2776 2762 3087 2803 summum
3125 2747 3524 2804 sacerdotem.
3559 2746 3724 2804 Unde
3751 2749 3805 2802 et
3824 2742 3969 2800 dici-

2322 2842 2418 2894 tur
2450 2857 2462 2894 :
2499 2859 2527 2887 κ
2561 2840 2632 2894 Ut
2658 2852 2782 2893 non
2815 2836 2889 2892 sit
2916 2850 3098 2893 senex
3128 2836 3193 2893 in
3220 2836 3400 2893 domo
3432 2840 3559 2905 tua,
3593 2857 3621 2885 ››
3652 2836 3719 2893 id
3744 2837 3848 2902 est,
3876 2847 3971 2890 ea-

2323 2927 2533 2984 cerdos
2552 2940 2834 2996 magnus.

2397 3041 2420 3065 u
2456 3020 2524 3073 Et
2542 3015 2772 3072 videbis
2791 3014 3111 3072 brachium
3130 3013 3413 3071 amulum
3434 3018 3629 3069 tuum.
3646 3033 3677 3063 ιο
3699 3012 3979 3069 ιΕωυΙωῑ

2322 3107 2543 3163 domus
2564 3104 2687 3161 Heli
2712 3104 2949 3161 Sadoch
2977 3104 3211 3171 exstitit,
3235 3102 3339 3174 qui
3375 3101 3564 3172 ejecto
3591 3100 3892 3157 Abiathar
3945 3116 3982 3156 a

2328 3196 2647 3252 Salomone
2705 3193 3106 3250 sacerdotium
3152 3190 3411 3263 suscepit
3458 3205 3871 3263 :quanquam
3903 3190 3979 3246 de

2323 3284 2563 3341 Samuel
2592 3282 2770 3339 velint
2793 3282 3063 3352 intelligi,
3095 3282 3243 3338 sicut
3265 3280 3326 3336 in
3352 3279 3665 3337 Malachim
3714 3279 3936 3350 legitur
3960 3294 3975 3332 :

2325 3395 2353 3424 «
2384 3374 2751 3444 Projecitque
2785 3371 3067 3428 Salomon
3088 3370 3373 3427 Abiathar
3398 3385 3473 3425 ne
3505 3374 3665 3425 esset
3692 3368 3977 3425 sacerdos

2327 3463 2581 3532 Domini,
2613 3468 2676 3517 ut
2705 3461 3052 3533 impleretur
3078 3460 3333 3515 verbum
3361 3458 3599 3514 Domini
3625 3458 3794 3531 quod
3817 3458 3979 3514 locu-

2326 3557 2421 3608 tus
2449 3556 2541 3607 est
2565 3566 2745 3623 super
2772 3550 3026 3606 domum
3057 3548 3178 3605 Heli
3199 3549 3326 3618 (ΙΙΙ
3343 3550 3490 3619 Reg.
3513 3547 3598 3619 ιι).
3632 3568 3660 3598 ››

2397 3660 2427 3692 ‹
2467 3642 2895 3696 Verumtamen
2918 3654 3041 3694 non
3065 3637 3338 3694 auferam
3366 3637 3607 3710 penitus
3652 3636 3839 3692 virum
3894 3650 3975 3689 ex

2326 3751 2354 3779 κ
2396 3734 2452 3785 te
2482 3729 2560 3786 ab
2591 3728 2761 3785 altari
2802 3744 2959 3795 meo,
3002 3726 3107 3783 sed
3157 3730 3224 3783 ut
3247 3726 3530 3783 deficiant
3581 3724 3734 3783 oculi
3771 3722 3880 3794 tui,
3912 3726 3977 3778 et

2327 3840 2356 3868 «
2399 3818 2663 3875 tabescat
2692 3818 2896 3874 anima
2922 3822 3043 3873 tua.
3080 3838 3110 3867 ››
3143 3816 3279 3872 Ideo
3323 3815 3613 3872 Dominus
3655 3829 3779 3870 non
3804 3813 3981 3885 peni-

2328 3913 2419 3965 tus
2449 3908 2791 3965 ablaturum
2821 3906 3014 3962 virum
3053 3922 3127 3962 ex
3154 3906 3340 3962 domo
3368 3904 3489 3961 Heli
3516 3904 3596 3960 ab
3638 3902 3813 3959 altari
3842 3916 3983 3969 suo,

2324 3998 2467 4054 dicit
2496 4002 2559 4053 ut
2590 4012 2829 4069 semper
2858 3995 2934 4051 de
2963 3994 3148 4051 domo
3180 3994 3303 4051 Heli
3331 3998 3490 4051 esset
3532 3994 3596 4049 in
3624 3992 3812 4048 domo
3862 3992 3986 4047 Do.

2324 4086 2473 4143 mini
2496 4087 2588 4142 vir
2615 4086 2719 4158 qui
2739 4086 2801 4140 in
2826 4084 3113 4155 dignitate
3134 4083 3451 4139 sacerdotii
3484 4082 3673 4139 alium
3697 4081 3990 4137 substitu-

2326 4179 2455 4231 tum
2486 4178 2541 4231 et
2568 4190 2631 4231 se
2669 4174 2881 4230 eadem
2906 4174 3194 4243 dignitate
3220 4173 3523 4245 privatum
3577 4171 3815 4241 videns,
3846 4171 3992 4242 ejus

2326 4263 2483 4321 oculi
2539 4263 2859 4319 deﬁcerent
2928 4268 2987 4319 et
3054 4263 3261 4318 anima
3310 4262 3642 4317 tabesceret
3696 4276 3821 4333 prae
3894 4260 3993 4315 ni-

2325 4354 2559 4410 mietate
2617 4353 2908 4409 maeroris.
2951 4352 3187 4425 Mystice
3217 4352 3346 4407 haec
3394 4349 3713 4423 prophetia
3743 4348 3821 4404 de
3854 4365 4000 4405 mu-

2326 4443 2543 4498 tatione
2574 4441 2909 4513 sacerdotii,
2940 4457 3063 4498 non
3093 4445 3181 4497 est
3210 4442 3272 4496 in
3325 4438 3604 4495 Samuele
3658 4439 3993 4511 completa,

2325 4532 2427 4587 sed
2458 4531 2519 4586 in
2574 4532 2823 4587 Domino
2867 4534 3003 4587 Jesu
3055 4529 3283 4586 Christo
3339 4528 3560 4585 exstitit
3591 4527 3995 4586 adumbrata.

2326 4625 2473 4677 Nam
2499 4626 2636 4694 post
2666 4620 3005 4678 Samuelem
3029 4620 3412 4693 prophetam,
3441 4622 3660 4691 postea
3700 4618 3999 4674 sacerdo-

2327 4715 2411 4766 tes
2442 4710 2681 4766 fuerunt
2699 4711 2773 4765 de
2795 4725 3009 4780 genere
3043 4714 3259 4775 Aaron,
3280 4710 3437 4764 sicut
3463 4707 3699 4765 Sadoch
3724 4711 3787 4762 et
3806 4707 4003 4763 Abin-

2326 4800 2479 4867 thar,
2506 4805 2792 4870 regnante
2824 4798 3030 4870 David,
3063 4802 3119 4855 et
3148 4796 3248 4853 alii
3276 4797 3564 4870 deinceps
3605 4814 3619 4853 :
3651 4799 4004 4869 antequam

2327 4895 2564 4963 tempus
2593 4889 2820 4947 veniret
2841 4905 2917 4945 ex
2946 4903 3069 4961 quo
3097 4888 3213 4944 ista
3241 4884 3317 4942 de
3369 4884 3710 4943 sacerdotio
3738 4890 4007 4943 mutan-

2326 4982 2426 5047 do,
2459 4999 2565 5054 per
2590 4981 2889 5036 Christum
2944 4978 3096 5035 efﬁci
3134 4977 3470 5050 oportebat.
3526 4980 3674 5033 Nam
3718 4991 3863 5031 cum
3906 4977 4009 5033 di-

2327 5074 2485 5125 ceret
2514 5088 2527 5124 :
2559 5092 2586 5118 «
2618 5054 2898 5141 Loquens
2948 5067 3185 5123 locutus
3234 5082 3392 5135 sum,
3424 5070 3491 5121 ut
3540 5066 3768 5121 domus
3796 5069 3915 5122 tua
3946 5070 4013 5122 et

2327 5157 2545 5211 domus
2572 5158 2755 5227 patris
2776 5156 2881 5225 tui,
2915 5176 2944 5205 ››
2971 5155 3035 5210 id
3063 5159 3170 5225 est,
3225 5160 3443 5223 Aaron,
3477 5154 3584 5227 qui
3630 5153 3872 5227 primus
3898 5170 4010 5211 sa-

2328 5244 2539 5300 cerdos
2569 5250 2657 5301 est
2679 5245 3003 5313 institutus,
3039 5243 3116 5299 de
3147 5245 3322 5317 cujus
3340 5244 3629 5317 progenie
3663 5244 3863 5300 caeteri
3898 5261 4013 5301 se-

2327 5338 2669 5407 querentur,
2703 5356 2731 5385 ς(
2763 5334 3130 5390 ministraret
3156 5333 3220 5389 in
3250 5338 3583 5406 conspectu
3611 5348 3750 5389 meo
3791 5349 4014 5408 usque

2326 5423 2390 5479 in
2416 5422 2864 5491 sempiternum.
2890 5425 3057 5479 Nunc
3075 5426 3277 5480 autem
3304 5423 3446 5479 dicit
3465 5422 3759 5479 Dominus
3785 5424 4019 5481 :Absit

2327 5513 2442 5569 hoc
2472 5528 2510 5569 a
2534 5527 2651 5569 me.
2687 5512 2801 5570 Sed
2830 5514 3176 5588 quicunque
3207 5513 3623 5586 gloriﬁcaverit
3652 5528 3774 5584 me,
3811 5513 4017 5583 810τὶ-

2326 5601 2523 5659 ﬁcabo
2543 5618 2702 5659 eum.
2723 5602 2834 5670 Qui
2853 5608 3057 5660 autem
3080 5606 3602 5671 contemnuntme,
3619 5606 3799 5658 erunt
3820 5603 4022 5673 igno-

2324 5691 2475 5751 biles
2502 5710 2517 5761 ;
2550 5713 2579 5743 »
2610 5709 2747 5752 ecce
2774 5693 2868 5753 isti
2895 5698 3036 5752 sunt
3066 5693 3194 5751 dies
3241 5692 3349 5766 qui
3376 5690 3766 5765 pramuntiati
3797 5699 3961 5751 sunt
4004 5713 4024 5763 ;
