4130 6182
215 195 313 247 277

1199 187 1448 246 ENARR.
1489 187 1557 242 IN
1596 183 1840 242 LIBROS
1878 185 2136 243 REGUM.
2179 217 2247 230 —
2286 188 2375 244 IN.
2416 186 2548 243 LIB.
2591 188 2631 240 l.

3501 186 3608 244 278

204 317 330 387 jam
357 312 508 370 enim
529 313 872 366 venerunt:
907 308 1104 365 nullus
1131 309 1288 365 enim
1322 310 1603 367 sacerdos
1658 313 1744 366 est
1775 325 1858 364 se-
1879 312 1927 367 A
1967 333 1993 360 ‹‹
2036 313 2218 367 domo
2243 316 2365 379 tua,
2401 315 2462 368 ut
2481 314 2678 368 oretur
2705 325 2816 382 pro
2845 325 2915 368 eo
2946 313 3002 367 et
3029 309 3236 368 offerat
3284 323 3607 364 nummum

209 402 462 459 cundum
495 399 774 456 ordinem
803 404 1020 453 Aaron.
1051 401 1116 453 Et
1143 399 1488 471 quicunque
1520 416 1591 455 ex
1609 400 1738 470 ejus
1755 416 1852 469 ge-

207 510 337 549 nere
360 498 446 548 est
473 493 680 558 homo,
714 505 856 544 cum
890 488 1048 543 videt
1074 488 1496 558 sacerdotium,
1528 490 1652 545 imo
1683 489 1856 545 sacri-

204 582 402 638 ﬁcium
432 578 907 635 Christianorum
936 580 1056 632 toto
1085 576 1227 632 orbe
1257 577 1481 650 pollere
1512 582 1569 633 et
1599 594 1658 633 se
1698 577 1857 648 abje-

204 678 382 737 ctum,
415 669 698 725 deﬁciunt
728 666 885 722 oculi
918 666 1068 738 ejus,
1101 673 1156 721 et
1187 667 1391 722 anima
1440 669 1571 738 ejus
1625 667 1852 736 defluit,

207 778 330 834 prae.
351 760 646 815 nimietate
676 755 971 811 maeroris.
1005 755 1169 811 Unde
1191 760 1244 810 et
1276 757 1544 829 sequitur
1574 773 1586 812 :

280 874 304 897 ‹‹
349 852 410 904 Et
438 846 738 903 suscitabo
786 845 935 900 mihi
983 845 1351 901 sacerdotem
1382 846 1618 901 ﬁdelem
1651 861 1858 901 secun-

206 963 233 988 ‹‹
272 939 410 994 dum
442 953 546 993 cor
586 951 810 992 meum.
850 958 877 983 »
907 934 1080 1000 Quod
1138 933 1219 989 ait
1271 934 1565 1008 Propheta
1623 934 1699 990 ad
1734 931 1856 989 Heli

202 1029 444 1101 loquens
477 1045 548 1082 ex
597 1041 861 1098 persona
908 1024 1030 1080 Dei.
1069 1048 1093 1076 ς
1123 1027 1190 1079 Et
1228 1025 1527 1080 suscitabo
1580 1024 1727 1080 mihi
1755 1039 1852 1079 sa-

208 1118 494 1174 cerdotem
524 1116 787 1183 ﬁdelem,
821 1115 924 1187 qui
951 1115 1124 1184 juxta
1148 1130 1250 1170 cor
1271 1131 1474 1170 meum
1502 1119 1559 1170 et
1587 1115 1854 1170 animam

211 1224 396 1263 meam
445 1205 643 1270 faciet,
677 1208 733 1260 et
762 1202 1076 1258 aediﬁcabo
1102 1203 1154 1258 ei
1207 1203 1460 1258 domum
1507 1202 1767 1271 ﬁdelem,
1801 1205 1856 1257 et

219 1295 532 1351 ambulabit
576 1309 781 1349 coram
830 1291 1058 1348 Christo
1108 1306 1244 1347 meo
1275 1291 1506 1346 cunctis
1536 1291 1790 1358 diebus;
1827 1311 1853 1338 ››

220 1386 326 1440 sub
353 1385 542 1455 ﬁgura
571 1381 856 1440 Samuelis
883 1381 958 1436 de
989 1381 1243 1437 Domino
1271 1380 1593 1451 Salvatore,
1618 1395 1856 1435 summo

225 1474 488 1528 videlicet
536 1490 602 1529 ac
649 1488 782 1528 vero
835 1470 1138 1545 pontiﬁce,
1188 1470 1367 1526 debet
1410 1469 1672 1539 intelligi.
1709 1469 1858 1535 Quia

239 1563 509 1618 nimirum
538 1562 676 1617 sicut
721 1561 955 1617 Samuel
1001 1559 1280 1616 defuncto
1313 1559 1437 1615 Heli
1485 1557 1767 1614 successit
1795 1557 1856 1612 in

1965 424 1990 449 ‹‹
2031 407 2380 470 argenteum
2411 407 2467 458 et
2510 405 2722 457 tortam
2778 401 2970 472 panis.
3007 419 3036 452 ›
3068 403 3193 456 Non
3246 398 3482 473 proprie
3531 399 3607 454 de

1961 489 2145 546 domo
2175 491 2391 547 dicitur
2420 491 2601 562 hujus
2653 489 2798 557 Heli,
2831 489 2936 544 sed
2964 488 3119 544 illius
3143 494 3359 556 Aaron,
3383 487 3455 544 de
3486 504 3606 562 quo

1959 595 2172 649 genere
2201 581 2379 636 etiam
2409 581 2725 652 hucusque
2755 594 2878 635 non
2903 578 3138 649 desunt,
3161 577 3264 650 qui
3296 576 3537 634 veniant
3555 581 3612 634 et

1960 675 2398 726 convertantur.
2429 671 2509 724 De
2566 669 2789 742 quibus
2836 669 3050 724 dicitur
3084 686 3097 724 :
3130 687 3160 721 ‹
3193 667 3470 740 Reliquiae
3518 682 3609 723 se-

1961 759 2230 813 cundum
2262 758 2609 813 electionem
2630 758 2832 828 gratiae
2864 757 3044 813 salva:
3073 757 3240 813 facta:
3265 761 3402 812 sunt
3423 757 3605 826 (Rom.

1960 851 2060 915 x1).
2099 872 2124 897 ››
2155 851 2232 903 De
2280 847 2498 903 talibus
2543 847 2705 903 enim
2751 846 3015 918 reliquiis
3067 846 3220 902 bene
3270 844 3611 914 intelligitur

1960 937 2125 1011 quod
2152 937 2364 993 dicitur
2397 959 2423 986 «
2457 936 2566 1002 Qui
2594 937 2949 992 remanserit
2969 935 3029 992 in
3055 935 3239 992 domo
3265 940 3385 997 tua.
3419 933 3616 990 veniet

1961 1031 2025 1084 ut
2055 1030 2252 1082 oretur
2271 1043 2380 1098 pro
2411 1041 2482 1081 eo
2507 1045 2519 1094 ;
2546 1047 2573 1077 ››
2599 1025 2863 1097 profecto
2889 1025 2994 1098 qui
3020 1024 3204 1082 credit
3227 1024 3287 1080 in
3316 1024 3613 1080 Christum

1961 1116 2113 1171 sicut
2151 1120 2208 1171 et
2245 1115 2614 1188 temporibus
2663 1113 3097 1186 apostolorum,
3128 1118 3186 1170 et
3226 1114 3287 1169 in
3334 1113 3614 1186 praesenti

1961 1208 2230 1276 tempore
2262 1203 2635 1276 aliquantum
2668 1203 2815 1259 solet
2843 1202 3098 1276 impleri,
3121 1207 3176 1259 et
3203 1203 3263 1258 in
3292 1201 3411 1258 ﬁne
3439 1219 3614 1258 mun-

1961 1294 2020 1349 di
2068 1294 2325 1367 perfecte
2369 1293 2782 1365 complebitur.
2812 1296 2960 1349 Nam
3007 1292 3118 1348 etsi
3161 1293 3358 1365 pauci,
3409 1296 3613 1348 tamen

1963 1383 2168 1454 aliqui,
2186 1382 2449 1454 quotidie
2474 1399 2545 1436 ex
2573 1382 2916 1438 Judteorum
2932 1398 3055 1437 non
3083 1385 3313 1438 tantum
3343 1397 3415 1437 ex
3438 1381 3611 1454 plebe

1962 1472 2066 1528 sed
2099 1488 2171 1528 ex
2201 1471 2552 1527 sacerdotali
2579 1471 2758 1544 stirpe
2789 1471 2866 1527 ad
2891 1471 3207 1528 Ecclesium
3239 1471 3608 1542 confugiunt.

1965 1584 1992 1610 «
2027 1565 2251 1616 Etcum
2281 1561 2583 1618 intraverit
2601 1561 2908 1634 plenitudo
2935 1562 3223 1632 gentium,
3252 1567 3390 1618 tunc
3413 1562 3612 1618 omnis

243 1650 626 1717 sacerdotium,
651 1666 769 1706 non
828 1649 904 1704 de
965 1649 1143 1721 stirpe
1194 1654 1394 1704 Aaron
1448 1647 1551 1704 sed
1610 1647 1686 1703 de
1741 1646 1859 1702 alia
1887 1672 1928 1725 Β
1966 1651 2147 1706 Israel
2195 1650 2395 1708 salvus
2441 1648 2539 1706 ﬁet
2582 1651 2802 1720 (ΗΜΛ).
2842 1670 2861 1703 ι
2898 1651 3249 1723 Quicunque
3296 1654 3494 1707 autem
3541 1666 3612 1707 ex

236 1741 358 1795 Levi
394 1740 604 1795 familia
631 1739 888 1795 electus:
925 1739 1034 1794 fuit
1085 1738 1243 1794 enim
1290 1738 1448 1793 ﬁlius
1479 1737 1721 1802 Eleana,
1755 1736 1860 1792 ﬁlii

225 1828 506 1895 Jeroham,
536 1827 636 1883 ﬁlii
671 1828 820 1896 Eliu,
861 1828 964 1883 ﬁlii
990 1829 1172 1895 Thau,
1205 1827 1309 1882 ﬁlii
1335 1827 1519 1900 Suph,
1551 1826 1655 1881 ﬁlii
1693 1825 1859 1880 Elea-

214 1932 301 1980 na,
332 1916 430 1971 ﬁlii
465 1917 612 1988 Joel,
638 1917 743 1972 ﬁlii
764 1917 1005 1984 Azariae,
1027 1916 1130 1970 ﬁlii
1155 1916 1492 1988 Sophoniae,
1514 1915 1619 1970 ﬁlii
1651 1914 1859 1978 Taath,

204 2005 299 2060 ﬁlii
350 2012 524 2071 Aser,
574 2007 681 2062 ﬁlii
735 2007 957 2080 Asaph,
1009 2006 1116 2061 ﬁlii
1173 2009 1336 2077 Core,
1382 2005 1486 2061 ﬁlii
1541 2009 1726 2072 lsaar,
1758 2001 1865 2059 ﬁlii

203 2096 397 2162 Caath,
432 2095 547 2150 ﬁlii
574 2096 734 2161 Levi,
768 2095 871 2150 ﬁlii
905 2094 1100 2165 Israel,
1135 2099 1200 2149 ut
1228 2093 1412 2149 verba
1442 2093 1674 2149 dierum
1731 2108 1866 2147 nar-

194 2189 353 2252 rant;
383 2185 474 2240 ita
523 2183 808 2240 Mediator
836 2184 934 2239 Dei
962 2189 1018 2239 et
1054 2184 1392 2248 hominum,
1421 2187 1487 2238 ut
1517 2185 1670 2236 esset
1692 2180 1867 2236 nobis

191 2273 469 2344 pontifex
505 2287 632 2326 non
664 2272 738 2326 de
769 2273 924 2338 Levi,
959 2273 1066 2327 sed
1100 2272 1219 2327 alia
1246 2272 1450 2342 utique
1491 2270 1668 2336 tribu,
1696 2269 1756 2325 id
1784 2272 1872 2324 est

187 2363 380 2430 Juda,
412 2377 673 2416 carnem
702 2360 970 2432 sumpits.
1003 2361 1312 2432 Aliamque
1336 2359 1599 2429 legaliter
1618 2360 1870 2415 hostiam

192 2453 398 2525 ipsam
443 2466 636 2504 suam
671 2464 912 2505 carnem
943 2449 1152 2505 obtulit
1166 2449 1316 2505 Patri
1345 2465 1450 2522 pro
1471 2448 1660 2504 nobis.
1689 2448 1868 2504 Alios-

192 2559 300 2615 que
332 2541 414 2597 de
441 2555 676 2610 genere
698 2543 898 2594 Aaron
921 2540 1302 2612 pontificatus
1323 2539 1410 2594 sui
1435 2538 1663 2612 reliquit
1682 2539 1866 2594 haere-

197 2632 292 2686 des
323 2630 518 2700 ﬁlios,
552 2628 836 2684 videlicet
873 2629 1074 2698 gratiae
1128 2629 1272 2685 Novi
1322 2627 1709 2694 Testamenti;
1742 2643 1867 2683 non

199 2724 425 2775 tantum
459 2734 538 2773 ex
586 2717 831 2782 Iudaeis,
862 2717 966 2772 sed
1018 2716 1090 2772 de
1120 2717 1395 2772 universa
1436 2716 1702 2786 gentium
1755 2732 1867 2772 na-

200 2811 354 2864 tione
404 2807 713 2864 collectos.
749 2805 919 2872 Quod
969 2822 1101 2862 vere
1159 2805 1332 2879 quasi
1373 2806 1646 2862 humano
1696 2820 1865 2862 more

203 2896 452 2970 loquens
483 2898 641 2951 Deus
673 2894 819 2950 dicit
851 2913 863 2952 :
896 2893 1004 2960 Qui
1059 2895 1224 2966 juxta
1269 2911 1371 2951 cor
1417 2911 1626 2950 meum
1653 2898 1710 2949 et
1736 2892 1865 2948 ani-

209 3003 366 3042 mam
396 3003 599 3076 meam
630 2985 828 3076 faciet,
861 2984 936 3040 de
996 2984 1268 3040 Samuele
1299 2984 1546 3057 quidem
1575 2987 1732 3040 recte
1762 2999 1868 3056 po-
1895 3023 1936 3076 α

212 3080 317 3130 test
341 3075 584 3144 intelligi
614 3074 783 3147 quod
814 3072 876 3128 in
907 3073 1188 3129 omnibus
1220 3075 1351 3144 ejus
1393 3073 1683 3130 voluntati
1715 3072 1867 3128 sicut

215 3164 394 3218 homo
415 3165 532 3232 Dei,
560 3165 678 3219 Deo
709 3162 993 3235 paruerit.
1029 3166 1105 3218 De
1135 3162 1390 3218 Domino
1432 3167 1636 3218 autem
1664 3161 1864 3219 Salva~

229 3256 351 3306 tore
373 3257 565 3323 potest
589 3253 759 3307 etiam
789 3252 980 3325 accipi
1025 3251 1240 3308 altius:
1284 3253 1427 3324 quia
1483 3252 1633 3308 sicut
1679 3251 1862 3307 Filius

235 3340 568 3407 unigenitus
617 3345 987 3412 paternorum
1042 3341 1104 3397 in
1153 3340 1438 3396 omnibus
1485 3341 1558 3397 sit
1586 3341 1861 3397 conscius

243 3442 610 3497 arcanorum,
633 3429 788 3498 juxta
813 3429 978 3503 quod
1009 3429 1082 3484 de
1111 3431 1312 3502 seipso
1343 3429 1651 3485 manifeste
1683 3434 1863 3486 testa-

242 3520 351 3586 tur,
385 3515 571 3572 dicens
599 3535 612 3571 :
636 3539 662 3565 ‹‹
696 3520 754 3573 Et
783 3535 815 3574 a
844 3535 940 3575 me
971 3519 1103 3593 ipso
1156 3518 1308 3574 facio
1362 3518 1525 3589 nihil,
1554 3519 1661 3574 sed
1714 3519 1867 3574 sicut

229 3605 424 3662 docuit
461 3623 556 3664 me
609 3611 790 3671 Pater,
836 3609 964 3664 11830
1020 3609 1237 3682 loquor
1293 3610 1488 3679 (Joan.
1539 3609 1644 3680 vx).
1691 3628 1719 3658 ι)
1751 3610 1858 3663 Et:

217 3717 247 3748 (ι
281 3696 388 3758 Qui
405 3714 496 3753 me
523 3698 702 3769 misit,
731 3715 969 3754 mecum
1009 3703 1117 3768 est,
1151 3705 1208 3754 et
1232 3714 1353 3754 non
1378 3697 1615 3770 reliquit
1644 3713 1742 3752 me
1773 3712 1865 3753 so-

214 3786 388 3842 lum:
435 3787 574 3860 quia
626 3804 763 3860 quae
815 3787 1034 3860 placita
1087 3792 1226 3843 sunt
1277 3787 1350 3856 ei,
1410 3787 1564 3842 facio
1624 3801 1864 3858 semper

211 3877 402 3950 (Joan.
436 3879 571 3950 VIII).
600 3897 628 3929 »
663 3878 770 3934 Cui
800 3877 1052 3934 domum
1097 3877 1337 3933 ﬁdelem
1363 3875 1621 3932 aediﬁcat
1672 3878 1862 3938 Pater,

203 3983 336 4039 quae
391 3966 614 4023 domus
663 3983 876 4022 sumus
923 3983 1052 4034 nos,
1083 3967 1130 4024 si
1176 3966 1464 4022 ﬁduciam
1507 3969 1564 4020 et
1612 3963 1863 4034 gloriam

203 4056 326 4128 spei
353 4072 546 4130 usque
597 4057 661 4111 in
692 4056 897 4122 ﬁnem,
931 4056 1170 4112 ﬁrmam
1221 4056 1610 4112 retineamus.
1647 4055 1712 4108 Et
1737 4053 1866 4108 haec

197 4145 414 4201 domus
445 4144 791 4202 ambulabit
817 4161 1021 4200 coram
1055 4144 1280 4200 Christo
1321 4145 1471 4214 ejus,
1497 4142 1632 4214 ipso
1658 4141 1866 4198 videli-

203 4241 284 4290 cet
333 4250 586 4290 summo
631 4234 936 4306 pontiﬁce,
969 4234 1196 4288 cunctis
1245 4233 1480 4303 diebus,
1507 4231 1651 4304 quia
1692 4230 1866 4286 nimi-

199 4339 321 4380 rum
356 4339 558 4397 usque
611 4323 691 4378 ad
740 4323 922 4378 ﬁnem
974 4322 1194 4390 saeculi,
1227 4338 1474 4377 suorum
1515 4325 1872 4391 augmenta‘

201 4414 344 4469 tione
393 4413 825 4470 membrorum
859 4412 1119 4467 Ecclesia
1151 4416 1357 4468 sancta
1387 4411 1676 4484 proﬁcere
1707 4425 1865 4465 nun-

199 4520 374 4575 quam
433 4502 754 4560 cessabit:
789 4501 1057 4574 alioquin
1106 4501 1416 4574 quomodo
1463 4501 1537 4556 de
1588 4500 1862 4556 Samuele

203 4601 379 4663 potest
411 4592 640 4666 accipi,
673 4591 840 4664 quod
888 4591 1182 4648 aediﬁcata
1211 4591 1285 4646 sit
1314 4592 1367 4646 ei
1421 4590 1640 4648 domus
1667 4589 1863 4647 ﬁdelis

202 4698 321 4754 quae
355 4699 574 4740 coram
631 4681 860 4737 Christo
889 4680 1144 4749 Domini,
1177 4680 1238 4736 id
1267 4684 1373 4750 est,
1405 4679 1536 4753 ipso
1587 4679 1861 4737 Samuele

203 4775 418 4830 cunctis
454 4771 766 4830 incederet
785 4771 1032 4840 diebus;
1064 4787 1204 4828 cum
1226 4769 1498 4840 legamus
1527 4770 1588 4828 in
1611 4785 1862 4842 sequen-

202 4863 353 4919 tibus
379 4863 556 4937 quod
587 4861 696 4917 ﬁlii
741 4861 897 4917 illius
927 4861 1120 4918 aversi
1150 4860 1223 4918 de
1262 4861 1368 4918 viis
1395 4861 1522 4932 ejus
1551 4865 1690 4934 post
1719 4875 1861 4917 ava-

205 4952 396 5008 ritiam
416 4951 876 5009 declinaverunt
904 4955 960 5006 et
989 4950 1374 5023 perverterint
1392 4951 1708 5021 judicium,
1745 4948 1859 5005 nisi

213 5037 359 5094 forte
386 5041 598 5098 domus
637 5041 769 5112 ejus
795 5040 910 5096 hoc
934 5040 1065 5097 loco
1092 5040 1330 5114 plebem
1359 5040 1742 5096 Israeliticam
1768 5038 1857 5094 in-

217 5127 562 5197 telligamus,
591 5148 730 5204 quae
757 5131 986 5188 cunctis
1015 5130 1228 5188 diebus
1250 5121 1571 5190 sacerdotii
1591 5129 1720 5200 ejus
1750 5131 1860 5184 Do-

207 5218 378 5274 mino
408 5221 718 5278 servierit?
745 5223 823 5276 De
850 5236 974 5294 qua
1003 5220 1290 5293 scriptum
1333 5226 1422 5275 est
1449 5220 1507 5291 (Ι
1531 5221 1673 5288 Reg.
1705 5218 1806 5288 vn)
1843 5234 1854 5274 :

203 5331 230 5359 α
266 5312 333 5366 Et
381 5311 676 5384 requievit
722 5310 922 5366 omnis
967 5309 1145 5366 Israel
1191 5315 1330 5381 post
1358 5309 1696 5366 Dominum.
1734 5329 1761 5356 »
1796 5310 1861 5366 Et

193 5400 379 5472 paulo
428 5406 565 5474 post
598 5419 613 5459 :
648 5423 676 5452 «
709 5399 1104 5457 Abstulerunt
1146 5416 1288 5470 ergo
1314 5399 1417 5456 ﬁlii
1447 5397 1628 5454 Israel
1657 5396 1860 5454 Baalin

192 5496 248 5546 et
297 5493 610 5565 Astaroth,
658 5496 716 5549 et
772 5491 1102 5548 servierunt
1143 5489 1396 5547 Domino
1447 5488 1639 5546 soli.»
1689 5488 1860 5554 Quod

194 5597 333 5640 vero
360 5583 649 5640 subditur
681 5601 694 5638 :

261 5696 289 5725 ει
321 5677 628 5735 Futurum
647 5675 744 5734 est
763 5674 969 5731 autem
983 5675 1049 5730 ut
1066 5671 1414 5746 quicunque
1434 5667 1785 5729 remanserit
1798 5668 1861 5727 in

1965 1741 2058 1795 his
2089 1738 2416 1794 salvandus
2449 1743 2556 1805 est,
2583 1738 2710 1810 ipse
2740 1741 2898 1796 enim
2929 1739 3032 1813 qui
3061 1754 3449 1796 remansurus
3486 1755 3615 1795 esse

1968 1829 2199 1894 dicitur,
2232 1829 2292 1884 in
2321 1829 2504 1884 domo
2535 1833 2818 1901 pereunte
2847 1828 3173 1884 sacerdotis
3228 1828 3349 1885 Heli
3376 1843 3616 1885 necesse

1969 1924 2056 1974 est
2085 1918 2163 1974 ad
2197 1917 2516 1973 Ecclesiam
2547 1918 2869 1988 confugiat,
2896 1923 2954 1975 et
3000 1918 3211 1975 oﬂ‘erat
3254 1933 3363 1990 pro
3411 1934 3473 1975 se
3520 1933 3617 1974 sa-

1971 2007 2193 2064 cerdoti
2239 2007 2567 2063 Christiano
2607 2024 2929 2064 nummum
2958 2007 3350 2065 confessionis
3383 2008 3485 2063 Dei
3513 2007 3617 2063 de-

1970 2101 2105 2152 vote
2133 2111 2268 2168 quae
2296 2095 2355 2150 in
2387 2095 2664 2166 symbolo
2695 2095 3029 2151 continetur
3054 2114 3068 2154 ;
3103 2095 3342 2150 brevem
3372 2093 3620 2167 quidem

1969 2185 2177 2251 verbo,
2224 2184 2330 2240 sed
2381 2184 2594 2239 virtute
2650 2185 3037 2256 praacipuam.
3088 2185 3330 2241 Constat
3373 2185 3621 2251 argento

1972 2273 2300 2330 claritatem
2347 2272 2513 2327 verbi
2566 2271 2843 2339 emlestis,
2886 2271 3039 2328 sicut
3094 2270 3476 2343 splendorem
3533 2285 3624 2326 sa-

1973 2363 2208 2438 pientiae
2241 2361 2562 2435 spiritualis
2589 2377 2740 2416 auro
2774 2376 2934 2434 saepe
2963 2359 3286 2432 designari.
3321 2359 3540 2416 Offerat
3567 2362 3626 2415 et

1972 2469 2195 2527 panem
2227 2451 2501 2509 sacriﬁcii
2557 2451 2834 2507 salutaris
2862 2450 3109 2522 abjectis
3161 2448 3440 2506 carnibus
3466 2449 3626 2522 lega-

1971 2543 2121 2602 lium
2181 2543 2578 2612 victimarum,
2611 2541 2930 2613 dicatque:
2971 2561 2989 2592 ι
3027 2539 3260 2597 Dimitte
3298 2557 3415 2609 me,
3447 2541 3624 2597 obse-

1975 2650 2098 2698 cro,
2126 2633 2205 2689 ad
2256 2648 2438 2688 unam
2481 2637 2714 2704 partem
2746 2631 3202 2700 sacerdotalem,
3235 2654 3264 2682 »
3295 2630 3356 2687 id
3407 2635 3514 2702 est,
3546 2631 3626 2688 ad

1974 2723 2167 2795 ipsam
2222 2722 2461 2796 plebem
2502 2723 2728 2780 Christo
2783 2723 3090 2780 sacerdote
3119 2721 3493 2794 praeclaram.
3521 2723 3626 2780 Cui

1975 2815 2176 2868 Petrus
2209 2812 2290 2868 ait
2320 2829 2333 2867 :
2369 2834 2396 2862 «
2431 2811 2551 2867 Vos
2577 2812 2737 2868 enim
2763 2827 2954 2882 genus
3005 2812 3280 2880 electum,
3309 2811 3510 2882 regale
3534 2826 3628 2867 sa-

1975 2901 2306 2958 cerdotium
2338 2901 2389 2973 (1
2415 2903 2581 2958 Petr.
2632 2903 2716 2974 ιι).
2748 2924 2776 2952 ››
2807 2900 2980 2968 Quod
3027 2906 3230 2959 autem
3282 2901 3467 2968 addit,
3503 2922 3532 2950 «
3563 2903 3628 2956 ut

1975 2992 2291 3048 comedam
2323 2991 2655 3048 buccellam
2687 2991 2883 3063 panis,
2906 3013 2936 3043 »
2968 2992 3146 3048 etiam
3171 2991 3376 3063 ipsum
3404 2989 3627 3046 sacriﬁ-

1974 3081 2047 3136 cii
2091 3097 2280 3151 genus
2318 3081 2618 3150 eleganter
2661 3080 2972 3152 expressit.
3002 3084 3082 3137 De
3109 3095 3234 3151 quo
3265 3080 3406 3136 dicit
3431 3093 3626 3136 sacer—

1972 3172 2085 3228 dos
2108 3172 2236 3243 ipse
2266 3189 2279 3226 :
2315 3193 2342 3220 ‹‹
2375 3170 2548 3226 Panis
2577 3185 2758 3240 quem
2788 3185 2901 3238 ego
2943 3169 3128 3236 dabo,
3177 3183 3317 3222 caro
3364 3181 3504 3222 mea
3539 3170 3630 3220 est

1972 3277 2083 3334 pro
2129 3259 2339 3314 mundi
2391 3257 2510 3312 vita
2548 3257 2747 3326 (Joan.
2779 3258 2880 3325 γι).
2915 3278 2942 3306 ››
2974 3255 3124 3318 Quia
3177 3253 3340 3309 enim
3395 3253 3628 3310 dixerat

1975 3347 2250 3420 superius
2297 3345 2536 3402 dedisse
2569 3345 2735 3401 cibos
2783 3343 2993 3402 domui
3038 3347 3238 3400 Aaron
3267 3342 3342 3400 de
3370 3342 3626 3400 victimis

1972 3439 2196 3496 Veteris
2228 3435 2612 3503 Testamenti,
2642 3435 2747 3508 qui
2776 3435 3011 3492 fuerant
3061 3433 3353 3492 sacriﬁcia
3390 3435 3626 3491 Judaao—

1972 3545 2128 3590 rum,
2160 3527 2295 3583 ideo
2325 3526 2420 3582 hic
2446 3526 2593 3582 dixit
2616 3526 3051 3599 postulandum
3076 3527 3156 3582 ad
3183 3525 3626 3583 comedendum

1971 3617 2306 3674 buccellam
2358 3615 2554 3688 panis,
2582 3615 2749 3688 quod
2799 3620 2884 3673 est
2927 3615 3002 3672 de
3031 3618 3199 3673 Novo
3243 3617 3624 3675 Testamento

1973 3705 2332 3762 sacriﬁcium
2363 3704 2857 3762 Christianorum.

2623 3850 2846 3906 CAPUT
2882 3851 2973 3906 III.

2045 3999 2073 4028 «
2116 3978 2265 4033 Puer
2315 3979 2517 4032 autem
2573 3973 2816 4032 Samuel
2841 3971 3223 4028 ministrabat
3249 3969 3502 4027 Domino
3531 3986 3628 4028 co-

1977 4089 2004 4117 ‹‹
2045 4081 2177 4122 ram
2203 4065 2349 4131 Heli,
2381 4069 2439 4120 et
2467 4079 2663 4120 sermo
2689 4061 2921 4118 Domini
2965 4064 3090 4118 erat
3116 4060 3436 4134 pretiosus.
3471 4077 3500 4112 ι»
3527 4062 3626 4118 Be-

1978 4178 2006 4206 ι(
2046 4171 2123 4211 ne
2149 4155 2247 4219 ait,
2282 4176 2309 4205 α
2341 4157 2398 4209 et
2425 4169 2622 4209 sermo
2666 4151 2901 4208 Domini
2929 4154 3055 4208 erat
3079 4151 3394 4225 pretiosus.
3428 4173 3457 4204 ν
3489 4154 3625 4209 Pre-

1978 4245 2167 4302 tiosus
2195 4259 2462 4315 namque
2485 4242 2717 4309 dicitur,
2745 4242 2892 4314 quia
2921 4257 3200 4316 perrarus
3230 4245 3373 4314 erat,
3406 4245 3462 4299 et
3517 4258 3626 4316 per

1976 4337 2336 4408 prophetam
2379 4349 2514 4390 raro
2563 4333 2766 4390 ﬁebat.
2803 4336 2992 4390 Omne
3034 4333 3193 4390 enim
3221 4332 3389 4406 quod
3416 4348 3624 4389 rarum

1978 4428 2086 4484 est,
2114 4423 2441 4496 pretiosum
2463 4427 2571 4489 est,
2590 4421 2734 4494 quia
2754 4421 3014 4494 amplius
3038 4420 3432 4478 desideratur.
3456 4420 3624 4477 Unde

1977 4517 2033 4570 et
2062 4513 2487 4584 subjungitur:
2522 4535 2549 4562 «
2598 4516 2659 4568 In
2708 4512 2921 4568 diebus
2968 4511 3082 4567 illis
3129 4526 3251 4566 non
3308 4514 3434 4565 erat
3468 4508 3622 4561 visio

1971 4603 2305 4660 manifesta.
2339 4626 2367 4655 »
2400 4602 2552 4669 Quia
2605 4601 2878 4656 videlicet
2905 4597 3220 4671 prophetia
3265 4611 3388 4650 non
3440 4593 3623 4664 plena

1972 4692 2484 4750 manifestabatur.
2517 4693 2756 4761 Propter
2797 4689 3045 4760 peccata
3093 4683 3254 4740 enim
3303 4681 3533 4754 populi,
3565 4685 3624 4738 et

1971 4798 2178 4837 eorum
2209 4781 2313 4852 qui
2343 4780 2711 4851 praefuerunt
2737 4774 2983 4849 populo,
3013 4774 3141 4844 jam
3191 4786 3316 4827 non
3345 4770 3624 4828 manifes-

1969 4871 2254 4927 tabantur
2301 4867 2580 4934 visiones,
2637 4864 2790 4920 sicut
2850 4861 3120 4935 patribus
3187 4877 3414 4919 eorum.
3475 4866 3621 4921 Ecce

1963 4959 2137 5030 juxta
2165 4955 2494 5010 historiam.
2529 4954 2820 5008 Caeterum
2840 4951 3012 5023 juxta
3049 4951 3422 5024 spiritualem
3451 4953 3621 5011 intel-

1966 5043 2274 5116 ligentiam
2318 5042 2471 5098 bene
2513 5040 2746 5097 dicitur.
2782 5063 2809 5090 «
2837 5044 2987 5097 Puer
3005 5044 3208 5099 autem
3240 5042 3480 5099 Samuel
3508 5043 3621 5099 mi-

1968 5133 2262 5192 nistrabat
2300 5130 2552 5188 Domino
2596 5145 2804 5187 coram
2851 5129 2996 5188 Heli.
3027 5151 3056 5181 »
3084 5130 3235 5197 Quia
3277 5131 3621 5203 unigenitus

1971 5224 2144 5283 Filius
2171 5223 2270 5280 Dei
2300 5221 2510 5283 Patris,
2538 5235 2722 5293 quem
2756 5236 2863 5294 per
2912 5219 3251 5278 Samuelem
3299 5220 3622 5292 signiﬁcari

1970 5312 2252 5381 diximus,
2287 5311 2391 5384 qui
2447 5310 2866 5383 interpretatur
2918 5325 3132 5366 nomen
3180 5311 3306 5379 ejus
3359 5312 3531 5380 Deus,
3558 5309 3620 5364 in

1970 5401 2253 5458 omnibus
2267 5400 2633 5458 voluntatem
2654 5399 2845 5458 Patris
2864 5412 3166 5472 apparens
3186 5399 3248 5454 in
3264 5413 3444 5454 carne
3461 5396 3621 5454 exhi-

1968 5489 2118 5552 buit.
2151 5490 2313 5547 Sicut
2338 5490 2466 5564 ipse
2497 5491 2578 5548 ait
2603 5509 2616 5548 :
2647 5510 2676 5541 (ς
2708 5493 2836 5545 Non
2865 5487 3006 5544 veni
3027 5486 3220 5543 facere
3248 5486 3620 5542 voluntatem

1972 5596 2192 5646 meam,
2215 5580 2322 5636 sed
2373 5581 2504 5652 ejus
2548 5580 2652 5652 qui
2699 5578 2860 5634 misit
2900 5593 2997 5634 me
3028 5577 3224 5646 (Joan.
3257 5580 3358 5642 iv).
3394 5597 3423 5625 ››
3456 5573 3618 5628 Unde

1973 5667 2126 5726 bene
2150 5668 2364 5738 agitur,
2399 5689 2426 5721 «
2460 5683 2667 5726 coram
2692 5666 2837 5737 Heli,
2870 5685 2899 5718 ››
2923 5666 3067 5739 quia
3095 5661 3493 5720 sacerdotium
3517 5660 3617 5713 Ju-
