4136 6176
489 186 593 240 279

1587 176 1942 233 ANGELOMI
1983 169 2449 228 LUXOVIENSIS
2489 171 2800 230 MONACHI

3803 173 3910 229 280

492 308 762 366 decorum
794 322 934 362 mox
990 303 1178 360 noluit
1207 302 1535 368 destruere,
1563 304 1889 372 antequam
1936 311 2144 352 verum
2179 298 2222 350 Α
2263 295 2430 359 Quod
2464 294 2688 352 dictum
2716 301 2807 352 est
2833 297 2906 353 de
2940 296 3235 363 Samuele,
3270 301 3591 368 postquam
3619 296 3806 354 verba
3831 297 3914 352 di-

495 398 895 453 sacerdotium
931 394 1247 464 appareret
1276 408 1289 457 ;
1325 390 1485 445 unde
1516 393 1571 444 et
1600 387 2002 458 subjungitur,
2035 407 2062 434 «
2096 388 2152 439 et

495 499 690 540 sermo
717 487 846 552 ejus
877 485 1004 537 erat
1051 478 1368 552 pretiosus,
1406 500 1434 527 »
1463 477 1607 550 quia
1650 476 1994 550 praedicatio
2023 474 2153 543 ejus

494 571 772 627 ﬁdelibus
808 568 1086 625 amabilis
1119 570 1300 638 atque
1329 567 1591 639 pretiosa
1621 571 1763 632 erat,
1815 563 2155 621 inﬁdelibus

495 677 636 718 vero
666 660 965 731 despecta.
995 660 1070 712 De
1101 655 1324 726 quibus
1356 672 1460 729 per
1483 655 1980 727 signiﬁcationem
2009 652 2154 709 sub-

488 750 763 822 jungitur
795 765 807 801 :

569 859 596 887 ‹‹
642 839 879 891 Factum
908 837 996 889 est
1025 849 1166 904 ergo
1194 834 1253 889 in
1277 834 1372 890 die
1397 831 1819 906 quadam,Heli
1835 830 2074 903 jacebat
2093 829 2155 886 in

499 948 524 974 ‹‹
567 925 699 979 loco
733 939 862 990 suo,
898 928 952 978 et
990 923 1145 978 oculi
1176 923 1304 992 ejus
1335 922 1754 991 caligaveraut,
1785 937 1895 976 nec
1927 921 2158 992 poterat

499 1037 526 1064 «
569 1013 765 1068 videre
794 1011 1101 1067 lucernam
1137 1012 1237 1067 Dei
1269 1017 1595 1084 antequam
1626 1011 2154 1079 exstingueretur.»

502 1105 620 1156 Prae
650 1101 836 1156 nimia
879 1104 1178 1155 senectute
1231 1099 1388 1155 oculi
1419 1101 1547 1170 ejus
1597 1099 2016 1168 caligaverant,
2044 1110 2157 1152 nec

500 1195 732 1265 poterat
757 1191 955 1245 videre
986 1189 1294 1245 lucernam
1327 1189 1446 1252 Dei.
1481 1206 1616 1245 cum
1651 1189 1854 1245 aderet
1879 1187 1940 1243 in
1966 1185 2160 1243 taber-

501 1280 717 1336 naculo
750 1284 1076 1351 antequam
1102 1278 1205 1333 lux
1227 1278 1443 1334 diurna
1463 1279 1649 1346 ﬁeret,
1675 1277 1923 1351 quando
1943 1275 2159 1332 eadem

501 1366 942 1436 exstinguenda
974 1371 1098 1422 erat
1127 1365 1394 1436 lucerna,
1428 1367 1576 1422 sicut
1607 1383 1714 1440 per
1733 1369 1974 1438 Moysen
2004 1380 2159 1437 prae-

504 1457 734 1528 cipitur,
771 1461 833 1510 ut
856 1455 1067 1510 eadem
1098 1454 1593 1510 lucerna'luceret
1623 1471 1814 1528 usque
1845 1469 2044 1521 mane,
2074 1452 2160 1508 le-

506 1545 679 1616 gibus
736 1544 921 1599 Exodi
969 1545 1179 1614 (Exod.
1235 1549 1438 1610 xxvn).
1501 1543 1628 1600 Sive
1686 1544 1800 1599 hoc
1843 1542 2158 1612 signiﬁcat,

2261 383 2381 437 viui
2413 384 2658 448 oraculi,
2691 402 2826 458 quae
2857 392 3029 442 nocte
3085 390 3416 458 acceperat,
3451 403 3625 442 mane
3658 387 3782 442 Heli
3823 403 3912 442 re-

2263 471 2393 526 tulit
2421 489 2434 527 :
2471 495 2498 521 «
2534 476 2596 529 Et
2625 491 2746 530 non
2779 476 2986 531 cecidit
3017 492 3084 531 ex
3110 475 3395 531 omnibus
3443 475 3643 531 verbis
3691 477 3822 547 ejus
3853 476 3914 532 in

2265 583 2292 609 ‹‹
2326 565 2564 632 terram,
2593 586 2618 610 ››
2639 563 2950 633 signiﬁcat,
2979 566 3121 638 quia
3138 563 3282 620 nihil
3309 581 3382 620 ex
3403 564 3496 619 his
3520 581 3657 637 quae
3677 565 3914 620 locutus

2261 654 2350 705 est
2374 649 2602 707 irritum
2657 652 2784 716 fuit,
2815 653 2919 709 sed
2971 653 3176 709 omnia
3225 658 3364 709 sunt
3399 653 3580 709 rebus
3617 653 3916 726 completa

2260 754 2397 810 quae
2427 739 2591 796 dixit.
2623 742 2854 797 Cadunt
2883 757 3146 814 namque
3172 741 3228 797 in
3263 747 3479 798 terram
3504 741 3682 798 verba
3711 758 3915 814 super-

2262 843 2475 895 vacua,
2503 845 2639 902 quas
2692 847 2801 902 pro
2850 830 3036 886 nihilo
3084 830 3384 898 habenda,
3419 837 3474 887 et
3497 831 3916 887 universorum

2263 921 2402 973 sunt
2431 917 2724 975 calcanda
2753 919 3058 993 despectu.
3095 920 3185 977 Sic
3241 926 3295 976 et
3342 919 3556 975 beatus
3581 919 3692 975 Job
3721 919 3870 976 dixit
3899 936 3914 977 :

2265 1030 2293 1055 «
2329 1009 2391 1062 Et
2419 1006 2522 1062 lux
2576 1007 2774 1064 vultus
2803 1011 2920 1065 mei
2975 1025 3096 1065 non
3145 1009 3398 1066 cadebat
3424 1009 3483 1065 in
3515 1014 3732 1065 terram
3761 1009 3915 1080 (Job.

2266 1102 2447 1163 xxxx).
2482 1117 2512 1152 ›
2546 1097 2695 1163 Quia
2723 1099 3006 1154 nimirum
3038 1099 3098 1154 in
3148 1103 3310 1155 tanta
3368 1100 3655 1169 gravitate
3686 1099 3920 1156 vultum

2262 1189 2462 1242 tenere
2513 1194 2928 1253 consueverat,
2987 1193 3052 1244 ut
3120 1203 3434 1261 nunquam
3492 1187 3923 1262 contemptibili

2269 1275 2466 1333 laetitia
2496 1275 2840 1332 solveretur.
2896 1277 3009 1333 Sed
3065 1277 3541 1350 quotiescunque
3579 1278 3922 1334 hilariorem

2269 1380 2331 1419 se
2386 1365 2778 1436 praesentibus
2811 1366 3092 1423 exhibere
3121 1372 3280 1423 certa
3327 1382 3564 1440 semper
3591 1366 3706 1423 hoc
3735 1381 3924 1422 causa

2263 1453 2528 1509 utilitatis
2548 1469 2759 1510 eorum
2788 1453 3026 1512 faceret.
3053 1457 3130 1511 De
3155 1471 3278 1529 quo
3305 1458 3363 1512 et
3390 1456 3724 1512 annectitur
3754 1473 3768 1512 :

2341 1563 2370 1591 κ
2411 1544 2477 1598 Et
2502 1543 2784 1612 cognovit
2811 1531 3122 1600 universus
3151 1543 3342 1612 Israel,
3370 1561 3405 1600 a
3432 1547 3554 1600 Dan
3584 1559 3776 1617 usque
3800 1545 3927 1601 Ber-

506 1633 670 1707 quod
699 1633 757 1687 in
791 1633 1047 1689 caecitate
1077 1649 1187 1688 sua
1213 1633 1340 1704 ipse
1373 1632 1493 1688 Heli
1540 1636 1937 1705 permaneret.
1969 1631 2160 1686 donec
2201 1650 2241 1702 Β
2271 1653 2298 1680 α(
2342 1630 2543 1701 sabee,
2573 1632 2740 1704 quod
2769 1631 2962 1688 ﬁdelis
3016 1634 3254 1690 Samuel
3283 1635 3576 1706 propheta
3604 1637 3762 1690 esset
3810 1635 3924 1688 Do-

505 1722 776 1778 funditus
831 1739 969 1777 cum
1010 1722 1176 1794 prole
1225 1737 1334 1777 sua
1393 1725 1885 1792 exstingueretur,
1911 1721 2023 1776 hoc
2055 1724 2161 1788 est,

505 1812 626 1867 vita
658 1815 882 1867 careret
913 1810 1226 1884 corporali.
1261 1811 1496 1883 Mystice
1528 1815 1728 1866 autem
1776 1811 2008 1866 caecitas
2041 1808 2165 1864 Heli

510 1899 802 1970 signiﬁcat
861 1899 1184 1956 caecitatem
1243 1900 1437 1955 cordis
1485 1901 1850 1956 Iudaeorum.
1902 1902 2168 1956 Lucerna

510 1988 734 2060 quippe
762 1987 884 2056 Dei,
913 1988 1200 2044 Dominus
1229 1994 1431 2043 noster
1458 1988 1876 2058 intelligendus
1903 1992 2007 2044 est.
2044 1987 2166 2042 Sci-

510 2093 646 2130 mus
671 2076 830 2130 enim
857 2077 1000 2148 quia
1029 2077 1090 2131 in
1119 2076 1363 2131 lucerna
1394 2081 1539 2132 testa
1567 2077 1842 2144 exterius,
1876 2081 1931 2133 et
1960 2076 2166 2132 lumen

511 2164 754 2218 interius
785 2169 890 2220 est.
927 2166 1055 2237 Ipse
1116 2181 1381 2237 namque
1422 2183 1528 2238 per
1577 2166 1932 2238 I’rophetam
1979 2165 2166 2222 dicit:

513 2276 539 2302 ‹‹
578 2253 820 2309 Exaruit
874 2253 1035 2309 velut
1083 2259 1232 2310 testa
1284 2255 1470 2310 virtus
1520 2272 1656 2311 mea
1714 2257 1900 2326 (Psal.
1948 2257 2089 2326 xm).
2135 2271 2168 2307 ›

515 2342 666 2408 Quid
716 2358 823 2415 per
869 2347 1102 2408 testam,
1136 2343 1248 2398 nisi
1278 2359 1498 2416 corpus
1530 2345 1717 2416 ipsius
1752 2345 2081 2418 accipitur?
2107 2343 2170 2400 in

513 2447 636 2501 qua
665 2435 812 2485 testa
844 2430 1044 2485 lumen
1081 2431 1410 2486 Divinitatis
1441 2432 1679 2499 enrstitit,
1710 2439 1764 2488 et
1793 2433 2042 2488 ﬂamma
2059 2432 2173 2487 vir-

514 2524 708 2573 tutum
769 2523 946 2590 atque
1003 2519 1431 2575 miraculorum
1463 2521 1696 2577 effulsit.
1731 2523 1911 2593 Cujus
1967 2522 2170 2594 utique

519 2605 754 2660 virtutes
786 2612 964 2677 atque
997 2607 1305 2676 miracula,
1335 2609 1632 2681 principes
1680 2627 1783 2664 seu
1832 2609 2170 2665 sacerdotes

513 2692 879 2757 Iudaeorum,
915 2694 1062 2748 dum
1111 2695 1349 2752 credere
1380 2702 1883 2769 contempserunt,
1910 2697 2170 2753 veritatis

521 2781 722 2836 lumen
765 2781 825 2837 in
870 2783 952 2838 eis
996 2784 1354 2840 exstinctum
1397 2791 1501 2841 est.
1540 2789 1603 2841 Et
1631 2786 1782 2842 bene
1813 2787 1912 2858 ait,
1947 2810 1975 2836 ‹‹
2007 2791 2170 2844 ante-

521 2886 706 2943 quam
737 2867 1231 2944 éxstingueretur,
1260 2898 1284 2923 ››
1307 2875 1450 2946 quia
1471 2891 1578 2930 nec
1605 2874 1832 2945 fulgore
1859 2875 2170 2932 miraculo-

517 2976 675 3028 rum,
708 2975 843 3024 quae
874 2961 951 3016 ab
983 2977 1053 3016 eo
1080 2961 1406 3032 fulgebant,
1435 2963 1778 3034 intelligere,
1809 2981 1920 3021 nec
1949 2965 2167 3021 doctri-

517 3063 659 3104 nam
691 3048 821 3117 ejus
852 3049 1029 3105 corde
1072 3049 1298 3106 intento
1345 3067 1557 3124 capere
1602 3057 1946 3126 potuerunt,
1977 3053 2169 3110 donec

493 3137 712 3208 ipsum
754 3137 1155 3194 sacerdotium
1184 3139 1363 3194 simul
1393 3156 1529 3196 cum
1560 3140 1784 3213 templo
1831 3147 1888 3199 et
1944 3140 2169 3216 populo

515 3226 780 3282 funditus
793 3232 1265 3285 everteretur.De
1287 3230 1508 3302 quibus
1535 3231 1712 3287 etiam
1739 3232 1938 3289 adhuc
1962 3233 2023 3288 in
2038 3249 2169 3307 per-

515 3331 667 3371 sona
721 3315 846 3371 Heli
903 3316 1118 3371 dicitur
1151 3335 1165 3371 :
1199 3340 1226 3367 «
1261 3319 1485 3374 Idcirco
1528 3321 1723 3390 juravi
1775 3321 1984 3377 domui
2022 3321 2166 3389 Heli,

511 3401 680 3474 quod
703 3417 824 3456 non
849 3403 1116 3474 expietur
1144 3404 1426 3476 iniquitas
1453 3407 1671 3462 domus
1688 3409 1817 3478 ejus
1845 3409 2096 3464 victimis
2115 3415 2171 3466 et

513 3488 887 3556 muneribus,
920 3507 1112 3562 usque
1167 3492 1228 3545 in
1282 3499 1593 3559 aeternum,
1621 3518 1647 3542 ι»
1670 3497 1812 3568 quia
1853 3501 2168 3570 peccatum

511 3575 897 3631 sacerdotum
925 3576 1270 3633 Iudaeorum
1301 3581 1466 3651 quod
1525 3581 1581 3636 in
1635 3583 1863 3640 Christo
1910 3584 2169 3642 admise-

514 3666 672 3729 runt,
697 3662 968 3718 videlicet
996 3664 1138 3735 quia
1158 3680 1281 3720 non
1314 3665 1507 3722 solum
1537 3672 2044 3743 contempserunt,
2066 3673 2167 3729 sed

512 3749 691 3805 etiam
723 3751 1163 3820 cruciﬁxerunt,
1195 3752 1444 3810 victimis
1471 3761 1652 3829 atque
1693 3760 1994 3816 sacriﬁciis
2015 3762 2172 3832 lega-

511 3837 671 3893 libus
704 3855 895 3910 usque
926 3839 985 3894 in
1018 3841 1449 3913 sempiternum
1480 3845 1706 3918 expiari
1729 3864 1850 3904 non
1884 3855 2095 3922 potest.

587 3948 616 3975 «
647 3925 886 3983 Samuel
903 3931 1102 3984 autem
1124 3929 1534 3989 dormiebatin
1559 3936 1779 4008 templo
1798 3939 2048 4005 Domini,
2065 3939 2166 3995 ubi

513 4034 542 4065 ‹
581 4019 708 4069 erat
738 4029 880 4071 arca
913 4017 1029 4073 Dei.
1074 4021 1140 4074 Et
1173 4020 1407 4077 vocavit
1455 4024 1736 4081 Dominus
1764 4027 2020 4083 Samuel.
2057 4031 2169 4094 Qui

510 4123 562 4192 ι(-
579 4102 974 4174 respondens,
998 4105 1079 4163 ait
1101 4125 1114 4164 :
1135 4111 1280 4166 Ecce
1309 4126 1440 4180 ego,
1465 4136 1491 4162 »
1520 4119 1576 4169 et
1599 4114 1829 4188 reliqua
1852 4134 2167 4192 usquequo

509 4189 611 4258 ait,
635 4211 662 4239 ‹‹
690 4205 870 4263 porro
903 4195 1142 4252 Samuel
1166 4198 1427 4256 necdum
1457 4201 1685 4258 sciebat
1706 4189 2047 4278 Dominum,
2064 4189 2168 4263 ne-

511 4297 541 4324 ‹‹
582 4293 702 4349 que
731 4281 1025 4338 revelatus
1047 4284 1240 4342 iuerat
1264 4287 1318 4342 ei
1347 4305 1544 4345 sermo
1571 4293 1859 4348 Domini.»
1880 4294 2051 4360 Quod
2074 4300 2160 4352 ter

502 4364 798 4458 Dominus
831 4372 1164 4429 Samuelem
1194 4377 1450 4446 vocavit,
1472 4379 1968 4450 przeﬁgurabatur
1996 4385 2161 4456 quod
2192 4354 2238 4408 τ’
2283 4385 2465 4440 Deum
2490 4384 2608 4440 sive
2641 4387 2822 4456 fortis
2850 4403 2983 4443 eum
3029 4354 3170 4458 beo,
3203 4354 3500 4458 signiﬁcat
3529 4389 3842 4444 credentes
3873 4390 3932 4445 in

505 4453 634 4526 ipse
667 4471 816 4527 puer
844 4458 1079 4516 futurus
1106 4467 1233 4519 erat
1256 4465 1572 4538 propheta,
1604 4467 1747 4536 dux,
1769 4475 1824 4525 et
1855 4453 2156 4529 sacerdos.

504 4543 739 4600 Nescire
769 4547 1092 4606 Dominum
1123 4551 1338 4609 dicitur
1364 4555 1623 4623 Samuel,
1664 4559 1806 4629 quia
1834 4561 2161 4633 prophetia:

507 4635 865 4704 mysterium
913 4639 1174 4696 necdum
1200 4641 1273 4709 ei,
1306 4643 1400 4698 vel
1427 4660 1624 4701 sermo
1674 4647 1906 4704 Domini
1945 4650 2164 4707 revela-

503 4725 600 4776 tus
625 4721 837 4782 fuerat.
871 4729 1019 4784 Nam
1051 4732 1449 4789 communiter
1480 4738 1542 4790 ut
1567 4737 1759 4793 centeri
1787 4739 2030 4796 sciebat.

577 4832 603 4857 κ
647 4812 921 4901 Dixitque
949 4817 1238 4876 Domiuus
1267 4821 1346 4878 ad
1370 4823 1641 4881 Samuel:
1669 4829 1812 4884 Ecce
1862 4845 1973 4901 ego
2004 4830 2159 4888 facio

499 4916 531 4945 ς(
571 4898 828 4995 verbum
858 4902 920 4995 in
949 4907 1126 4964 Israel
1151 4927 1164 4964 :
1189 4910 1355 4982 quod
1382 4913 1729 4988 quicunque
1758 4898 2029 4988 audierit,
2054 4921 2162 4976 tin-

500 5004 529 5034 ς(
570 4991 737 5042 ment
756 4991 952 5048 ambae
982 5010 1158 5053 aures
1175 4999 1326 5070 ejus.
1343 5023 1372 5050 ››
1385 5002 1509 5060 Hoc
1535 5005 1749 5062 inloco
1770 5010 2158 5066 comminatio

500 5070 597 5127 π)θὶ
620 5080 708 5170 est
725 5093 905 5170 super
922 5082 1069 5148 Heli,
1085 5090 1142 5144 et
1157 5104 1338 5161 super
1355 5090 1606 5149 domum
1634 5096 1791 5166 ejus:
1814 5113 1884 5153 eo
1909 5099 2073 5170 quod
2095 5099 2156 5154 in

499 5169 750 5232 peccato
772 5168 1034 5229 ﬁliorum
1068 5175 1196 5232 Heli
1226 5193 1368 5236 arca
1396 5182 1495 5237 Dei
1524 5191 1852 5255 caperetur,
1877 5168 1949 5242 et—
1980 5186 2156 5243 Israel

493 5257 708 5321 rueret,
741 5261 796 5313 et
824 5259 956 5329 ejus
1003 5262 1108 5319 ﬁlii
1134 5265 1459 5335 interirent,
1483 5275 1540 5327 et
1562 5272 1781 5328 domus
1810 5273 1933 5330 Heli
1963 5291 2157 5331 sacer-

493 5337 662 5436 dotio
683 5342 902 5436 domus
933 5352 1171 5409 Domini
1199 5356 1573 5426 privaretur;
1605 5368 1663 5415 et
1687 5361 1766 5416 ob
1813 5363 1870 5418 id
1903 5363 2150 5436 factum,

490 5429 867 5491 audientium
898 5454 1074 5495 aures
1107 5442 1386 5500 tinnirent
1417 5451 1658 5520 stupore
1683 5453 2041 5511 vehementi.

558 5535 599 5612 ‹Δ
618 5523 808 5578 Crevit
829 5531 1031 5582 autem
1059 5530 1318 5600 Samuel,
1351 5538 1406 5588 et
1433 5535 1719 5598 Dominus
1734 5548 1882 5612 erat,
1897 5561 2035 5600 cum
2053 5561 2126 5600 eo

485 5624 516 5652 «
546 5608 604 5661 et
629 5621 752 5666 non
779 5613 989 5672 cecidit
1011 5631 1082 5672 ex
1103 5617 1390 5683 omnibus
1415 5626 1612 5685 verbis
1629 5631 1758 5704 ejus
1780 5635 1844 5694 in
1867 5605 2149 5697 terram;

2273 1743 2298 1769 ‹‹
2343 1719 2512 1776 mini.
2551 1741 2568 1771 ι
2607 1721 2717 1776 Per
2765 1721 3048 1777 terminos
3088 1727 3254 1777 terra:
3295 1721 3514 1776 Judaaae
3571 1721 3924 1795 descriptos,

2272 1808 2715 1865 universitatem
2741 1809 2932 1882 plebis
2958 1810 3172 1883 pariter
3197 1808 3668 1882 comprehendit.
3692 1812 3819 1865 Dan
3844 1809 3931 1866 vi-

2273 1897 2442 1954 culus
2473 1898 2645 1954 estin
2693 1904 2907 1971 quarto
2932 1898 3207 1954 milliario
3255 1916 3290 1954 a
3335 1897 3609 1954 I’aneade
3641 1897 3926 1954 euntibus

2273 1988 2515 2058 Tyrum,
2541 1986 2641 2059 qui
2672 2002 2863 2058 usque
2887 1986 3065 2043 hodie
3091 1987 3377 2043 terminus
3425 1991 3513 2042 est
3539 1986 3758 2042 Judaaaa
3788 2002 3927 2059 pro-

2275 2073 2483 2129 vincies
2509 2080 2713 2130 contra
2741 2075 3223 2147 septentrionem.
3276 2078 3352 2130 De
3390 2091 3512 2147 quo
3544 2079 3601 2130 et
3647 2074 3930 2130 Jordanis

2275 2163 2499 2218 tlumen
2529 2178 2850 2236 erumpens
2882 2179 2918 2220 a
2947 2163 3076 2218 loco
3099 2163 3340 2219 sortitus
3389 2168 3476 2219 est
3515 2177 3758 2219 nomen.
3795 2166 3932 2218 Ber-

2280 2251 2458 2308 sabee
2486 2251 2751 2308 similiter
2772 2253 2938 2308 vicus
2965 2260 3052 2307 est
3076 2254 3135 2307 in
3168 2253 3325 2336 tribu
3350 2251 3516 2306 Iudae
3536 2253 3596 2307 in
3626 2253 3930 2311 tricesimo

2278 2341 2358 2396 ab
2410 2341 2650 2398 Hebron
2705 2341 2998 2402 milliaria.
3059 2357 3311 2411 vergens
3358 2339 3435 2396 ad
3480 2344 3775 2396 austrum.
3802 2362 3832 2390 ιι
3865 2343 3929 2398 Et

2277 2429 2470 2486 evenit
2497 2446 2694 2487 sermo
2740 2430 3032 2488 Samuelis
3081 2430 3360 2486 universo
3411 2428 3626 2486 lsraeli.
3661 2453 3690 2480 ››
3721 2431 3920 2488 Sermo

2278 2519 2437 2574 enim
2469 2519 2598 2590 ejus
2646 2519 2754 2574 fuit
2810 2518 2887 2575 ad
2920 2519 3264 2574 universum
3298 2517 3494 2581 Israel,
3526 2518 3692 2591 quod
3722 2534 3922 2591 percu-

2279 2608 2458 2664 tiendi
2485 2614 2735 2663 essenta
2761 2607 3103 2664 Philisthreis
3126 2613 3369 2682 propter
3388 2613 3636 2680 peccata
3663 2608 3925 2664 filiorum

2278 2695 2418 2752 Heli.
2454 2699 2518 2751 Et
2539 2697 2652 2751 hoc
2683 2713 2755 2752 ex
2787 2696 2986 2751 divina
3031 2695 3390 2753 revelatione
3419 2695 3786 2752 clarescebat
3815 2694 3928 2750 sibi

2275 2784 2460 2841 fuisse
2511 2784 2861 2855 revelatum,
2913 2784 3064 2840 sicut
3114 2785 3198 2841 rei
3240 2785 3518 2858 probavit
3572 2794 3840 2852 eventus,
3875 2791 3930 2841 et

2274 2873 2408 2931 ideo
2440 2889 2616 2932 verus
2647 2875 2939 2948 propheta
2965 2873 3426 2947 praedicabatur.

2925 3008 3150 3069 CAPUT
3189 3010 3274 3070 IV.

2349 3156 2375 3183 «
2419 3137 2706 3206 Egressus
2725 3143 2812 3194 est
2830 3155 3095 3213 namque
3116 3140 3287 3197 Israel
3306 3140 3547 3197 obviam
3576 3139 3931 3197 Philisthiim

2278 3241 2308 3275 ‹
2348 3222 2407 3279 in
2441 3225 2732 3298 praelium,
2763 3231 2817 3284 et
2841 3233 3291 3286 castrametatus
3334 3235 3421 3285 est
3443 3231 3614 3300 juxta
3662 3229 3932 3302 lapidem

2283 3333 2309 3360 «
2354 3313 2654 3384 adjutorii.
2701 3319 2879 3372 Porro
2918 3317 3262 3373 Philisthiim
3297 3323 3585 3375 venerunt
3611 3319 3671 3374 in
3701 3318 3928 3391 Aphec,

2278 3423 2304 3449 «
2348 3407 2406 3458 et
2434 3403 2838 3461 instruxerunt
2863 3406 3052 3463 aciem
3097 3413 3303 3464 contra
3334 3408 3530 3464 Israel.
3557 3408 3698 3464 Inito
3724 3412 3931 3464 autem

2279 3498 2310 3544 ἀ
2349 3495 2692 3562 certamine,
2727 3501 2890 3565 terga
2914 3494 3079 3552 vertit
3111 3497 3292 3554 Israel
3318 3495 3934 3561 Philisthaeis,etcaesa

2281 3603 2309 3629 α
2351 3588 2490 3637 sunt
2515 3583 2575 3638 in
2603 3583 2702 3639 illo
2756 3586 3076 3642 certamine
3109 3588 3337 3658 passim
3388 3603 3494 3660 per
3521 3603 3721 3658 agros,
3753 3586 3931 3659 quasi

2282 3689 2311 3721 ‹
2351 3677 2609 3742 quatuor
2655 3673 2839 3728 millia
2882 3675 3164 3732 virorum.
3199 3697 3224 3726 ι
3268 3679 3426 3732 Patet
3473 3677 3645 3747 juxta
3675 3676 3932 3732 litteram

2277 3773 2515 3829 sensus,
2565 3762 2708 3834 quia
2750 3765 2866 3820 ista
2914 3770 3157 3838 propter
3201 3771 3444 3838 peccata
3486 3765 3742 3821 ﬁliorum
3811 3764 3931 3820 Heli

2277 3851 2550 3922 perpessi
2589 3856 2728 3909 sunt
2767 3853 2868 3909 ﬁlii
2920 3854 3112 3912 Israel.
3151 3855 3310 3911 Unde
3339 3855 3493 3911 bene
3524 3854 3728 3929 Aphec
3747 3856 3936 3926 furor

2278 3953 2486 4009 novus,
2519 3940 2641 3996 sive
2667 3942 3117 4011 apprehendens
3147 3943 3583 4016 interpretatur,
3614 3943 3778 4016 quod
3816 3959 3938 3999 me-

2278 4027 2389 4083 rito
2431 4031 2708 4085 convenit
2749 4031 2926 4086 rebus
2957 4033 3163 4100 gestis.
3197 4033 3307 4097 Qui
3332 4033 3492 4089 enim
3513 4033 3664 4089 iram
3697 4032 3936 4089 Domini

2281 4123 2626 4174 meruerunt
2655 4119 2732 4174 ab
2762 4120 3038 4175 hostibus
3087 4120 3448 4194 apprehensi
3507 4127 3663 4178 sunt.
3710 4123 3936 4177 Verum

2277 4205 2449 4276 juxta
2479 4222 2796 4278 anagogen
2821 4209 2968 4281 quid
3001 4209 3310 4280 signiﬁcet,
3333 4210 3590 4267 breviter
3616 4209 3938 4267 enuclean-

2279 4292 2428 4350 dum
2457 4300 2565 4351 est.
2599 4299 2777 4352 Porro
2814 4297 3006 4366 Israel,
3030 4299 3134 4371 qui
3160 4299 3578 4372 interpretatur
3607 4301 3702 4356 vir
3721 4300 3934 4356 videns

2280 4475 2486 4540 Deum,
2514 4473 2860 4531 Philisthiim
2890 4492 3052 4542 vero,
3080 4477 3184 4549 qui
3213 4478 3677 4549 interpretantur
3703 4480 3930 4534 caden-

2272 4565 2355 4616 tes
2381 4561 2618 4629 poculo,
2646 4561 2994 4620 immundos
3024 4564 3360 4634 signiﬁcant
3391 4566 3653 4637 spiritus,
3683 4565 3789 4636 qui
3823 4582 3924 4638 po-

2269 4649 2405 4706 culo
2427 4650 2720 4723 superbiae
2741 4653 3036 4724 inebriati,
3069 4660 3124 4709 et
3149 4655 3260 4727 ipsi
3290 4654 3364 4710 de
3399 4653 3732 4708 caalestibus
3772 4655 3928 4711 ceci-

2266 4739 2503 4812 derunt,
2533 4745 2592 4798 et
2634 4742 2854 4799 multos
2903 4743 3167 4812 quotidie
3215 4743 3526 4799 hominum
3584 4747 3926 4812 pervertere

2266 4829 2572 4901 festinant,
2605 4831 2823 4903 poculo
2854 4849 2966 4888 suo
2996 4832 3256 4889 malitiae.
3290 4834 3502 4886 Contra
3529 4845 3684 4902 quos
3717 4831 3923 4892 Israel.

2265 4917 2472 4974 ﬁdeles
2494 4918 2733 4985 scilicet,
2751 4937 2825 4977 ne
2853 4921 2985 4978 victi
3003 4920 3328 4977 immundis
3345 4918 3650 4990 spiritibus
3679 4921 3920 4987 cedant,

2266 5008 2368 5064 seri
2421 5014 2485 5064 ut
2531 5025 2813 5082 superare
2861 5010 3109 5082 possint,
3131 5011 3299 5079 juxta
3342 5007 3604 5079 lapidem
3637 5009 3921 5080 adjutorii

2261 5103 2776 5154 castrametantur.
2801 5097 2970 5169 Lapis
2995 5097 3154 5152 enim
3195 5095 3474 5166 adjutorii
3513 5096 3707 5166 legem
3737 5097 3921 5168 signi-

2260 5186 2401 5242 ﬁcat
2432 5187 2664 5258 Christi,
2698 5188 2798 5243 ubi
2823 5187 2974 5259 lapis
3009 5202 3183 5242 verus
3207 5186 3473 5243 Christus
3499 5187 3818 5250 invenitur,
3844 5187 3920 5242 de

2259 5291 2382 5349 quo
2432 5277 2719 5349 scriptum
2763 5281 2898 5332 est:
2933 5298 2959 5324 ‹‹
2999 5276 3280 5348 Lapidem
3329 5292 3514 5349 quem
3559 5276 3920 5349 reprobave-

2260 5369 2400 5420 runt
2446 5364 2808 5420 aediﬁcantes
2864 5365 3053 5434 (Psal.
3107 5381 3286 5434 cxvn;
3333 5365 3552 5421 Matth.
3605 5366 3746 5436 xxx),
3802 5370 3916 5420 etc.

2258 5455 2439 5509 Juxta
2484 5469 2665 5526 quem
2714 5457 3027 5509 morantur
3070 5454 3298 5522 ﬁdeles,
3353 5459 3417 5509 ut
3468 5453 3765 5508 Christum
3823 5453 3917 5508 in-

2260 5543 2462 5598 venire
2518 5542 2766 5616 possint,
2821 5558 2891 5598 ac
2943 5541 3163 5608 dicere,
3215 5563 3245 5595 ‹
3306 5545 3370 5597 Et
3426 5541 3600 5596 nobis
3651 5541 3711 5597 in
3767 5540 3918 5613 lapi-

2261 5631 2402 5687 dem
2445 5631 2721 5703 adjutorii
2749 5648 2762 5699 ;
2791 5637 2847 5688 et
2895 5631 2954 5687 iu
3012 5637 3244 5703 petram
3295 5630 3528 5700 refugii.
3563 5648 3594 5683 δ
3626 5632 3689 5686 Et
3740 5627 3912 5697 illud,
