4136 6176
274 205 372 261 281

1262 192 1563 250 ENNARR.
1606 191 1676 248 IN
1721 186 1969 247 LIBROS
2009 187 2266 247 REGUM.
2297 221 2366 231 —
2396 194 2463 250 ΙΝ
2495 135 2624 250 ιίιΒ.
2660 195 2699 250 l.

3582 192 3688 248 282

275 347 304 375 κ
335 321 716 394 Adjutorium
748 325 1023 377 nostrum
1068 320 1129 376 in
1169 319 1414 375 nomine
1441 316 1674 373 Domini
1729 315 1920 386 (Psal.
1953 315 2000 368 Δ
2039 314 2437 372 sacerdotium
2483 317 2824 372 Judmorum
2867 315 3134 372 funditus
3158 313 3341 370 ﬁnem
3358 315 3604 387 accepit,
3635 324 3692 377 et

273 412 530 481 enim.»
562 410 677 468 Sed
706 410 853 466 dum
883 409 995 484 ipsi
1019 411 1192 481 juxta
1215 408 1480 482 lapidem
1509 409 1840 470 versantur,
1866 401 1927 458 id

274 505 380 566 est,
413 499 782 557 meditantur
809 500 871 556 in
929 499 1060 570 lege
1092 498 1326 555 Domini
1382 497 1478 552 die
1530 511 1600 552 ac
1642 497 1836 564 nocte,
1868 495 1932 547 ut

275 589 642 646 salvatorem
672 589 934 663 amplius
986 588 1252 644 invenire
1281 586 1521 644 valeant
1569 584 1928 654 adjutorem,

276 679 626 736 Philisthiim
653 679 714 734 in
744 679 945 752 Aphec
975 678 1243 748 veniunt,
1277 681 1336 734 et
1374 676 1563 732 aciem
1614 677 1821 728 contra
1849 671 1933 726 ls-

277 767 400 824 rael
425 768 747 823 instruunt.
781 767 982 839 Aphec
1012 765 1238 838 quippe
1279 766 1460 835 furor
1507 777 1695 819 novus
1753 759 1936 816 inter-

279 861 567 932 pretatur.
599 860 667 912 Et
696 857 849 912 bene
875 855 1042 912 furor
1071 871 1264 911 novus
1301 854 1740 926 interpretatur,
1791 848 1937 921 quia

278 962 402 1020 quo
430 946 698 1018 amplius
727 944 936 1000 ﬁdeles
975 943 1273 1000 immundi
1304 941 1545 1016 spiritus
1576 937 1764 996 divini
1791 936 1937 1008 legi-

277 1036 395 1092 bus
433 1035 705 1091 insistere
734 1033 1132 1106 conspiciunt,
1163 1037 1222 1089 et
1267 1047 1437 1105 spem
1461 1045 1633 1086 suam
1663 1028 1723 1084 in
1751 1027 1939 1084 Chris-

279 1129 407 1181 tum
431 1123 744 1190 collocare,
777 1139 848 1179 eo
869 1123 1102 1180 acriora
1133 1137 1202 1178 ac
1231 1137 1392 1177 nova
1424 1118 1756 1176 certamina
1806 1115 1938 1171 felle

281 1231 406 1270 sua:
431 1213 674 1269 malitiae
705 1212 902 1269 abacti
933 1215 1276 1268 construere
1310 1226 1434 1266 non
1483 1210 1740 1266 cessant.
1774 1203 1940 1261 Unde

280 1302 504 1359 multos
533 1301 638 1375 qui
659 1301 720 1357 in
771 1301 898 1357 suis
929 1301 1246 1357 virtutibus
1276 1297 1606 1365 conﬁdunt,
1641 1301 1698 1352 et
1744 1295 1804 1350 in
1833 1294 1942 1349 hu-

282 1407 467 1448 mana
495 1390 791 1465 sapientia
823 1389 1172 1460 gloriantur,
1207 1394 1310 1445 aut
1357 1387 1552 1457 legem
1601 1386 1799 1458 (prout
1847 1384 1942 1438 Ju-

283 1480 395 1537 daei
427 1480 717 1550 sentiunt)
747 1479 1062 1537 carnaliter
1102 1477 1373 1550 accipere
1420 1477 1689 1549 cupiunt,
1723 1479 1781 1528 et
1805 1488 1940 1542 gra-

281 1569 424 1627 tiam
460 1569 766 1638 Evangelii
795 1572 1178 1625 contemnere
1203 1582 1325 1623 non
1350 1567 1646 1628 metuunt,
1675 1561 1939 1618 immun-

2038 402 2412 472 exigentibus
2443 405 2700 477 peccatis
2741 404 3200 461 exterminatum
3240 407 3346 471 est,
3379 407 3435 458 et
3459 402 3570 474 ipsi
3595 419 3689 458 sa-

2041 490 2309 547 cerdotes
2334 508 2369 547 a
2400 493 2675 562 gentibus
2698 492 2983 549 interfecti
3029 496 3184 547 sunt.
3227 491 3373 546 Hinc
3415 490 3494 546 ad
3537 494 3668 547 Eze-

2041 579 2291 636 chielem
2314 581 2602 637 Dominus
2634 582 2713 637 ait
2737 601 2794 637 :«
2813 585 2974 652 Ettu,
2997 579 3081 635 ﬁli
3102 578 3386 650 hominis,
3417 595 3586 635 sume
3612 579 3682 634 ti-

2041 668 2100 724 bi
2130 669 2398 738 gladium
2429 675 2673 726 acutum
2722 670 3034 727 radentem
3087 668 3264 741 pilos,
3315 672 3370 724 et
3412 683 3688 723 assumas

2045 773 2180 813 eum
2213 762 2270 814 et
2297 759 2482 814 duces
2515 775 2621 832 per
2666 764 2848 831 caput
2897 763 3065 814 tuum
3107 760 3163 812 et
3208 756 3466 812 barbam
3525 760 3692 812 tuam

2045 847 2282 918 (Ezech.
2308 849 2389 920 v),
2419 870 2447 897 »
2479 853 2588 905 etc.
2624 848 2777 915 Quid
2806 863 2912 920 per
2943 845 3209 916 gladium
3268 849 3531 909 acutum,
3579 844 3693 900 nisi

2045 935 2441 992 vastationem
2475 937 2770 1008 signiﬁcat
2797 935 3162 999 Iudaeorum,
3221 949 3357 1006 quin
3407 932 3519 987 sub
3558 934 3692 988 Ves-

2047 1026 2304 1098 pasiano
2334 1031 2390 1082 et
2416 1027 2546 1083 Tito
2577 1026 2734 1082 facta
2759 1026 2894 1082 est?
2911 1024 3062 1091 Quid
3085 1039 3227 1079 vero
3256 1039 3364 1096 per
3390 1021 3692 1078 caesariem

2048 1114 2260 1186 capitis
2288 1119 2344 1170 et
2373 1113 2650 1180 barbam,
2681 1113 2794 1169 nisi
2835 1128 3078 1168 omnem
3104 1109 3608 1184 pulchritudinem
3637 1111 3695 1164 et

2047 1202 2380 1258 virilitatem
2414 1203 2685 1274 ejusdem
2718 1201 2925 1275 populi
2953 1199 3364 1256 demonstrat?
3390 1200 3531 1264 Quae
3565 1213 3692 1253 om-

2047 1292 2150 1348 nia
2178 1292 2363 1348 Judaei
2387 1293 2742 1362 amittentes,
2776 1292 3000 1365 quique
3021 1307 3092 1346 ex
3119 1289 3262 1363 ipsis
3287 1289 3446 1344 fame
3475 1303 3543 1344 ac
3565 1303 3696 1359 pes-

2050 1382 2274 1438 tilentia
2303 1387 2359 1438 et
2389 1382 2590 1453 gladio
2620 1385 3058 1447 remanserunt,
3093 1379 3208 1435 sub
3231 1379 3426 1448 ﬁgura
3455 1375 3694 1450 capillo-

2050 1487 2185 1526 rum
2208 1471 2268 1526 in
2317 1472 2548 1526 cunctis
2578 1471 2855 1542 gentibus
2886 1470 3056 1542 quasi
3082 1469 3142 1524 in
3185 1483 3428 1524 omnem
3454 1469 3696 1521 ventum

2051 1559 2306 1633 dispersi
2333 1564 2491 1616 sunt.
2527 1562 2596 1616 Et
2624 1564 2689 1615 ut
2716 1558 3088 1614 manifestius
3128 1557 3302 1628 juxta
3327 1554 3696 1628 superiorem

283 1659 342 1715 di
366 1658 614 1732 spiritus
643 1657 813 1714 facile
843 1661 1246 1730 prosternunt.
1271 1659 1418 1712 Nam
1447 1653 1753 1726 sequitur:
1779 1673 1807 1701 ‹‹
1833 1650 1942 1705 Ini—
1969 1664 2011 1718 Β
2052 1649 2501 1720 intelligentiam
2564 1649 2945 1718 intelligatur,
3013 1646 3286 1702 dicamus
3353 1643 3539 1699 aliter.
3604 1640 3696 1696 Ait

283 1754 343 1806 to
361 1752 569 1804 autem
600 1748 945 1816 certamine,
973 1751 1138 1817 terga
1166 1745 1339 1802 vertit
1361 1742 1539 1800 Israel
1567 1739 1937 1806 Philisthteis,

285 1842 340 1894 et
365 1853 526 1894 cassa
551 1842 690 1893 sunt
732 1837 792 1893 in
825 1835 924 1892 illo
954 1834 1278 1892 certamine
1308 1832 1540 1907 passim
1587 1845 1694 1903 per
1739 1843 1938 1899 agros,

2051 1740 2209 1795 enim
2237 1759 2248 1795 :
2279 1762 2308 1789 «
2329 1741 2397 1795 Et
2425 1743 2506 1805 tu,
2538 1739 2621 1795 ﬁli
2649 1737 2931 1805 hominis,
2952 1752 3120 1792 sume
3147 1734 3250 1790 tibi
3275 1733 3545 1805 gladium
3562 1746 3700 1788 acu-

2052 1835 2178 1886 tum
2209 1829 2519 1887 radentem
2549 1829 2723 1902 pilos,
2761 1851 2789 1878 »
2822 1832 2930 1884 etc.
2979 1831 3041 1882 In
3093 1827 3206 1882 hoc
3245 1838 3510 1896 namque
3540 1821 3698 1877 facto

285 1927 456 2001 quasi
483 1932 747 2002 quatuor
783 1926 972 1983 millia
993 1925 1276 1981 Virorum.
1299 1945 1326 1974 ”
1349 1925 1614 1989 Quatuor
1640 1919 1799 1975 enim
1829 1917 1944 1973 ista
2045 1921 2341 1992 judicium
2399 1919 2812 1992 Redemptoris
2863 1916 3232 1990 exprimitur,
3279 1913 3384 1986 qui
3426 1913 3488 1968 in
3518 1925 3698 1967 carne

287 2016 475 2073 millia
524 2017 795 2073 virorum
841 2016 903 2072 in
960 2013 1283 2071 certamine
1329 2009 1770 2068 Philistinorum
1817 2021 1941 2078 quo

290 2106 589 2178 congressi
619 2110 759 2161 sunt
787 2104 889 2160 ﬁlii
938 2101 1136 2169 Israel,
1185 2100 1459 2157 videlicet
1505 2097 1812 2155 credentes
1868 2110 1940 2150 ex

285 2195 596 2268 primitiva
625 2192 909 2259 Ecclesia,
942 2192 1264 2264 perierunt,
1287 2189 1370 2245 illi
1397 2186 1810 2257 intelliguntur
1837 2182 1942 2256 qui

289 2288 550 2356 quatuor
580 2282 903 2352 Evangelia
932 2280 1195 2353 recipere
1223 2278 1562 2336 noluerunt.

365 2396 394 2422 α
426 2373 567 2429 Misit
585 2387 730 2442 ergo
757 2370 1021 2446 populus
1048 2371 1110 2426 in
1143 2369 1283 2440 Silo,
1314 2371 1370 2425 et
1390 2367 1650 2424 tulerunt
1677 2363 1816 2421 inde
1846 2377 1940 2418 ar-

293 2485 321 2512 ε
353 2478 485 2520 cam
517 2461 763 2518 foederis
785 2459 1016 2517 Domini
1045 2458 1434 2523 exercituum,
1468 2454 1731 2512 sedentis
1758 2466 1944 2525 super

294 2575 321 2603 α
350 2551 694 2608 Cherubim.
717 2553 782 2606 Et
801 2553 1210 2620 cognoverunt
1234 2545 1587 2603 Philisthiim
1617 2542 1782 2617 quod
1802 2555 1944 2598 arca

294 2665 319 2690 αι
349 2640 588 2698 Domini
607 2639 868 2695 venisset
917 2638 978 2694 in
1022 2641 1238 2694 castra.
1273 2653 1304 2687 ›
1332 2634 1820 2704 Timueruntque,
1851 2629 1942 2684 di-

293 2736 527 2788 centes:
565 2753 592 2780 ‹‹
628 2729 804 2786 Venit
829 2729 982 2784 Deus
1000 2727 1062 2783 in
1089 2730 1302 2784 castra.
1339 2746 1368 2774 κ
1390 2729 1540 2780 Arca
1563 2721 1724 2778 enim
1753 2735 1942 2792 quam

293 2818 397 2876 ﬁlii
429 2818 609 2876 lsrael
640 2818 716 2874 de
749 2817 868 2875 Silo
896 2817 957 2872 in
981 2815 1257 2890 praelium
1287 2813 1569 2879 tulerunt,
1597 2809 1720 2865 duo
1749 2811 1944 2865 Testa-

296 2914 498 2966 menta
529 2907 852 2979 signiﬁcat,
891 2921 1028 2978 quae
1059 2903 1263 2959 ﬁdeles
1309 2917 1383 2958 ex
1425 2899 1674 2957 Judaico
1719 2895 1944 2970 populo

2050 2026 2351 2083 apparens
2376 2013 2558 2081 caput
2581 2008 2902 2079 rasit,quia
2921 2004 3168 2061 Judaico
3189 2001 3525 2058 sacerdotio
3551 2015 3699 2071 prte-

2050 2104 2361 2170 ceptorum
2393 2113 2641 2152 suorum
2670 2098 3049 2150 sacramenta
3096 2089 3360 2147 abstulit.
3393 2087 3562 2142 Unde
3593 2100 3701 2157 per

2049 2187 2284 2243 decisos
2337 2185 2606 2258 capillos,
2658 2186 3172 2239 sacramentorum
3226 2176 3557 2238 subtilitas;
3590 2188 3699 2244 per

2051 2279 2233 2347 caput
2260 2289 2424 2341 vero,
2451 2288 2690 2328 summa
2711 2267 3026 2326 sacerdotii
3055 2266 3426 2335 designatur.
3442 2260 3698 2318 Barbam

2052 2363 2216 2432 rasit,
2237 2361 2382 2434 quia
2410 2375 2664 2429 regnum
2695 2356 3075 2413 lsraeliticum
3103 2349 3698 2414 deserens,decorem

2051 2451 2282 2508 virtutis
2311 2449 2665 2522 amputavit.

2122 2562 2150 2591 ‹‹
2183 2541 2439 2595 Currens
2488 2541 2690 2594 autem
2719 2535 2811 2591 vir
2839 2535 2912 2590 de
2951 2531 3284 2602 Benjamin,
3312 2528 3394 2585 ait
3419 2525 3496 2582 ad
3529 2522 3653 2578 Heli
3682 2538 3696 2577 :

2053 2652 2081 2680 «
2114 2629 2287 2698 Fugit
2319 2626 2494 2683 lsrael
2523 2641 2726 2682 coram
2758 2621 3134 2686 Philisthiim,
3183 2622 3242 2674 et
3263 2616 3440 2673 ruina
3476 2625 3702 2681 magna

2053 2740 2083 2769 «
2115 2717 2273 2774 facta
2297 2721 2384 2772 est
2409 2715 2468 2772 in
2496 2713 2742 2788 populo.
2767 2717 3020 2784 Insuper
3065 2714 3124 2764 et
3150 2708 3273 2763 duo
3302 2704 3407 2760 ﬁlii
3433 2701 3519 2758 tui
3545 2712 3702 2756 mor-

2055 2807 2190 2864 «tui
2220 2810 2378 2872 sunt,
2403 2803 2598 2876 Ophni
2630 2806 2686 2858 et
2712 2801 2959 2858 Phinees
2980 2817 2993 2868 ;
3017 2803 3074 2854 et
3101 2806 3244 2852 arca
3265 2794 3367 2850 Dei
3395 2795 3572 2865 capta
3590 2792 3699 2876 est.

2055 2919 2083 2947 «
2109 2897 2379 2968 Cumque
2422 2875 2518 2949 ille
2547 2890 2919 2948 nominasset
2967 2903 3171 2943 arcam
3209 2883 3331 2951 Dei,
3379 2877 3587 2937 cecidit
3628 2875 3704 2931 de

297 2964 378 3055 ad
405 2964 622 3068 gente;
647 2964 1096 3052 transtulerunt.
1131 2994 1273 3058 Quae
1325 2990 1481 3046 bene
1533 2964 1747 3044 dicitur
1775 2964 1823 3038 ί
1841 2988 1948 3040 Do-
1975 3012 2017 3068 ο
2056 3008 2083 3036 u
2118 2984 2262 3040 sella
2281 2964 2617 3039 retrorsum
2661 2980 2833 3051 juxta
2862 2976 3105 3042 ostium,
3132 2979 3208 3040 et,
3233 2970 3434 3028 fractis
3465 2964 3706 3025 cervici-

293 3111 320 3138 αι
347 3085 498 3143 mini
563 3085 936 3141 exercituum
979 3081 1242 3138 sedentis
1301 3094 1485 3152 super
1539 3074 1881 3132 Cherubim.
1916 3095 1944 3123 ιο

293 3177 618 3235 Cherubim
646 3189 914 3247 namque
939 3171 1252 3243 plenitudo
1294 3169 1555 3226 scientia
1604 3166 1949 3236 interpreta-

293 3272 411 3336 tur,
438 3282 582 3338 quaz
612 3265 672 3320 in
717 3263 956 3319 duobus
985 3258 1375 3318 Testamentis
1404 3257 1726 3323 inventtur,
1755 3267 1950 3324 quan-

300 3369 493 3427 quam
528 3353 606 3408 ad
637 3351 923 3408 Christum
949 3348 1151 3406 referri
1179 3345 1388 3421 possit,
1418 3345 1480 3400 in
1505 3358 1629 3416 quo
1662 3344 1803 3396 sunt
1821 3354 1950 3396 om-

303 3459 413 3499 nes
448 3441 711 3498 thesauri
733 3438 1033 3514 sapientiae
1059 3443 1117 3494 et
1145 3435 1404 3492 scientiae
1447 3430 1738 3490 reconditi
1791 3429 1945 3500 (Col.

303 3536 381 3604 ιι).
407 3534 554 3598 Quae
602 3529 912 3586 Philistiim
968 3526 1301 3591 audientes,
1333 3522 1606 3579 videlicet
1651 3518 1950 3592 sapientes

303 3620 468 3678 istius
498 3619 723 3688 saeculi,
750 3635 855 3675 seu
884 3617 998 3690 ipsi
1023 3613 1322 3672 immundi
1339 3612 1578 3686 spiritus
1609 3609 1702 3681 (de
1727 3607 1951 3681 quibus

313 3711 571 3781 superius
598 3709 892 3774 diximus)
921 3706 1390 3772 extremuerunt,
1419 3699 1638 3756 scilicet
1661 3697 1805 3770 quia
1838 3711 1954 3751 coe-

319 3797 801 3871 peruntApostoli
833 3795 1030 3852 verbis
1056 3793 1284 3868 pluere,
1335 3807 1403 3847 ex
1444 3788 1690 3846 scientia
1742 3785 1953 3842 utrius-

319 3902 420 3958 que
449 3886 803 3943 Testamenti
831 3883 1134 3941 miraculis
1150 3895 1490 3949 coruscare,
1519 3882 1578 3934 et
1605 3875 1782 3949 quasi
1807 3873 1956 3930 toni-

312 3979 425 4031 trua
452 3975 752 4041 intonare,
787 3997 816 4023 ‹‹
850 3973 1112 4030 clamore
1141 3968 1377 4040 grandi,
1410 3972 1468 4022 et
1497 3963 1810 4038 personuit
1839 3966 1952 4016 ter-

302 4087 328 4113 ιι
357 4081 420 4122 ra
445 4088 476 4115 υ
503 4083 542 4120 a
562 4081 711 4121 voce
734 4060 1174 4136 praedicationis
1193 4059 1353 4127 (Act.
1380 4057 1462 4126 ιι),
1493 4060 1550 4110 et
1575 4051 1957 4110 crediderunt

293 4171 358 4210 se
389 4155 794 4228 superandos.

362 4267 390 4293 α
444 4245 1000 4314 lngemueruntque
1055 4239 1356 4295 dicentes:
1410 4237 1505 4289 Vae
1566 4230 1780 4288 nobis!
1829 4232 1955 4286 Non

2057 3096 2084 3123 «
2115 3072 2254 3142 bus,
2282 3075 2556 3126 mortuus
2586 3073 2731 3124 est.»
2767 3066 2928 3122 Sicut
2949 3063 3226 3136 superius
3251 3075 3416 3115 mors
3441 3056 3705 3112 ﬁliorum

2057 3162 2240 3216 ﬁnem
2268 3157 2563 3228 signiﬁcat
2592 3153 2907 3212 sacerdotii
2937 3150 3302 3214 Judaeorum,
3349 3147 3432 3201 ita
3482 3145 3543 3198 in
3590 3143 3706 3196 hoc

2056 3249 2188 3305 loco
2218 3263 2380 3302 mors
2407 3244 2594 3318 patris
2621 3242 2897 3310 designat
2915 3237 3333 3312 pontiﬁcatum
3356 3233 3705 3288 Judaaorum

2057 3333 2516 3410 irreparabiliter
2542 3334 2929 3405 prostratum,
2959 3326 3286 3396 sedemque
3330 3321 3552 3377 habere
3597 3331 3706 3372 va-

2058 3444 2257 3493 cuam,
2290 3429 2348 3482 et
2376 3423 2629 3495 gloriam
2668 3417 2983 3476 sacerdotii
3010 3415 3300 3487 regnique
3329 3411 3704 3473 exstinctam,

2058 3518 2212 3574 sicut
2239 3513 2513 3587 superius
2564 3510 2746 3584 paulo
2775 3507 3011 3581 plenius
3057 3502 3334 3575 exemplo
3385 3497 3707 3556 inculcavi-

2058 3623 2216 3663 mus.
2266 3608 2334 3660 Et
2385 3602 2502 3658 hoc
2544 3604 2633 3657 est
2673 3599 2749 3655 de
2794 3597 2938 3652 sella
2979 3599 3304 3651 retrorsum
3336 3588 3623 3645 cecidisse
3653 3591 3714 3642 et

2059 3700 2366 3753 mortuum
2395 3707 2547 3748 esse.
2583 3687 2845 3761 Denique
2875 3689 3014 3759 post
3043 3682 3400 3739 exstinctum
3431 3677 3710 3735 sacerdo-

2061 3786 2204 3842 tium
2234 3799 2304 3840 ac
2357 3780 2562 3837 sedem
2607 3780 2908 3833 vastatam
2946 3771 3331 3847 pontiﬁcatus
3363 3768 3710 3823 Judceorum

2061 3871 2316 3931 carnalis
2343 3869 2525 3925 etiam
2546 3869 2893 3939 Synagoga,
2919 3860 3236 3918 carnaliter
3259 3857 3338 3913 illi
3369 3855 3710 3921 adhaerens,

2062 3979 2202 4019 mox
2262 3958 2496 4015 interiit.
2559 3959 2636 4010 De
2691 3953 2863 4024 cujus
2916 3946 3350 4020 signiﬁcatione
3403 3941 3714 4014 subjungi-

2062 4057 2158 4108 tur
2191 4067 2204 4105 :

2135 4162 2164 4191 «
2189 4142 2382 4196 Nurus
2413 4139 2614 4192 autem
2661 4133 2811 4204 ejus,
2853 4145 3006 4186 uxor
3069 4127 3339 4184 l‘hinees.
3392 4135 3715 4197 praegnans

2066 4255 2093 4283 ‹‹
2123 4234 2250 4288 erat
2277 4227 2596 4298 vicinaque
2643 4221 2861 4296 partui.
2925 4223 2991 4276 Et
3049 4217 3254 4274 audito
3299 4213 3507 4270 nuntio
3549 4209 3717 4283 quod

291 4357 317 4383 ιι
349 4334 518 4391 enim
547 4333 654 4388 fuit
685 4336 851 4389 tanta
877 4329 1192 4386 exsultatio
1221 4325 1350 4382 heri
1397 4327 1454 4380 et
1499 4319 1954 4377 nudiustertius.
1990 4353 2036 4406 Β
2067 4345 2094 4373 ς
2128 4323 2305 4392 capta
2327 4319 2482 4372 esset
2509 4329 2649 4370 arca
2673 4311 2796 4378 Dei,
2827 4314 2885 4366 et
2905 4312 3178 4364 mortuus
3207 4308 3361 4361 esset
3387 4317 3558 4358 socer
3571 4314 3716 4354 suus

289 4447 317 4472 α
339 4427 443 4478 Vae
477 4422 656 4478 nobis
678 4423 706 4477 ‘I
739 4420 881 4486 Quis
921 4435 1032 4475 nos
1063 4416 1320 4473 salvabit
1349 4415 1424 4468 de
1469 4427 1655 4468 manu
1704 4409 1957 4464 deorum

286 4537 312 4563 ιι
338 4512 708 4569 sublimium
742 4511 993 4566 istorum
1021 4508 1048 4562 ?
1098 4507 1519 4576 Pugnaverunt
1566 4515 1708 4570 ergo
1761 4497 1960 4554 Philis-

2066 4432 2094 4460 «
2133 4415 2187 4465 et
2215 4409 2302 4463 vir
2341 4422 2506 4470 suus,
2553 4400 2888 4458 incurvavit
2916 4415 2978 4453 se
3018 4402 3075 4453 et
3120 4393 3367 4468 peperit.
3419 4392 3717 4448 lrruerant

2069 4521 2096 4548 «
2127 4498 2287 4554 enim
2309 4497 2368 4551 in
2401 4509 2536 4550 eam
2563 4491 2802 4547 dolores
2833 4487 3035 4552 subiti,
3060 4486 3120 4540 in
3152 4486 3286 4556 ipso
3333 4486 3537 4536 autem
3589 4491 3718 4530 mo-

2071 4609 2098 4636 ‹‹
2132 4589 2335 4641 mento
2365 4581 2576 4638 mortis
2605 4579 2736 4650 ejus
2759 4577 3038 4632 dixerunt
3074 4571 3129 4626 ei
3153 4570 3259 4642 qui
3289 4568 3532 4624 stabant
3558 4564 3718 4618 circa

2069 4697 2097 4724 ‹‹
2127 4690 2294 4730 eam:
2329 4675 2409 4728 Ne
2437 4670 2664 4734 timeas,
2695 4665 2841 4738 quia
2868 4661 3058 4717 ﬁlium
3088 4655 3426 4730 peperisti,»
3447 4659 3558 4708 etc.
3579 4653 3718 4707 Om-

2067 4762 2170 4818 nia
2199 4759 2362 4816 enim
2393 4757 2473 4812 ad
2523 4737 2833 4826 superiora
2860 4745 3135 4804 tendunt.
3168 4746 3340 4811 Nam,
3383 4739 3536 4795 sicut
3564 4737 3717 4793 dixi-

2069 4865 2228 4913 mus,
2251 4859 2440 4900 nurus
2465 4842 2612 4907 Heli,
2646 4854 2798 4895 uxor
2828 4835 3100 4899 Phinees,
3141 4829 3448 4888 carnalem
3476 4827 3718 4901 plebem

2070 4936 2384 4993 Judaicam
2411 4929 2795 4999 designabat,
2825 4941 2963 4999 quas
2993 4922 3219 4979 carnali
3246 4919 3583 4976 sacerdotio
3623 4933 3719 4973 co-

2072 5025 2298 5099 pulata,
2330 5039 2469 5078 cum
2501 5021 2636 5092 ipso
2660 5016 2844 5072 ﬁnem
2873 5011 3120 5084 accepit,
3149 5015 3328 5083 atque
3343 5007 3742 5064 divinitusin-.

2073 5097 2364 5183 ieriit.Sed
2376 5107 2712 5166 notandum
2726 5102 2983 5176 est,quia
3013 5116 3136 5156 non
3149 5105 3325 5157 antea
3335 5097 3553 5153 interiit
3563 5100 3726 5152 ante-

2073 5220 2259 5278 quam
2289 5203 2495 5256 vivum
2514 5193 2944 5270 parturiret.lta
2968 5197 3024 5246 et
3039 5204 3352 5261 synagoga
3371 5186 3722 5243 Judasorum

2074 5277 2147 5350 ex
2171 5297 2294 5350 toto
2323 5305 2445 5345 non
2478 5285 2710 5349 interiit,
2743 5289 3069 5353 antequam
3097 5280 3216 5334 vivi
3247 5294 3320 5334 ex
3349 5277 3483 5348 ipsa
3512 5289 3722 5330 nasce-

2075 5387 2299 5450 rentur,
2329 5379 2392 5435 id
2419 5382 2508 5434 est
2531 5376 2664 5449 ipsa
2688 5371 2990 5446 primitiva
3021 5367 3296 5436 Ecclesia,
3328 5382 3464 5439 qua:
3490 5380 3563 5420 ex
3592 5365 3724 5435 ipsa

2075 5472 2251 5545 plebe
2280 5467 2548 5526 credidit.
2582 5463 2746 5520 Unde
2779 5466 2836 5518 et
2863 5459 3074 5516 merito
3099 5456 3568 5514 consolationem
3601 5466 3722 5507 non

2077 5560 2371 5632 recipiens
2401 5556 2478 5614 ab
2509 5554 2602 5611 his
2648 5568 2784 5625 qum
2815 5549 3264 5613 consolabatur,
3297 5546 3356 5600 id
3401 5549 3488 5599 est
3538 5545 3723 5612 Syna-

2079 5631 2238 5720 goga
2259 5649 2589 5719 desperans
2616 5642 2696 5701 ab
2727 5639 3056 5698 humilibus
3084 5635 3464 5694 credentibus
3489 5631 3599 5685 ait:

284 4627 310 4651 α
343 4601 553 4666 thiim,
579 4605 637 4656 et
684 4615 876 4656 ctesus
918 4601 1009 4653 est
1039 4585 1250 4658 lsrael,
1269 4598 1326 4649 et
1364 4591 1515 4661 fugit
1544 4587 1958 4660 unusquisque

283 4717 312 4742 κ
343 4693 412 4748 in
470 4687 930 4746 tabernaculum
983 4701 1182 4742 suum.
1221 4705 1248 4733 »
1295 4686 1360 4738 Et
1401 4681 1498 4736 hic
1545 4678 1706 4734 enim
1735 4677 1798 4732 in
1845 4676 1960 4731 hoc

282 4781 469 4855 quod
497 4779 578 4835 ab
605 4778 954 4847 alienigenis
981 4791 1122 4832 arca
1151 4785 1328 4844 capta
1356 4770 1592 4836 dicitur,
1615 4765 1962 4839 praeﬁgura-

282 4871 388 4928 bat
431 4886 468 4926 a
504 4867 791 4939 gentibus
847 4865 972 4922 duo
999 4867 1377 4920 Testamenta
1424 4855 1780 4929 accipienda
1808 4868 1958 4918 esse,

284 4976 428 5034 quae
455 4974 572 5032 per
588 4972 794 5013 arcam
828 4951 1152 5024 signiﬁcari
1179 4950 1462 5006 diximus.

357 5075 386 5101 α
409 5053 554 5104 Duo
576 5060 823 5119 quoque
845 5043 948 5099 ﬁlii
973 5042 1098 5098 Heli
1121 5039 1338 5097 mortui
1359 5042 1519 5104 sunt,
1543 5032 1735 5107 Ophni
1759 5038 1817 5088 et
1839 5032 1953 5087 Phi-

287 5161 314 5186 ‹‹
346 5155 567 5194 necs.»
607 5135 719 5190 Per
740 5131 937 5206 Ophni
961 5130 1144 5195 enim,
1184 5127 1290 5201 qui
1312 5127 1708 5183 discalceatus
1733 5140 1746 5191 ;
1773 5127 1830 5177 et
1857 5136 1987 5193 per

280 5229 575 5292 Phineus,
608 5224 716 5297 qui
741 5222 957 5278 dicitur
981 5237 1044 5277 os
1059 5225 1313 5286 mutum,
1335 5233 1444 5291 per
1466 5231 1620 5289 quos
1642 5209 1964 5282 signiﬁcari

282 5318 569 5373 diximus
597 5314 780 5383 longe
813 5310 1094 5383 superius
1143 5306 1548 5364 sacerdotium
1594 5302 1963 5366 Judasorum,

281 5408 390 5480 qui
425 5404 626 5462 modo
648 5400 872 5459 mortui
899 5399 1253 5465 referuntur,
1274 5395 1464 5468 ipsius
1487 5390 1799 5450 sacerdotii
1831 5388 1966 5443 ﬁnis

282 5495 672 5563 intelligitur.
717 5490 829 5558 Qui
869 5489 1024 5544 bene
1076 5490 1404 5560 postquam
1436 5498 1578 5539 arca
1625 5483 1803 5552 capta
1859 5481 1964 5545 est,

284 5584 526 5642 mortui
555 5582 924 5638 referuntur:
947 5576 1090 5649 quia
1106 5580 1430 5648 postquam
1456 5572 1578 5628 duo
1595 5570 1970 5627 Testamenta

285 5675 369 5731 ad
394 5671 712 5744 sapientes
735 5668 905 5726 istius
941 5664 1142 5722 saeculi
1173 5669 1230 5721 et
1264 5659 1512 5731 gentiles
1546 5658 1967 5731 pervenerunt.
