4130 6182
408 120 514 183 m
604 120 609 126 .

1510 82 1872 171 AivGELom
1909 104 2360 173 LUXOVIENSIS
2396 109 2715 173 MONACHI

3714 112 3825 169 284

482 264 513 294 ‹‹
540 240 851 301 Translata
887 240 976 296 est
1026 237 1217 309 gloria
1241 236 1316 295 de
1365 235 1563 304 Israel,
1591 235 1736 308 quia
1765 234 1941 306 capta
1969 234 2057 287 est
2093 232 2141 288 A
2171 247 2464 304 magnam
2494 232 3015 304 signiﬁcationem,
3041 231 3106 288 in
3128 230 3261 304 ipsa
3279 229 3455 288 ruina
3476 231 3689 302 Dagon
3706 231 3824 303 sui,

413 357 441 386 «
478 349 620 391 arca
650 332 766 388 Dei.
806 352 834 380 »
868 332 985 384 Hoc
1015 330 1106 384 est
1134 325 1300 400 quod
1331 325 1617 382 Dominus
1642 322 2055 381 aitchufere-

412 427 508 481 tur
539 439 575 480 a
603 421 774 477 vobis
799 433 1053 487 regnum
1082 415 1203 487 Dei,
1250 420 1305 472 et
1346 415 1586 471 dabitur
1626 413 1786 485 genti
1823 411 2059 469 facienti

411 513 638 569 fructus
658 509 789 581 ejus
807 506 1219 579 (Matth.xu).»
1240 504 1403 562 Unde
1433 504 1768 562 notandum
1794 500 2059 587 est,quia

417 614 682 674 puerum
731 595 964 652 vocavit
1008 592 1291 650 Iehabod.
1334 592 1583 651 Chabod
1634 591 1792 649 enim
1839 591 2057 661 gloria,

412 687 678 745 Ichabod
700 701 839 742 vero
867 683 1076 739 cecidit
1103 684 1303 753 gloria
1332 682 1411 738 ad
1439 681 1571 738 illos
1600 680 1845 737 refertur
1867 677 1973 751 qui
1988 692 2059 732 ex

415 784 741 853 Synagoga
768 788 892 829 non
925 771 1235 828 credentes
1257 772 1628 846 prodierunt,
1662 769 1767 842 qui
1794 769 1856 824 in
1886 768 2058 825 deco-

410 883 538 925 rem
570 869 628 920 et
655 862 908 934 gloriam
955 878 1083 918 esse
1130 865 1407 935 poterant
1459 860 1574 935 ipsi
1627 862 1979 933 Synagogaa,
2012 855 2060 911 si

414 953 652 1013 credere
668 952 730 1008 in
760 952 969 1023 Deum,
992 955 1049 1008 et
1068 966 1275 1007 eorum
1307 948 1831 1025 praedicationibus
1852 946 2062 1003 voluis-

414 1047 564 1103 sent.
597 1046 665 1099 Et
691 1041 836 1115 quia
876 1041 992 1097 hoc
1046 1056 1222 1110 agere
1262 1030 1768 1113 centempserunt,
1809 1035 2061 1107 gloriam

412 1133 690 1191 eamdem
721 1130 1086 1187 amiserunt:
1127 1129 1271 1202 quia
1297 1128 1713 1203 praedicatores
1737 1125 1945 1191 sancti,
1979 1123 2061 1179 cis

413 1219 790 1294 contemptis,
815 1217 895 1273 ad
916 1221 1119 1289 gentes
1132 1220 1551 1291 pervenerunt,
1584 1216 1746 1273 Unde
1769 1220 1824 1270 et
1849 1213 2061 1269 iisdem

416 1309 670 1386 apostoli
686 1308 893 1365 dicunt
917 1325 930 1365 :
956 1330 983 1359 ‹‹
1001 1307 1184 1364 Vobis
1201 1307 1443 1380 quidem
1461 1305 1777 1379 oportebat
1796 1304 2061 1376 primum

414 1398 581 1473 loqui
603 1397 854 1454 verbum
889 1396 1007 1453 Dei.
1044 1396 1155 1453 Sed
1188 1396 1331 1469 quia
1368 1394 1666 1470 repulistis
1696 1392 1868 1463 illud,
1891 1396 1948 1447 et
1974 1392 2059 1447 in-

415 1489 631 1561 dignos
668 1502 778 1543 vos
802 1485 1114 1559 judicastis
1145 1490 1380 1543 aeterna:
1411 1485 1561 1555 vitae,
1593 1500 1663 1541 ex
1696 1483 1810 1539 hoc
1836 1481 2058 1538 ibimus

417 1577 494 1635 ad
517 1579 723 1649 gentes
755 1575 909 1647 (Act.
936 1578 1122 1644 χω.»

1082 1718 1304 1773 CAPUT
1326 1718 1391 1772 V.

488 1867 516 1897 ‹‹
541 1843 891 1901 Philisthiim
921 1847 1123 1901 autem
1154 1842 1413 1901 tulerunt
1462 1857 1667 1899 arcam
1726 1840 1848 1910 Dei,
1881 1844 1937 1895 et
1979 1855 2069 1894 as—

417 1956 445 1985 ‹‹
477 1936 867 2006 portaverunt
899 1949 1034 1989 eam
1084 1948 1121 1988 a
1147 1931 1369 2005 Lapide
1399 1929 1678 2002 adjutorii
1706 1930 1768 1985 in
1794 1932 2062 1985 Azotum.

416 2045 445 2075 ι(
476 2021 876 2094 Tuleruntque
911 2021 1265 2078 Philisthiim
1296 2036 1498 2077 arcam
1517 2019 1638 2087 Dei,
1662 2023 1719 2097 et
1746 2018 2068 2075 intulerunt

416 2134 445 2163 α
474 2127 611 2169 eam
638 2111 699 2167 in
730 2110 1019 2185 templum
1040 2112 1270 2181 Dagon,
1301 2115 1359 2167 et
1377 2113 1709 2166 statuerunt
1735 2124 1870 2164 eam
1893 2107 2067 2180 juxta

417 2223 446 2251 ι(
479 2202 745 2271 Dagon.»
779 2201 951 2274 Lapis
976 2199 1261 2271 adjutorii
1292 2198 1505 2256 dicitur
1532 2198 1702 2257 locus
1722 2196 1838 2264 ille,
1871 2195 2065 2268 inquo

415 2290 615 2363 posuit
661 2290 901 2349 Samuel
928 2289 1193 2363 lapidem
1243 2306 1457 2356 unum,
1503 2287 1655 2346 inter
1693 2286 1961 2360 Masphat
2011 2287 2067 2340 et

415 2379 567 2435 inter
597 2381 753 2434 Sem.
802 2382 1142 2451 Azotusque
1173 2383 1227 2435 et
1258 2384 1399 2435 ΑΖοι
1426 2378 1661 2445 dicitur,
1688 2381 1777 2433 est
1823 2392 1943 2433 una
1992 2374 2066 2430 de

417 2469 687 2540 quinque
738 2468 1075 2525 civitatibus
1126 2468 1600 2542 Allophylorum,
1651 2467 2069 2538 interpretatur

418 2560 620 2613 autem
645 2557 983 2614 incendium
1006 2560 1229 2628 patris.
1261 2562 1328 2615 Et
1381 2558 1535 2614 bene
1576 2555 1921 2615 incendium
1964 2571 2069 2628 pa-

422 2644 527 2702 tris
555 2644 789 2714 dicitur,
822 2645 928 2703 ubi
973 2646 1203 2707 idolum
1244 2647 1455 2716 Dagon
1506 2644 1892 2713 consistebat,
1924 2644 2067 2717 quia

418 2733 713 2793 adventus
763 2750 919 2792 arcae
970 2735 1072 2793 Dei
1124 2737 1186 2791 in
1240 2738 1490 2795 Asotum
1543 2733 1891 2793 incendium
1943 2738 2070 2793 erat

416 2822 643 2881 diaboli
664 2823 852 2895 patris
899 2824 1174 2885 omnium
1204 2824 1609 2887 inimicorum.
1651 2826 1861 2895 Dagon
1890 2822 2067 2880 inter-

416 2915 685 2985 Ρῐθιθιιην
723 2914 905 2983 piscis
956 2913 1237 2982 tristitia,
1288 2912 1584 2984 signiﬁcat
1636 2912 1871 3001 hostem
1920 2913 2064 2971 anti-
2110 2939 2152 3001 ε

416 3016 630 3074 quum,
662 3001 770 3074 qui
794 3001 859 3063 in
886 3002 1044 3061 mari
1079 3001 1249 3061 istius
1277 3000 1491 3063 mundi
1533 3001 1788 3075 positus,
1818 3000 2067 3059 devorat

418 3095 785 3164 peccatores.
996 3086 1001 3093 ”

491 3202 523 3233 κ
554 3182 825 3253 Cumque
846 3180 1239 3239 surrexissent
1267 3180 1531 3241 diluculo
1559 3181 1722 3239 Azoti
1742 3180 1927 3239 altera
1949 3180 2066 3248 die,

420 3291 451 3321 κ
474 3284 610 3325 ecce
641 3273 848 3340 Dagon
878 3270 1117 3342 iacebat
1148 3288 1378 3344 pronus
1402 3271 1466 3327 in
1490 3276 1645 3329 terra
1686 3275 1822 3329 ante
1862 3285 2067 3328 arcam

422 3379 452 3409 «
480 3356 737 3428 Domini,
762 3380 789 3409 ››
816 3359 1134 3432 etreliqua.
1165 3363 1296 3417 Jam
1322 3360 1598 3432 superius
1623 3358 1885 3415 diximus
1902 3357 2068 3431 quod

422 3460 565 3501 arca
607 3445 730 3499 duo
762 3445 1057 3514 signiﬁcat
1100 3450 1498 3504 Testamenta.
1531 3446 1876 3503 Philisthiim
1928 3462 2067 3502 vero

420 3533 622 3593 inhoc
668 3532 803 3589 loco
833 3533 1083 3603 gentiles
1108 3535 1589 3607 praeﬁgurantur.
1627 3537 1741 3592 Sed
1777 3535 1924 3591 dum
1980 3550 2069 3592 ar—

423 3638 561 3679 cam
603 3622 683 3681 ad
704 3622 997 3695 templum
1026 3640 1205 3685 suum
1232 3623 1527 3696 deferunt,
1576 3626 1781 3695 Dagon
1828 3624 2067 3681 illorum

420 3711 573 3768 deus
603 3712 843 3780 corruit,
889 3717 1069 3785 atque
1098 3713 1236 3773 dum
1280 3714 1500 3788 palmae
1542 3719 1599 3772 et
1646 3719 1829 3788 caput
1879 3714 2068 3771 absci-

420 3801 667 3859 duntur.
699 3803 855 3869 Quid
880 3807 968 3860 est
1004 3804 1166 3863 enim
1194 3805 1329 3875 hoc,
1360 3805 1527 3877 quod
1556 3805 1706 3863 dum
1732 3822 1873 3863 arca
1901 3807 2068 3878 juxta

422 3895 629 3963 Dagon
661 3893 1060 3958 constituitur,
1108 3910 1250 3951 mox
1279 3895 1341 3951 in
1381 3899 1599 3953 terram
1646 3897 2063 3967 prosternitur,

417 3980 537 4035 nisi
568 3983 767 4035 statim
796 3985 862 4036 ut
902 3984 1257 4041 testamenta
1303 3984 1404 4039 Dei
1433 3984 1511 4041 ad
1552 3989 1756 4055 gentes
1788 3998 2068 4058 pervene-

418 4072 577 4136 runt,
608 4068 920 4127 confestim
968 4070 1130 4128 idola
1150 4088 1287 4144 quae
1328 4074 1647 4146 deceptum
1677 4074 2068 4146 possidebant

420 4156 631 4213 orbem
660 4157 964 4219 destructa
985 4165 1145 4230 sunt,
1175 4161 1493 4235 omnisque
1524 4179 1688 4220 error
1714 4162 2064 4219 simulacro-

418 4262 557 4303 rum
584 4248 826 4315 corruit,
856 4250 1234 4321 praesentiam
1279 4250 1381 4308 Dei
1409 4250 1560 4309 ferre
1586 4267 1713 4308 non
1740 4253 2061 4309 sustinens.

2172 325 2350 394 atquc
2381 322 2641 380 fractura
2668 322 2845 393 illius,
2869 322 3066 379 solum
3092 320 3449 377 invenerunt
3468 320 3666 377 fractis
3692 322 3826 393 ejus

2167 410 2449 467 omnibus
2473 412 2762 469 membris
2789 411 3059 469 dorsum.
3078 412 3335 467 Dorsum
3356 409 3582 484 quippe
3610 409 3827 482 fugam

2169 499 2480 569 signiﬁcat,
2510 500 2571 557 id
2604 505 2693 557 est
2746 499 3132 558 abolitionem
3174 498 3496 555 idolorum.
3566 500 3829 566 Quicun-

2168 605 2285 661 que
2312 589 2472 649 enim
2501 589 2756 660 fugiunt,
2802 587 3301 665 persequentibus
3352 587 3605 645 dorsum
3652 590 3825 648 dant.

2170 678 2335 737 Unde
2382 683 2439 736 et
2467 679 2541 735 dc
2570 678 2844 735 hostibus
2887 678 3178 752 scriptum
3209 681 3329 734 est:
3391 701 3417 727 ‹‹
3483 677 3595 744 Qui
3632 696 3831 752 pones

2170 784 2273 825 eos
2303 768 2552 825 dorsum
2610 769 2795 841 (Psal.
2845 767 3020 840 xxvt).
3052 789 3079 818 »
3112 767 3220 824 Ubi
3249 767 3413 824 enim
3445 771 3585 824 sunt
3615 768 3828 826 idola?

2171 857 2492 930 perierunt,
2526 862 2580 915 et
2608 857 2655 914 si
2689 857 2893 930 aliqua
2922 860 3060 913 sunt
3097 857 3473 913 remanentia
3503 857 3581 913 ab
3616 857 3829 933 aliqui-

2168 945 2284 1004 bus
2316 946 2720 1018 abscondunt,
2746 945 3003 1017 fugiunt.
3051 949 3199 1003 Nam
3232 946 3534 1021 sequitur:

2243 1056 2272 1093 ‹
2304 1038 2645 1108 Aggravata
2671 1040 2759 1092 est
2775 1040 2974 1093 autem
2998 1051 3216 1092 manus
3231 1035 3466 1092 Domini
3490 1052 3668 1110 super
3684 1038 3829 1094 Azo-

2174 1149 2202 1178 ιι
2233 1130 2345 1198 tos,
2378 1131 2434 1183 et
2462 1126 2782 1183 demolitus
2812 1130 2900 1182 est
2929 1142 3054 1192 eos,
3103 1130 3159 1189 et
3214 1126 3507 1200 percussit
3533 1126 3597 1182 in
3635 1143 3831 1185 secre-

2173 1239 2200 1267 ‹‹
2232 1216 2361 1273 tiori
2389 1220 2559 1290 parte
2588 1216 2821 1273 natium
2840 1218 3092 1272 Azotum
3120 1216 3342 1273 etﬁnes
3368 1216 3528 1288 ejus;
3551 1240 3577 1267 »
3598 1222 3652 1272 et
3668 1233 3825 1290 qua-

2172 1311 2307 1364 tuor
2335 1306 2599 1380 reliquas
2632 1306 2912 1363 civitates.
2956 1305 3061 1362 Hic
3102 1304 3286 1375 etiam
3329 1305 3526 1377 ﬁgura
3565 1310 3825 1379 prietcn-

2172 1397 2348 1454 ditur.
2381 1396 2555 1463 Quod
2596 1400 2796 1452 autem
2827 1395 3101 1469 percussi
3145 1398 3282 1452 sunt
3310 1394 3370 1451 in
3402 1395 3735 1468 posteriora
3764 1397 3830 1454 hi

2173 1487 2278 1561 qui
2298 1503 2500 1545 arcam
2534 1486 2636 1543 Dei
2665 1486 3133 1561 captivaverunt,
3164 1486 3278 1543 hac
3293 1503 3477 1560 pmna
3504 1487 3836 1558 signiﬁcari

2104 1585 2147 1643 Β
2174 1575 2428 1647 videtur,
2460 1575 2604 1650 quia
2622 1575 2673 1632 si
2701 1576 2807 1648 qui
2846 1575 3216 1648 susceperint
3254 1579 3677 1633 testamentum
3705 1578 3833 1648 Dei,

2176 1669 2233 1723 et
2261 1664 2654 1738 posteriorem
2682 1664 2871 1721 vitam
2909 1663 3240 1737 dilexerint,
3288 1681 3359 1720 ex
3414 1664 3562 1738 ipsis
3605 1670 3664 1721 et
3717 1682 3833 1741 pro

2174 1752 2343 1826 ipsis,
2387 1754 2716 1825 justissime
2757 1753 2921 1827 justo
2970 1752 3199 1827 judicio
3251 1752 3352 1808 Dei
3381 1753 3442 1808 in
3495 1754 3837 1827 posteriora

2175 1842 2621 1911 cruciabuntur,
2650 1858 2810 1915 quae,
2840 1842 2990 1898 sicut
3014 1841 3096 1898 ait
3124 1841 3471 1916 Apostolus,
3501 1842 3836 1902 existimari

2174 1931 2396 1989 debent
2421 1931 2572 1988 sicut
2595 1934 2855 1989 stercora
2884 1930 3073 2003 (Phil.
3101 1931 3204 2001 ω).
3244 1930 3356 1997 Qui
3395 1931 3556 1987 enim
3606 1933 3690 1989 sic
3734 1950 3834 1991 as-

2177 2025 2424 2077 sumunt
2475 2024 2900 2079 testamentum
2932 2020 3227 2087 divinum,
3278 2024 3342 2076 ut
3387 2020 3451 2077 in
3501 2022 3836 2094 posteriora

2175 2110 2562 2182 respicientes
2585 2110 2763 2166 veteri
2794 2126 2857 2165 se
2887 2108 3149 2167 vanitate
3178 2124 3302 2165 non
3331 2116 3579 2182 exuant,
3606 2112 3830 2169 similes

2178 2204 2319 2255 sunt
2339 2198 2612 2255 hostibus
2659 2198 2773 2256 illis
2797 2197 2903 2273 qui
2932 2214 3140 2257 arcam
3170 2201 3509 2257 testamenti
3528 2204 3829 2276 captivam

2170 2289 2346 2360 juxta
2373 2287 2535 2345 idola
2574 2303 2688 2345 sua
2721 2291 3069 2361 posuerunt.
3104 2291 3171 2345 Et
3197 2287 3298 2345 illa
3337 2289 3584 2362 quidem
3627 2295 3829 2347 vetera

2174 2378 2355 2437 etiam
2385 2377 2730 2435 nolentibus
2781 2378 3034 2437 cadunt:
3068 2377 3214 2455 quia
3258 2400 3287 2431 ‹‹
3332 2379 3526 2437 omnis
3575 2395 3712 2436 caro
3740 2380 3821 2436 {e-

2176 2483 2348 2539 num,
2382 2470 2457 2534 ct,
2502 2489 2530 2515 ››
2577 2467 2828 2525 claritas
2863 2490 2890 2518 «
2943 2466 3229 2537 hominis,
3260 2472 3326 2523 ut
3353 2466 3460 2523 ﬂos
3488 2467 3623 2524 feni.
3655 2465 3820 2524 Aruit

2179 2556 2408 2623 fenum,
2449 2554 2561 2611 ﬂos
2588 2555 2821 2615 cecidit.
2856 2577 2882 2605 »
2908 2555 3076 2613 Area
3103 2560 3306 2614 autem
3336 2556 3570 2614 Domini
3619 2560 3823 2617 manet

2177 2644 2239 2702 in
2269 2648 2561 2703 aeternum
2584 2644 2725 2716 (Isa.
2749 2644 2864 2718 XL).
2886 2667 2915 2695 »
2943 2647 3246 2703 Secretum
3267 2645 3490 2703 scilicet
3512 2649 3827 2705 testamen-

2179 2738 2309 2791 tum
2344 2747 2723 2808 regnumque
2752 2732 3066 2807 ccelorum,
3119 2733 3224 2791 ubi
3265 2739 3356 2792 est
3411 2738 3703 2793 aeternum
3730 2733 3833 2795 Dei

2178 2821 2322 2885 verb
2331 2837 2455 2881 um.

2821 2909 3060 2970 CAPUT
3101 2913 3189 2969 Vl.

2254 3023 2283 3057 α
2310 2999 2440 3063 Fuit
2460 3014 2601 3070 ergo
2632 3014 2774 3059 arca
2802 3000 3041 3058 Domini
3088 3001 3147 3059 in
3174 3000 3412 3072 regione
3447 2999 3828 3059 Philisihino-

2184 3114 2211 3142 ‹‹
2232 3106 2369 3147 rum
2397 3092 2631 3164 septem
2659 3089 3034 3149 mensibus.»
3050 3090 3171 3149 Hoc
3198 3089 3357 3147 enim
3390 3092 3629 3164 tempus
3644 3106 3832 3164 prop-

2179 3185 2265 3236 ter
2297 3178 2746 3236 universitatem
2796 3184 3133 3254 tempo'rum
3175 3196 3309 3254 qua:
3343 3178 3685 3251 septenario
3711 3195 3835 3236 nu-

2176 3284 2345 3327 mero
2374 3267 2651 3329 discurrit
2680 3267 2977 3339 signiﬁcat
2993 3272 3434 3327 Testamentum
3459 3267 3699 3324 Domini
3732 3285 3833 3327 us-

2178 3374 2297 3432 que
2326 3358 2405 3414 ad
2450 3358 3035 3417 consummationem
3066 3359 3268 3417 saeculi
3297 3359 3360 3416 in
3389 3359 3669 3429 gentibus
3695 3376 3831 3432 per-

2175 3463 2555 3504 mansurum.
2576 3446 2797 3504 Deinde
2816 3447 3083 3522 sequitur
3103 3448 3358 3523 qualiter
3380 3447 3528 3517 inito
3560 3448 3828 3511 consilio,

2175 3537 2445 3611 quinque
2474 3552 2625 3593 anos
2658 3552 2893 3607 aureos,
2921 3537 3094 3609 juxta
3140 3553 3467 3595 numerum
3515 3537 3820 3594 civitatum

2177 3641 2447 3692 suarum,
2480 3626 2824 3685 obtulerunt
2850 3643 3026 3685 arcae.
3065 3632 3229 3689 Patet
3265 3629 3425 3687 enim
3455 3627 3659 3697 litterae
3689 3642 3823 3685 sen-

2178 3731 2305 3785 sus,
2354 3719 2557 3773 tamen
2607 3716 2837 3789 aliquid
2905 3716 3363 3789 signiﬁcationis
3411 3716 3638 3777 habet:
3685 3715 3830 3789 quia

2177 3803 2480 3876 quosdam
2508 3804 2806 3876 signiﬁcat
2849 3805 2953 3878 qui
3009 3811 3147 3879 post
3196 3806 3359 3864 idola
3409 3806 3833 3879 pmmtentiam

2177 3898 2411 3963 gerunt.
2434 3893 2516 3951 illi
2544 3893 2704 3950 enim
2729 3910 2945 3951 aureos
2983 3910 3132 3953 anos
3164 3900 3341 3969 atque
3367 3911 3567 3952 mures
3589 3910 3833 3964 aureos,

2176 3982 2258 4039 ad
2286 3999 2489 4040 arcam
2522 3983 2754 4043 Domini
2783 3984 3059 4053 offerunt,
3089 3986 3195 4059 qui
3224 4002 3329 4058 per
3357 3985 3597 4058 ﬂagella
3622 3985 3840 4055 agnita

2178 4072 2391 4128 virtute
2413 4072 2563 4142 ejus,
2596 4088 2706 4145 pro
2738 4074 3053 4130 transactis
3082 4074 3368 4148 peccatis,
3412 4079 3471 4131 et
3521 4074 3840 4137 idolorum

2162 4160 2409 4216 cultura
2430 4159 2868 4231 paenitudinem
2900 4168 3189 4235 gerentes,
3229 4180 3336 4237 per
3363 4179 3570 4220 veram
3602 4163 3842 4219 confes-

2181 4250 2410 4306 sionem
2444 4252 2562 4306 Deo
2590 4249 2844 4321 gloriam
2873 4254 3154 4309 reddunt.
3188 4255 3254 4308 Et
3289 4253 3425 4308 licet
3466 4253 3657 4309 coacti
3710 4257 3842 4312 stu-

422 4335 537 4393 Sed
561 4337 897 4395 notandum
928 4343 1035 4409 est,
1066 4340 1210 4413 quia
1240 4340 1301 4396 hi
1334 4341 1439 4413 qui
1468 4358 1669 4399 arcam
1697 4341 2064 4398 constituunt
2104 4335 2146 4351 "
2177 4339 2346 4396 dium
2369 4338 2501 4394 vitae
2532 4356 2653 4396 suae
2682 4339 2761 4396 ad
2783 4342 3033 4399 meliora
3062 4346 3433 4413 convertunt,
3456 4358 3847 4413 cognoscen-

413 4423 588 4495 juxta
619 4428 846 4496 Dagon,
882 4431 945 4484 ut
975 4444 1115 4485 arca
1145 4430 1247 4486 Dei
1276 4429 1517 4487 subdita
1545 4430 1626 4487 illi
1663 4431 1894 4499 fuisset,
1920 4432 2066 4500 figu-

416 4528 548 4571 ram
575 4520 889 4585 gesserunt
914 4518 1276 4591 sapientium
1296 4519 1479 4590 hujus
1503 4519 1734 4589 mundi,
1757 4519 1863 4591 qui
1892 4523 2065 4576 testa-

414 4607 621 4661 menta
648 4604 747 4665 Dei
797 4606 1059 4664 subdere
1110 4607 1429 4667 voluerunt
1455 4608 1568 4663 sub
1599 4623 1847 4663 suorum
1879 4608 2065 4664 scien-

416 4691 518 4749 tia.
543 4693 629 4752 llli
648 4711 791 4752 vero
819 4696 926 4769 qui
948 4698 1157 4766 Dagon
1182 4696 1849 4755 restitueruntinlocum
1862 4715 2060 4767 suum,

414 4780 671 4852 ﬁguram
700 4791 1012 4854 gesserunt
1040 4802 1250 4843 eorum
1297 4787 1403 4859 qui
1430 4786 1776 4844 defensores
1825 4787 2067 4845 fuerunt

415 4870 767 4929 idololatrias
793 4873 1007 4929 cultus.
1038 4877 1183 4930 Nam
1213 4875 1274 4933 in
1302 4876 1588 4934 manibus
1620 4879 1827 4947 Dagon
1857 4879 2060 4951 praeci-

417 4959 497 5014 sis
522 4973 677 5030 opus
717 4959 1070 5018 idololatrias
1116 4968 1520 5036 amputatum,
1577 4967 1640 5023 in
1682 4969 1875 5039 capite
1922 4985 2065 5026 vero

417 5048 548 5117 ejus
568 5048 853 5119 superbia
874 5048 1101 5106 diaboli
1127 5050 1364 5109 abscisa
1391 5054 1861 5124 signiﬁcabatur,
1886 5074 1922 5115 a
1942 5074 2065 5130 quo

415 5134 652 5192 initium
677 5137 907 5207 peccati
935 5136 1060 5194 fuit.
1082 5138 1256 5203 Quod
1280 5156 1418 5198 vero
1442 5142 1505 5198 in
1529 5143 1733 5203 limine
1751 5143 2065 5201 inveniun-

417 5227 532 5293 tur,
563 5228 798 5293 gestum
828 5229 937 5291 est,
963 5230 1028 5282 ut
1057 5226 1281 5285 scilicet
1307 5231 1672 5302 praeﬁnitum
1724 5249 1844 5288 suae
1875 5232 2063 5288 idolo-

412 5311 601 5368 latrite
628 5312 814 5369 ﬁnem
843 5322 1260 5385 agnoscerent.
1296 5319 1503 5379 Limen
1533 5322 1699 5378 enim
1737 5320 1921 5378 ﬁnem
1971 5321 2064 5379 iti-

415 5401 574 5458 neris
595 5403 910 5475 signiﬁcat,
936 5405 997 5463 id
1017 5410 1107 5463 est
1134 5411 1721 5468 consummationem
1744 5409 1905 5466 idoli.
1952 5414 2067 5468 Seu

415 5490 597 5547 limen
651 5492 947 5562 signiﬁcat
1012 5495 1215 5562 ﬁdem,
1277 5515 1385 5572 per
1449 5515 1638 5571 quam
1715 5497 2064 5557 idololatriae

416 5579 609 5641 cultus
663 5579 1000 5643 destructus
1056 5590 1163 5646 est.
1222 5589 1414 5648 Etiam
1456 5586 1606 5646 illud
1665 5588 1922 5662 perﬂuet
1976 5590 2058 5649 ad

2177 4432 2263 4485 tes
2297 4443 2359 4484 se
2391 4427 2630 4497 ﬂagella
2662 4430 2898 4487 Domini
2930 4434 3109 4504 atque
3161 4430 3371 4504 plagas
3396 4432 3555 4503 juste
3596 4434 3849 4505 perpeti

2174 4534 2211 4576 a
2242 4517 2514 4575 Domino.
2537 4518 2698 4576 Unde
2729 4520 2998 4594 quinque
3019 4520 3282 4578 civitates
3309 4521 3846 4593 Philisthinorum,

2173 4608 2443 4681 quinque
2473 4609 2738 4682 corporis
2769 4626 3000 4677 sensus,
3032 4611 3092 4667 id
3120 4614 3210 4667 est
3260 4611 3476 4680 visum,
3528 4611 3845 4683 auditum,

2175 4703 2440 4770 gustum,
2472 4700 2812 4771 odoratum,
2847 4705 2903 4757 et
2945 4705 3189 4770 tactum,
3243 4700 3505 4771 ﬁguram
3540 4700 3848 4762 habuisse

2175 4806 2298 4846 non
2318 4790 2575 4847 dubium
2605 4795 2714 4848 est.
2756 4794 2861 4848 Per
2890 4793 3003 4849 hos
3051 4791 3213 4849 enim
3259 4790 3465 4861 homo,
3524 4794 3630 4847 aut
3666 4790 3846 4852 bene

2175 4880 2484 4952 operando
2514 4885 2814 4955 praecepta
2843 4882 2945 4938 Dei
2969 4881 3283 4954 adimplet,
3302 4886 3405 4938 aut
3424 4897 3610 4954 prave
3633 4882 3855 4942 viven-

2176 4968 2255 5025 do
2276 4970 2519 5027 diabolo
2545 4970 2849 5028 satisfacit.
2887 4972 3164 5044 Sequitur
3190 4990 3204 5028 :

2249 5081 2277 5108 ‹‹
2316 5062 2482 5114 Nunc
2539 5074 2681 5127 ergo
2733 5060 2972 5132 arripite
3024 5064 3083 5118 et
3128 5060 3304 5121 facite
3331 5060 3676 5134 plaustrum
3724 5079 3855 5123 no-

2174 5162 2318 5201 vum
2375 5161 2566 5201 unum
2624 5152 2681 5202 et
2731 5147 2888 5205 duas
2934 5165 3149 5207 vaccas
3204 5150 3373 5223 fetas,
3427 5150 3652 5223 quibus
3706 5169 3856 5215 non

2176 5238 2263 5292 est
2321 5234 2673 5305 impositum
2728 5237 2969 5308 jugum,
3023 5240 3255 5311 jungite
3317 5242 3380 5298 in
3443 5241 3726 5313 plaustro
3791 5251 3859 5305 et

2175 5321 2459 5380 recludite
2523 5323 2740 5381 vitulos
2799 5341 3010 5389 earum
3075 5328 3265 5386 domi.
3328 5329 3693 5402 Tolletisque
3752 5350 3857 5393 ar-

2176 5428 2310 5470 cam
2376 5411 2613 5469 Domini
2678 5418 2736 5471 et
2798 5417 3037 5488 ponetis
3094 5419 3154 5477 in
3212 5420 3462 5491 plastro,
3517 5441 3545 5469 »
3593 5425 3652 5477 et
3699 5425 3856 5481 reli-

2175 5517 2317 5573 qua.
2387 5500 2522 5558 Haec
2584 5501 2795 5574 igitur,
2863 5522 3219 5582 quanquam
3292 5508 3553 5567 historiae
3612 5511 3857 5571 seriem

2177 5589 2705 5666 praetermittamus
2771 5597 3213 5659 enucleandum
3232 5638 3248 5668 ,
3312 5599 3458 5672 quia
3519 5598 3652 5661 luce
3704 5602 3860 5669 «cla-
