4136 6176
283 189 384 242 285

3592 133 3700 190 286

280 311 404 367 rius
424 307 608 379 patet,
625 308 830 361 tamen
845 316 920 358 ne
943 297 1116 357 alicui
1134 297 1315 353 ludus
1334 309 1464 352 esse
1484 280 1937 357 videatur,quid
1962 278 2015 338 Δ
2054 271 2508 330 Palaestinorum
2535 267 2806 341 quinque
2834 259 3104 334 corporis
3143 272 3356 314 sensus
3387 271 3424 314 a
3453 254 3700 328 quibus-

1880 371 1911 379 ..
2069 363 2084 379 1
2241 359 2645 379 κμιιεωῷμω
2697 358 2773 379 n-
2828 351 3041 379 κηιιιιηη
3094 349 3243 379 ι-υ-ιηο
3285 349 3486 379 Δηηιηα
3531 345 3700 379 ἰηίοιι-

283 393 738 469 signiﬁcationis
766 391 1008 463 gerebat
1035 387 1357 447 moraliter,
1383 400 1455 441 ex
1485 384 1831 438 sanctorum
1855 371 1940 428 di-

282 488 412 558 ctis,
441 501 568 541 non
598 488 804 539 nostra
852 482 1159 554 ponentes,
1192 475 1556 549 pendamus.
1587 467 1739 536 Quid
1764 464 1940 534 igitur

282 592 482 633 vaccae
509 551 966 644 Allophylorum
1016 583 1218 623 arcam
1250 565 1352 619 Dei
1381 565 1699 634 gestantes,
1729 554 1842 612 nisi
1870 551 1940 608 ﬁ-

286 682 500 738 guram
514 666 860 718 sanctorum
877 675 947 715 ac
965 656 1231 713 ﬁdelium
1244 649 1711 710 renuntiantium
1723 642 1942 702 saeculo

286 736 756 830 praeﬁgurabant
768 751 796 804 ἱ)
819 749 921 822 qui
939 747 1170 804 nullum
1185 744 1380 801 delicti
1388 744 1408 814 j
1419 757 1603 811 ugum
1615 736 1941 799 traxerunt,

288 822 484 916 neque
513 841 635 896 ullo
665 837 984 912 parentelae
1018 834 1215 891 studio
1237 849 1273 888 a
1301 829 1611 904 proposito
1639 822 1941 892 religionis

287 913 760 1008 praepediuntur,
779 943 975 999 neque
992 939 1192 997 opere,
1217 921 1366 977 sicut
1385 935 1492 993 per
1516 921 1755 988 Moysen
1775 913 1849 968 de
1863 915 1946 968 ta-

286 1002 447 1078 libus
473 1019 721 1074 dicitur:
752 1039 778 1065 ‹‹
807 1016 916 1080 Qui
947 1014 1153 1069 dicunt
1180 1011 1334 1085 patri
1364 1024 1474 1064 suo
1500 1011 1556 1063 et
1582 1002 1777 1070 matri,
1802 1005 1945 1057 Nes-

289 1112 382 1168 cio
409 1127 541 1172 vos,
570 1113 626 1163 et
653 1106 994 1162 nescierunt
1022 1105 1036 1155 t
1044 1105 1219 1159 Deut.
1248 1100 1504 1170 xxxru)»
1537 1094 1693 1161 Quid
1721 1092 1800 1148 ab
1830 1091 1943 1146 eis-

289 1202 431 1257 dem
464 1197 655 1253 vaccis
675 1194 1040 1250 vehebatur:
1075 1207 1258 1248 sacrae
1283 1188 1596 1260 Scriptura:
1625 1179 1949 1256 praetende-

288 1291 393 1347 bat
439 1289 908 1351 sacramentum,
941 1283 1036 1338 cui
1083 1296 1293 1337 omnes
1343 1276 1532 1334 sancti
1578 1272 1945 1338 obedientes,

290 1381 442 1436 dum
495 1377 914 1447 obtemperant
958 1371 1131 1444 quasi
1169 1364 1699 1442 superimpositam
1744 1375 1950 1417 arcam

295 1467 532 1526 Domini
559 1468 822 1540 portant.
851 1461 1182 1518 Plaustrum
1214 1473 1352 1515 vero
1379 1456 1546 1523 illud,
1567 1455 1629 1509 in
1657 1467 1778 1524 quo
1809 1465 1952 1505 arca

293 1557 663 1629 gestabatur,
696 1552 888 1609 crucis
907 1549 1118 1606 Christi
1141 1547 1430 1604 innuebat
1454 1541 1826 1616 mysterium.
1843 1542 1953 1594 Un-

295 1604 370 1703 :le
419 1652 474 1701 et
504 1604 738 1700 Veriias
769 1604 886 1698 ait
1086 1639 1221 1712 quis
1251 1636 1378 1694 vult
1421 1604 1558 1708 post
1604 1648 1701 1687 me
1728 1628 1946 1695 venire,
1979 1642 2025 1699 Β
2057 1613 2475 1708 ἱηῐθιζριδθιξειιιη
2501 1604 2853 1712 ιιξὶεῐιὶῒὶοθιῐ

297 1737 562 1806 abneget
589 1733 998 1804 semetipsum,
1035 1734 1092 1784 et
1119 1727 1283 1784 tollat
1311 1741 1548 1784 crucem
1577 1737 1754 1778 suam
1779 1724 1837 1776 et
1861 1733 1952 1773 se-

295 1831 526 1900 quatur
571 1840 670 1880 me
716 1821 957 1893 (Matth.
992 1835 1124 1886 xvr;
1159 1819 1349 1873 Marc.
1381 1820 1520 1879 VIII).
1545 1835 1571 1864 ››
1613 1811 1728 1868 Sed
1752 1813 1954 1866 notan-

297 1918 444 1972 dum
476 1919 570 1970 est
592 1912 758 1986 quod
780 1910 1007 1967 eaedem
1033 1923 1235 1964 vaccae
1256 1906 1386 1963 fatae
1414 1905 1592 1960 fuisse
1619 1912 1958 1956 memoran-

303 2012 414 2075 tur,
446 2005 592 2078 quia
629 2005 769 2057 sunt
798 2001 901 2073 qui
949 1997 1215 2070 plerique
1265 1997 1324 2052 in
1350 1995 1447 2050 via
1470 1993 1573 2048 Dei
1599 1990 1954 2047 intrinsecus

301 2095 472 2170 positi
505 2093 649 2150 foris
678 2088 1020 2147 carnalibus
1052 2085 1365 2142 atfectibus
1394 2084 1673 2153 ligantur,
1697 2079 1804 2134 sed
1834 2092 1956 2132 non

304 2185 606 2241 declinant
635 2197 671 2238 a
699 2184 860 2236 recto
899 2179 1127 2243 itinere,
1159 2175 1304 2248 quia
1343 2189 1545 2230 arcam
1592 2171 1691 2227 Dei
1718 2171 1960 2242 portant

306 2277 369 2330 in
411 2278 632 2329 mente.
662 2273 813 2326 Ecce
839 2268 1040 2323 venim
1067 2281 1267 2322 vaccaa
1305 2261 1634 2319 Bethsamis
1682 2259 1960 2331 pergunt.

309 2361 638 2420 Bethsamis
673 2359 901 2434 quippe
931 2356 1147 2412 dicitur
1175 2355 1384 2409 domus
1399 2353 1561 2418 solis,
1582 2355 1638 2405 et
1666 2347 1962 2419 Propheta

307 2454 427 2509 ait:
459 2449 689 2506 «Vobis
719 2453 923 2504 autem
970 2445 1076 2518 qui
1125 2442 1342 2500 timetis
1397 2445 1581 2496 Deum
1613 2438 1833 2494 orietur
1877 2433 1964 2488 sol

301 2541 542 2614 justitiaa
575 2538 745 2610 [Μαι.
780 2536 874 2606 1v).
903 2559 929 2584 »
977 2534 1033 2590 Si
1060 2532 1239 2603 igitur
1267 2529 1344 2586 ad
1395 2527 1594 2585 aeterni
1628 2525 1768 2581 solis
1792 2522 1965 2578 habi-

303 2612 594 2690 tationem
613 2628 935 2694 tendimus,
959 2624 1212 2694 dignum
1239 2620 1506 2694 profecto
1533 2623 1639 2686 est,
1671 2621 1735 2672 ut
1762 2616 1836 2670 de
1866 2612 1967 2668 Dei

305 2722 513 2777 itinere
543 2733 656 2791 pro
685 2713 1030 2771 carnalibus
1062 2710 1375 2767 affectibus
1410 2724 1530 2764 non
1577 2704 1966 2761 declinemus.

308 2813 451 2868 Tota
475 2788 640 2865 enim
670 2805 882 2860 virtute
905 2800 1285 2875 pensandum
1318 2802 1422 2864 est,
1454 2796 1620 2870 quod
1649 2809 1848 2851 vacem
1872 2788 1973 2846 Dei

310 2900 577 2974 plaustro
610 2893 935 2968 suppositae
966 2894 1221 2963 pergunt
1251 2892 1308 2944 et
1332 2891 1598 2958 gemunt,
1622 2885 1769 2940 dant
1789 2882 1867 2938 ab
1886 2880 1973 2935 in-

312 2972 468 3046 timis
497 2985 787 3055 mugitus,
820 2986 878 3038 et
905 2987 1107 3037 tamen
1153 2979 1228 3035 de
1257 2978 1462 3034 itinere
1501 2991 1622 3032 non
1652 2972 1974 3029 deﬂectunt
2004 3001 2046 3058 ο

315 3095 576 3151 gressus.
609 3076 703 3132 Sic
733 3073 1018 3130 nimirum
1044 3069 1466 3142 praedicatores
1498 3063 1705 3130 sancti,
1730 3062 1812 3116 sic
1839 3061 1976 3114 ﬁde-

315 3171 398 3226 les
414 3168 644 3242 quique
667 3164 821 3220 intra
833 3165 1104 3218 sanctam
1135 3157 1458 3214 Ecclesiam
1483 3155 1702 3210 debent
1722 3156 1786 3206 ut
1815 3164 1974 3205 com-

320 3237 628 3331 pati—antur
661 3251 946 3326 proximis
977 3264 1085 3321 per
1123 3247 1496 3312 charitatem,
1549 3247 1606 3298 et
1652 3246 1851 3297 tamen
1902 3237 1975 3292 de

329 3348 424 3402 via
449 3345 553 3401 Dei
575 3358 697 3398 non
723 3341 1050 3397 exorbitent
1081 3353 1187 3410 per
1216 3334 1673 3391 confessionem.

402 3457 433 3483 «
469 3432 582 3490 Sed
615 3437 667 3486 et
701 3436 948 3502 satrapse
973 3427 1414 3482 Philistinorum
1449 3420 1855 3493 sequebantur
1883 3432 1981 3470 us-

328 3547 358 3575 ‹‹
383 3540 502 3598 que
532 3522 608 3578 ad
654 3521 935 3577 terminos
982 3517 1345 3571 Bethsames.
1380 3516 1555 3567 Porro
1600 3505 1980 3564 Bethsamitte

331 3633 361 3667 ‹
386 3594 694 3669 metebant
733 3610 994 3665 triticum
1041 3605 1101 3659 in
1131 3603 1302 3658 valle.
1339 3605 1403 3658 Et
1432 3601 1731 3656 elevantes
1774 3594 1981 3651 oculos

345 3725 371 3750 ιι
399 3718 553 3766 suos,
583 3699 867 3755 viderunt
895 3710 1120 3756 arcam,
1154 3699 1209 3747 et
1236 3691 1424 3762 gavisi
1473 3692 1610 3743 sunt
1640 3701 1779 3742 cum
1806 3682 1984 3738 vidis-

356 3813 378 3839 ιε
405 3795 539 3845 sent.
559 3793 627 3845 Et
656 3787 998 3860 plaustrum
1025 3782 1183 3837 venit
1205 3782 1265 3836 in
1295 3795 1512 3848 agrum
1538 3780 1714 3831 Josue
1743 3773 1982 3829 Bethsa-

352 3902 374 3927 τί
398 3882 567 3950 mitte,
599 3881 659 3934 et
685 3877 842 3933 stetit
871 3874 972 3930 ibi.
1011 3875 1142 3928 Erat
1181 3877 1381 3926 autem
1415 3868 1497 3922 ibi
1527 3866 1679 3937 lapis
1702 3877 1983 3931 magnus.

337 3991 366 4019 «
397 3973 457 4025 Et
496 3967 894 4024 conciderunt
921 3963 1084 4033 ligna
1136 3957 1450 4032 plaustri,»
1493 3959 1548 4010 et
1579 3953 1825 4024 reliqua.
1859 3953 1988 4004 Iam

333 4061 487 4115 enim
518 4056 796 4130 superius
825 4053 1054 4108 dictum
1083 4053 1192 4119 est,
1223 4046 1390 4120 quod
1421 4041 1751 4100 Bethsamis
1780 4041 1989 4095 dom-us

329 4151 467 4205 solis
507 4128 1017 4217 interpretaretur.
1055 4139 1168 4196 Sed
1212 4152 1372 4192 nunc
1403 4150 1539 4206 quas
1569 4131 1685 4187 alia
1709 4133 1901 4202 potest
1928 4128 1989 4182 in

327 4238 444 4294 hoc
494 4237 632 4292 loco
671 4248 801 4290 esse
836 4232 1057 4286 domus
1101 4227 1259 4292 solis,
1309 4223 1423 4279 nisi
1457 4225 1666 4278 sancta
1710 4216 1988 4286 Ecclesia,

328 4345 364 4384 a
397 4327 535 4385 Sole
560 4322 800 4397 justitiie
831 4321 1124 4377 illustrata
1145 4316 1172 4370 ?
1209 4318 1274 4370 Et
1302 4313 1448 4386 quid
1467 4315 1552 4366 est
1598 4307 1988 4364 Bethsamitas

324 4418 386 4473 in
417 4395 579 4471 valle
621 4413 919 4468 frumenta
968 4410 1210 4474 metere,
1238 4403 1355 4458 nisi
1396 4401 1668 4456 doctores
1719 4395 1991 4452 Ecclesiae

327 4519 650 4562 annonam
677 4499 848 4556 verbi
901 4497 1002 4553 Dei
1046 4496 1108 4551 in
1158 4491 1487 4548 humilitate
1518 4487 1812 4544 tractare?
1856 4483 1997 4550 Quis

327 4601 417 4651 est
460 4592 620 4666 lapis
667 4592 729 4646 in
779 4603 924 4657 agro
952 4589 1148 4654 Josue,
1177 4581 1293 4638 nisi
1332 4579 1594 4636 Christus
1624 4575 1910 4632 Dominus
1939 4573 2000 4627 in

331 4659 600 4741 Ecclesia
631 4695 744 4735 sua
764 4677 791 4733 ?
825 4677 1008 4745 Ligna
1029 4688 1170 4728 vero
1199 4670 1300 4726 illa
1329 4665 1599 4742 plaustri,
1625 4663 1812 4736 ipsius
1845 4659 2003 4717 Chri-

329 4775 400 4829 sti
464 4769 896 4844 prteﬁgurasse
939 4763 1132 4820 crucis
1183 4757 1539 4831 mysterium
1580 4769 1699 4808 non
1748 4749 2001 4806 dubium

329 4869 437 4920 est.
472 4865 702 4916 Vaccas
730 4871 870 4912 vero
891 4869 1072 4925 super
1096 4850 1362 4922 lapidem
1390 4842 1724 4909 immolare,
1752 4843 1842 4894 est
1867 4851 2005 4893 con-

329 4967 549 5008 versos
581 4951 821 5004 sanctos
851 4960 888 5000 a
917 4940 1135 4997 saeculo
1165 4939 1226 4994 in
1254 4934 1465 4993 Christi
1493 4929 1820 4988 imitatione
1850 4941 2007 4982 mor-

329 5043 590 5098 tiﬁcare.

404 5155 435 5179 α
467 5129 538 5186 Hi
574 5129 716 5182 sunt
739 5128 944 5180 autem
974 5118 1075 5176 ani
1099 5116 1264 5173 aurei
1294 5129 1448 5186 quos
1477 5107 1866 5166 reddiderunt
1887 5101 2013 5158 Phi-

333 5243 362 5270 τ(
392 5218 656 5276 listhiim
685 5230 798 5287 pro
817 5211 1060 5279 delicto;
1081 5205 1362 5264 Domino:
1390 5205 1605 5257 Azotus
1627 5212 1837 5261 unum,
1858 5196 2014 5251 Gaza

336 5333 364 5359 ε(
400 5323 627 5373 unum,
689 5301 947 5359 Ascalon
997 5312 1208 5363 unum,
1271 5293 1414 5348 Beth
1481 5305 1694 5352 unum,
1744 5291 2012 5341 Accaron

335 5422 367 5449 ι(
400 5412 661 5454 unum.»
683 5397 896 5449 Azotus
912 5389 1072 5445 enim
1085 5383 1504 5455 interpretatur
1520 5378 1695 5448 ignis,
1715 5378 1864 5429 Gaza
1875 5385 2016 5426 vero

336 5487 650 5559 fortitudo
666 5479 947 5553 ejus,sive
968 5475 1212 5532 divitiae.
1228 5470 1481 5527 Ascalon
1505 5465 1731 5540 quippe
1751 5461 2018 5532 pondera

338 5555 445 5633 vel
471 5575 631 5644 ignis
656 5568 975 5627 homicida.
993 5565 1137 5620 Geth
1153 5561 1445 5628 torcular,
1471 5561 1742 5611 Accaron
1758 5567 1899 5607 vero
1914 5555 2025 5608 ste-

339 5640 558 5722 rimas
573 5661 675 5717 vel
691 5659 1020 5718 eradicatio
1033 5652 1268 5711 dicitur.
1284 5647 1559 5721 Quinque
1573 5644 1738 5703 enim
1755 5640 2020 5700 civitates

2050 363 2196 421 dam
2237 359 2666 429 intelliguntur.
2695 358 2777 412 Ex
2824 351 3046 426 quibus
3091 349 3244 405 bene
3274 349 3490 406 Azotus
3531 345 3705 404 inter-

2047 454 2311 525 pretatur
2339 448 2516 519 ignis,
2548 444 2716 501 illum
2742 441 2958 498 scilicet
2984 435 3348 508 signiﬁcans,
3376 449 3498 506 quo
3520 431 3704 502 corda.

2047 523 2405 596 miserorum
2436 531 2902 590 succenduntur.
2927 531 3007 583 De
3035 524 3259 598 quibus
3278 523 3564 598 scriptum
3585 524 3702 582 est:

2048 652 2077 681 «
2107 630 2325 685 Omnes
2351 624 2754 680 adulterantes
2775 617 2932 675 velut
2959 614 3254 671 clubanus
3281 611 3465 668 corda
3493 625 3703 666 eorum

2050 718 2199 790 (Ose.
2232 715 2396 786 νώ.»
2445 717 2508 768 Et
2561 714 2736 776 Gaza,
2765 724 2899 780 quae
2951 703 3164 760 dicitur
3206 699 3504 771 fortitudo
3554 700 3702 768 ejus,

2048 808 2192 880 quia
2222 807 2400 859 fortes
2431 805 2569 858 sunt
2598 798 3000 857 adulterantes
3028 793 3091 849 in
3115 790 3374 857 malum;
3409 789 3533 843 sive
3557 788 3706 844 divi-

2051 875 2169 966 tiae,
2202 895 2276 950 de
2302 893 2523 966 quibus
2565 888 2852 946 Dominus
2875 885 3054 941 dicit:
3101 905 3128 931 «
3156 877 3589 938 Sollicitudines
3615 875 3706 934 di~

2054 965 2340 1043 vitiaruin
2370 981 2668 1037 suil'ocant
2713 975 2963 1034 verbum
2996 970 3236 1043 (Matth.
3268 970 3363 1041 1),»
3403 965 3708 1039 accipiunv

2054 1081 2147 1132 tur
2175 1075 2236 1129 in
2283 1071 2505 1145 quibus
2554 1067 2867 1124 conﬁdunt
2916 1060 3126 1134 iniqui.
3161 1063 3226 1116 Et
3261 1056 3539 1126 Ascalon,
3570 1069 3708 1128 qum

2044 1166 2390 1237 ponderata
2421 1163 2614 1228 sonat,
2649 1157 2739 1213 vel
2763 1157 2919 1228 ignis
2951 1150 3269 1217 homicida,
3294 1146 3534 1204 malitiae
3564 1159 3711 1217 pon-

2054 1234 2188 1321 dus,
2235 1267 2358 1325 quo
2399 1249 2816 1322 deprimuntur
2861 1240 3123 1316 reprobi.
3165 1242 3245 1294 De
3289 1251 3414 1312 qua
3457 1234 3708 1292 dicitur:

2056 1323 2342 1414 Iniquitas
2373 1340 2435 1396 in
2464 1337 2687 1393 talento
2728 1332 2963 1408 plumbi
3006 1328 3190 1396 sedet,
3220 1325 3366 1399 quia
3402 1323 3712 1396 iniquitate

2057 1431 2350 1500 succensi,
2382 1433 2444 1485 ut
2489 1425 2703 1484 divitiis
2752 1421 3065 1480 abundare
3111 1416 3362 1492 possint,
3390 1410 3716 1471 homicidia

2055 1524 2421 1596 perpetrant.
2458 1516 2622 1574 Unde
2655 1515 2799 1572 Geth
2823 1514 2956 1584 jure
2981 1509 3424 1582 sequitur,quae
3445 1502 3718 1560 torcular

2895 1604 3096 1657 autem
3133 1593 3546 1653 tribulationes
3571 1607 3719 1664 prai-

2061 1679 2242 1757 sentis
2295 1699 2447 1765 vitae,
2481 1695 2587 1753 ubi
2639 1695 2989 1765 torquentur
3031 1685 3200 1743 electi
3249 1700 3320 1741 ac
3360 1679 3623 1754 reprobi.
3653 1681 3721 1734 Et

2060 1796 2330 1847 Accaron
2379 1801 2541 1853 vero,
2568 1800 2705 1857 quae
2747 1781 3032 1838 sterilitas
3065 1775 3159 1833 vel
3195 1773 3522 1831 eradicatio
3568 1767 3713 1826 dici-

2061 1883 2174 1946 tur,
2208 1853 2608 1948 reproboruni
2645 1868 2942 1941 signiﬁcat
2973 1864 3358 1930 sterilitatem,
3389 1858 3495 1932 qui
3524 1857 3617 1913 his
3639 1853 3720 1910 vi-

2061 1969 2157 2027 tiis
2185 1966 2497 2031 insistunt;
2527 1966 2583 2016 et
2604 1961 2652 2016 si
2679 1960 2740 2015 in
2769 1959 2861 2015 his
2892 1951 3425 2029 perseveraverint,
3455 1945 3722 2004 eradica-

2063 2057 2289 2113 buntur
2319 2070 2356 2109 a
2385 2060 2536 2109 terra
2568 2047 2920 2105 viventium.
2954 2043 3066 2101 Sed
3106 2043 3198 2097 liae
3229 2038 3494 2111 quinque
3525 2032 3725 2089 civita-

2065 2150 2152 2202 tes
2179 2157 2434 2199 munera
2459 2154 2642 2195 aurea
2673 2136 2949 2202 oti'erunt,
2981 2128 3228 2203 quando
3267 2140 3416 2182 auro
3449 2118 3725 2194 spiritalis

2067 2229 2468 2302 intelligentiae
2514 2224 2802 2293 instructi,
2835 2223 2913 2278 ab
2961 2220 3054 2276 his
3083 2217 3238 2274 vitiis
3281 2229 3388 2287 per
3430 2210 3725 2284 paeniten-

2071 2324 2213 2380 tiam
2241 2301 2628 2384 declinantes,
2659 2331 2794 2386 quae
2836 2311 2898 2366 in
2918 2308 3184 2382 quinque
3217 2301 3490 2359 sensibus
3521 2309 3731 2369 corpO'

2071 2415 2153 2472 ris
2207 2411 2602 2468 admittuntur
2639 2402 2858 2462 divinis
2891 2394 3288 2456 Testamentis
3331 2407 3394 2447 se
3439 2387 3727 2445 subdunt.

2076 2503 2242 2560 Unde
2271 2513 2513 2556 necesse
2551 2498 2642 2552 est
2669 2497 2733 2550 ut
2760 2488 3072 2547 attendant
3097 2485 3174 2542 ad
3203 2483 3481 2550 mortem,
3513 2475 3620 2533 ubi
3642 2479 3732 2532 est

2080 2589 2310 2648 tristitia
2329 2603 2467 2644 vera
2495 2588 2554 2641 et
2580 2582 2851 2640 sterilitas
2879 2581 3168 2651 perpetua
3196 2577 3253 2628 et
3282 2570 3365 2626 sic
3405 2583 3467 2626 se
3497 2563 3736 2626 cohibe-

2081 2682 2236 2738 bunt
2271 2679 2350 2736 ab
2398 2672 2833 2748 iniquitatibus.
2861 2667 2978 2725 Sed
3021 2663 3190 2738 quod
3236 2661 3316 2720 ait
3345 2659 3521 2730 juxta
3555 2654 3736 2712 histo-

2075 2787 2229 2828 riam
2258 2787 2272 2826 ζ

2150 2882 2178 2911 κ
2211 2859 2300 2915 Ab
2329 2857 2478 2913 urbe
2508 2855 2747 2910 murata
2768 2844 3052 2921 usquead
3063 2842 3271 2900 villam
3293 2855 3430 2912 quae
3461 2838 3587 2895 erat
3605 2831 3743 2892 abs-

2081 2971 2108 3002 ι(
2143 2965 2262 3022 que
2289 2961 2464 3003 muro
2481 2948 2538 3000 et
2559 2956 2749 3014 usque
2779 2937 2859 2995 ad
2876 2934 3024 2992 Abel
3048 2945 3342 3002 magnum
3364 2937 3740 2999 superquam

2084 3064 2111 3093 ς
2147 3011 2476 3110 posuerunt
2498 3011 2702 3088 arcani
2721 3025 2976 3084 Domini.
2998 3046 3026 3074 »
3052 3020 3200 3077 Abel
3222 3031 3515 3086 magnum
3535 3011 3739 3070 civitas

2083 3104 2174 3185 est
2203 3127 2264 3181 in
2308 3123 2560 3180 termino
2590 3117 2788 3173 Israel.
2821 3113 2971 3169 Abel
2997 3124 3282 3179 magnum
3312 3104 3535 3161 idcirco
3565 3113 3742 3156 voca-

2085 3222 2198 3283 tur,
2222 3229 2360 3269 cum
2391 3216 2568 3267 antea
2597 3202 2929 3262 Bethsamis
2976 3203 3186 3254 vocata
3225 3194 3318 3260 sit,
3350 3192 3474 3246 sive
3498 3191 3743 3260 propter

2086 3306 2315 3360 luctum
2361 3315 2541 3371 super
2588 3295 2729 3350 viris
2787 3286 3158 3348 Bethsamitis
3201 3283 3282 3339 ita
3328 3280 3574 3344 factum,
3619 3274 3744 3332 sive

2086 3399 2332 3468 propter
2360 3362 2804 3444 distinctionem
2833 3376 3082 3435 civitatis
3111 3372 3258 3430 Abel
3299 3367 3638 3427 Betmacha.
3668 3362 3744 3420 de

2095 3455 2220 3558 qua
2243 3475 2600 3536 exclamavit
2643 3471 2855 3528 mulier
2897 3466 3134 3539 sapiens
3177 3462 3256 3519 ad
3300 3458 3472 3523 Joab,
3501 3455 3742 3512 dicens:

2091 3545 2263 3639 {Qui
2309 3568 2699 3636 interrogant,
2738 3559 3104 3627 interrogent
3145 3553 3206 3608 in
3261 3547 3449 3606 Abela
3489 3545 3579 3613 (II
3600 3545 3744 3613 Reg.

2090 3632 2268 3735 xvi).»
2296 3661 2388 3716 Sic
2429 3632 2630 3728 itaque
2665 3632 3116 3719 intelligendum
3149 3647 3257 3711 est,
3286 3637 3456 3712 quod
3483 3635 3562 3692 ab
3603 3632 3748 3690 urbe

2078 3724 2330 3811 murata
2357 3724 2553 3818 usque
2571 3744 2652 3799 ad
2681 3740 2886 3797 villam
2915 3751 3052 3809 quae
3090 3736 3180 3789 est
3202 3731 3433 3801 absque
3462 3739 3661 3793 muro,
3692 3724 3751 3778 et

2096 3856 2290 3914 usque
2320 3838 2398 3894 ad
2429 3815 2579 3889 Abel
2602 3843 2896 3899 magnum
2926 3823 3222 3880 dederunt
3257 3832 3480 3874 mures.
3516 3815 3754 3882 «Super

2095 3909 2299 4005 quem,
2325 3949 2353 3977 »
2383 3926 2448 3981 id
2477 3926 2584 3990 est,
2619 3934 2799 3992 super
2839 3917 3070 3972 luctum
3123 3909 3502 3982 «posuerunt
3545 3915 3752 3958 arcam

2097 3995 2138 4070 «ἶ
2156 4017 2412 4087 Domini,
2442 4028 2580 4086 quae
2627 4012 2753 4064 erat
2783 4020 2974 4078 usque
3021 4003 3083 4056 in
3131 3999 3296 4055 illam
3326 3995 3486 4052 diem
3515 3995 3579 4046 in
3607 4003 3753 4060 agro

2100 4128 2128 4158 «
2156 4074 2338 4161 Iosue
2363 4074 2760 4160 Dethsamitis,
2789 4097 2843 4147 et
2868 4074 2976 4145 fuit
3000 4086 3083 4143 ibi
3113 4085 3306 4140 donec
3334 4080 3399 4137 in
3425 4074 3754 4134 Cariathia-

2102 4219 2130 4245 ‹‹
2162 4195 2276 4251 rim
2297 4193 2479 4247 ducta
2505 4191 2610 4242 est.
2641 4187 2708 4239 Et
2729 4178 3026 4256 percussit
3044 4176 3118 4232 de
3136 4171 3361 4246 populo
3381 4165 3759 4256 septuaginta

2107 4309 2134 4337 ‹‹
2164 4247 2348 4347 viros,
2375 4283 2433 4336 et
2457 4247 2900 4350 quinquaginta
2941 4265 3128 4324 millia
3155 4261 3374 4337 plebis,
3396 4281 3422 4310 ν
3449 4263 3506 4315 et
3530 4255 3760 4328 reliqua
3813 4247 3828 4258 ⁸

2104 4386 2423 4448 usquequo
2453 4369 2568 4425 ait:

2745 4451 2971 4507 CAPUT
3013 4446 3132 4500 VII.

2180 4578 2210 4606 ‹‹
2233 4557 2299 4610 Et
2316 4552 2542 4608 factum
2571 4549 2661 4601 est
2680 4559 2748 4599 ex
2771 4556 2895 4614 qua
2920 4537 3016 4592 die
3045 4532 3268 4590 mansit
3283 4542 3423 4584 arca
3445 4520 3680 4614 Domini
3700 4520 3765 4576 in

2109 4667 2141 4700 ‹
2171 4639 2602 4705 Cariathiarim,
2633 4609 3004 4701 multiplicati
3039 4625 3180 4677 sunt
3206 4618 3334 4673 dies
3363 4616 3522 4705 (erat
3541 4609 3765 4705 quippe

2110 4757 2139 4784 «
2171 4748 2368 4789 annus
2388 4698 2729 4790 vicesimus,
2755 4698 3331 4786 et—requievitomnis
3352 4699 3529 4758 Israel
3547 4698 3790 4754 domus'

2113 4846 2142 4873 «
2174 4826 2312 4893 post
2331 4816 2710 4872 Dominum.»
2739 4804 2912 4874 Quod
2932 4800 3091 4858 enim
3109 4798 3337 4854 dictum
3351 4796 3460 4862 est,
3481 4790 3627 4863 quia
3641 4803 3770 4860 per-

2115 4876 2300 4965 ctissit
2319 4907 2392 4961 de
2419 4900 2645 4976 populo
2680 4895 2784 4969 qui
2810 4907 2934 4948 non
2961 4891 3128 4946 erant
3172 4885 3248 4942 de
3287 4883 3467 4954 stirpe
3496 4876 3766 4942 Levitica,

2119 4967 2495 5070 septuaginta
2503 4967 2687 5059 viros,
2699 4967 2756 5043 et
2773 4978 3215 5058 quinquaginta
3234 4973 3420 5070 millia
3431 4967 3643 5044 plebis,
3660 4979 3770 5038 pro

2119 5061 2241 5144 una
2261 5061 2594 5155 eademque
2619 5096 2684 5136 re
2709 5073 3113 5134 indifferenter
3131 5064 3442 5139 accipitur.
3454 5065 3605 5118 Nam
3623 5061 3682 5114 et

2124 5196 2245 5236 uno
2265 5181 2467 5235 Graeco
2487 5145 2649 5245 quod
2671 5173 2760 5226 est
2777 5167 2898 5228 λαὸς
2927 5161 3080 5219 solet
3107 5163 3428 5226 utrumque
3449 5145 3772 5207 transferri.

2127 5269 2241 5330 Sed
2271 5270 2332 5324 in
2379 5267 2494 5322 hoc
2506 5237 2752 5319 .videtur
2797 5270 2927 5313 esse
2974 5248 3278 5313 distantia,
3309 5243 3455 5318 quia
3481 5241 3545 5297 in
3585 5237 3777 5330 priore

2123 5328 2426 5419 commate
2478 5348 2772 5416 versiculi,
2805 5345 3077 5404 additum
3120 5342 3211 5395 est
3246 5335 3352 5392 viri
3399 5328 3780 5419 septuaginta

2127 5457 2269 5509 sunt
2286 5445 2574 5523 percussi.
2591 5443 2668 5497 De
2689 5440 2822 5513 ipsa
2841 5439 3042 5492 autem
3066 5427 3242 5486 turba
3257 5421 3485 5495 vulgari
3507 5416 3780 5475 homines

2128 5507 2568 5618 quinquaginta
2587 5507 2790 5597 millia,
2815 5525 2982 5600 quod
3009 5539 3085 5578 ne
3113 5522 3417 5618 pateretur
3439 5510 3652 5586 (Exod.
3676 5507 3778 5570 xx)

2133 5607 2396 5706 populus
2421 5607 2462 5683 a
2487 5625 2666 5695 longe
2688 5619 2889 5678 stabat
2913 5619 2972 5674 et
2991 5612 3224 5682 orabat,
3243 5607 3409 5666 solus
3435 5607 3664 5673 Moyses
3686 5610 3784 5653 as-
