4130 6182
359 122 466 176 287
1197 111 1204 114 ”
1471 114 1826 172 ANGELOMI
1867 110 2311 170 LUXOVIENSIS
2350 114 2663 170 MONACHI
3663 109 3776 163 288

361 243 560 301 cendit
586 243 665 301 ad
692 243 1030 298 Dominum.
1052 241 1214 296 Unde
1241 241 1302 296 in
1335 239 1581 295 Hebraeo
1607 239 1687 294 ita
1713 237 2003 292 habetur:
2039 231 2088 288 Α
2122 241 2284 303 teste,
2311 239 2573 309 majores
2624 225 2840 293 animae
2880 239 3016 290 sunt
3042 235 3054 301 ;
3110 232 3288 289 colles
3315 249 3455 288 vero
3485 231 3774 287 minores.

362 354 391 384 «
425 336 494 389 Et
516 331 811 406 percussit
834 330 908 384 de
930 328 1154 401 popqu
1175 329 1549 402 septuaginta
1562 327 1742 397 viros,
1765 330 1823 382 et
1841 325 2010 398 quin-
2122 328 2236 383 Seu
2266 327 2445 382 etiam
2474 327 2701 393 Gabaa,
2725 326 2828 382 ubi
2859 325 3101 380 Eleazar
3127 321 3287 378 ﬁlius
3320 321 3664 377 Aminadab
3683 337 3782 376 sa-

363 422 651 496 quaginta
691 417 877 474 millia
901 417 1060 473 viros
1085 436 1098 485 ;
1124 440 1152 466 »
1183 418 1292 473 hos
1323 415 1700 489 septuaginta
1726 415 1885 471 viros
1911 415 2007 485 ju—
2119 415 2328 470 cerdos
2355 415 2743 481 constituitur,
2762 418 2828 470 ut
2849 412 3149 468 custodiat
3173 426 3380 466 arcam
3411 409 3668 477 Domini,
3691 411 3786 465 in-

363 511 545 579 dices,
581 507 958 580 septuaginta
1009 506 1234 562 Hebraei
1283 505 1708 575 intelliguntur,
1749 519 2008 573 quorum
2117 507 2494 575 terpretatur-
2519 505 2710 568 collis,
2738 501 2834 558 vel
2873 502 3231 558 sublimitas.
3267 498 3510 554 Eleazar
3539 499 3777 568 adjuto-

362 598 574 653 merita
601 601 657 653 et
685 596 872 668 gloria
901 594 1338 667 quinquaginta
1380 593 1566 650 millia
1597 593 1736 649 viris
1767 608 2008 665 compa-
2118 596 2274 649 rium
2298 593 2548 649 dicitur:
2583 598 2640 648 et
2675 591 2829 647 bene
2856 591 2958 663 qui
2990 589 3248 645 custodit
3278 604 3486 644 arcam
3517 587 3780 660 Domini,

363 690 606 743 rantur:
659 685 809 740 sicut
859 689 916 740 et
960 683 1034 739 de
1081 683 1271 740 David
1325 683 1541 742 dicitur
1569 685 1624 756 (Ι
1656 685 1796 754 Reg.
1827 683 2004 754 XVIII).
2119 681 2482 753 adjutorium
2511 682 2948 754 interpretatur,
2966 679 3112 752 quia
3132 678 3322 734 sancti
3343 677 3453 732 viri
3481 675 3783 749 quidquid

365 797 394 824 «
412 774 561 840 Quia
599 779 660 829 tu
712 787 868 826 unus
896 788 1006 844 pro
1046 772 1255 828 decem
1284 773 1547 829 millibus
1577 771 2005 845 computaris.»
2116 771 2260 827 boni
2289 771 2535 841 habent,
2569 787 2691 827 non
2719 770 2794 826 ad
2823 785 2907 835 se,
2930 769 3035 824 sed
3053 768 3130 824 ad
3150 767 3475 823 Dominum
3505 766 3781 823 referun-

365 861 536 927 Quod
564 859 789 916 dictum
815 864 934 916 est:
963 861 1163 926 «Quia
1204 877 1278 917 ex
1314 878 1436 934 qua
1481 862 1576 917 die
1619 859 1843 917 mansit
1869 875 2009 917 arca
2119 864 2232 916 tur.
2265 861 2428 916 Unde
2457 859 2812 934 Apostolus:
2857 857 3213 914 «Fiduciam
3251 856 3435 912 talem
3479 855 3782 912 habemus

363 949 600 1007 Domini
625 950 1055 1017 Cariathiarim,
1088 950 1459 1024 multiplicati
1500 955 1638 1006 sunt
1685 950 1844 1006 dies:
1885 954 2009 1006 erat
2117 965 2222 1023 per
2251 949 2550 1004 Christum
2585 948 2662 1004 ad
2693 949 2900 1017 Deum,
2935 963 3058 1002 non
3087 946 3253 1018 quod
3304 943 3665 1000 sufficientes
3701 945 3782 1001 si-

361 1039 587 1112 quippe
616 1054 812 1094 annus
843 1038 1181 1108 vicesimus,
1203 1062 1232 1089 »
1261 1045 1318 1095 et
1345 1039 1593 1112 reliqua,
1607 1039 1734 1110 jam
1756 1039 1833 1095 ad
1854 1041 2010 1094 octa-
2118 1054 2253 1094 mus
2283 1039 2545 1109 cogitare
2571 1037 2799 1110 aliquid
2839 1054 2875 1092 a
2905 1035 3099 1099 nobis,
3131 1034 3308 1108 quasi
3340 1051 3414 1090 ex
3442 1033 3639 1102 nobis,
3673 1035 3785 1090 sed

361 1143 508 1183 vum
539 1143 728 1200 usque
751 1142 978 1183 annum
1000 1128 1165 1196 regni
1193 1127 1402 1197 David,
1425 1127 1672 1201 quando
1691 1143 1846 1194 eam,
1871 1142 2009 1182 con-
2119 1128 2471 1185 sufﬁcientia
2512 1133 2721 1184 nostra
2759 1144 2827 1183 ex
2855 1127 2974 1181 Deo
3013 1130 3100 1181 est
3127 1126 3186 1196 (Ι
3209 1125 3347 1180 Cor.
3380 1124 3530 1197 111),»
3569 1128 3625 1178 et
3652 1123 3785 1180 reli.

363 1220 609 1285 gregata
657 1214 861 1288 populi
903 1214 1256 1287 frequentia,
1287 1215 1349 1271 in
1376 1218 1708 1272 Jerusalem
1738 1214 2005 1282 adduxit,
2117 1234 2260 1290 qua.
2292 1217 2514 1272 Verum
2541 1214 2979 1280 Cariathiarim,
3008 1227 3147 1285 quae
3177 1213 3595 1284 interpretatur
3623 1213 3778 1268 villa

366 1304 485 1359 sint
520 1304 706 1375 [anni]
735 1304 1148 1378 computandi.
1182 1308 1478 1362 Invenitur
1518 1321 1784 1378 namque
1822 1304 1884 1360 in
1916 1320 2009 1360 se-
2117 1308 2432 1376 silvarum,
2466 1303 2764 1375 signiﬁcat
2793 1306 3067 1358 sanctam
3095 1300 3439 1367 Ecclesiam,
3471 1316 3545 1356 ex
3581 1299 3782 1356 multi-

362 1391 684 1465 qucntibus
713 1393 854 1464 quia
885 1394 1251 1466 temporibus
1279 1394 1469 1452 Saulis
1497 1394 1690 1451 fuerat
1712 1393 1912 1450 ablata
1935 1393 2012 1448 de
2120 1394 2325 1451 tudine
2343 1394 2609 1463 gentium
2636 1391 2968 1448 collectam.
2988 1394 3052 1444 In
3077 1405 3201 1462 qua
3226 1394 3557 1462 postquam
3579 1389 3793 1445 Testa-

362 1481 477 1537 hac
507 1479 758 1547 civitate,
792 1484 848 1537 et
877 1481 1054 1538 allata
1081 1483 1142 1538 in
1172 1487 1367 1539 castra
1395 1489 1700 1556 pugnante
1721 1499 1791 1538 eo
1808 1483 2014 1540 adver-
2122 1486 2395 1539 mentum
2424 1482 2666 1551 mansit,
2688 1479 3060 1552 multiplicati
3080 1483 3220 1534 sunt
3231 1479 3398 1549 justi,
3416 1478 3521 1551 qui
3545 1477 3624 1533 ab
3649 1478 3789 1551 ipso

365 1585 501 1624 sum
530 1568 911 1627 Philisthaeos.
945 1571 1036 1627 Sic
1061 1573 1276 1628 etenim
1311 1572 1596 1645 scriptum
1627 1577 1750 1627 est:
1787 1593 1816 1625 ‹
1841 1575 1904 1626 Et
1934 1572 2014 1627 ait
2046 1585 2086 1636 Β
2125 1573 2281 1627 velut
2320 1572 2446 1626 dies
2495 1569 2814 1626 illuminati
2864 1573 3020 1623 sunt.
3057 1566 3284 1622 Baalim
3330 1567 3633 1637 habentes,
3667 1568 3790 1624 sive

369 1656 509 1714 Saul
534 1657 612 1713 ad
645 1658 887 1714 Achiam
913 1676 924 1713 :
958 1660 1206 1732 Applica
1247 1676 1452 1716 arcam
1484 1661 1582 1716 Dei
1611 1662 1670 1731 (Ι
1690 1663 1830 1730 Reg.
1863 1662 1959 1729 1v).
1985 1682 2012 1708 »
2124 1661 2523 1724 ascendentes,
2549 1665 2650 1714 aut
2677 1660 3012 1728 superiores
3038 1656 3480 1728 interpretatur,
3501 1672 3685 1729 quem
3715 1656 3789 1712 ﬁ-

364 1746 502 1800 Erat
520 1745 680 1801 enim
706 1745 789 1801 ibi
818 1762 958 1802 arca
990 1747 1089 1802 Dei
1120 1747 1181 1802 in
1209 1748 1304 1803 die
1335 1747 1455 1817 illa,
1480 1765 1619 1804 cum
1648 1747 1781 1803 ﬁliis
1811 1747 2010 1803 Israel.
2123 1749 2183 1805 lii
2213 1748 2390 1804 Israel
2421 1748 2827 1820 projecerunt;
2875 1745 3098 1818 pariter
3127 1761 3266 1800 cum
3296 1745 3597 1814 Astaroth,
3623 1744 3792 1802 idola

367 1835 434 1889 Et
459 1833 603 1906 quia
628 1839 860 1890 constat
883 1836 976 1905 (ΙΙ
993 1837 1134 1904 Rea.
1162 1837 1262 1907 v1),
1291 1836 1458 1908 quod
1491 1836 1674 1892 David
1695 1852 1832 1892 eam
1847 1837 1907 1892 in
1927 1838 2018 1892 Je-
2125 1838 2391 1909 gentium
2422 1835 2735 1907 siguiﬁcat,
2770 1851 2904 1907 quae
2933 1835 3312 1906 projecerunt
3354 1831 3667 1890 credentes
3715 1851 3792 1890 ex

363 1921 624 1978 rusalem
655 1922 969 1978 adduxerit
998 1923 1218 1980 cultam
1248 1923 1322 1980 de
1350 1925 1536 1980 domo
1565 1925 1923 1994 Aminadab,
1956 1926 2016 1981 in
2127 1925 2421 1997 gentibus,
2455 1929 2591 1998 post
2620 1923 3060 1995 susceptionem
3094 1938 3245 1978 arcae
3267 1923 3644 1978 Testamenti.
3675 1925 3793 1979 Seu

365 2027 551 2084 quam
594 2028 718 2067 non
766 2012 926 2068 illata
975 2029 1106 2069 esse
1155 2014 1517 2086 perhibetur,
1547 2019 1727 2071 restat
1751 2015 2013 2086 intelligi,
2125 2016 2230 2089 qui
2262 2019 2432 2070 vetus
2463 2013 2644 2069 Israel
2666 2018 2775 2076 est,
2806 2012 2865 2068 id
2888 2017 2975 2068 est
3005 2013 3100 2068 vir
3119 2013 3324 2067 videns
3352 2013 3563 2081 Deum,
3599 2011 3794 2069 aufert

364 2101 508 2173 quia
537 2102 598 2156 in
625 2101 839 2156 diebus
865 2101 1054 2157 Saulis
1083 2102 1271 2158 relata
1320 2103 1395 2159 de
1443 2105 1667 2171 castris,
1697 2108 1754 2160 et
1781 2104 1841 2159 in
1873 2119 2020 2176 praa-
2129 2120 2165 2160 a
2193 2120 2255 2160 se
2281 2119 2525 2160 omnem
2554 2101 2852 2158 facturam
2876 2101 3282 2171 malignorum
3311 2099 3653 2172 spirituum,
3674 2102 3789 2157 hoc

365 2188 488 2245 fata
514 2189 801 2245 remansit
822 2189 985 2246 illata
1015 2192 1268 2258 civitate,
1296 2191 1456 2247 unde
1487 2192 1707 2261 denuo,
1730 2197 2018 2263 regnante
2126 2193 2287 2248 enim
2331 2191 2752 2263 interpretatur
2806 2189 3108 2245 Astaroth.
3169 2187 3372 2244 Aufert
3430 2188 3789 2259 jactantiam

367 2277 572 2346 David,
601 2277 879 2334 afferetur
906 2279 967 2334 in
992 2280 1337 2335 Jerusalem.
1374 2283 1471 2336 Est
1489 2297 1631 2351 ergo
1662 2297 1873 2336 sensus
1899 2297 2018 2337 me-
2128 2286 2307 2354 atque
2339 2280 2686 2352 superbiam
2708 2283 2765 2335 et
2791 2278 2873 2334 sic
2901 2278 3076 2334 servit
3103 2281 3220 2334 Deo
3248 2277 3539 2350 soli,quia
3568 2299 3595 2327 «
3619 2277 3786 2335 nulla

365 2371 612 2422 moratas
662 2368 986 2433 sententiae,
1016 2368 1160 2441 quia
1210 2385 1283 2424 ex
1331 2386 1453 2442 qua
1499 2369 1594 2425 die
1631 2371 1852 2425 mansit
1879 2385 2018 2425 arca
2125 2371 2378 2426 societas
2419 2375 2507 2425 est
2555 2368 2703 2424 lucis
2743 2367 2819 2422 ad
2851 2367 3148 2435 tenebras,
3177 2383 3289 2423 nec
3317 2366 3435 2423 ulla
3460 2366 3776 2422 conventio

364 2454 426 2510 in
457 2455 890 2523 Cariatliiarim,
923 2461 1051 2512 erat
1099 2471 1294 2512 annus
1337 2457 1674 2524 vicesimus,
1708 2474 1849 2514 cum
1881 2473 2016 2513 eam
2127 2459 2337 2514 Christi
2372 2459 2448 2514 ad
2480 2457 2660 2514 Belial
2690 2457 2747 2522 (Ι
2773 2456 2912 2513 Cor.
2945 2457 3081 2528 v1).»

364 2543 503 2599 inde
529 2543 834 2599 transferri
881 2544 1248 2616 temporibus
1280 2545 1419 2602 Saul
1457 2561 1642 2602 causa
1689 2545 1828 2601 belli
1872 2561 2014 2602 con-
2199 2571 2226 2597 «
2257 2547 2409 2603 Dixit
2453 2553 2653 2602 autem
2705 2544 2983 2601 Samuel:
3030 2545 3399 2615 Congregate
3438 2546 3780 2601 universum

364 2633 631 2703 tingeret.
660 2633 1242 2706 Denique,vicesimo
1272 2640 1512 2706 peracto
1533 2651 1711 2701 anno,
1734 2635 2016 2690 translata
2127 2659 2155 2689 «
2183 2635 2362 2692 Israel
2381 2636 2441 2692 in
2468 2635 2800 2707 Masphath,
2823 2638 2888 2690 ut
2915 2649 3081 2689 orem
3115 2649 3222 2706 pro
3243 2633 3419 2690 vobis
3444 2634 3784 2691 Dominum.

364 2727 454 2779 est
472 2739 509 2779 a
537 2723 810 2779 Samuele
835 2723 897 2778 in
929 2724 1214 2796 Masphat.
1237 2726 1304 2778 Et
1323 2723 1398 2779 de
1419 2724 1687 2796 Masphat
1704 2724 2015 2780 transtule-
2127 2725 2714 2781 «Etconveneruntin
2728 2723 3521 2795 Masphath,hauseruntque
3538 2740 3786 2796 aquam,

362 2816 503 2867 runt
531 2826 687 2878 eam,
722 2811 962 2867 Samuel
987 2817 1043 2867 et
1074 2811 1232 2875 Saul,
1263 2812 1324 2868 in
1357 2812 1620 2881 Galgala.
1655 2813 1793 2869 Inde
1825 2817 2014 2868 trans-
2127 2838 2154 2864 «
2187 2821 2243 2870 et
2269 2814 2608 2871 effuderunt
2654 2813 2716 2869 in
2761 2819 3089 2884 conspectu
3121 2813 3370 2879 Domini,
3387 2835 3416 2862 ››
3445 2818 3502 2868 et
3524 2812 3781 2885 reliqua,

362 2897 486 2992 lata
515 2904 608 2955 est
635 2915 670 2956 a
711 2899 850 2956 Saul
896 2900 959 2955 in
1007 2901 1225 2970 Nobee,
1252 2901 1326 2956 de
1375 2901 1572 2957 Nobee
1603 2901 1664 2957 in
1687 2901 1908 2968 Gabaa,
1941 2901 2016 2957 de
2048 2937 2088 2992 ρ
2127 2904 2227 2960 Hic
2241 2903 2484 2968 enim,si
2506 2901 3031 2974 praesumptionon
3048 2900 3489 2973 videatur(quia
3509 2915 3629 2956 non
3653 2901 3786 2972 ple-

363 2987 570 3044 Gabaa
583 2988 663 3044 ad
682 2988 834 3044 Aiud
850 2988 1102 3044 domum
1123 2989 1466 3046 Obededon.
1487 2989 1623 3045 Inde
1640 2989 1936 3046 transtulit
1954 2991 2016 3045 in
2057 2987 2088 2992 ⁷
2124 2994 2262 3049 nius
2291 2992 2696 3063 intelligimus)
2712 2991 2859 3064 quid
2879 2997 2984 3059 est,
3007 2991 3171 3064 quod
3195 3007 3418 3062 aquam
3442 2990 3784 3049 hauserunt

367 3075 526 3132 Sion.
559 3079 637 3132 De
677 3076 817 3132 Sion
871 3077 1168 3134 transtulit
1213 3094 1350 3133 eam
1396 3078 1679 3134 Salomon
1707 3079 1769 3133 in
1800 3080 2018 3134 Sancta
2127 3088 2183 3138 et
2210 3082 2550 3138 effuderunt
2575 3082 2636 3136 in
2682 3086 3008 3153 conspectu
3037 3079 3284 3145 Domini,
3315 3078 3461 3152 quid
3502 3079 3785 3134 Hebraeo-

366 3170 732 3232 sanctorum,
760 3165 853 3221 vel
893 3172 1047 3222 certe
1079 3166 1392 3222 vicesimus
1443 3171 1570 3224 erat
1619 3183 1836 3236 annus,
1876 3184 2016 3222 cum
2126 3188 2261 3227 rum
2290 3171 2528 3227 traditio
2561 3170 2796 3235 sentiat,
2820 3170 2970 3225 sicut
2988 3170 3048 3224 in
3074 3167 3441 3242 quibusdam
3470 3167 3786 3224 codicibus

361 3253 562 3310 adhuc
589 3253 789 3310 omnis
822 3254 1038 3310 domus
1066 3255 1244 3311 Israel
1290 3255 1614 3328 quievisset
1652 3261 1788 3329 post
1819 3257 2015 3312 Domi-
2126 3261 2402 3330 legimus,
2421 3262 2678 3316 inserere
2695 3251 3501 3314 nisisumus.Traduntenim
3515 3255 3684 3330 quod
3701 3272 3794 3312 co-

363 3356 534 3408 num,
573 3341 821 3410 abjectis
879 3341 1053 3396 idolis
1105 3343 1394 3409 videlicet,
1448 3343 1530 3398 illi
1578 3345 1686 3398 soli
1732 3345 2013 3399 serviens.
2127 3365 2258 3406 ram
2290 3349 2543 3406 Domiuo
2589 3349 2649 3404 in
2681 3348 2894 3404 eadem
2943 3364 3106 3420 aqua
3147 3347 3471 3403 maledicta
3500 3350 3788 3417 congesta

367 3427 541 3492 Ουοά
589 3428 650 3482 in
698 3427 1088 3498 sequentibus
1137 3429 1376 3484 dicunt:
1431 3451 1458 3479 ι(
1485 3430 1868 3486 Abstlﬂel‘unt
1913 3431 2017 3486 ﬁlii
2128 3439 2261 3503 sint,
2294 3444 2351 3494 et
2380 3439 2528 3494 sicut
2571 3439 2632 3492 in
2679 3437 2810 3507 lege
2859 3436 3072 3492 mulier
3096 3437 3350 3508 zelotipa
3378 3437 3600 3492 hausta
3632 3451 3791 3508 aqua

365 3513 546 3569 Israel
567 3513 794 3570 Baalim
815 3519 873 3569 et
900 3515 1267 3581 Astaroth,et
1296 3517 1623 3572 servierunt
1654 3519 1906 3574 Domino
1928 3535 2018 3574 so~
2125 3527 2518 3598 probabatur,
2551 3527 2633 3582 ita
2663 3531 2720 3582 et
2744 3526 2840 3582 hic
2867 3525 3195 3581 idololatras
3219 3525 3336 3581 hac
3363 3541 3526 3598 aqua
3555 3519 3784 3598 probati

364 3601 462 3659 1i.»
491 3601 664 3667 011οά
692 3617 764 3657 ea
791 3601 948 3658 facta
978 3604 1053 3658 Sit
1079 3607 1199 3658 ῐοιο
1230 3609 1496 3676 tempore
1535 3605 1890 3678 pl‘tBSlllatus
1919 3609 2016 3663 Sa-
2126 3620 2284 3670 sunt.
2309 3615 2374 3670 Hi
2404 3613 2694 3683 videlicet,
2717 3615 2821 3687 qui
2849 3631 2910 3669 se
2939 3613 3102 3670 idola
3130 3613 3385 3669 coluisse
3415 3613 3657 3686 penitus
3687 3612 3785 3667 de-

364 3689 602 3761 mueliS,
629 3690 752 3764 qui,
784 3691 1047 3764 Josepho
1077 3696 1242 3763 teste,
1272 3692 1592 3750 duodecim
1631 3694 1805 3751 annis
1851 3712 2014 3752 com-
2125 3703 2950 3773 negabant.’l‘raduntetiam,
2975 3702 3141 3775 quod
3163 3703 3511 3776 quicunque
3532 3701 3788 3758 idolola-

363 3778 559 3850 pletus
589 3783 696 3848 est,
727 3783 784 3836 et
825 3779 1020 3852 primo
1049 3784 1314 3853 tempore
1357 3782 1525 3852 regni
1571 3783 1731 3850 Saul,
1759 3783 1883 3856 qui,
1916 3800 1994 3840 eo

2161 3808 2213 3848 ra
2227 3793 2381 3848 hanc
2397 3808 2620 3865 aquam
2639 3795 2955 3863 gustasset,
2970 3791 3134 3847 labia
3157 3792 3207 3862 ej
3220 3791 3379 3847 usita
3401 3790 3514 3847 sibi
3527 3791 3792 3846 adhaere-

364 3866 505 3924 dem
533 3867 813 3925 historico
836 3867 1194 3937 afﬁrmante,
1218 3870 1425 3942 viginti
1451 3871 1625 3927 annis
1656 3873 1858 3938 ῑθηιιὶΐ,
1883 3874 2014 3929 mll-
2127 3885 2278 3951 rent,
2303 3886 2367 3936 ut
2388 3897 2781 3954 nequaquam
2793 3896 2866 3936 ea
2889 3880 2965 3935 ab
2985 3880 3241 3935 invicem
3263 3895 3545 3952 separare
3563 3884 3792 3952 posset.

363 3956 458 4012 lus
483 3962 703 4013 sanctae
723 3957 981 4014 historia:
1007 3959 1280 4014 curiosus
1301 3960 1553 4031 ignorat.
1569 3963 1840 4034 Namque
1858 3968 2016 4035 post-
2124 3974 2243 4027 Hoc
2264 3970 2484 4027 indicio
2503 3969 2844 4027 idololatria
2873 3969 3458 4042 deprehendebatur,
3491 3974 3548 4025 et
3575 3968 3799 4024 interﬁ~

364 4045 618 4101 mOdum
648 4061 787 4100 cum
836 4047 1179 4102 Γθοθεείεεθῑ
1210 4048 1459 4120 Spiritus
1491 4049 1726 4105 Domini
1755 4066 1791 4106 ἃ
1818 4051 2010 4118 Salue,
2123 4059 2596 4123 ciebatur.Quod
2610 4059 2989 4130 etsequentia
3005 4057 3440 4128 demonstrant,
3454 4057 3516 4113 in
3529 4073 3600 4112 eo
3620 4058 3798 4130 quod

286 4209 312 4230 .
363 4138 422 4190 et
445 4134 698 4230 agitaret
723 4150 862 4230 eum
889 4135 1129 4230 spiritus
1159 4153 1443 4230 nequam,
1479 4139 1739 4230 maxime
1771 4140 1849 4195 ad
1880 4156 2013 4212 per-
2124 4149 2229 4204 ait:
2257 4147 2702 4220 «Judicavitque
2716 4147 2958 4203 Samuel
2978 4147 3132 4203 ﬁlios
3151 4147 3325 4203 Israel
3342 4147 3401 4202 in
3415 4147 3794 4218 Masphath.»

364 4224 744 4296 sequendum
798 4225 984 4338 Daivid
1034 4226 1347 4338 innoxiu‘tn
1400 4232 1455 4283 et
1488 4229 1740 4298 justum.
1772 4244 2014 4285 necesse
2048 4285 2090 4338 υ
2120 4238 2397 4294 Judicare
2427 4238 2541 4293 hoc
2569 4238 2631 4292 in
2660 4237 2814 4303 loco,
2846 4237 3197 4292 idololatras
3231 4236 3564 4292 secundum
3591 4235 3799 4306 legem

366 4317 488 4338 A..-‘
517 4316 743 4338 anni...“
789 4313 865 4338 ...ε
897 4313 1003 4338 ΞΗ..
1037 4330 1104 4338 --Α
1175 4329 1212 4338 ..ι
1245 4331 1268 4338 η
1320 4315 1364 4338 2-
1415 4316 1536 4338 ΑΞ.--
1570 4317 1790 4338 ..--11-..-
1852 4318 1986 4338 Δ..ιε
2266 4327 2296 4338 ,υ
2334 4331 2343 4338 .
2445 4327 2457 4338 ι
2612 4326 2648 4338 -ι
2695 4327 2726 4338 -.
2789 4326 2845 4338 ..ι
2982 4331 2990 4338 .
3077 4327 3107 4338 ,ι
3412 4326 3427 4338 ιι
3459 4326 3473 4338 ι
3736 4326 3754 4338 ς

363 4317 489 4368 erat
515 4316 748 4385 partem
787 4312 1006 4369 militiae
1037 4313 1131 4370 vel
1175 4314 1366 4386 plebis
1411 4316 1538 4387 ejus
1569 4317 1818 4383 nullam,
1848 4318 2014 4374 mali-
2048 4312 2090 4338 υ
2123 4327 2300 4383 morti
2331 4327 2563 4383 tradere
2591 4326 2752 4382 dicit.
2786 4326 2998 4382 Dicunt
3035 4327 3219 4382 etiam
3267 4326 3432 4398 quod
3458 4326 3572 4381 hoc
3602 4326 3802 4384 modo

365 4401 458 4458 tim
481 4401 638 4458 illius
667 4402 957 4459 exstitisse
983 4403 1357 4476 complicem.
1391 4407 1486 4461 HIS
1511 4407 1682 4476 juxta
1706 4407 2014 4463 historiam
2124 4419 2352 4487 Moyses
2383 4415 2750 4485 idololatras,
2777 4415 2883 4488 qui
2903 4415 3156 4471 vitulum
3181 4415 3463 4486 fecerant,
3491 4415 3802 4487 probave-

361 4491 710 4564 praelibatis,
741 4492 888 4565 quid
936 4493 1184 4566 mystice
1215 4493 1523 4563 signiﬁcet,
1553 4496 1720 4567 quod
1749 4513 1889 4552 arca
1916 4512 1988 4552 ve

2177 4511 2214 4572 t,
2230 4504 2477 4576 quando
2495 4505 2742 4578 arripuit
2760 4505 3015 4561 vitulum
3036 4510 3093 4562 et
3117 4505 3467 4572 combussit,
3491 4505 3803 4562 contrivit-

361 4584 448 4638 nit
474 4585 534 4639 in
575 4585 1008 4647 Cariathiarim,
1037 4590 1095 4640 et
1122 4584 1446 4642 intulerunt
1495 4602 1631 4642 eam
1669 4587 1732 4642 in
1761 4587 2014 4644 domum
2123 4609 2241 4667 que
2271 4609 2460 4666 usque
2485 4594 2561 4649 ad
2587 4593 2991 4666 pulverem,et
3021 4593 3239 4666 sparsit
3262 4593 3325 4648 in
3357 4594 3802 4666 aquam,etde-

361 4672 700 4730 Aminadab
725 4675 786 4730 in
817 4674 1040 4738 Gabaa,
1063 4681 1121 4731 et
1147 4691 1221 4731 ex
1241 4691 1364 4747 qua
1382 4675 1478 4732 die
1507 4675 1728 4732 mansit
1754 4676 1838 4733 ibi
1858 4677 2014 4732 mul-
2124 4685 2209 4740 dit
2237 4700 2310 4740 ex
2339 4699 2409 4739 eo
2442 4689 2650 4756 potum
2672 4683 2808 4740 ﬁliis
2842 4684 3041 4740 Israel.
3073 4687 3189 4740 Nos
3214 4684 3346 4755 jam
3375 4683 3616 4739 illorum
3647 4682 3804 4741 deli-

363 4759 605 4831 tiplicati
637 4769 778 4818 sunt
799 4764 951 4831 dies,
981 4764 1295 4820 enucleare
1323 4764 1696 4823 conabimur.
1729 4767 2014 4824 Amnina-
2124 4778 2401 4830 ramenta
2425 4773 2782 4842 omittentes,
2801 4773 2947 4846 quia
2978 4777 3179 4829 utrum
3210 4788 3420 4829 verum
3451 4775 3524 4828 sit
3548 4773 3804 4842 ignora-

362 4848 485 4903 dab
512 4849 692 4916 enim,
721 4850 782 4905 in
805 4853 976 4921 cujus
1005 4852 1258 4909 domum
1286 4855 1447 4910 venit
1475 4871 1636 4924 arca,
1657 4864 1838 4926 pater
1856 4874 2017 4916 meus
2124 4879 2282 4930 mus,
2329 4862 2673 4936 simpliciter
2718 4861 3127 4932 intelligimus,
3183 4860 3350 4935 quod
3396 4866 3524 4917 tam
3575 4869 3804 4920 sancto

363 4943 724 5006 spontaneus
755 4939 1193 5010 interpretatur.
1222 4943 1528 5012 Signiﬁcat
1549 4949 1846 5020 populum
1871 4965 2016 5020 gen-
2125 4952 2250 5006 viro
2282 4952 2673 5008 conveniebat
2727 4957 2788 5007 ut
2827 4951 3068 5024 plebem
3120 4951 3234 5006 sibi
3279 4952 3697 5019 commissam,
3735 4955 3804 5010 in

363 5025 2014 5098 tium,cuiDominusPatergratiamTestamenticontulit.
2120 5039 2349 5110 justitia
2375 5044 2433 5095 et
2461 5041 2722 5105 veritate,
2751 5044 2809 5094 et
2839 5055 3084 5095 summa
3124 5039 3442 5112 prudentia
3482 5039 3803 5110 guberna-

365 5115 470 5180 Qui
505 5131 642 5170 cum
674 5115 993 5173 Psalmista
1019 5117 1214 5174 dicere
1244 5125 1472 5192 potest:
1505 5125 1891 5182 «Voluntarie
1921 5141 2016 5181 sa—
2125 5132 2232 5183 ret.
2259 5127 2549 5182 Caaterum
2598 5127 2746 5199 quid
2783 5126 2981 5196 ﬁgura
3011 5127 3323 5197 signiﬁcet,
3349 5128 3628 5185 intimare
3661 5130 3807 5189 bre-

364 5202 646 5260 crlﬁcabo
664 5203 835 5260 tibiet
854 5205 1184 5264 conﬁtebor
1201 5209 1432 5267 nomini
1449 5214 1857 5280 tuo,Domine,
1876 5229 2019 5284 quo.
2124 5217 2273 5272 viter
2307 5215 2708 5285 aggredimur.
2739 5216 3054 5288 Masphath
3102 5217 3263 5272 enim
3291 5234 3416 5290 quo
3454 5233 3803 5291 congrega-

363 5293 528 5348 niam
569 5292 802 5349 bonum
850 5301 938 5351 est
965 5298 1155 5364 (Psal.
1188 5300 1325 5371 LIII).
1351 5323 1380 5351 ››
1411 5302 1618 5358 Gabaa
1667 5317 1808 5357 vero
1850 5303 2020 5357 colli's
2127 5311 2223 5362 tus
2254 5309 2342 5360 est
2370 5305 2570 5372 Israel,
2599 5304 2702 5361 ubi
2748 5312 2804 5362 et
2831 5321 3059 5378 aquam
3105 5307 3327 5375 hausit,
3359 5308 3420 5364 in
3460 5317 3804 5380 conspectu

363 5383 596 5451 dicitur,
628 5387 686 5440 et
709 5384 942 5441 animas
991 5387 1285 5458 signiﬁcat
1329 5390 1648 5445 humilium
1695 5389 1770 5444 de
1799 5389 2019 5462 quibus
2128 5394 2384 5462 Domini,
2433 5395 2851 5467 interpretatur
2905 5397 3178 5464 intentio,
3236 5401 3511 5453 sanctam
3564 5398 3804 5468 signiﬁ-

363 5471 608 5529 dicitur:
644 5496 671 5525 «
698 5473 1033 5548 Suscipiant
1057 5483 1293 5534 montes
1321 5493 1534 5550 pacem
1559 5477 1805 5549 populo,
1824 5484 1882 5535 et
1908 5478 2022 5535 col-
2127 5498 2275 5540 cans
2301 5482 2647 5554 Ecclesiam,
2676 5484 2779 5542 ubi
2803 5501 2946 5542 vera
2983 5492 3072 5542 est
3100 5487 3366 5557 intentio,
3399 5503 3537 5559 quae
3565 5487 3799 5547 melius

363 5561 449 5617 les
469 5563 763 5635 justitiam
793 5565 980 5637 (Psat.
1010 5569 1220 5638 mn)»;
1236 5569 1458 5624 Montes
1487 5564 2020 5638 enim,Augustino
2135 5575 2330 5646 potest
2363 5586 2470 5644 per
2493 5571 2696 5646 ipsum
2727 5576 3042 5650 Masphath
3079 5575 3347 5648 intelligi,
3372 5575 3436 5632 in
3467 5575 3694 5634 unitate
3725 5579 3799 5634 ﬁ-
