4136 6176
277 177 378 234 289

1269 176 1520 232 ENARR.
1563 175 1629 231 IN
1673 174 1920 232 LIBROS
1957 175 2215 232 REGUM.
2255 206 2324 216 —
2361 177 2428 233 IN
2477 179 2605 234 LIB.
2647 181 2688 236 Ι.

3571 191 3678 246 290

274 297 388 362 dei,
410 295 526 352 sub
549 311 710 352 novo
742 297 1091 365 sacerdotio,
1126 297 1435 354 collectam
1465 317 1476 354 :
1509 315 1702 372 aquas
1730 298 1918 370 lacry-
1955 301 2000 354 Α
2032 302 2232 354 autem
2248 298 2401 356 ait:«
2416 303 2681 374 Eratpax
2694 300 2847 358 inter
2862 303 3042 360 Israel
3075 309 3132 361 et
3179 307 3618 382 Amorrhamm,
3645 335 3675 364 »

270 403 510 444 marum
528 388 836 454 hauriens,
860 394 914 444 et
931 405 1037 461 per
1050 388 1515 445 satisfactionem
1535 389 1917 462 paenitentiae,

271 492 370 532 eas
402 476 462 531 in
495 480 822 548 conspectu
854 477 1088 532 Domini
1120 476 1457 532 effundens.
1517 479 1690 544 Quod
1719 481 1946 534 autem.

274 563 516 622 Samuel
543 565 836 637 propheta
861 565 925 619 in
950 565 1163 621 eodem
1187 565 1340 632 loco,
1374 567 1488 622 hoc
1529 572 1614 622 est
1662 568 1723 621 in
1776 569 1921 622 Mas-

270 653 438 726 phat,
468 653 764 726 populum
796 653 1180 709 Israeliticum
1215 655 1551 725 judicabat,
1610 656 1722 710 hoc
1773 654 1922 710 indi-

272 757 440 797 casse
468 741 724 811 videtur,
747 741 913 814 quod
935 742 1133 798 omnis
1183 742 1538 815 praedicator
1575 743 1918 816 spiritualis,

273 846 374 886 eos
403 829 611 886 ﬁdeles
641 831 904 885 maxime
935 831 1150 886 docere
1183 832 1397 899 studet,
1438 849 1591 904 quos
1621 833 1681 887 in
1729 832 1919 887 inten-

273 917 494 974 tionem
521 917 1043 991 contemplationis
1069 925 1251 992 atque
1276 920 1354 977 ad
1405 938 1674 977 amorem
1716 921 1920 994 patriae

273 1007 526 1064 celestis
558 1007 817 1063 intentos
840 1025 972 1064 esse
1005 1009 1398 1081 perspexerit.

341 1120 369 1145 ι(
406 1099 472 1152 Et
506 1096 911 1152 ascenderunt
936 1104 1191 1169 satrapae
1218 1097 1700 1154 Philisdiinorum
1737 1098 1813 1154 ad
1841 1102 1921 1154 Is-

271 1205 300 1238 ‹
331 1184 820 1250 rael.Quodcum
838 1185 1258 1241 audissenttilii
1295 1186 1496 1255 Israel,
1533 1185 1857 1242 timuerunt
1887 1203 1923 1242 a

272 1295 300 1325 ‹
324 1274 478 1329 facie
501 1273 1017 1342 Philisthiuorum,
1036 1274 1432 1346 dixeruntque
1445 1275 1523 1330 ad
1545 1274 1916 1331 Samuelem:

272 1384 297 1412 ι
329 1366 410 1418 Ne
441 1378 638 1418 cesses
656 1377 767 1434 pro
790 1363 964 1419 nobis
987 1362 1245 1419 clamare
1272 1362 1350 1418 ad
1389 1363 1710 1419 Dominum
1732 1364 1920 1419 Deum

273 1474 297 1499 ιι
329 1455 628 1518 nostrum,
658 1455 722 1506 ut
744 1451 932 1506 salvet
957 1466 1066 1507 nos
1096 1450 1170 1506 de
1194 1467 1384 1506 manu
1410 1451 1917 1508 Philisthinorum.

273 1563 298 1590 ι(
328 1539 480 1596 Tulit
508 1544 711 1596 autem
736 1539 978 1596 Samuel
1003 1555 1228 1610 agnum
1256 1539 1576 1596 lactentem
1623 1557 1833 1608 unum,
1865 1544 1922 1596 et

273 1651 298 1678 ‹‹
328 1627 546 1684 obtulit
574 1627 740 1684 illum
771 1627 1191 1684 holocaustum
1239 1627 1538 1698 integrum
1584 1628 1855 1685 Domino.
1889 1652 1915 1678 »
1949 1651 1989 1705 Β
2031 1629 2215 1685 verba
2243 1645 2380 1686 mea
2432 1631 2626 1702 (Deut.
2653 1634 2861 1704 xxxn).
2896 1656 2924 1683 ››

270 1722 472 1788 Agnus
503 1717 599 1772 hic
629 1716 686 1772 in
722 1721 867 1789 typo
894 1715 1131 1773 oblatus
1182 1716 1408 1789 populo
1464 1717 1566 1773 Dei
1615 1717 1919 1773 victoriam

268 1807 556 1880 prtestitit,
588 1804 730 1878 quia
758 1805 1030 1862 videlicet
1051 1822 1157 1878 per
1186 1806 1532 1878 passionem
1563 1806 1772 1861 Christi
1808 1808 1919 1862 im-

267 1893 514 1950 mundis
547 1893 852 1966 spiritibus
885 1893 1202 1967 superatis,
1227 1910 1349 1966 pax
1370 1894 1604 1950 reddita
1627 1898 1714 1950 est
1737 1893 1922 1951 ﬁdeli-

268 1983 406 2040 bus.
442 1982 605 2039 Unde
637 1988 693 2039 et
720 1982 783 2037 in
809 1999 984 2039 sacra
1003 1982 1250 2039 historia
1280 1982 1665 2054 subjungitur
1690 1999 1704 2038 :

345 2093 374 2122 ››
402 2072 652 2127 Factum
682 2077 772 2127 est
800 2087 944 2142 ergo
961 2087 1099 2126 cum
1113 2070 1352 2128 offerret
1366 2071 1787 2128 holocaustum
1806 2073 1920 2127 Do-

274 2184 302 2210 «
331 2161 523 2232 mino,
554 2160 910 2217 Philisthitm
936 2160 1118 2218 iniere
1151 2161 1421 2234 praelium
1467 2167 1675 2218 contra
1722 2160 1916 2217 Israel.

271 2273 297 2299 α
329 2250 591 2305 Intonuit
614 2254 816 2306 autem
831 2251 1116 2305 Dominus
1129 2248 1363 2319 fragore
1378 2265 1606 2321 magno
1624 2249 1686 2305 in
1706 2249 1802 2306 die
1821 2249 1923 2304 illa

273 2362 300 2388 (ι
331 2355 509 2410 super
538 2337 914 2402 Philisthiim,
937 2343 994 2393 et
1024 2337 1304 2394 exterruit
1326 2354 1450 2406 eos,
1485 2361 1514 2387 »
1569 2342 1626 2394 et
1669 2337 1917 2411 reliqua.

270 2429 432 2483 Tunc
447 2427 608 2483 enim
631 2426 922 2483 Dominus
935 2425 1173 2496 fragore
1193 2442 1417 2496 magno
1438 2426 1714 2493 intonuit,
1733 2441 1924 2499 quan-

2030 388 2230 444 hocin
2258 389 2457 446 futuro
2477 390 2800 463 intelligere
2828 392 3104 464 dabatur,
3150 396 3296 468 quia
3346 406 3674 474 postquam

2028 493 2134 548 per
2159 478 2506 550 passionem
2536 481 2769 537 Domini
2786 498 2974 539 aereae
2996 488 3318 556 potestates
3346 488 3515 546 victae
3555 507 3676 547 ces-

2029 571 2252 637 serunt,
2281 584 2471 640 usque
2501 571 2762 643 populus
2789 588 2860 627 ex
2912 572 3362 632 circumcisione
3406 577 3679 637 videlicet

2028 659 2084 710 et
2106 657 2396 728 praputio
2427 661 2697 730 credens,
2729 660 2790 715 in
2837 659 3072 718 civitate
3104 663 3244 719 ﬁdei
3273 665 3384 722 sibi
3433 683 3677 725 concor-

2027 743 2208 800 davit.
2239 747 2621 803 Amorrhaeus
2665 748 3086 821 interpretatur
3132 767 3397 824 amarus,
3448 755 3537 811 vel
3589 758 3674 813 lo-

2027 847 2232 903 quens.
2265 836 2331 889 Et
2357 835 2674 907 Apostolus
2707 837 2788 892 ait
2843 856 2856 893 :
2913 860 2940 888 ‹‹
2969 842 3080 895 Vos
3131 841 3235 913 qui
3264 843 3441 898 eratis
3469 843 3671 916 longe,

2029 920 2166 976 facti
2197 922 2333 977 estis
2364 939 2550 996 prope
2573 925 2635 979 in
2667 926 2956 995 sanguine
2989 927 3218 984 Christi.
3242 933 3372 1003 Ipse
3402 936 3490 987 est
3513 933 3674 991 enim

2028 1025 2149 1081 pax
2178 1015 2403 1078 nostra,
2430 1013 2534 1084 qui
2561 1012 2697 1069 fecit
2725 1019 2978 1087 utraque
3009 1031 3197 1072 unum
3229 1017 3406 1089 (Eph.
3440 1026 3522 1085 ιι),
3548 1043 3576 1071 ››
3617 1026 3675 1079 et

2029 1097 2278 1170 reliqua.
2315 1103 2422 1155 Iste
2453 1104 2540 1156 est
2567 1102 2806 1158 Samuel
2831 1103 2935 1175 qui
2961 1103 3261 1161 invocavit
3286 1105 3493 1178 Deum,
3524 1109 3675 1166 sicut

2028 1186 2090 1241 in
2116 1187 2503 1259 sequentibus
2529 1188 2764 1259 legitur,
2800 1192 3108 1248 exaudivit
3129 1209 3269 1249 eum
3301 1197 3477 1266 Deus,
3510 1202 3567 1252 et
3610 1199 3672 1253 in

2030 1278 2296 1348 tempore
2325 1277 2544 1332 messis
2565 1278 2834 1350 pluviam
2865 1279 3223 1352 impetravit.
3261 1283 3458 1339 Pluvia
3512 1286 3672 1342 enim

2028 1362 2089 1418 in
2134 1364 2353 1420 sanctis
2403 1366 2716 1438 Scripturis
2771 1367 2956 1424 verba
3002 1375 3141 1425 sunt
3176 1371 3496 1443 Evangelii,
3551 1374 3673 1430 sive

2027 1450 2194 1522 legis.
2227 1453 2388 1509 Sicut
2415 1459 2470 1509 et
2499 1457 2725 1527 Moyses
2776 1456 2916 1512 dicit
2968 1473 2981 1512 :
3041 1477 3072 1511 ‹
3104 1461 3486 1531 Exspectatur
3524 1461 3675 1518 sicut

2029 1540 2235 1613 pluvia
2259 1541 2563 1614 eloquium
2594 1559 2821 1612 meum,
2853 1549 2910 1601 et
2956 1544 3325 1604 descendant
3381 1548 3533 1606 sicut
3574 1567 3674 1607 ros

2981 1637 3141 1690 Hanc
3179 1635 3358 1707 igitur
3409 1637 3674 1710 pluviam

2030 1718 2194 1774 dedit
2214 1719 2445 1776 mundo
2475 1721 2739 1777 Christus
2792 1721 2853 1777 in
2900 1728 3167 1795 tempore
3216 1725 3448 1796 messis,
3496 1727 3558 1782 id
3588 1732 3676 1784 est

2029 1809 2276 1881 quando
2307 1814 2512 1880 gentes
2541 1811 2736 1884 colligi
2763 1813 3095 1884 oportebat,
3129 1819 3193 1869 ut
3221 1814 3375 1871 sicut
3415 1815 3675 1873 frumen-

2032 1902 2158 1953 tum
2189 1899 2438 1970 horreis,
2466 1901 2548 1956 sic
2576 1900 2732 1956 intra
2789 1902 3060 1958 Ecclesiae
3103 1903 3302 1959 sinum
3343 1921 3673 1977 congrega-

2027 1991 2251 2043 rentur.

2103 2097 2130 2124 «
2158 2075 2478 2132 Judicabat
2504 2076 2743 2133 Samuel
2772 2078 2947 2133 Israel
3004 2079 3231 2135 cunctis
3287 2080 3499 2136 diebus
3537 2080 3672 2138 vita;

2031 2184 2059 2212 ‹‹
2094 2179 2239 2234 θυαε,
2272 2168 2328 2220 et
2359 2165 2483 2221 ibat
2509 2181 2616 2237 per
2653 2165 2920 2236 singulos
2963 2183 3155 2222 annos
3199 2168 3672 2225 circumveniens

2030 2272 2059 2302 «
2093 2251 2312 2319 Bethel,
2333 2257 2389 2307 et
2412 2252 2678 2322 Galgala,
2710 2259 2768 2309 et
2795 2255 3124 2326 Masphath,
3157 2261 3213 2311 et
3247 2256 3561 2326 judicabat
3591 2258 3672 2312 Is-

2031 2362 2058 2388 «
2090 2340 2214 2396 rael
2238 2340 2300 2396 in
2330 2341 2684 2412 supradictis
2705 2341 2867 2397 locis.
2899 2364 2926 2391 »
2959 2346 3086 2398 Non
3115 2344 3276 2399 enim
3296 2349 3471 2401 vacat
3489 2361 3525 2400 a
3544 2362 3673 2418 my-

2029 2428 2205 2486 sterio
2235 2429 2403 2502 quod
2427 2430 2670 2484 Samuel
2690 2430 2752 2485 in
2770 2431 3129 2503 supradictis
3146 2432 3291 2488 locis
3307 2434 3672 2490 conveniens

271 2515 348 2572 do
394 2532 505 2589 per
554 2521 796 2572 sanctos
849 2513 1157 2587 apostolos
1213 2530 1432 2570 sonum
1477 2513 1920 2587 praedicationis
2023 2517 2339 2590 judicabat
2363 2517 2558 2574 Israel.
2596 2521 2655 2574 In
2678 2518 2793 2574 hoc
2823 2519 2984 2575 enim
3015 2524 3228 2592 typum
3257 2521 3443 2577 tenuit
3471 2521 3674 2577 docto-

272 2606 482 2661 emisit.
507 2607 688 2662 Juxta
709 2603 877 2677 quod
908 2603 1194 2676 scriptum
1219 2607 1308 2659 est
1339 2621 1352 2659 :
1389 2625 1416 2652 ‹‹
1446 2603 1790 2659 Intonuitde
1807 2620 1920 2658 coe-

269 2693 336 2750 lis
356 2693 670 2762 Dominus,
687 2698 746 2748 et
766 2692 1106 2748 Altissimus
1128 2691 1292 2747 dedit
1311 2707 1522 2747 vocem
1539 2708 1713 2747 suam
1730 2693 1918 2762 (Psat.

269 2785 427 2855 xvn).
461 2804 490 2831 υ
518 2781 637 2840 Sed
666 2782 814 2836 dum
837 2781 951 2836 ista
981 2780 1238 2836 intonuit
1286 2780 1595 2851 Dominus,
1643 2780 1924 2836 exterruit

271 2871 647 2939 Philisthiim,
671 2874 730 2926 et
752 2870 889 2925 caesi
914 2874 1053 2924 sunt
1082 2885 1118 2924 a
1146 2868 1282 2923 ﬁliis
1323 2868 1522 2925 Israel.
1567 2869 1716 2934 Quia
1756 2869 1920 2924 vide-

2027 2622 2164 2662 rum
2186 2611 2405 2662 sancta:
2432 2606 2724 2674 Ecclesiae,
2747 2611 2805 2662 et
2825 2611 2889 2663 ut
2916 2609 3029 2663 hoc
3061 2609 3431 2665 manifestius
3451 2614 3675 2682 pateat,

2027 2694 2481 2751 manifestemus
2511 2695 2728 2751 clarius
2759 2713 2772 2750 :
2808 2696 3006 2754 Bethel
3028 2697 3213 2767 enim,
3233 2714 3372 2770 quae
3390 2698 3676 2771 interpre-

2030 2788 2186 2839 tatur
2210 2784 2417 2839 domus
2435 2785 2567 2854 Dei,
2585 2789 2857 2840 sanctam
2879 2785 3175 2856 signiﬁcat
3193 2785 3515 2843 Ecclesiam
3537 2802 3675 2859 quas

2029 2871 2249 2928 domus
2276 2871 2376 2927 Dei
2405 2872 2638 2940 dicitur,
2671 2873 2733 2928 in
2762 2889 2886 2945 qua
2915 2873 3202 2929 Dominus
3235 2890 3348 2930 sua
3383 2875 3576 2944 gratia
3595 2874 3678 2930 vi-

269 2958 722 3016 licetimmundi
746 2957 1007 3030 spiritus,
1026 2956 1552 3054 praedicationibus
1574 2962 1920 3054 sanctorum
1960 2999 2000 3054 ε
2029 2959 2242 3017 delicet
2267 2960 2330 3016 in
2357 2961 2659 3017 mentibus
2697 2960 3020 3017 electorum
3072 2962 3343 3019 habitare
3389 2963 3673 3033 dignatus

269 3053 574 3118 cedentes,
605 3064 644 3104 a
663 3047 814 3102 facie
830 3062 1039 3102 eorum
1061 3045 1483 3113 discesserunt,
1505 3045 1670 3119 quod
1687 3045 1922 3118 plenius
1965 3045 2000 3054 “
2030 3053 2139 3104 est.
2161 3051 2335 3104 Juxta
2358 3049 2522 3120 quod
2553 3048 2635 3104 ait
2667 3064 2678 3101 :
2714 3069 2741 3098 (ι
2777 3051 2842 3104 Et
2868 3048 3262 3106 inambulabo
3293 3055 3350 3106 et
3377 3051 3675 3106 inhabita-

269 3137 325 3193 in
355 3137 767 3194 ecclesiastica
802 3135 1056 3191 historia
1109 3133 1464 3191 declaratur.
1536 3135 1700 3190 Unde
1755 3134 1924 3189 Beth-

269 3228 433 3293 char,
471 3225 578 3281 ubi
608 3225 743 3280 caesi
773 3229 932 3293 sunt,
955 3223 1375 3296 interpretatur
1422 3224 1631 3279 domus
1663 3224 1922 3294 agnitio-

269 3317 389 3379 nis,
421 3315 551 3369 sive
566 3314 765 3368 domus
797 3313 967 3384 agni,
998 3311 1319 3368 Ecclesiam
1343 3311 1920 3384 praetiguravitillius

270 3403 351 3459 de
382 3419 514 3475 quo
540 3403 790 3458 Joannes
814 3403 895 3458 ait
951 3418 964 3456 :
1014 3424 1041 3450 «
1075 3405 1219 3457 Ecce
1245 3405 1453 3471 Agnus
1486 3400 1605 3471 Dei,
1655 3416 1790 3456 ecce
1820 3400 1924 3472 qui

271 3491 426 3548 tollit
456 3495 702 3564 peccata
725 3489 936 3546 mundi
968 3490 1164 3557 (Joan.
1199 3491 1260 3562 ι).
1297 3512 1325 3539 ››
1349 3494 1411 3545 In
1436 3505 1580 3562 qua,
1611 3493 1667 3545 et
1722 3504 1759 3545 a
1801 3505 1926 3562 qua

271 3580 557 3647 Ecclesia,
591 3579 852 3655 Domino
872 3579 1129 3646 favente,
1153 3578 1451 3634 immundi
1481 3577 1720 3651 spiritus
1751 3593 1924 3650 supe-

272 3670 380 3727 rati
410 3675 570 3725 sunt.
611 3672 674 3724 Et
698 3668 851 3724 bene
882 3667 964 3724 ait
997 3684 1010 3722 :
1046 3686 1076 3720 ‹
1106 3666 1403 3723 Persecuti
1433 3671 1573 3722 sunt
1600 3683 1701 3722 eos
1732 3682 1924 3740 usque

287 3760 365 3812 ad
387 3759 579 3813 locum
610 3759 718 3831 qui
760 3763 887 3814 erat
935 3773 1113 3828 super
1138 3757 1448 3826 Bethchar,
1484 3780 1510 3806 ››
1565 3773 1702 3829 quae
1750 3758 1925 3811 inter-

290 3851 544 3918 pretatur
567 3849 778 3903 domus
809 3846 1153 3916 agnitionis,
1185 3845 1331 3917 quia
1380 3845 1587 3901 tandiu
1633 3844 1924 3918 praedica-

287 3940 429 3991 tores
487 3936 786 4009 persecuti
863 3938 1022 4006 sunt,
1097 3949 1414 4007 quousque
1484 3933 1679 3989 omnis
1763 3947 1926 3988 error

275 4030 728 4098 expurgaretur,
775 4029 833 4080 et
881 4039 1019 4080 vere
1068 4025 1221 4079 Deus
1301 4026 1743 4091 agnosceretur.
1833 4023 1927 4077 Se-

269 4114 470 4186 quitur
495 4131 508 4169 :

337 4225 366 4252 α
397 4203 555 4258 Tulit
578 4207 781 4259 autem
809 4201 1049 4258 Samuel
1073 4200 1336 4273 lapidem
1365 4215 1575 4261 unum,
1625 4203 1682 4254 et
1727 4197 1927 4270 posuit

270 4314 295 4340 α
323 4308 469 4347 eum
500 4291 656 4347 inter
683 4290 993 4364 Masphath
1020 4295 1078 4347 et
1105 4292 1256 4345 inter
1287 4291 1400 4344 Sen
1429 4306 1441 4354 ;
1476 4294 1532 4343 et
1560 4288 1796 4343 vocavit
1820 4303 1922 4342 no-

268 4402 293 4428 α
325 4397 472 4436 men
505 4380 640 4450 ejus
668 4398 680 4434 :
708 4379 881 4452 Lapis
935 4379 1234 4451 adjutorii,
1271 4400 1296 4427 »
1364 4381 1421 4433 et
1448 4375 1697 4448 reliqua.
1753 4375 1925 4446 Lapis

267 4471 432 4525 enim
461 4472 596 4538 iste,
628 4485 810 4541 quem
837 4467 1076 4524 Samuel
1105 4467 1255 4522 inter
1279 4465 1612 4538 Masphath,
1642 4481 1776 4537 quae
1833 4465 1925 4519 in-

267 4562 631 4632 terpretatur
659 4559 910 4613 intentio
936 4575 948 4612 :
980 4561 1036 4612 et
1065 4558 1200 4624 Sen,
1222 4555 1387 4627 quod
1411 4553 1625 4610 dicitur
1637 4554 1924 4620 dentium,

266 4648 344 4704 ob
375 4649 628 4718 signum
658 4646 922 4702 victoriae
951 4647 1170 4718 posuit,
1197 4660 1383 4716 quem
1427 4641 1611 4698 alium
1658 4641 1772 4696 nisi
1820 4644 1928 4697 Do-

263 4740 508 4794 minum
555 4741 834 4792 nostrum
880 4739 1081 4791 Jesum
1127 4735 1425 4791 Christum
1483 4730 1928 4805 praeﬁguravit?

262 4829 370 4900 qui
403 4825 752 4882 secundum
781 4825 941 4882 dicta
969 4825 1401 4898 prophetarum
1430 4823 1581 4878 inter
1636 4819 1928 4877 inventio-

259 4933 408 4973 nem
425 4916 660 4972 Veteris
674 4915 1120 4982 Testamenti,et
1130 4911 1429 4983 Evangelii
1441 4910 1930 4984 praedicationem

259 5007 526 5078 positus,
555 5003 839 5060 ﬁdelibus
871 5004 992 5059 suis
1015 5006 1220 5059 contra
1240 5000 1618 5058 adversarias
1675 5003 1928 5071 potesta-

262 5100 349 5150 tes
373 5094 815 5150 dimicantibus
841 5092 1131 5150 auxilium
1153 5096 1413 5165 praestat.
1438 5092 1571 5164 Ipse
1594 5088 1754 5145 enim
1776 5104 1925 5161 prae-

258 5183 655 5254 ﬁgurabatur
681 5183 743 5238 in
797 5181 1020 5255 lapide,
1068 5185 1309 5254 propter
1340 5178 1682 5235 ﬁrmitatem
1730 5194 1744 5231 :
1803 5177 1929 5252 ipse

259 5272 732 5344 signiﬁcabatur
761 5271 824 5327 in
849 5286 1028 5342 agno,
1051 5274 1296 5343 propter
1319 5268 1754 5324 innocentiam:
1782 5267 1928 5338 sive,

255 5363 415 5434 quia
448 5377 562 5434 pro
593 5360 774 5416 nobis
804 5363 896 5416 est
922 5359 1290 5416 immolatus.
1324 5357 1495 5423 Quod
1552 5361 1755 5413 autem
1801 5355 1884 5411 ait
1913 5372 1927 5410 :

255 5473 284 5499 α
317 5452 663 5523 Hucusque
692 5449 1012 5506 auxiliatus
1043 5452 1131 5504 est
1158 5446 1335 5504 nobis
1367 5468 1394 5497 «
1429 5445 1736 5512 Dominus,
1765 5462 1794 5496 ι)
1840 5460 1933 5500 os-

255 5540 458 5596 tendit
473 5539 624 5612 quia
643 5538 992 5611 quicunque
1015 5537 1126 5592 hos
1149 5535 1432 5592 terminos
1482 5532 1930 5601 transcendunt,

255 5629 424 5687 sicut
448 5628 738 5696 haeretici,
771 5625 1062 5684 auxilium
1093 5625 1192 5681 Dei
1219 5640 1344 5682 non
1395 5627 1714 5680 merentur.
1761 5621 1932 5687 Quod

2029 3137 2109 3192 bo
2146 3137 2208 3192 in
2233 3137 2316 3192 eis
2348 3137 2435 3208 (II
2459 3137 2595 3192 Cor.
2628 3152 2702 3204 v1,
2733 3137 2870 3192 Lev.
2898 3139 3007 3207 26).
3042 3159 3068 3185 ››
3126 3139 3290 3193 Unde
3323 3143 3378 3193 et
3407 3138 3672 3210 Galgala,

2029 3241 2164 3297 quae
2203 3225 2622 3296 interpretatur
2677 3225 2984 3294 revelatio,
3046 3225 3324 3280 eamdem
3381 3225 3678 3296 signiﬁcat

2031 3312 2374 3381 Ecclesiam,
2397 3312 2473 3368 de
2497 3328 2619 3385 qua
2650 3311 2938 3368 Dominus
2965 3312 3126 3368 dicit.
3147 3335 3175 3361 ‹‹
3192 3313 3300 3369 Ubi
3316 3313 3533 3370 fuerint
3552 3313 3674 3369 duo

2028 3401 2125 3458 vel
2145 3407 2260 3458 tres
2291 3402 2630 3471 congregati
2654 3401 2716 3457 in
2745 3401 2990 3457 nomine
3015 3417 3172 3473 meo,
3193 3401 3278 3457 ibi
3303 3418 3436 3457 sum
3470 3403 3529 3457 in
3552 3419 3675 3458 me-

2031 3491 2130 3548 dio
2161 3506 2369 3547 eorum
2404 3490 2639 3562 (Matth.
2672 3493 2852 3558 xvm),
2888 3513 2916 3540 »
2945 3490 3219 3546 videlicet
3263 3506 3372 3563 per
3424 3490 3677 3560 gratiam

2034 3597 2159 3636 sum
2180 3579 2554 3636 revelationis
2580 3595 2650 3635 ac
2679 3579 3010 3652 praesentiae
3042 3595 3164 3634 suae
3209 3578 3560 3636 Divinitatis.
3613 3582 3678 3636 Et

2031 3669 2362 3741 Masphath,
2394 3684 2531 3740 quae
2562 3667 2979 3740 interpretatur
3007 3668 3279 3732 intentio,
3300 3667 3453 3723 bene
3484 3667 3680 3740 sequi-

2032 3762 2166 3814 tur:
2201 3757 2343 3830 quia
2378 3757 2646 3812 videlicet
2673 3757 2734 3811 in
2767 3755 3114 3829 supradicta
3170 3755 3429 3812 Ecclesia
3471 3761 3680 3812 sancta

2033 3845 2156 3914 Dei,
2187 3850 2279 3900 est
2305 3860 2460 3917 pura
2487 3844 2550 3899 in
2577 3843 2877 3900 mentibus
2905 3843 3229 3899 electorum
3258 3843 3523 3911 intentio,
3558 3860 3680 3915 qua

2034 3948 2271 4005 semper
2291 3933 2494 4002 esurit,
2519 3937 2575 3988 et
2604 3931 2844 3988 anhelat
2868 3931 2948 3987 ad
2980 3935 3186 3987 Deum.
3215 3935 3277 3987 In
3296 3947 3420 4004 qua
3441 3931 3682 3988 Samuel

2032 4021 2328 4096 propheta
2348 4021 2581 4092 judicat
2601 4020 2755 4076 ﬁlios
2783 4019 2978 4088 Israel,
3007 4019 3280 4076 videlicet
3301 4025 3364 4076 ut
3387 4021 3596 4077 doctor
3614 4019 3679 4075 ﬁ-

2034 4110 2182 4167 delis
2207 4110 2413 4166 ﬁdeles
2443 4109 2506 4165 in
2536 4109 2794 4165 Ecclesia
2819 4108 3100 4166 decernit.
3136 4109 3300 4166 Unde
3336 4109 3489 4165 bene
3540 4109 3682 4166 dici-

2036 4204 2151 4269 tur,
2183 4199 2349 4272 quod
2373 4203 2674 4255 revertens
2705 4197 2936 4254 habitat
2963 4198 3022 4254 in
3044 4201 3234 4255 Rama
3288 4197 3546 4266 Samuel,
3578 4197 3683 4254 ubi

2038 4292 2165 4346 erat
2187 4289 2406 4345 domus
2438 4287 2590 4358 ejus,
2606 4287 2751 4360 quia
2782 4287 3051 4344 videlicet
3070 4289 3185 4344 hoc
3205 4287 3502 4345 indicasse
3521 4285 3687 4343 vide-

2039 4382 2153 4448 tur,
2183 4377 2348 4450 quod
2368 4377 2564 4433 omnis
2589 4376 3026 4434 ecclesiasticus
3051 4378 3278 4444 doctor,
3312 4377 3402 4432 vir
3450 4377 3682 4449 spirita-

2035 4465 2106 4522 lis
2130 4466 2191 4522 in
2214 4466 2496 4538 Ecclesia,
2517 4466 2653 4523 licet
2681 4482 2918 4539 semper
2954 4467 3015 4522 in
3059 4466 3367 4522 altitudine
3415 4471 3680 4520 contem-

2037 4555 2316 4628 plationis
2344 4555 2478 4623 (hoc
2507 4556 2667 4611 enim
2697 4555 2992 4627 signiﬁcat
3020 4557 3227 4619 Rama,
3242 4569 3377 4624 quae
3401 4553 3683 4623 interpre-

2036 4648 2193 4700 tatur
2221 4645 2456 4701 excetsa
2485 4645 2719 4715 mente),
2753 4643 3022 4699 habitare
3049 4641 3393 4708 delectetur,
3425 4654 3532 4710 per
3589 4654 3682 4693 ac-

2036 4731 2226 4788 tiones
2255 4737 2457 4788 tamen
2486 4728 3098 4804 compassionum,ad
3130 4727 3374 4783 inﬁrma
3407 4726 3683 4782 membra

2037 4819 2308 4876 Ecclesia:
2341 4819 2822 4875 condescendere
2843 4833 2967 4873 non
2984 4816 3197 4884 renuit,
3221 4820 3278 4872 et
3295 4815 3473 4889 quasi
3493 4831 3683 4888 popu-

2035 4908 2164 4964 lum
2193 4907 2373 4964 Israel
2391 4906 2641 4978 judicat,
2676 4906 2822 4962 dum
2855 4905 3142 4963 creditam
3171 4905 3285 4962 sibi
3310 4905 3571 4978 plebem,
3604 4904 3684 4961 ad

2037 4996 2361 5054 tenendam
2386 4994 2675 5050 unitatem
2703 4993 2861 5061 ﬁdei,
2894 4998 2951 5052 et
2977 5000 3223 5052 caeteras
3252 4994 3496 5052 virtutes
3545 5010 3686 5066 ope-

2036 5086 2284 5156 randas,
2308 5084 3349 5142 suaexhortationeinstituitetdocet
3392 5102 3405 5140 :
3445 5101 3548 5140 seu
3579 5083 3685 5156 qui

2031 5175 2220 5248 judex
2235 5173 2411 5230 alieni
2427 5173 2622 5230 delicti
2642 5173 2913 5245 efﬁcitur,
2931 5178 2987 5230 et
3023 5173 3322 5245 judicium
3364 5177 3597 5230 exercet
3622 5171 3684 5227 in

2039 5264 2223 5320 domo
2240 5262 2342 5320 Dei
2361 5279 2374 5318 :
2388 5277 2511 5318 non
2520 5277 2674 5336 prop
2682 5267 2840 5320 terea
2853 5267 2910 5320 et
2921 5262 3222 5318 malevola
3231 5267 3447 5328 mente,
3476 5261 3584 5318 sed
3597 5276 3686 5316 se-

2041 5354 2308 5410 cundum
2324 5351 2490 5426 quod
2503 5367 2673 5409 sacra
2688 5351 2988 5425 Scriptura
3000 5350 3240 5420 revelat,
3257 5365 3434 5421 agere
3463 5349 3642 5405 debet
3666 5365 3680 5404 :

2041 5441 2618 5514 addomumproprii
2635 5441 2890 5514 pectoris
2931 5446 2988 5497 et
3020 5440 3396 5497 conscientia:
3441 5439 3684 5495 tandem

2039 5531 2252 5602 redire,
2272 5537 2329 5586 et
2345 5530 2570 5586 hostias
2589 5531 2765 5586 bonae
2787 5531 3105 5589 voluntatis
3138 5533 3255 5586 Deo
3278 5529 3609 5585 immolare.
