4130 6182
460 207 558 262 291

1081 318 1310 375 CAPUT
1346 316 1483 373 VII].

536 456 563 483 ‹‹
596 425 948 500 Congregati
978 439 1119 495 ergo
1145 422 1405 479 universi
1436 421 1695 493 majores
1728 421 1877 474 natu
1906 412 2106 476 lsrael,

465 546 493 575 ‹‹
523 521 814 578 venerunt
842 514 921 571 ad
942 511 1280 571 Samuelem
1296 513 1357 567 in
1375 508 1689 577 Ramatha,
1715 509 2109 578 dixeruntque

464 633 492 663 ς(
523 609 576 666 ei
608 626 621 665 :
655 610 802 664 Ecce
831 609 895 662 tu
926 601 1190 669 senuisti,
1211 606 1267 658 et
1294 601 1400 657 ﬁlii
1430 600 1512 657 tui
1542 616 1665 656 non
1709 595 2025 655 ambulant
2048 594 2109 648 in

463 723 492 751 «
520 698 630 756 viis
658 697 792 771 tuis,
818 692 1107 750 constitue
1132 690 1308 748 nobis
1336 706 1559 762 regem,
1592 692 1657 743 ut
1679 687 1908 761 judicet
1927 699 2110 771 nos,»

462 792 571 845 etc.
606 784 757 853 Quid
786 782 946 839 enim
977 779 1355 851 signiﬁcabat
1385 778 1550 855 quod
1589 776 1852 834 seniores
1910 770 2109 841 Israel,

459 871 779 949 reprobato
813 869 1085 929 Samuele
1107 869 1421 943 propheta,
1443 883 1646 940 regem
1664 864 1777 921 sibi
1794 862 2109 938 petierunt,

458 963 577 1021 nisi
603 963 719 1019 hoc
743 960 911 1037 quod
934 960 997 1016 in
1028 958 1287 1016 adventu
1319 957 1639 1014 Salvatoris
1658 955 2114 1029 impletumesse

459 1051 879 1124 cognoscimus
909 1048 1193 1123 :quando
1225 1046 1433 1104 scribae
1467 1052 1524 1103 et
1557 1044 1858 1113 Pharisaei,
1913 1043 2113 1118 repul-

459 1158 526 1199 so
558 1140 811 1198 Domino
840 1141 985 1195 Jesu
1016 1137 1247 1194 Christo
1276 1152 1419 1193 vero
1446 1134 1773 1201 sacerdote,
1806 1146 2009 1201 regem
2037 1129 2112 1185 si-

458 1231 520 1288 bi
549 1231 871 1301 elegerunt,
903 1227 1167 1285 clamant
1194 1245 1205 1282 :
1241 1250 1268 1278 «
1300 1229 1427 1282 Non
1449 1224 1747 1281 habemus
1779 1237 1981 1293 regem
2002 1218 2115 1275 nisi

461 1323 757 1380 Caesarem
781 1318 976 1391 (Joan.
1001 1316 1133 1391 χιχ).
1162 1337 1188 1366 ››
1219 1314 1384 1372 Unde
1412 1312 1673 1383 Samuel,
1704 1310 1811 1384 qui
1835 1311 2119 1382 interpre-

460 1412 617 1467 tatur
644 1423 857 1465 nomen
879 1409 1230 1478 ejusteus,
1281 1402 1636 1479 reprobatus
1696 1418 1731 1456 a
1782 1397 2116 1455 senioribus

460 1496 659 1569 Israel,
691 1495 1012 1554 Dominum
1044 1511 1113 1552 ac
1144 1491 1599 1565 Redemptorem
1631 1488 1943 1561 signiﬁcat.
1976 1484 2116 1542 Saul

457 1601 620 1655 vero,
652 1584 757 1661 qui
788 1583 1002 1640 dicitur
1030 1584 1250 1655 petitus
1278 1598 1385 1637 seu
1411 1580 1639 1652 petitio,
1692 1595 1801 1633 suo
1859 1575 2024 1650 quod
2080 1590 2117 1631 a

458 1673 684 1749 populo
731 1672 1067 1748 postulatus
1112 1670 1345 1743 legitur,
1404 1667 1698 1726 Barrabas
1751 1664 2114 1736 intelligitur,

459 1780 642 1839 quem
671 1758 885 1818 dimitti
917 1760 1031 1818 sibi
1061 1759 1394 1835 petierunt:
1429 1758 1534 1833 qui
1558 1755 1699 1814 Saul
1730 1754 1885 1810 ﬁlius
1914 1753 2025 1823 Cis,
2052 1750 2118 1807 ﬁ-

457 1850 573 1907 lius
605 1850 789 1918 Abiel,
817 1849 1001 1905 fuisse
1041 1848 1275 1921 legitur.
1337 1848 1432 1903 Cis
1482 1845 1642 1902 enim
1700 1844 2118 1917 interpretatur

458 1940 649 1996 durus
677 1938 772 1995 vel
802 1954 1056 1995 vomens.
1088 1937 1255 1994 Abiel
1280 1952 1421 1992 vero
1464 1956 1482 2005 ε
1510 1940 1641 1991 ater
1668 1951 1827 1989 meus
1880 1932 2113 1999 dicitur,

457 2044 720 2105 quorum
748 2028 1064 2085 nominum
1102 2024 1617 2101 interpretationes
1633 2024 1706 2079 ad
1742 2021 2118 2091 duritiem,et

457 2114 536 2175 ad
563 2116 859 2175 vomitum
916 2116 1158 2173 malitiae
1210 2114 1559 2171 Judaeorum
1612 2112 1927 2186 pertinent,
1988 2110 2111 2184 qui,

456 2209 644 2264 Deum
670 2205 908 2264 Patrem
938 2204 1307 2275 conﬁtentes,
1340 2202 1548 2259 Filium
1575 2202 1637 2259 in
1676 2201 1957 2275 passione
2010 2215 2113 2255 ne-

457 2300 767 2368 gaverunt,
801 2294 1063 2352 dicentes
1116 2310 1129 2350 :
1186 2291 1349 2354 Tolle
1378 2292 1563 2365 hunc,
1594 2294 1650 2347 et
1671 2290 1899 2345 dimitte
1939 2287 2114 2343 nobis

456 2384 788 2443 Barrabam
817 2400 829 2439 :
859 2399 983 2441 non
1008 2381 1422 2452 intelligentes,
1452 2379 1597 2454 quia
1637 2378 1743 2452 qui
1798 2382 1977 2448 negat
2035 2376 2112 2431 Fi-

455 2470 603 2529 lium
632 2476 813 2543 negat
851 2477 909 2529 et
922 2472 1179 2541 Patrem,
1211 2469 1315 2544 qui
1345 2468 1508 2526 misit
1535 2468 1724 2524 illum.

1020 2612 1227 2667 CAPP.
1268 2611 1334 2666 IX
1372 2614 1430 2666 et
1464 2612 1525 2667 X.

531 2742 559 2770 ‹‹
588 2718 740 2776 Tulit
770 2721 971 2775 autem
1000 2717 1244 2775 Samuel
1271 2714 1615 2773 lenticulam
1636 2714 1769 2783 olei,
1801 2719 1859 2770 et
1904 2714 2111 2771 effudit

462 2830 490 2859 «
524 2823 705 2883 super
734 2810 917 2881 caput
952 2807 1103 2879 ejus,
1137 2810 1193 2862 et
1220 2804 1603 2861 deosculatus
1635 2808 1893 2873 esteum,
1918 2808 1974 2859 et
1990 2803 2103 2859 ait:

457 2918 486 2948 «
516 2899 664 2953 Ecce
695 2897 865 2954 unxit
896 2902 948 2954 te
969 2896 1259 2953 Dominus
1289 2910 1469 2968 super
1495 2893 1900 2950 haereditatem
1930 2908 2107 2948 suam

456 3007 483 3034 κ
516 2984 578 3041 in
608 2985 960 3060 principem.
989 3004 1021 3040 ›
1081 2981 1398 3041 Sciendum
1447 2986 1538 3039 est
1585 2980 1750 3055 quod
1797 2978 1936 3036 Saul
1984 2996 2104 3035 non
2134 3011 2177 3069 ο

453 3073 631 3129 unius
662 3090 898 3148 semper
920 3089 1192 3147 persona:
1219 3072 1472 3143 gestavit
1525 3069 1807 3141 ﬁguram,
1857 3069 1962 3125 sed
2007 3069 2107 3125 ali-

449 3161 698 3237 quando
728 3162 1075 3221 Judaeorum
1104 3166 1338 3236 typum,
1362 3161 1442 3217 ob
1475 3159 1839 3234 superbiam,
1891 3164 1947 3216 et
1997 3159 2105 3216 ad-

449 3265 659 3307 versus
716 3252 904 3308 Deum
966 3248 1377 3320 invidentiam,
1440 3250 1588 3307 sicut
1645 3249 1918 3322 superius
1983 3249 2105 3305 teti-

451 3338 669 3409 gimus,
727 3344 783 3396 et
839 3340 901 3396 in
957 3338 1156 3396 futuro
1210 3338 1799 3395 demonstrabimus:
1836 3338 2106 3411 aliquan-

448 3426 529 3484 do
581 3428 815 3485 Domini
865 3428 1053 3485 nostri
1107 3431 1247 3483 Jesu
1299 3428 1529 3499 Christi,
1586 3431 1831 3499 propter
1873 3429 2104 3484 unctio-

445 3532 589 3574 nem
639 3517 828 3590 regni,
883 3521 1061 3590 atque
1111 3514 1484 3571 altitudinem
1541 3519 1798 3582 staturae,
1853 3520 2105 3589 etprop-

446 3608 534 3662 ter
583 3605 1006 3680 principatum.
1058 3606 1138 3659 De
1182 3619 1305 3677 quo
1377 3602 1568 3659 Isaias
1630 3603 1711 3659 ait
1769 3620 1781 3656 :
1835 3627 1863 3654 «
1891 3606 2104 3661 Factus

447 3698 534 3750 est
556 3694 933 3768 principatus
952 3693 1081 3764 ejus
1099 3708 1279 3765 super
1294 3693 1616 3747 humerum
1638 3692 1767 3763 ejus
1788 3692 1927 3765 (Isa.
1950 3693 2048 3765 1x).
2073 3715 2100 3742 »

444 3782 782 3856 Aliquando
811 3798 953 3839 vero
992 3780 1327 3854 principem
1357 3780 1557 3836 saeculi
1598 3780 1798 3852 hujus,
1856 3787 2103 3855 propter

444 3868 764 3926 elationem
796 3869 992 3925 cordis
1021 3872 1078 3925 et
1097 3868 1417 3924 humilium
1449 3869 1929 3942 oppressionem,
1952 3870 2103 3927 sicut

442 3956 506 4014 in
527 3957 915 4031 sequentibus
943 3956 1344 4014 declarabitur
1377 3976 1389 4028 ;
1425 3957 1531 4014 sed
1555 3958 1615 4014 in
1641 3958 1757 4015 hoc
1786 3959 1941 4031 loco,
1994 3960 2099 4015 ubi

444 4061 483 4102 a
537 4045 812 4101 Samuele
898 4050 1109 4102 unctus
1161 4045 1393 4118 legitur,
1421 4046 1620 4120 ipsum
1653 4047 1951 4106 Christum
1986 4052 2097 4105 Do-

442 4133 678 4191 minum
700 4133 918 4190 scilicet
973 4133 1343 4192 Salvatorem
1385 4135 1677 4207 designat.
1738 4138 1895 4194 Sicut
1936 4138 2096 4194 enim

446 4222 608 4296 Saul,
641 4240 778 4279 cum
800 4223 1001 4283 asinas
1027 4225 1211 4297 patris
1239 4225 1329 4281 sui
1389 4242 1520 4299 quae
1578 4226 1826 4284 deerant
1876 4242 2095 4301 quaere-

439 4318 548 4384 ret,
571 4312 632 4369 in
663 4330 849 4385 regno
878 4319 1227 4388 assumptus
1257 4319 1345 4372 est
1379 4331 1393 4371 :
1418 4315 1597 4371 simili
1619 4332 1863 4389 quoque
1909 4317 2093 4374 modo

439 4403 729 4459 Dominus
774 4407 831 4460 et
885 4402 1152 4460 Salvator
1200 4408 1423 4479 noster,
1479 4411 1807 4477 postquam
1888 4421 1924 4462 a
1996 4410 2093 4462 Pa-

438 4496 524 4550 tre
568 4509 678 4550 suo
725 4492 968 4561 missus,
1029 4493 1109 4549 ad
1153 4509 1297 4550 oves
1348 4510 1484 4568 quae
1530 4494 1830 4567 perierant
1874 4493 2092 4551 domus

435 4582 619 4640 Israel
660 4582 859 4641 venire
889 4582 1170 4655 dignatus
1219 4586 1325 4649 est,
1355 4598 1534 4656 super
1587 4585 1871 4639 cunctum
1904 4600 2092 4656 popu-

431 4671 561 4731 lum
618 4691 800 4731 suum
853 4673 932 4730 ab
966 4689 1038 4729 eo
1086 4672 1147 4729 in
1190 4688 1395 4743 regem
1447 4676 1681 4728 tantum
1741 4673 2091 4730 constitutus

435 4766 542 4819 est.
598 4763 688 4820 Sic
741 4763 869 4835 ipse
916 4762 996 4818 ait
1056 4778 1069 4817 :
1127 4779 1157 4814 α
1188 4763 1309 4833 Ego
1342 4764 1543 4817 autem
1571 4761 1926 4818 constitutus
1954 4779 2091 4819 sum

433 4866 539 4906 rex
561 4849 638 4904 ab
669 4865 740 4905 eo
770 4864 952 4921 super
985 4848 1125 4905 Sion
1144 4854 1417 4906 montem
1447 4854 1728 4906 sanctum
1751 4854 1882 4922 ejus
1900 4851 2088 4923 (Psal.

430 4953 492 5003 Π,
520 4935 715 4993 Marc.
756 4936 957 5006 mu):
989 4958 1018 4985 »
1074 4936 1190 4994 hoc
1244 4938 1406 4996 enim
1445 4938 1947 5014 praeﬁgurabatur
1984 4957 2091 5014 per

432 5024 634 5083 asinas
664 5029 907 5098 propter
949 5023 1408 5100 simplicitatem,
1468 5028 1634 5102 quod
1690 5033 1746 5086 et
1788 5047 1893 5103 per
1946 5046 2088 5086 oves

429 5117 675 5188 propter
697 5113 1123 5170 innocentiam.
1174 5117 1392 5171 Armus
1421 5132 1606 5191 quem
1642 5119 1783 5177 Saul
1838 5118 2084 5190 accepit,

432 5203 584 5259 sicut
607 5202 882 5274 superius
910 5201 1144 5273 legitur,
1176 5203 1581 5280 principatum
1626 5206 1922 5278 signiﬁcat
1972 5209 2085 5261 Do-

428 5291 579 5353 mini
604 5290 796 5350 nostri
818 5309 1002 5369 quem
1032 5296 1282 5371 accepit.
1308 5296 1419 5364 Qui
1446 5312 1482 5353 a
1542 5295 1814 5354 Samuele
1866 5298 2082 5351 unctus

426 5376 662 5454 dicitur,
689 5381 832 5455 quia
862 5399 899 5441 a
928 5385 1046 5440 Deo
1075 5384 1245 5442 Patre
1275 5385 1617 5457 unigenitus
1649 5384 1829 5441 Filius
1854 5384 2084 5456 spirita-

424 5470 468 5530 li
498 5471 776 5529 unctione
801 5471 1102 5531 delibutus
1129 5474 1344 5547 legitur
1385 5492 1398 5530 :
1453 5473 1528 5530 de
1573 5489 1695 5549 quo
1729 5473 2078 5530 Psalmista:

320 5565 341 5578 ⁹
429 5586 457 5615 κ
494 5565 809 5636 Propterea
838 5563 1001 5619 unxit
1030 5569 1082 5620 te
1095 5567 1444 5633 Deus,Deus
1466 5566 1601 5619 tuus
1625 5564 1812 5636 (Psal.
1838 5564 2015 5636 xuv),
2052 5586 2080 5616 ››

425 5657 486 5709 et
500 5652 751 5727 reliqua.
783 5654 1003 5711 Omnes
1031 5655 1193 5713 enim
1222 5658 1379 5712 retro
1408 5650 1553 5709 olim
1576 5668 1747 5727 reges
1768 5655 1969 5727 Israel,
1999 5655 2079 5714 ob

1542 187 1902 249 ANGELOMI
1942 172 2391 241 Luxo'mmms
2428 180 2763 243 MONACHI.

2135 305 2188 362 A
2218 308 2513 364 unctionis
2538 309 3003 373 sacramentum,
3034 304 3097 360 in
3122 305 3269 375 typo
3296 301 3617 359 Salvatoris
3666 301 3879 358 ehdsti

3764 177 3880 236 292

2218 401 2357 454 sunt
2383 398 2683 470 appellati.
2719 396 2886 452 Unde
2918 399 2974 451 et
3006 392 3195 450 David
3224 393 3307 448 ait
3347 391 3427 448 ad
3473 407 3614 447 eum
3662 391 3773 463 qui
3815 407 3878 447 se

2216 486 2470 543 finxerat
2495 486 2635 543 Saul
2665 486 2951 542 occidisse
2980 500 2995 540 :
3025 506 3053 535 ‹‹
3085 481 3402 549 Quomodo
3440 495 3567 536 non
3626 479 3880 537 timuisti

2217 589 2470 631 manum
2498 560 2664 631 tuam
2695 574 2921 630 mittere
2949 573 3010 628 in
3036 572 3324 628 christum
3356 568 3593 626 Domini
3612 568 3711 641 (II
3732 570 3877 640 Reg.

2218 664 2299 736 1)?
2334 684 2365 717 ›
2390 664 2503 721 Sed
2528 664 2681 720 bene
2703 663 2802 730 ait,
2835 662 3002 736 quod
3024 661 3102 718 ab
3130 661 3387 716 humero
3426 674 3676 717 sursum
3738 657 3881 715 Saul

2220 752 2703 826 supereminebat
2729 751 3033 817 omnibus,
3063 751 3238 822 juxta
3288 747 3619 821 spiritalem
3664 746 3878 802 intelli-

2222 841 2503 912 gentiam,
2531 842 2675 915 quia
2707 844 2889 913 caput
2934 843 3207 895 nostrum
3258 852 3502 892 sursum
3547 839 3637 892 est
3696 850 3883 908 supra

2220 945 2354 998 nos,
2383 930 2549 1003 quod
2573 934 2660 987 est
2681 929 2968 988 Christus.
2992 930 3058 983 Et
3077 927 3231 982 bene
3251 925 3478 982 dictum
3508 942 3522 978 :
3548 943 3579 978 ‹
3602 929 3739 981 Non
3757 928 3884 980 erat

2221 1018 2431 1075 melior
2459 1019 2625 1090 illo»,
2640 1024 2697 1075 et
2716 1017 3030 1075 Psalmista
3055 1034 3067 1071 :
3093 1037 3121 1066 ‹‹
3153 1015 3294 1081 Quis
3310 1015 3371 1070 in
3388 1013 3659 1070 nubibus
3678 1029 3882 1087 mqua-

2222 1108 2399 1174 bitur,
2430 1112 2531 1165 aut
2561 1108 2695 1181 quis
2724 1105 2933 1163 similis
2961 1105 3068 1161 erit
3098 1106 3217 1160 Deo
3243 1103 3388 1160 Filio
3420 1104 3525 1159 Dei
3550 1104 3581 1159 ?
3610 1123 3642 1156 ‹
3695 1104 3879 1175 (Psal.

2222 1197 2522 1268 Lxxxmi.)
2553 1197 2653 1252 Hic
2682 1196 2843 1252 enim
2872 1210 2995 1251 non
3019 1194 3232 1249 seriem
3258 1192 3520 1248 historiae
3541 1193 3757 1261 secuti,
3781 1191 3883 1247 sed

2225 1284 2507 1359 spiritalis
2534 1284 2933 1355 intelligentiae
2961 1298 3206 1339 sensum
3239 1281 3630 1339 continuatim
3663 1280 3886 1338 descri-

2222 1375 2365 1432 bere
2390 1375 2585 1432 conati
2606 1391 2838 1430 sumus.
2859 1376 3149 1431 Caeterum
3169 1372 3314 1444 quia
3329 1386 3548 1443 parum
3569 1370 3887 1427 historiam

2223 1464 2738 1539 praetermisimus,
2771 1464 2847 1519 ad
2869 1478 3003 1519 eam
3020 1462 3447 1518 insinuandam
3468 1461 3887 1534 apostrOphen

2224 1553 2421 1611 facere
2450 1553 2841 1610 decrevimus.
2866 1552 2957 1609 Ait
2984 1552 3143 1608 enim
3165 1566 3338 1607 sacra
3363 1551 3610 1607 historia
3641 1569 3656 1607 :

2150 1656 2198 1715 Β
2298 1664 2327 1692 α
2361 1643 2630 1716 Dixitque
2663 1641 2800 1699 Saul
2818 1641 2896 1697 ad
2922 1656 3178 1714 puerum
3195 1655 3372 1695 suum
3401 1658 3416 1708 ;
3441 1642 3588 1696 Ecce
3603 1639 3835 1697 ibimus
3867 1657 3880 1695 :

2228 1753 2255 1782 ‹‹
2285 1731 2433 1805 quid
2457 1732 2718 1788 feremus
2748 1731 2827 1787 ad
2855 1730 3051 1787 virum
3103 1728 3253 1785 Dei?
3286 1750 3313 1779 »
3360 1732 3417 1785 et
3444 1729 3695 1802 reliqua.
3762 1734 3882 1787 Non

2226 1821 2386 1878 enim
2409 1821 2665 1894 putabat
2689 1820 2829 1879 Saul
2859 1820 2974 1876 sibi
2999 1819 3200 1876 asinas
3223 1834 3259 1875 a
3283 1818 3558 1877 Samuele
3593 1820 3769 1877 aliter
3794 1821 3880 1875 ill-

2225 1910 2431 1977 dicari,
2456 1910 2573 1966 nisi
2599 1909 2789 1983 pretio
2817 1908 3217 1971 divinationis,
3272 1907 3347 1964 de
3389 1924 3513 1981 quo
3570 1924 3722 1982 puer
3781 1911 3877 1977 ait,

2225 2015 2364 2056 cum
2394 2016 2431 2057 a
2459 1999 2632 2057 Saule
2661 1999 2929 2056 audisset
2984 2017 2999 2055 :
3050 1998 3226 2054 Panis
3272 1996 3488 2054 defecit
3541 1999 3601 2055 in
3628 1999 3879 2058 sitarciis

2223 2087 2443 2144 nostris
2473 2105 2487 2144 :

2296 2198 2323 2226 «
2356 2180 2503 2234 Ecce
2530 2176 2774 2234 inventa
2802 2181 2890 2233 est
2917 2177 2979 2232 in
3000 2190 3189 2233 manu
3210 2179 3585 2250 mea‘quarta
3601 2192 3742 2251 pars
3764 2181 3875 2233 sta-

2224 2266 2417 2323 «teris
2465 2267 2714 2338 argenti,
2771 2265 2985 2323 demus
3037 2264 3272 2322 homini
3326 2266 3449 2322 Dei.
3483 2287 3511 2317 »
3565 2267 3703 2324 Ideo
3752 2267 3867 2323 ait:

2222 2355 2376 2421 Quid
2402 2355 2660 2412 feremus
2682 2356 2759 2413 ad
2785 2356 2983 2412 virum
3015 2355 3115 2411 Del
3137 2354 3167 2412 τ
3190 2354 3360 2419 Quod
3384 2360 3585 2412 autem
3604 2356 3757 2413 Sauli
3782 2355 3869 2410 in-

2220 2445 2478 2517 quirenti
2507 2444 2582 2500 de
2613 2444 2877 2515 Vidente,
2902 2443 3352 2517 responderunt
3374 2444 3628 2501 dicentes
3662 2460 3676 2498 :

2291 2551 2321 2585 ‹
2347 2533 2583 2590 Festina
2613 2549 2795 2601 nunc,
2818 2533 2999 2590 hodie
3028 2533 3188 2589 enim
3246 2534 3407 2591 venit
3446 2534 3506 2589 in
3546 2533 3853 2598 civitatem,

2221 2640 2251 2676 ‹
2280 2622 2424 2695 quia
2456 2622 2818 2679 sacriﬁcium
2834 2627 2921 2679 est
2938 2621 3119 2678 hodie
3138 2622 3351 2696 populi
3366 2622 3428 2680 in
3446 2621 3695 2680 excelso.
3717 2643 3743 2671 η
3756 2622 3860 2677 Sa-

2219 2710 2508 2766 criﬁcium
2539 2711 2600 2767 in
2629 2711 2745 2768 hoc
2772 2711 2928 2783 loco,
2954 2717 3135 2785 prout
3156 2711 3344 2785 aliqui
3370 2712 3617 2783 intelligi
3638 2710 3862 2777 volunt,

2214 2798 2541 2871 prandium
2565 2799 2929 2872 intelligitur,
2962 2801 3128 2874 quod
3153 2806 3599 2874 praeparaverat
3634 2797 3872 2858 Samuel

2215 2887 2443 2962 populo
2472 2890 2533 2944 in
2573 2889 2872 2957 Kalendis,
2907 2891 3050 2964 quia
3082 2892 3350 2964 sequitur
3382 2909 3394 2946 :

2288 3000 2316 3029 ‹‹
2350 2982 2552 3053 Neque
2572 2982 2733 3036 enim
2779 2984 3152 3037 comesturus
3201 2986 3287 3037 est
3336 2980 3621 3053 populus,
3673 2980 3873 3035 donec

2216 3089 2245 3116 «
2272 3067 2367 3124 ille
2387 3071 2605 3137 veniat,
2629 3071 2776 3142 quia
2802 3069 2933 3143 ipse
2962 3069 3269 3127 benedicet
3314 3067 3542 3136 hostias,
3591 3074 3650 3124 et
3702 3067 3869 3124 dein-

2221 3177 2243 3211 ι
2279 3173 2419 3231 ceps
2450 3158 2766 3215 comedent
2822 3159 2926 3231 qui
2981 3157 3171 3215 vocati
3217 3160 3372 3212 sunt.
3408 3179 3436 3207 ››
3490 3158 3781 3213 Caeterum
3814 3157 3877 3212 si

2213 3247 2351 3321 quis
2380 3246 2722 3322 simpliciter
2740 3246 2814 3303 de
2838 3247 3046 3304 hostiis
3072 3244 3415 3313 immolatis,
3448 3261 3518 3302 ac
3563 3244 3876 3302 sacriﬁciis

2210 3335 2536 3407 intelligere
2557 3336 2825 3405 voluerit,
2857 3351 2968 3393 nos
3009 3351 3133 3393 non
3188 3334 3554 3393 inhibemus.
3599 3335 3872 3409 Dixitque

2215 3425 2455 3481 Samuel
2486 3425 2563 3482 ad
2598 3425 2739 3483 Saul
2766 3444 2779 3482 :

2285 3532 2315 3569 α
2338 3515 2608 3571 Ascende
2631 3518 2767 3572 ante
2799 3531 2895 3572 me
2917 3515 2979 3571 in
3008 3514 3403 3586 excelsum,ut
3435 3514 3720 3572 comedas
3739 3529 3866 3570 me-

2213 3628 2239 3655 (ι
2273 3621 2412 3660 cum
2438 3609 2492 3660 et
2517 3605 2812 3662 dimittam
2839 3610 2892 3662 te
2920 3622 3120 3671 mane,
3149 3610 3205 3662 et
3220 3604 3426 3662 omnia
3446 3621 3585 3679 quae
3640 3607 3772 3673 sunt
3797 3604 3861 3659 in

2178 3715 2240 3749 ,‹‹
2273 3694 2451 3750 corde
2474 3698 2574 3750 tuo
2603 3695 2886 3751 indicabo
2908 3696 3031 3751 tibi.
3055 3717 3082 3744 »
3144 3694 3244 3751 Hic
3265 3694 3426 3750 enim
3451 3694 3500 3749 si
3528 3710 3652 3751 non
3668 3690 3860 3765 displi-

2210 3783 2414 3855 cuerit,
2448 3782 2617 3839 sicuti
2643 3783 2931 3855 scriptum
2960 3783 3320 3851 invenimus,
3349 3782 3733 3840 traditionem
3765 3782 3864 3836 Ju-

2207 3870 2480 3927 daeorum
2505 3870 2761 3929 inserere
2791 3873 3235 3946 praesumimus.
3271 3875 3408 3929 Erat
3434 3871 3597 3929 enim
3625 3871 3688 3927 in
3742 3886 3869 3926 cor-

2207 3961 2282 4018 de
2308 3961 2447 4018 Saul
2467 3961 2641 4034 (sicut
2668 3962 2787 4035 ipsi
2811 3961 3078 4034 tradunt)
3099 3960 3266 4035 quod
3292 3978 3397 4018 rex
3428 3961 3666 4018 futurus
3686 3965 3867 4031 esset,

2205 4050 2351 4123 quia
2376 4051 2607 4107 viderat
2634 4067 2741 4124 per
2767 4050 2965 4108 visum
2987 4067 3049 4108 se
3078 4051 3141 4106 in
3161 4051 3379 4108 vertice
3407 4051 3638 4107 arboris
3681 4050 3871 4106 collo-

2206 4140 2328 4197 cari
2363 4156 2535 4213 ;quee
2563 4141 2712 4196 visio
2734 4140 2973 4211 signum
2998 4140 3200 4212 regale
3224 4145 3367 4198 erat.
3428 4139 3694 4214 Denique
3742 4154 3872 4195 non

2206 4229 2627 4285 tantummodo
2658 4229 2732 4285 de
2757 4229 2939 4286 asinis
2970 4246 3123 4305 quas
3175 4229 3518 4304 perdiderat
3570 4229 3634 4284 in
3682 4229 3869 4285 corde

2207 4318 2518 4388 tractabat,
2550 4319 2694 4391 quia
2719 4335 2858 4375 cum
2887 4319 3113 4377 dictum
3132 4320 3204 4376 sit
3232 4338 3244 4375 :
3273 4320 3339 4376 Et
3358 4318 3562 4375 omnia
3578 4333 3715 4392 quae
3727 4320 3874 4374 sunt

2205 4408 2266 4465 in
2298 4408 2475 4466 corde
2505 4412 2608 4465 tuo
2627 4407 2910 4466 indicabo
2936 4409 3061 4478 tibi,
3096 4409 3294 4466 statim
3320 4425 3427 4483 per
3454 4413 3689 4483 partem
3725 4424 3877 4463 con-

2199 4497 2524 4570 junctionis
2555 4498 2980 4571 copulativam,
3012 4502 3067 4555 et
3096 4497 3519 4569 distinguendo
3558 4496 3876 4572 copulavit

2203 4586 2413 4643 dicens
2445 4604 2458 4641 :

2274 4699 2301 4727 «
2327 4679 2395 4732 Et
2418 4678 2493 4733 de
2523 4677 2708 4734 asinis
2748 4693 2902 4752 quas
2950 4676 3261 4750 perdidisti
3307 4676 3737 4734 nudiustertius
3786 4693 3876 4733 ne

2202 4788 2231 4818 «
2265 4765 2547 4823 sollicitus
2579 4767 2679 4837 sis,
2713 4767 2856 4841 quia
2876 4766 3102 4824 inventi
3127 4770 3282 4823 sunt.
3310 4788 3339 4817 »
3363 4770 3430 4823 Et
3458 4766 3606 4821 illud
3659 4782 3672 4821 :
3731 4787 3763 4815 ‹‹
3796 4768 3878 4823 Et

2200 4876 2231 4909 ‹
2256 4873 2427 4930 cujus
2457 4861 2632 4914 erunt
2652 4857 2881 4931 optima
2906 4873 3161 4931 quaeque
3187 4856 3362 4914 lsrael
3381 4858 3410 4914 ?
3429 4871 3633 4915 nonne
3669 4854 3780 4912 tibi
3810 4859 3876 4912 et

2201 4968 2230 4997 ‹‹
2261 4946 2427 5003 omni
2456 4947 2665 5004 domui
2692 4947 2876 5021 patris
2905 4947 3010 5003 tui.
3032 4971 3061 4997 »
3073 4946 3243 5003 Tales
3264 4946 3422 5003 enim
3440 4944 3875 5016 ethujusmodi

2197 5035 2543 5091 traditiones
2570 5035 2936 5107 Judeeorum,
2960 5035 3034 5091 de
3058 5034 3422 5110 apocryphis
3452 5034 3619 5090 libris
3648 5049 3873 5091 eorum

2194 5122 2443 5194 prolatae
2457 5128 2612 5191 sunt,
2640 5139 2796 5197 quos
2808 5140 3017 5181 secum
3032 5124 3371 5181 reconditos
3382 5123 3628 5191 habent,
3642 5138 3787 5197 quae
3804 5124 3873 5180 in

2194 5210 2411 5266 nostris
2439 5227 2562 5268 non
2571 5211 2890 5268 habentur.
2907 5212 3117 5270 Etideo
3133 5230 3169 5270 a
3184 5213 3555 5287 quibusdam
3565 5212 3874 5287 recipiun-

2192 5301 2308 5371 tur,
2338 5315 2464 5356 non
2498 5303 2813 5374 propterea
2842 5305 2907 5357 ut
2933 5299 3068 5358 illos
3096 5303 3456 5376 approbent,
3487 5302 3593 5360 sed
3623 5318 3696 5359 ea
3719 5318 3867 5376 quae

2192 5389 2532 5447 necessaria
2557 5392 2711 5458 sunt,
2728 5388 2808 5445 ad
2831 5389 3320 5450 conﬁrmandum
3349 5392 3664 5467 recipiunt.
3681 5392 3867 5459 Quod

2191 5481 2249 5532 et
2274 5476 2496 5533 Paulus
2516 5474 2836 5552 Apostolus
2867 5479 2928 5536 in
2958 5481 3233 5556 Epistolis
3249 5481 3374 5538 suis
3414 5483 3548 5556 (Tit.
3580 5497 3620 5553 ι,
3650 5482 3686 5537 Ῑ
3713 5481 3859 5538 Cor.

2189 5566 2309 5639 xv),
2338 5582 2461 5623 non
2492 5567 2687 5625 solum
2717 5569 2791 5627 de
2812 5570 3203 5629 Hebraeorum
3233 5571 3400 5628 libris
3456 5570 3859 5646 apocryphis,

2187 5657 2580 5718 verumetiam
2608 5675 2681 5717 ex
2710 5665 3030 5736 poetarum
3055 5678 3124 5720 ac
3145 5663 3519 5720 comicorum
3535 5660 3857 5733 gentilium
