4136 6176
265 206 364 263 293

1284 207 1542 264 ENABB.
1578 210 1647 266 IN
1677 202 1927 265 LIBROS
1955 200 2214 259 REGUM.
2238 234 2307 245 —
2332 204 2403 261 IN
2429 206 2555 262 LIB.
2574 204 2635 261 Ἰ.

3564 216 3670 271 294

262 328 363 385 ubi
382 332 796 403 opportunum
826 329 986 393 vidit,
1037 330 1313 404 exempla
1370 332 1634 405 protulit.
1676 335 1804 388 Non
1850 332 1915 384 ut
1944 320 1990 383 Ᾱ
2024 347 2051 374 ‹‹
2079 326 2256 399 coepit
2287 327 2607 385 adversum
2636 328 2812 385 Jabes
2838 328 3083 386 Galaad.
3114 328 3521 407 Dixeruntque
3545 351 3672 393 om-

264 418 465 475 omnia
499 434 705 474 eorum
752 424 1094 476 commenta
1125 420 1505 493 approbaret,
1559 422 1665 478 sed
1698 435 1913 493 oppor-

260 512 402 564 tuna
430 506 537 563 ubi
568 509 974 564 necessarium
1003 508 1170 577 vidit,
1194 509 1611 567 inseruit.Hinc
1638 515 1726 566 est
1748 507 1913 581 quod

259 594 440 652 ludas
470 596 780 669 apostolus
809 597 871 652 in
918 597 1178 670 Epistola
1207 613 1316 653 sua
1365 615 1435 654 ex
1492 599 1704 654 iisdem
1744 597 1911 653 libris

261 683 604 757 exemplum
623 683 837 755 intulit,
879 684 1115 741 dicens:
1146 708 1175 736 ‹‹
1210 686 1586 759 Prophetavit
1609 689 1809 743 autem
1838 684 1913 741 de

262 773 350 829 his
374 773 667 845 septimus
693 772 773 829 ab
803 773 995 830 Adam
1041 776 1263 841 Enoch,
1297 774 1528 831 dicens:
1582 779 1725 831 Ecce
1754 773 1915 830 venit

263 861 549 918 Dominus
588 861 647 916 in
673 861 895 918 sanctis
929 861 1194 918 millibus
1220 862 1344 919 suis
1393 862 1585 920 facere
1619 863 1914 937 judicium

264 956 467 1009 contra
497 965 709 1007 omnes
752 951 912 1023 (Jud.
944 953 1063 1023 11).»
1096 951 1268 1018 Quod
1298 968 1369 1009 ex
1412 952 1709 1026 praedictis
1750 952 1914 1008 libris

263 1044 572 1114 sumptum
604 1044 711 1111 est,
746 1040 849 1096 sed
884 1040 1028 1113 quia
1056 1056 1263 1097 verum
1315 1045 1422 1112 est,
1479 1057 1601 1099 non
1654 1045 1743 1098 est
1783 1041 1915 1112 reji-

262 1129 564 1187 ciendum.
590 1131 720 1185 Non
746 1134 951 1186 tamen
981 1129 1187 1186 omnia
1207 1129 1604 1204 approbanda
1629 1135 1787 1199 sunt,
1811 1129 1916 1185 scd

270 1218 607 1275 necessaria
638 1218 1012 1292 accipienda.
1048 1218 1139 1275 Sic
1171 1219 1351 1275 etiam
1383 1219 1728 1277 traditiones
1768 1234 1919 1275 non-

262 1306 440 1364 nullae
463 1312 810 1380 opportuno
848 1308 1228 1364 assumendae
1259 1312 1416 1365 sunt.

335 1420 361 1445 ‹‹
386 1398 659 1469 Cumque
690 1396 908 1452 abieris
950 1397 1112 1469 inde,
1163 1401 1216 1454 et
1257 1397 1412 1455 ultra
1446 1396 1770 1465 transieris,
1804 1419 1833 1449 »
1863 1400 1920 1454 et

261 1484 490 1559 reliqua
517 1502 835 1559 usquequo
862 1486 960 1555 ait,
979 1509 1007 1538 «
1029 1486 1336 1543 invenient
1352 1492 1406 1543 te
1435 1492 1555 1543 tres
1573 1487 1683 1543 viri
1711 1502 1917 1544 ascen-

263 1598 294 1625 ‹‹
322 1574 530 1631 dentes
563 1574 641 1631 ad
672 1578 859 1631 Deum
883 1576 943 1630 in
974 1572 1232 1632 Bethel.»
1267 1576 1331 1631 Hi
1352 1575 1460 1631 viri
1483 1591 1667 1633 causa
1697 1576 1916 1633 oratio-

262 1666 352 1721 nis
374 1666 548 1721 ibant
576 1665 639 1721 in
662 1664 894 1733 Bethel;
920 1665 1027 1721 ubi
1050 1665 1233 1722 Jacob
1253 1666 1518 1738 lapidem
1558 1671 1843 1723 erexerat.

332 1776 362 1809 ‹
393 1759 531 1811 Post
554 1756 683 1811 haec
712 1755 959 1812 veniens
1005 1756 1082 1812 ad
1110 1756 1319 1812 collem
1345 1756 1465 1823 Dei,
1499 1755 1601 1811 ubi
1630 1760 1717 1812 est
1747 1756 1919 1812 statio

262 1868 291 1896 ‹‹
328 1845 836 1902 Philisthinorum.
873 1866 901 1895 ››
926 1845 1102 1901 Collis
1134 1846 1233 1902 Dei
1262 1846 1431 1903 locus
1466 1851 1591 1903 erat
1622 1847 1726 1903 ubi
1778 1863 1917 1921 pro-

260 1935 453 2008 phetae
482 1933 861 1991 habitabant.
886 1958 912 1983 «
937 1937 1002 1991 Et
1032 1951 1171 1991 cum
1187 1936 1495 2006 ingressus
1527 1934 1708 1992 fueris
1736 1935 1797 1991 in
1817 1951 1917 1992 ur-

261 2047 289 2073 «
318 2024 477 2097 hem,
506 2025 752 2081 obviam
781 2025 1037 2081 habebis
1061 2040 1303 2096 gregem
1324 2025 1759 2100 prophetarum
1786 2026 1919 2082 des-

264 2134 293 2167 ι
329 2114 710 2171 cendcntium
742 2114 816 2171 de
843 2115 1098 2183 excelso,
1132 2115 1417 2190 ipsosque
1465 2117 1916 2190 prophetantes,

262 2228 290 2253 ‹‹
316 2210 370 2261 et
394 2204 613 2261 insiliet
659 2205 719 2260 in
769 2209 825 2260 te
854 2205 1103 2279 Spiritus
1132 2206 1389 2274 Domini,
1442 2210 1500 2263 et
1528 2207 1918 2281 prophetabis

262 2318 291 2343 «
324 2309 463 2351 cum
495 2294 599 2362 eis,
633 2299 690 2351 et
718 2293 1048 2351 mutaberis
1089 2295 1150 2350 in
1179 2295 1376 2352 virum
1403 2297 1609 2354 alium.
1664 2296 1917 2363 Quando

263 2407 293 2434 ιι
337 2398 478 2456 ergo
503 2384 807 2441 evenerint
838 2384 1012 2453 signa
1036 2385 1164 2441 haec
1198 2385 1402 2443 omnia
1431 2385 1557 2455 tibi,
1616 2385 1708 2443 fac
1757 2403 1920 2460 quas-

265 2497 293 2523 «
326 2488 565 2547 cunque
614 2473 908 2529 invenerit
934 2490 1155 2530 manus
1185 2479 1303 2544 tua,
1336 2476 1480 2549 quia
1510 2475 1799 2531 Dominus
1841 2480 1920 2532 te-

266 2589 295 2613 «
326 2580 465 2620 cum
497 2568 621 2620 est:
652 2568 706 2621 et
731 2563 951 2620 insiliet
975 2565 1038 2621 in
1059 2567 1115 2620 te
1134 2565 1382 2640 Spiritus
1406 2565 1662 2633 Domini,
1701 2569 1759 2622 et
1788 2581 1922 2639 pro-

274 2675 298 2705 ι
331 2653 609 2727 phetabis
649 2671 787 2710 cum
836 2655 974 2709 eis.»
1008 2654 1405 2728 Prophetasse
1438 2671 1576 2711 eum
1621 2653 1702 2710 ibi
1728 2654 1916 2711 Judaei

259 2745 467 2801 dicunt
496 2743 575 2800 de
605 2743 804 2800 futuro
831 2744 1071 2813 saeculo,
1096 2749 1150 2800 et
1177 2743 1251 2801 de
1278 2746 1403 2817 Gog
1431 2748 1491 2801 et
1514 2747 1743 2818 Magog,
1771 2749 1827 2801 et
1845 2744 1920 2801 de

262 2834 525 2906 praemiis
552 2835 879 2905 justorum,
910 2838 967 2889 et
992 2850 1174 2906 paana
1201 2834 1545 2908 impiorum,
1579 2838 1728 2892 Nam
1776 2835 1922 2908 quia

264 2922 482 2996 Spiritu
506 2921 746 2978 Domini
775 2921 1073 2995 impulsus
1106 2923 1505 2997 prophetavit,
1542 2924 1616 2979 de
1656 2927 1920 2979 adventu

262 3012 473 3067 Christi
504 3016 561 3068 et
610 3011 804 3068 salute
832 3011 1152 3068 hominum
1200 3012 1594 3086 prophetasse
1644 3027 1769 3068 non
1807 3011 1918 3067 du-
1950 3038 1991 3097 ο

263 3099 432 3157 bium
464 3104 572 3157 est.

336 3188 646 3254 «Quando
677 3204 820 3261 ergo
852 3189 1121 3246 venerint
1151 3190 1323 3261 signa
1368 3189 1498 3246 haec
1546 3189 1751 3246 omnia
1788 3189 1912 3256 tibi,

261 3301 293 3329 ς(
328 3279 428 3335 fac
455 3296 829 3353 quaecunque
867 3279 1157 3336 invenerit
1182 3296 1399 3336 manus
1430 3283 1552 3348 tua,
1592 3278 1737 3352 quia
1770 3282 1922 3335 Deus

263 3389 297 3416 «ι
334 3371 543 3422 tecum
562 3371 665 3422 est.
692 3392 716 3415 ››
738 3373 815 3423 Ac
844 3368 891 3422 si
912 3367 1157 3424 diceret:
1190 3368 1293 3422 His
1327 3366 1513 3437 signis
1545 3382 1725 3422 nosse
1756 3371 1923 3441 pote-

262 3455 353 3511 ris
398 3455 546 3527 quia
583 3456 731 3511 Deus
781 3460 829 3512 te
852 3472 1057 3527 regem
1113 3455 1241 3511 ﬁeri
1270 3455 1476 3525 voluit,
1508 3459 1565 3512 et
1592 3455 1813 3511 idcirco
1845 3454 1924 3512 ad

234 3543 479 3600 eomnia
510 3560 645 3616 quae
692 3543 789 3600 tibi
832 3544 1070 3616 agenda
1121 3548 1278 3618 sunt,
1311 3543 1590 3615 regaliter
1616 3559 1749 3616 age,
1782 3544 1925 3616 quia

266 3635 425 3690 Deus
456 3636 653 3688 tecum
685 3637 794 3689 est.

347 3744 375 3769 (ι
398 3720 673 3776 Videntcs
705 3725 912 3776 autem
938 3736 1148 3776 omnes
1178 3720 1282 3794 qui
1312 3724 1604 3776 noverant
1630 3736 1770 3776 eum
1798 3720 1927 3777 heri

286 3827 315 3854 ‹‹
348 3810 405 3860 et
432 3807 867 3880 nudiustertius,
895 3808 1062 3882 quod
1113 3812 1271 3864 esset
1312 3824 1451 3864 cum
1504 3807 1811 3881 prophetis
1872 3812 1930 3865 et

287 3917 315 3943 «ι
339 3895 729 3969 prophetaret,
759 3898 1038 3954 dixerunt
1067 3898 1145 3953 ad
1171 3897 1426 3953 invicem
1458 3913 1470 3952 :
1497 3898 1788 3963 Quaenam
1833 3913 1928 3952 res

279 4007 305 4034 α
332 3985 541 4042 accidit
564 3987 686 4043 ﬁlio
722 3987 861 4043 Cis?
886 3990 1039 4044 Num
1087 3992 1144 4043 et
1197 3985 1339 4042 Saul
1362 3985 1513 4042 inter
1560 3987 1929 4060 prophetas?

267 4097 299 4125 «
329 4075 782 4151 Responditque
814 4075 966 4133 alius
1004 4076 1083 4133 ad
1110 4076 1383 4143 alterum,
1434 4074 1671 4131 dicens:
1706 4077 1771 4131 Et
1793 4076 1930 4149 quis

259 4184 294 4218 ‹
326 4169 500 4238 pater
532 4181 745 4221 eorum
765 4168 793 4223 ?
832 4188 861 4215 n
894 4170 952 4223 et
978 4164 1228 4240 reliqua.
1260 4168 1415 4221 Bene
1459 4164 1558 4234 ait,
1593 4164 1765 4221 Saule
1796 4181 1929 4239 pro-

258 4254 551 4327 phetante
580 4272 719 4311 cum
748 4254 993 4325 caeteris,
1028 4279 1055 4308 «
1102 4257 1169 4311 Et
1215 4254 1350 4329 quis
1410 4258 1580 4329 pater
1627 4255 1926 4311 eorum?»

255 4344 393 4399 Acsi
423 4343 687 4400 diceret:
716 4347 783 4401 Et
810 4346 947 4419 quis
988 4345 1184 4418 major
1212 4344 1294 4401 illi
1318 4344 1379 4401 in
1409 4343 1694 4414 dignitate
1725 4347 1783 4399 et
1836 4360 1925 4401 sa-

256 4433 491 4505 pientia
516 4435 544 4490 ?
566 4434 790 4506 optime
812 4435 969 4492 enim
997 4434 1358 4508 potestinter
1377 4433 1701 4508 prophetas
1724 4449 1925 4489 versa-

257 4522 309 4577 ri
338 4528 396 4578 et
426 4528 606 4597 pater
636 4540 864 4591 eorum,
886 4524 949 4580 id
976 4528 1067 4580 est
1095 4523 1377 4594 magister
1417 4523 1635 4592 vocari,
1668 4522 1771 4596 qui
1800 4526 1925 4581 tam

259 4610 483 4669 doctus
515 4616 577 4669 et
602 4613 842 4686 sapiens
866 4617 970 4669 est.
997 4615 1166 4669 Pater
1195 4612 1479 4683 magister
1494 4616 1760 4682 vocatur,
1776 4612 1928 4671 sicut

260 4700 497 4757 Eliseus
530 4700 721 4757 Ellam
742 4705 999 4775 patrem,
1030 4702 1092 4758 id
1114 4705 1204 4758 est
1222 4701 1578 4773 magistrum
1601 4706 1795 4774 vocat,
1816 4701 1925 4757 Pa-

260 4794 353 4846 ter
389 4790 498 4860 mi,
535 4793 706 4847 Pater
736 4791 856 4860 mi;
892 4807 1100 4847 currus
1143 4790 1323 4847 Israel
1352 4795 1409 4847 et
1445 4790 1655 4863 auriga
1684 4790 1926 4863 ejus.‘Et

255 4879 325 4933 in
346 4879 505 4935 libro
532 4879 684 4935 Job:
719 4879 869 4948 Eliu,
898 4879 1136 4954 Eliphaz
1164 4885 1419 4953 patrem,
1450 4879 1514 4935 id
1570 4883 1661 4935 est
1706 4880 1925 4949 magis-

258 4970 426 5023 trum
454 4972 655 5037 vocat,
684 4969 799 5025 hoc
822 4969 1027 5040 modo,
1060 4992 1089 5020 «
1120 4970 1291 5025 Pater
1337 4969 1441 5041 mi,
1484 4968 1771 5041 probetur
1814 4967 1924 5024 Job

253 5073 462 5131 usque
493 5058 576 5115 ad
603 5058 788 5115 ﬁnem
837 5058 990 5132 (Job.
1024 5058 1232 5132 xxnv).
1284 5080 1311 5107 ››
1346 5056 1519 5125 Quod
1549 5060 1751 5114 autem
1786 5056 1926 5115 Saul

253 5147 347 5204 ita
366 5148 615 5217 invenit,
638 5149 790 5205 sicut
809 5149 1017 5205 videns
1042 5147 1421 5222 praedixerat,
1446 5146 1760 5220 significat,
1784 5146 1927 5221 quia

256 5240 473 5295 omnia
510 5238 595 5294 ita
620 5242 949 5296 evenerunt
992 5238 1242 5308 Christo,
1286 5236 1438 5295 sicut
1488 5236 1623 5294 libri
1669 5235 1814 5307 legis
1870 5240 1928 5296 et

248 5328 706 5403 prophetarum
733 5328 874 5384 olim
896 5327 1471 5403 praedixerunt,1icet
1489 5326 1564 5384 de
1585 5325 1808 5384 Judeeis
1827 5343 1925 5386 ve-

246 5414 372 5476 lint
396 5416 675 5489 intelligi,
697 5417 921 5492 quibus
952 5434 1248 5493 prospera
1278 5434 1384 5475 seu
1414 5416 1675 5475 adversa
1693 5414 1777 5473 ita
1797 5431 1928 5473 eve-

248 5513 500 5583 nerunt,
526 5508 683 5567 sicut
719 5507 1093 5583 praedixerat.

935 5599 1163 5656 CAPUT
1202 5600 1265 5653 XI

332 5687 628 5746 Ascendit
675 5690 880 5744 autem
927 5691 1083 5744 Naas
1121 5685 1519 5756 Ammonites,
1551 5687 1609 5742 et
1656 5698 1927 5758 pugnare

2026 436 2053 463 «
2085 430 2190 470 nes
2219 417 2325 471 viri
2353 416 2533 473 Jabes
2565 418 2643 475 ad
2674 421 2877 476 Naaso
2932 419 3157 475 Habeto
3186 434 3297 475 nos
3329 420 3667 495 faederatos,

2024 526 2053 553 ‹‹
2087 509 2141 560 et
2165 505 2493 562 serviemus
2526 507 2649 563 tibi.
2672 510 2739 564 Et
2779 508 3086 581 respondit
3108 509 3185 564 ad
3221 524 3324 565 eos
3348 514 3503 567 Naas
3537 515 3675 570 Am-

2023 613 2050 641 «
2083 594 2384 651 monites:
2430 599 2491 651 In
2548 596 2663 651 hoc
2720 595 2938 652 faciam
2985 596 3297 653 vobiscum
3333 598 3548 670 foedus,
3608 604 3675 658 ut

2024 702 2053 731 «
2077 696 2283 737 eruam
2306 683 2578 740 omnium
2603 689 2870 741 vestrum
2888 685 3093 742 oculos
3120 685 3380 745 dextros.
3402 708 3430 740 s
3456 690 3673 748 Verum

2020 770 2165 843 quia
2192 770 2442 828 historia
2469 778 2577 845 est,
2611 774 2936 847 spiritalem
2963 774 3425 845 intelligentiam
3453 776 3674 836 brevis-

2022 859 2175 916 sima
2225 860 2627 919 insinuatione
2673 863 2987 943 enucleare
3053 866 3459 936 aggredimur.
3519 872 3673 927 Naas

2024 950 2203 1017 enim,
2237 950 2342 1022 qui
2372 951 2792 1025 interpretatur
2840 969 3101 1025 serpens,
3137 953 3435 1025 signiﬁcat
3464 956 3672 1013 diabo-

2022 1036 2187 1093 lum:
2221 1055 2343 1095 non
2371 1041 2565 1097 solum
2598 1042 2741 1115 quia
2789 1041 3057 1099 lubricus
3114 1048 3169 1099 et
3204 1049 3509 1102 tortuosus
3563 1050 3670 1111 est,

2025 1127 2130 1182 Sed
2150 1128 2293 1200 quia
2321 1129 2585 1201 primum
2633 1130 2942 1187 hominem
2974 1148 3081 1205 per
3123 1137 3458 1206 serpentem
3506 1134 3675 1191 dece-

2022 1216 2128 1288 pit.
2159 1219 2288 1289 Ipse
2309 1219 2575 1275 ascendit
2596 1219 2673 1275 ad
2695 1219 3095 1292 praeliandum
3121 1226 3329 1278 contra
3351 1224 3375 1278 .I
3383 1222 3547 1292 abes,
3569 1224 3674 1299 qui

2024 1304 2443 1377 interpretatur
2471 1322 2695 1377 sensus,
2725 1308 2869 1382 quia
2923 1308 3204 1365 diabolus
3249 1326 3485 1386 semper
3539 1328 3674 1370 sen-

2027 1411 2160 1449 sum
2183 1395 2401 1451 divinae
2428 1398 2800 1469 cognationis
2827 1402 2884 1454 et
2910 1398 3192 1455 bonitatis
3217 1399 3449 1456 auferre
3473 1400 3551 1457 ab
3571 1401 3670 1458 ho-

2025 1484 2290 1539 minibus
2317 1491 2586 1543 conatur.
2612 1486 2835 1543 Galaad
2872 1503 3030 1551 vero,
3061 1489 3165 1563 qui
3190 1489 3405 1546 dicitur
3426 1506 3675 1548 acervus

2026 1575 2365 1644 testimonii,
2390 1573 2520 1630 illos
2551 1575 2844 1645 signiﬁcat
2864 1577 2969 1649 qui
3000 1577 3212 1633 eruditi
3231 1584 3371 1635 sunt
3397 1580 3458 1636 in
3487 1580 3677 1636 Eccle-

1948 1682 1990 1738 Β
2028 1663 2114 1719 sia
2142 1663 2496 1719 testimoniis
2525 1662 2867 1721 divinarum
2906 1665 3369 1739 Scripturarum.
3406 1670 3674 1734 Quorum

2028 1746 2239 1807 oculos
2268 1752 2545 1809 dexteros
2579 1768 2783 1810 eruere
2806 1754 2990 1828 cupit,
3014 1755 3677 1814 videlicetilluminatio-

2026 1855 2167 1897 nem
2199 1840 2354 1904 ﬁdei,
2389 1846 2443 1897 et
2463 1842 2903 1916 praedicationis
2927 1844 3157 1900 auferre
3178 1846 3413 1916 satagit.
3431 1847 3545 1904 Sed
3566 1847 3675 1903 hos

2030 1930 2192 1997 Saul,
2216 1929 2489 2015 videlicet
2534 1932 2823 1987 Dominus
2854 1948 2923 1988 ac
2972 1933 3333 2007 Redemptor
3361 1941 3580 2004 noster,
3604 1934 3675 1992 li-

2026 2018 2200 2075 berat
2229 2035 2367 2074 cum
2398 2019 2655 2076 exercitu
2677 2036 2787 2077 suo
2814 2039 2826 2077 :
2870 2021 2929 2076 id
2958 2026 3048 2077 est
3077 2023 3296 2079 auxilio
3322 2024 3675 2094 angelorum

2028 2123 2130 2162 seu
2162 2106 2623 2179 praedicatorum
2655 2124 2900 2165 suorum
2925 2110 3029 2182 qui
3056 2110 3117 2165 in
3132 2111 3353 2167 Besech
3379 2110 3675 2185 populum

2028 2200 2356 2252 enumerat.
2391 2197 2608 2253 Besech
2634 2197 2793 2253 enim
2818 2204 3041 2268 egestas
3064 2198 3501 2272 interpretatur,
3533 2199 3677 2274 quia

2027 2282 2089 2338 in
2120 2287 2377 2353 egestate
2407 2285 2715 2357 praesentis
2746 2285 2880 2341 vitae
2904 2285 3068 2343 novit
3093 2276 3380 2342 Dominus
3410 2288 3513 2361 qui
3539 2290 3678 2343 sunt

2029 2372 2180 2443 ejus.
2210 2375 2275 2428 Et
2304 2372 2469 2445 apud
2498 2370 2697 2446 ipsum
2752 2379 2838 2430 est
2877 2380 3070 2431 certus
3123 2391 3414 2433 numerus
3462 2377 3676 2435 electo-

2028 2477 2184 2529 rum,
2212 2478 2368 2534 quos
2418 2464 2496 2520 ad
2538 2463 2813 2538 praelium
2862 2468 3070 2522 contra
3099 2464 3411 2523 diabolum
3441 2468 3673 2525 excitat.

2028 2554 2177 2608 Nam
2208 2566 2534 2625 possumus
2570 2552 2647 2609 ad
2678 2554 2987 2610 haereticos
3017 2556 3252 2619 referre,
3282 2557 3388 2630 qui
3416 2557 3678 2631 populus

2029 2646 2116 2697 est
2142 2642 2434 2709 maeroris,
2454 2643 2744 2716 quoniam
2762 2643 3313 2719 gaudiumSpiritus
3347 2647 3537 2703 sancti
3555 2663 3679 2706 non

2027 2729 2270 2787 habent.
2306 2731 2571 2804 Disponit
2600 2748 2808 2789 eorum
2851 2735 3208 2809 perversitas
3251 2734 3311 2791 in
3342 2736 3459 2792 hoc
3489 2736 3679 2793 faedus

2029 2836 2169 2876 cum
2199 2820 2427 2894 populo
2453 2821 2747 2895 Ecclesiae,
2786 2827 2852 2879 ut
2881 2830 3050 2880 eruat
3078 2824 3286 2880 oculos
3324 2825 3585 2900 dextros,
3618 2826 3680 2883 id

2029 2913 2117 2964 est
2164 2925 2407 2966 sensum
2434 2910 2528 2966 vel
2556 2910 2753 2968 visum
2783 2927 2946 2969 sanae
2977 2913 3325 2970 orthodoxae
3351 2913 3491 2971 ﬁdei
3520 2915 3681 2972 aufe-

2028 3001 2139 3053 rat.
2175 3001 2241 3055 Et
2266 2998 2394 3055 vult
2420 3003 2481 3055 ut
2512 2999 2816 3057 sinistrum
2836 3001 3121 3071 habeant,
3143 3002 3207 3058 id
3227 3007 3313 3059 est
3329 3020 3679 3078 perversum

2031 3102 2294 3155 sensum,
2328 3092 2384 3143 et
2400 3103 2588 3160 prava
2608 3089 2879 3146 sentiant.
2898 3091 3011 3147 Sed
3028 3091 3288 3165 populus
3308 3092 3501 3149 ﬁdelis
3520 3111 3680 3149 acer-

2029 3192 2175 3231 vum
2207 3176 2613 3232 testimonium
2639 3177 2980 3234 divinarum
3010 3180 3446 3252 Scripturarum
3466 3197 3680 3254 conge-

2029 3263 2122 3335 rit,
2154 3264 2314 3320 unde
2343 3265 2463 3320 suis
2510 3265 2784 3321 hostibus
2820 3265 3078 3333 resistat,
3112 3267 3321 3324 emittit
3348 3269 3407 3326 in
3440 3270 3678 3327 univer-

2034 3371 2133 3409 sos
2160 3352 2443 3409 terminos
2472 3353 2667 3426 Israel,
2695 3355 2811 3410 hoc
2855 3358 2942 3411 est
2972 3354 3052 3411 ad
3079 3355 3354 3413 doctores
3384 3359 3676 3431 Ecclesiae,

2031 3448 2328 3517 quatenus
2361 3442 2474 3498 sibi
2496 3459 2676 3516 opem
2707 3443 2918 3506 ferant,
2952 3448 3009 3501 et
3039 3450 3279 3502 scutum
3300 3447 3441 3505 ﬁdei
3471 3454 3680 3507 contra

2030 3531 2235 3589 hostes
2267 3548 2340 3588 ex
2365 3531 2623 3589 adverso
2655 3535 2991 3607 opponant.

2141 3686 2147 3692 θ
2667 3621 2893 3680 CAPUT
2927 3621 3040 3681 XII.

2106 3732 2133 3760 «
2168 3709 2319 3767 Dixit
2363 3715 2563 3768 autem
2598 3711 2841 3767 Samuel
2883 3712 2959 3767 ad
2996 3711 3294 3785 populum
3324 3731 3337 3769 :
3371 3714 3570 3773 Venite
3628 3718 3686 3777 et

2037 3821 2066 3850 «
2098 3815 2307 3856 eamus
2346 3800 2405 3855 in
2436 3799 2701 3873 Galgala,
2736 3804 2793 3856 et
2819 3800 3179 3856 innovemus
3214 3801 3298 3857 ibi
3345 3819 3622 3875 regnum,
3650 3825 3678 3859 ι

2036 3893 2093 3946 et
2119 3889 2349 3961 reliqua
2377 3905 2694 3962 usquequo
2726 3887 2826 3960 ait,
2860 3911 2887 3938 ‹‹
2920 3889 3066 3946 Misit
3096 3891 3382 3947 Dominus
3410 3893 3687 3952 Jerobaal

2038 4000 2065 4029 «
2091 3981 2146 4034 et
2178 3978 2381 4034 Bedan
2407 3982 2464 4034 et
2491 3978 2678 4034 Barac
2711 3981 2768 4034 et
2806 3978 3012 4051 Jephte
3064 3983 3119 4036 et
3160 3980 3418 4053 Samuel,
3452 3986 3508 4039 et
3536 3983 3687 4041 eruit

2037 4083 2208 4123 «vos
2238 4065 2312 4123 de
2363 4082 2552 4123 manu
2595 4067 2976 4123 inimicorum
3028 4073 3383 4127 vestrorum.
3430 4094 3459 4122 »
3516 4073 3685 4130 Prius

2037 4156 2197 4212 enim
2221 4160 2545 4230 antequam
2595 4156 2903 4230 superiora
2950 4156 3320 4231 pandemus,
3360 4159 3685 4220 dicendum

2037 4252 2125 4302 est
2153 4246 2288 4320 quis
2316 4245 2491 4302 fuerit
2529 4247 2639 4303 iste
2695 4246 2971 4304 Jerobaal
3022 4252 3079 4304 et
3125 4249 3354 4307 Badan.
3409 4251 3687 4311 Jerobaal

2037 4334 2163 4409 ipse
2186 4339 2273 4391 est
2313 4334 2573 4404 Gedeon,
2607 4335 2713 4410 qui
2742 4353 2880 4393 cum
2910 4337 3185 4394 trecentis
3207 4338 3349 4395 viris
3383 4342 3689 4415 superavit

2037 4424 2409 4483 Madianitas.
2442 4424 2652 4482 Badan
2676 4442 2841 4494 vero,
2868 4430 2933 4483 ut
2960 4427 3326 4500 quibusdam
3354 4429 3571 4503 placet,
3602 4430 3689 4504 ip-

2038 4531 2100 4571 se
2138 4519 2229 4572 est
2260 4516 2539 4571 Samson.
2560 4518 2849 4573 Caeterum
2865 4515 3040 4588 juxta
3067 4516 3337 4572 altiorem
3361 4518 3688 4588 intelligen-

2034 4604 2198 4673 tiam,
2228 4603 2474 4674 Galgala
2505 4604 2608 4660 ubi
2669 4603 2911 4661 Samuel
2958 4604 3267 4659 innovavit
3321 4620 3575 4675 regnum
3616 4622 3685 4662 ac

2031 4693 2336 4764 redarguit
2362 4693 2516 4749 ﬁlios
2548 4694 2747 4763 Israel,
2787 4709 2923 4765 quae
2950 4692 3373 4765 interpretatur
3402 4695 3687 4752 revelatio

2034 4783 2333 4853 signiﬁcat
2370 4782 2799 4839 revelationem
2829 4785 2884 4839 et
2929 4780 3429 4840 illuminationem
3456 4782 3596 4841 ﬁdei
3625 4784 3687 4841 in

2032 4875 2197 4928 Novo
2238 4870 2647 4941 Testamento,
2694 4870 2799 4926 ubi
2846 4873 3013 4926 vetus
3051 4886 3308 4943 regnum
3361 4874 3422 4931 in
3454 4890 3687 4934 novum

2033 4965 2473 5018 commutatum
2503 4964 2610 5017 est.
2646 4962 2724 5018 De
2754 4976 2878 5035 qua
2902 4959 3234 5019 mutatione
3262 4964 3538 5039 superius
3556 4966 3688 5039 jam

2032 5050 2319 5123 diximus,
2338 5050 2441 5108 ubi
2462 5049 2537 5107 de
2564 5049 2646 5106 Eli
2677 5054 2733 5106 et
2749 5049 2908 5107 Filiis
2931 5050 3062 5122 ejus
3090 5051 3444 5127 reprobatis,
3468 5059 3526 5113 et
3542 5055 3689 5113 elec-

2032 5141 2193 5199 tione
2225 5140 2517 5199 Samuelis
2547 5140 2999 5216 descripsimus.
3044 5143 3125 5199 De
3169 5141 3504 5215 abjectione
3548 5146 3688 5204 Saul

2034 5236 2092 5289 et
2134 5232 2552 5290 constitutione
2582 5230 2791 5301 David,
2820 5231 3074 5290 Domino
3112 5231 3370 5306 favente,
3398 5234 3463 5294 in
3487 5241 3688 5310 poste-

2033 5340 2171 5381 rum
2200 5323 2414 5380 dicturi
2445 5340 2675 5381 sumus.
2705 5324 2920 5380 Verum
2949 5321 3012 5380 in
3066 5321 3183 5380 hoc
3232 5324 3401 5398 quod
3446 5326 3692 5385 Samuel

2032 5411 2190 5469 ﬁlios
2220 5412 2544 5485 redarguit,
2579 5412 2756 5489 juxta
2783 5411 3081 5470 moralem
3107 5411 3564 5484 intelligentiam
3591 5421 3685 5491 ty-

2033 5519 2182 5578 pum
2209 5503 2396 5560 tenuit
2417 5503 2768 5578 spiritalium
2801 5503 3151 5560 doctorum:
3192 5504 3296 5578 qui
3315 5504 3379 5562 in
3405 5507 3687 5579 semetip-

2037 5593 2116 5649 sis
2146 5593 2363 5652 delicta
2391 5594 2598 5666 gravia
2640 5610 2763 5653 non
2818 5591 3083 5664 habent,
3107 5611 3245 5669 quae
3276 5596 3683 5668 redarguam:

2040 5681 2147 5739 sed
2212 5682 2469 5740 aliorum
2524 5687 2773 5757 peccata
2828 5683 3063 5756 absque
3127 5682 3549 5740 detrectatione
3605 5682 3687 5739 fe-
