4130 6182
451 187 554 240 295

1531 169 1890 227 ANGELOMI
1931 170 2387 230 LUXOVIENSIS
2421 173 2742 232 MONACHI

3747 171 3854 224 296

450 305 626 362 riunt.
657 307 734 360 De
758 301 849 358 his
877 298 1034 354 enim
1060 295 1273 351 talibus
1296 309 1402 366 per
1433 293 1817 350 Salomonem
1833 291 2082 350 dicitur:
2127 299 2174 352 Α
2205 295 2610 369 ticipationem
2638 296 2714 353 de
2755 294 3044 363 lsboseth,
3066 308 3138 350 eo
3167 291 3334 364 quod
3363 291 3425 346 in
3469 290 3865 363 sequentibus

453 418 481 445 ‹‹
513 394 699 449 Verba
720 385 1074 458 sapientium
1103 382 1276 455 quasi
1309 382 1532 438 stimuli
1561 386 1620 438 et
1646 382 1824 455 quasi
1854 381 2008 438 clavi
2027 383 2089 438 in
2201 382 2457 455 legatur,
2487 383 2898 456 Quadraginta
2929 396 3231 439 annorum
3261 383 3391 436 erat
3426 378 3701 435 lsboseth
3721 395 3867 435 cum

451 483 633 537 altum
663 474 841 531 deﬁxi
866 473 1051 543 (Eccl.
1080 473 1200 543 xu).
1228 493 1255 520 »
1288 473 1444 528 Bene
1467 472 1547 528 ait
1573 489 1632 528 :«
1654 471 1845 528 Verba
1860 472 2096 546 sapien-

449 569 594 622 tium
616 564 767 620 sicut
795 560 1013 616 stimuli
1035 564 1094 615 et
1117 560 1292 632 quasi
1311 560 1462 617 clavi
1494 560 1554 617 in
1611 561 1800 617 altum
1827 559 2030 632 deﬁxi,
2063 581 2091 611 »

445 653 586 726 quia
614 653 858 725 peccata
885 647 1200 703 hominum
1230 649 1505 706 nesciunt
1528 649 1798 722 palpare,
1814 666 1925 706 nec
1948 649 2096 706 mol.

443 741 484 795 1i
514 755 696 795 manu
723 739 1029 792 attrectare
1069 735 1318 793 lascivia
1346 756 1360 806 ;
1418 738 1523 794 sed
1550 754 1777 811 asperae
1808 737 2094 794 invectio-

443 828 536 882 nis
568 823 968 896 increpatione
998 825 1314 895 corrigere,
1347 830 1405 883 et
1453 826 1782 882 inerrantes
1809 827 2099 900 paeniten-

443 914 534 970 tise
563 912 832 968 dolorem
887 917 944 969 et
994 912 1216 968 vulnus
1256 913 1524 984 inﬁgere.
1583 916 1640 972 Si
1691 916 1864 986 cujus
1920 915 2098 983 igitur

443 1017 640 1057 sermo
669 1017 792 1058 non
822 1000 1055 1073 pungit,
1073 1001 1178 1056 sed
1210 1002 1595 1060 oblectationi
1617 1009 1703 1060 est
1725 1004 2097 1060 audientium

439 1089 547 1145 iste
576 1106 698 1146 non
739 1093 825 1145 est
873 1105 1070 1144 sermo
1104 1090 1416 1163 sapientis.
1450 1093 1594 1150 Hinc
1619 1099 1711 1149 est
1733 1093 1898 1167 quod
1929 1093 2101 1149 Joan-

441 1193 549 1233 nes
581 1178 826 1233 Judteos
859 1175 1185 1245 gloriantes
1224 1179 1532 1252 redarguit
1563 1182 1714 1240 dura
1744 1181 2094 1243 invectione,

441 1266 646 1321 dicens
671 1283 682 1320 :
715 1287 742 1312 ‹‹
777 1264 1089 1322 Genimina
1110 1267 1474 1343 viperarum,
1501 1271 1639 1344 quis
1660 1270 2102 1329 demonstrabit

440 1353 613 1408 vobis
641 1354 842 1424 fugere
871 1370 907 1410 a
939 1361 1189 1413 ventura
1219 1359 1308 1415 ira
1340 1361 1583 1426 (Matth.
1617 1361 1742 1427 In)?
1765 1382 1793 1410 ››
1835 1359 2099 1432 Denique

442 1455 766 1512 possumus
799 1447 855 1498 et
879 1444 1046 1500 aliter
1073 1445 1233 1502 hanc
1265 1449 1620 1504 sententiam
1650 1448 1816 1505 brevi
1837 1448 2086 1518 indaga-

444 1529 601 1584 tione
626 1531 895 1601 innuere,
926 1551 1050 1607 quo
1077 1536 1160 1593 ait
1188 1536 1429 1594 dicens:
1463 1561 1490 1587 ‹‹
1526 1538 1716 1594 Verba
1738 1537 2100 1610 sapientium

2203 488 2456 543 regnare
2487 474 2782 546 coepisset,
2811 477 2870 528 et
2895 469 3140 526 duobus
3173 467 3350 524 annis
3395 466 3688 538 regnavit,
3721 472 3782 523 et
3832 485 3870 523 a

2205 566 2394 617 morte
2425 563 2546 618 Heli
2586 577 2778 635 usque
2809 560 2889 617 ad
2916 557 3058 617 Saul
3079 573 3260 614 omne
3303 561 3543 628 tempus
3599 555 3869 629 quadra-

2205 651 2371 721 ginta
2395 668 2696 709 annorum
2726 656 2833 722 est,
2855 667 2980 707 non
2999 648 3397 724 prohibemus
3434 647 3581 721 quia
3604 652 3663 704 et
3692 647 3867 704 intel-

2203 739 2307 811 ligi
2335 741 2512 798 valet.

2277 851 2305 880 «
2341 833 2403 885 Et
2425 828 3014 902 percussitlonathas
3032 825 3352 882 stationem
3373 823 3868 882 Philisthinorum

2208 939 2236 966 ‹‹
2263 933 2400 990 quae
2429 922 2556 974 erat
2585 918 2646 972 in
2676 916 2900 974 Gabaa.
2923 914 3097 982 Quod
3144 929 3284 970 cum
3314 913 3626 970 audissent
3665 914 3871 971 Philis-

2208 1029 2235 1055 κ
2272 1006 2459 1076 thiim,
2487 1005 2629 1062 Saul
2653 1004 2866 1061 cecinit
2884 1004 3142 1060 buccina
3169 1002 3231 1058 in
3245 1001 3412 1059 omni
3429 1006 3609 1072 terra,
3632 1001 3869 1060 dicens:

2209 1119 2236 1148 ‹‹
2270 1096 2530 1152 Audiant
2550 1094 2781 1151 Hebraei
2811 1099 2869 1150 et
2896 1085 3216 1150 universus
3248 1090 3454 1160 Israel,
3472 1112 3500 1138 ν»
3524 1095 3583 1147 et
3609 1091 3868 1165 reliqua.

2209 1185 2382 1252 Quod
2411 1185 2572 1242 enim
2597 1185 2708 1241 ait:
2732 1207 2758 1233 ‹‹
2782 1184 2954 1251 Quod
2986 1200 3124 1240 cum
3147 1181 3458 1239 audissent
3487 1181 3868 1252 Philisthiim,

2210 1298 2238 1324 «
2271 1273 2408 1331 Saul
2440 1273 2652 1330 cecinit
2675 1273 2936 1330 buccina
2987 1294 3016 1322 ››
3077 1276 3214 1335 etc.,
3271 1270 3358 1325 sic
3403 1269 3867 1340 intelligendum

2208 1367 2338 1420 est:
2373 1361 2545 1428 Quod
2583 1378 2722 1418 cum
2753 1360 3064 1418 audissent
3101 1358 3472 1431 Philisthiim,
3507 1358 3871 1416 subauditur

2209 1450 2546 1508 conturbati
2576 1454 2734 1518 sunt,
2769 1448 2909 1508 Saul
2929 1448 3140 1505 cecinit
3157 1447 3435 1504 buccina.
3451 1449 3585 1504 Haec
3605 1445 3873 1505 buccina

2210 1540 2449 1611 signum
2481 1540 2760 1607 victoriae,
2792 1544 2849 1595 et
2870 1537 3298 1594 exhortationis
3329 1535 3458 1600 fuit,
3473 1540 3539 1592 ut
3565 1535 3871 1607 audirent,

450 1616 604 1674 sicut
632 1619 923 1693 stimuli,»
955 1628 1090 1695 etc.,
1121 1626 1266 1698 quia
1295 1631 1352 1682 et
1379 1625 1459 1682 ad
1488 1626 1939 1683 conversionem
1959 1641 2099 1698 pro-
2140 1643 2180 1698 Β
2209 1634 2266 1686 et
2284 1633 2597 1686 noscerent
2625 1627 2854 1684 Hebraei
2884 1626 3221 1684 conturbati
3239 1629 3555 1698 superatos
3574 1641 3707 1682 esse
3738 1626 3875 1683 Phi-

447 1713 670 1766 vocant
707 1716 762 1768 et
792 1711 966 1769 ﬁrma
997 1719 1154 1784 sunt,
1212 1720 1269 1772 et
1318 1716 1422 1772 inn
1453 1715 1576 1772 ullo
1609 1715 1912 1782 oberrant,
1955 1714 2100 1786 quia

447 1803 658 1855 sancto
689 1800 906 1873 Spiritu
936 1803 1242 1876 prophetis
1272 1809 1329 1860 et
1357 1804 1647 1876 apostolis
1679 1803 1988 1876 inspirata,
2020 1801 2099 1858 ad

447 1902 549 1944 eos
576 1905 768 1963 usque
799 1897 1218 1963 pervenerunt,
1253 1898 1309 1949 et
1356 1892 1490 1949 ideo
1522 1891 1715 1948 solida
1744 1891 1942 1948 radice
1971 1891 2100 1947 fun-

449 1975 592 2034 data
619 1984 776 2036 sunt.
813 1980 976 2037 Unde
1007 1986 1063 2037 et
1103 1981 1162 2037 in
1195 1981 1407 2038 eodem
1455 1997 1633 2038 versu
1682 1981 2096 2051 subjungitur:

449 2066 593 2133 Quae
621 2084 730 2141 per
750 2067 1177 2140 magistrorum
1213 2069 1526 2126 consilium
1558 2070 1700 2126 data
1732 2074 1871 2126 sunt
1899 2085 1935 2124 a
1959 2085 2098 2141 pas-

449 2157 574 2213 tore
599 2174 743 2225 uno,
772 2158 1045 2216 videlicet
1074 2175 1110 2216 a
1135 2158 1441 2232 prophetis
1467 2175 1573 2231 per
1603 2175 1862 2232 quorum
1903 2158 2098 2214 consi-

451 2243 598 2300 lium
631 2251 771 2303 sunt
797 2247 1052 2320 prolata,
1081 2253 1133 2304 et
1166 2253 1404 2320 pastore
1460 2264 1600 2315 uno,
1644 2247 1706 2303 id
1739 2253 1830 2304 est
1882 2247 2100 2327 Spiritu

450 2340 678 2403 sancto,
708 2337 1014 2410 inspirata.
1040 2337 1322 2410 Quisquis
1340 2337 1498 2394 enim
1525 2337 1618 2392 his
1642 2341 1731 2393 est
1753 2337 2098 2404 instructus,

451 2429 508 2481 et
542 2426 760 2498 Spiritu
783 2426 984 2482 divino
1000 2426 1348 2494 illustratus,
1369 2431 1564 2498 potest
1594 2426 1906 2495 corrigere,
1935 2425 2102 2490 si,in-

451 2519 748 2585 quantum
775 2515 1049 2570 humana
1075 2513 1361 2583 fragilitas
1379 2529 1502 2569 non
1523 2512 1792 2584 obsistat,
1825 2529 1887 2568 se
1909 2529 1946 2569 a
1972 2528 2104 2585 peo-

451 2602 599 2658 catis
625 2603 1000 2671 continuerit,
1033 2601 1288 2659 aliorum
1334 2605 1603 2675 peccata.
1639 2601 1788 2667 Quia
1825 2601 1920 2658 ille
1941 2602 2102 2672 juste

450 2691 756 2762 redarguit
774 2692 835 2748 in
862 2690 1086 2748 caeteris
1100 2691 1332 2747 malum
1348 2706 1576 2758 eorum,
1596 2690 1702 2763 qui
1723 2690 2104 2763 spiritualiter

449 2780 679 2849 vivens,
717 2781 791 2837 de
821 2781 1066 2854 proprio
1095 2779 1311 2836 delicto
1339 2778 1694 2852 reprehendi
1725 2795 1760 2834 a
1789 2795 2101 2851 quoquam

450 2886 572 2926 non
601 2874 816 2944 potest.
844 2869 1139 2942 Scriptum
1167 2884 1433 2942 namque
1463 2872 1552 2924 est
1575 2885 1587 2923 :
1613 2890 1642 2918 ‹‹
1670 2866 1955 2940 Spiritalis
1977 2883 2101 2922 om-

2207 1717 2486 1774 listhaeos.
2510 1719 2827 1790 Propterea
2866 1716 3134 1789 sequitur
3166 1732 3179 1771 :

2282 1827 2311 1860 ‹
2344 1809 2409 1862 Et
2439 1807 2754 1862 universus
2793 1803 2973 1860 Israel
3026 1803 3254 1860 audivit
3299 1803 3727 1873 hujuscemodi
3780 1803 3873 1862 fa-

2207 1911 2396 1951 mam.
2431 1917 2457 1944 ‹‹
2491 1893 2783 1950 Percussit
2822 1892 2963 1950 Saul
2983 1892 3301 1948 stationem
3321 1891 3875 1949 Philisthinorum.»

2216 1985 2313 2040 llis
2338 1984 2518 2040 rebus
2544 1982 2886 2055 compertis,
2926 1980 3298 2038 confortatus
3314 1985 3406 2036 est
3427 1980 3642 2038 Israel:
3690 1997 3877 2055 prop-

2211 2077 2297 2129 ter
2325 2072 2440 2129 hoc
2461 2077 2516 2128 et
2537 2071 2791 2146 equitur:
2817 2074 2918 2126 «Et
2939 2069 3194 2126 erexitse
3213 2069 3394 2125 Israel
3423 2069 3717 2126 adversus
3743 2070 3875 2127 Phi-

2212 2185 2239 2212 ‹‹
2268 2161 2590 2218 listhaeos.»
2617 2161 2681 2216 ld
2706 2163 2817 2229 est,
2849 2159 3088 2215 viriliter
3107 2159 3288 2231 cmpit
3310 2174 3490 2229 agere
3514 2165 3725 2216 contra
3739 2175 3866 2216 eos.

2283 2274 2311 2300 ‹‹
2336 2250 2505 2315 Quod
2528 2265 2668 2306 cum
2697 2248 2988 2304 vidissent
3023 2246 3134 2302 viri
3182 2245 3362 2303 Israel
3387 2263 3450 2304 se
3480 2248 3542 2303 in
3573 2253 3735 2305 arcto
3761 2264 3872 2321 po-

2213 2361 2242 2400 (ς
2268 2338 2411 2394 sitos
2435 2336 2715 2409 (afﬁictus
2744 2342 2837 2392 est
2873 2336 3033 2392 enim
3080 2334 3386 2409 populus),
3419 2336 3867 2393 absconderunt

2214 2450 2241 2477 ‹‹
2267 2442 2329 2482 se
2360 2427 2420 2481 in
2447 2425 2775 2498 speluncis,
2799 2429 2857 2480 et
2878 2424 2941 2480 in
2965 2423 3204 2491 abditis,
3237 2424 3300 2479 in
3331 2425 3516 2497 petris
3537 2439 3776 2496 quoque
3803 2427 3862 2478 et

2213 2538 2241 2565 ‹‹
2274 2515 2336 2570 in
2369 2515 2574 2580 antris,
2607 2518 2665 2570 et
2692 2514 2754 2569 in
2785 2511 3077 2583 cisternis,
3104 2536 3131 2562 »
3154 2516 3213 2568 et
3239 2512 3485 2584 reliqua.
3516 2511 3572 2568 Si
3599 2510 3760 2567 enim
3791 2526 3853 2565 se

2211 2603 2528 2662 abscondit
2547 2603 2729 2660 Israel
2750 2603 2812 2658 in
2843 2602 3103 2674 prtefatis
3131 2601 3299 2670 locis,
3333 2601 3599 2658 animum
3635 2598 3856 2674 pulsat,

2212 2693 2359 2766 quid
2382 2697 2470 2748 est
2497 2692 2663 2766 quod
2690 2690 2942 2748 historia
2967 2691 3317 2762 subjungit:

2284 2804 2311 2831 ‹‹
2342 2781 2570 2838 Hebraei
2591 2785 2791 2836 autem
2826 2779 3193 2836 transierunt
3220 2780 3573 2836 Jordanem.
3611 2800 3641 2830 »
3698 2775 3868 2844 Quod

2209 2887 2323 2928 nos
2361 2870 2529 2927 aliter
2566 2869 2886 2940 intelligere
2912 2885 3036 2925 non
3063 2885 3409 2942 possumus,
3433 2868 3549 2924 nisi
3569 2867 3703 2924 illos
3743 2882 3870 2923 sen-

449 2960 552 3016 nia
575 2960 805 3032 judicat
834 2964 888 3015 et
908 2959 1038 3032 ipse
1077 2958 1371 3047 anemine
1396 2956 1783 3047 judicatur_(I
1799 2955 2043 3047 Catuli).
2071 2977 2098 3005 ››
2141 2991 2181 3047 C
2212 2960 2432 3016 tiamus
2460 2959 2565 3032 qui
2596 2975 2659 3014 se
2685 2959 3138 3015 substraxerant
3175 2972 3212 3012 a
3265 2955 3440 3012 Saule
3482 2955 3697 3011 timore
3737 2971 3871 3026 per-

450 3053 738 3106 Innocens
769 3049 929 3105 enim
953 3063 1081 3104 esse
1119 3046 1298 3103 debet
1317 3046 1396 3102 ab
1424 3045 1837 3113 omnidelicto,
1863 3045 1966 3117 qui
1995 3061 2102 3100 cae-

449 3143 605 3195 teros
620 3139 852 3210 judicat
880 3154 990 3211 pro
1020 3136 1239 3192 scelere
1268 3135 1558 3209 ipsorum,
1591 3135 1744 3191 sicut
1772 3139 1829 3190 et
1859 3133 2101 3191 Samuel

447 3226 656 3283 fecisse
674 3226 892 3296 legitur
918 3243 931 3292 ;
958 3224 1061 3298 qui
1089 3223 1267 3281 etiam
1301 3222 1448 3279 tales
1487 3221 1756 3295 pluviam
1787 3221 1862 3278 de
1915 3221 2096 3289 caelis,

447 3315 505 3371 id
534 3320 625 3372 est
654 3315 964 3372 scientiam
995 3312 1438 3387 praedicationis
1469 3328 1541 3368 ex
1587 3312 1752 3368 libris
1777 3312 2100 3385 propheta-

447 3420 611 3472 rum,
635 3403 709 3460 de
734 3404 957 3476 quibus
984 3403 1272 3475 scriptum
1299 3405 1413 3458 est:
1445 3423 1472 3450 ‹‹
1500 3401 1803 3458 Judicium
1839 3400 2100 3472 positum

449 3496 542 3547 est
581 3497 637 3548 et
684 3492 818 3548 libri
877 3491 1063 3564 aperti
1122 3494 1262 3548 sunt
1304 3493 1484 3560 (Dan.
1507 3493 1612 3564 m,)
1641 3514 1667 3542 »
1699 3489 2006 3563 proferunt
2046 3493 2103 3543 et

452 3580 641 3637 corda
668 3580 1089 3648 hominum,ut
1109 3580 1337 3637 fructus
1364 3579 1612 3650 ﬁdei,ac
1632 3580 1933 3636 bonorum
1963 3593 2101 3649 ope-

447 3685 582 3726 rum
605 3670 848 3740 gignere
876 3670 1129 3742 possint,
1163 3669 1537 3726 diffundunt:
1561 3674 1625 3725 ut
1653 3684 1777 3736 eos,
1808 3667 1955 3740 quia
1976 3682 2100 3722 ma-

443 3757 571 3814 lum
603 3775 665 3815 se
696 3759 886 3831 egisse
909 3763 1308 3831 cognoscunt,
1343 3763 1618 3816 terreant.
1654 3756 1872 3814 Deinde
1900 3754 2100 3828 sequi-

454 3851 551 3904 tur
577 3847 832 3921 qualiter
857 3848 1117 3916 Samuel,
1148 3847 1296 3904 dum
1327 3852 1671 3921 quereretur
1695 3845 1770 3902 de
1799 3844 2100 3918 principa-

446 3941 533 4005 tu,
567 3941 626 3995 et
670 3938 933 4011 populus
963 3939 1405 4011 deprecaretur,
1439 3936 1676 3993 dicens:
1704 3959 1731 3986 «
1774 3938 1854 3990 Ne
1903 3949 2101 3991 cesses

443 4040 615 4081 orare
645 4042 755 4097 pro
803 4026 1034 4096 nobis,»
1079 4026 1458 4100 respondens
1488 4026 1599 4082 ait:
1631 4047 1659 4074 ‹‹
1695 4023 1874 4079 Absit
1926 4038 1962 4078 a
2002 4036 2098 4076 me

444 4109 560 4165 hoc
585 4117 899 4182 peccatum
930 4113 992 4169 in
1020 4115 1277 4170 Domino
1302 4119 1364 4170 ut
1388 4129 1623 4170 cessem
1654 4126 1829 4168 orare
1859 4125 1969 4181 pro
2001 4125 2101 4164 vo-

443 4196 594 4252 bis.»
627 4198 730 4254 Hic
761 4215 1027 4272 namque
1057 4202 1322 4274 perfecta
1354 4199 1695 4272 benignitas
1726 4201 2094 4264 sanctorum,

444 4284 589 4342 olim
617 4285 678 4341 in
711 4289 985 4344 Samuele
1013 4289 1428 4347 demonstrata
1451 4293 1572 4346 est:
1601 4287 1701 4343 illa
1727 4284 1999 4340 videlicet
2022 4284 2096 4341 de

445 4389 568 4446 qua
619 4374 905 4431 Dominus
935 4376 1054 4433 ait:
1089 4399 1116 4426 ι(
1179 4378 1410 4450 Diligite
1463 4375 1762 4443 inimicos,
1823 4376 1881 4428 et
1930 4378 2096 4430 orate

443 4479 555 4537 pro
579 4465 1079 4538 persequentibus
1108 4470 1166 4522 et
1193 4465 1701 4523 calumniantibus
1719 4478 1830 4518 vos
1853 4462 2094 4529 (Matth.

443 4554 518 4624 v).
545 4576 574 4605 »

2211 3049 2414 3120 territi,
2455 3052 2510 3104 et
2539 3047 2616 3102 ad
2640 3046 2993 3102 Philisthiim
3015 3044 3513 3101 transierant.Sed
3539 3048 3758 3115 postea
3769 3058 3871 3098 au-

2209 3137 2437 3193 dientes
2465 3135 2630 3209 quod
2680 3133 3032 3192 Philisthiim
3060 3132 3362 3202 fugissent,
3395 3131 3783 3187 sociavarunt
3802 3145 3873 3186 se

2209 3242 2348 3283 cum
2379 3225 2501 3281 suis
2528 3224 2587 3280 in
2614 3223 2840 3297 praelio,
2873 3223 3024 3290 Quid
3047 3223 3204 3279 enim
3233 3221 3347 3276 hoc
3375 3218 3670 3289 signiﬁcet
3697 3218 3874 3291 quod

2208 3314 2424 3371 reversi
2454 3312 2682 3384 fugitivi
2721 3312 3103 3369 sociaverunt
3132 3326 3194 3366 se
3219 3325 3355 3366 cum
3392 3307 3517 3362 suis
3543 3307 3604 3362 in
3635 3305 3872 3379 praelio,

2208 3405 2481 3461 dicemus
2509 3405 2568 3460 in
2598 3407 2939 3476 posterum:
2968 3425 2996 3453 ‹‹
3025 3403 3295 3474 Cumque
3325 3398 3526 3456 adhuc
3555 3402 3714 3454 esset
3728 3396 3874 3454 Saul

2219 3517 2248 3544 «
2280 3495 2340 3550 in
2373 3493 2638 3564 Galgala,
2670 3492 2989 3549 universus
3039 3491 3304 3564 populus
3361 3489 3707 3562 perterritus
3755 3493 3866 3556 est,

2211 3607 2239 3635 ‹‹
2267 3583 2370 3655 qui
2399 3582 2766 3654 sequebatur
2795 3596 2955 3637 eum.
2992 3583 3058 3636 Et
3097 3579 3459 3652 exspectavit
3485 3582 3708 3650 septem
3734 3575 3866 3631 die-

2210 3693 2238 3721 ‹‹
2270 3671 2386 3727 bus
2406 3671 2582 3742 juxta
2627 3669 2916 3743 placitum
2949 3669 3260 3736 Samuelis,
3312 3672 3369 3723 et
3425 3683 3551 3723 non
3581 3665 3730 3722 venit
3759 3665 3866 3720 Sa-

2210 3783 2239 3811 «
2272 3757 2432 3815 muel
2455 3758 2517 3814 in
2550 3757 2813 3828 Galgala.
2849 3757 3244 3830 Dilapsusque
3261 3760 3349 3812 est
3369 3755 3632 3828 populus
3659 3752 3736 3810 ab
3765 3767 3864 3809 eo.

2211 3871 2238 3898 ‹‹
2267 3849 2358 3905 Ait
2380 3863 2525 3918 ergo
2557 3848 2730 3902 Saul:
2756 3846 2973 3904 Alferte
3003 3846 3151 3902 mihi
3177 3845 3603 3902 holocaustum
3630 3847 3687 3898 et
3715 3841 3861 3915 paci

2211 3959 2238 3989 α
2270 3935 2441 4004 ﬁca,»
2461 3934 2764 4008 etreliqua
2784 3949 3104 4008 usquequo
3122 3934 3204 3990 ait
3229 3951 3242 3989 :
3269 3955 3297 3983 «
3323 3932 3596 4004 Dixitque
3621 3928 3879 3987 Samuel

2211 4048 2240 4077 «
2271 4026 2350 4082 ad
2371 4025 2529 4082 Saul:
2559 4023 2740 4082 Stulte
2767 4025 2964 4095 egisti,
2983 4039 3093 4079 nec
3105 4020 3414 4079 custodisti
3433 4019 3732 4077 mandata
3761 4022 3886 4077 Do-

2211 4138 2239 4165 «
2265 4116 2412 4171 mini
2443 4114 2543 4171 Dei
2574 4113 2680 4182 tui,
2699 4130 2833 4185 quae
2853 4112 3136 4186 praecepit
3162 4111 3289 4179 tibi,
3324 4134 3352 4162 ››
3375 4113 3713 4167 etc.Verum
3739 4109 3887 4180 jam

2212 4203 2488 4276 superius
2514 4203 2778 4258 dixerat:
2813 4224 2841 4251 «
2877 4203 2944 4258 Et
2968 4201 3298 4258 descendes
3328 4204 3464 4256 ante
3499 4213 3594 4253 me
3644 4197 3713 4253 in
3747 4197 3891 4255 Gal-

2211 4291 2370 4364 gala.
2407 4295 2527 4361 Ego
2557 4291 2784 4363 quippe
2815 4290 3101 4346 descendi
3131 4289 3208 4346 ad
3241 4293 3317 4356 te,
3345 4293 3410 4345 ut
3440 4287 3658 4343 offeras
3713 4287 3897 4346 obla-

2210 4381 2456 4447 tionem,
2486 4383 2543 4435 et
2562 4378 2838 4435 immoles
2869 4378 3138 4435 victimas
3155 4377 3459 4450 paciﬁcas.
3486 4377 3733 4448 Septem
3761 4375 3900 4434 die-

2210 4467 2326 4526 bus
2341 4467 2717 4540 exspectabis
2729 4467 2924 4524 donec
2941 4467 3182 4523 veniam
3201 4464 3280 4522 ad
3296 4470 3372 4534 te,
3386 4469 3444 4521 et
3461 4461 3800 4522 ostendam
3829 4466 3904 4523 ti-

2210 4557 2272 4614 bi
2303 4573 2438 4630 quae
2470 4556 2713 4612 facias.»
2732 4555 2976 4613 Videtlr
3005 4553 3398 4629 quibusdam,
3428 4551 3904 4626 inculpabiliter

2209 4645 2348 4703 Saul
2376 4644 2662 4702 obtulisse
2687 4643 3132 4715 holocaustum,
3188 4659 3328 4699 cum
3377 4640 3618 4699 Samuel
3665 4641 3758 4699 ab
3821 4661 3906 4704 eo

2210 4738 2606 4808 exspectatus,
2650 4733 2822 4806 juxta
2851 4733 3140 4806 placitum
3189 4738 3420 4805 septem
3463 4730 3704 4787 dierum
3757 4748 3909 4792 non

2209 4823 2635 4890 venerit.Quod
2661 4822 2767 4896 qui
2786 4822 2949 4879 hunc
2984 4822 3188 4879 locum
3210 4821 3366 4878 bene
3396 4819 3770 4889 distinxerit,
3807 4823 3908 4880 in-

2210 4915 2406 4971 veniet
2431 4930 2571 4971 eum
2595 4929 2721 4970 non
2745 4911 3045 4969 immerito
3077 4911 3387 4983 culpatum
3417 4909 3604 4966 fuisse
3651 4914 3726 4966 et
3755 4911 3911 4970 ino-

2207 5001 2548 5061 bedientem
2561 5002 3166 5072 redargutum.[.ocus
3181 5003 3383 5056 autem
3399 4998 3495 5055 hic
3511 4995 3682 5070 apud
3705 5016 3916 5074 quos-

2209 5089 2354 5145 dam
2383 5090 2465 5146 ita
2482 5089 2895 5160 distinguitur:
2917 5093 3019 5146 «Et
3039 5088 3516 5146 descendesante
3540 5101 3638 5142 me
3662 5085 3740 5145 in
3768 5093 3919 5150 Gal-

2209 5176 2496 5248 gala.Ego
2526 5178 2751 5251 quippe
2777 5177 3145 5234 descendam
3167 5177 3246 5235 ad
3267 5181 3345 5234 te.
3379 5199 3406 5228 »
3434 5179 3500 5232 Et
3527 5178 3770 5248 postea.
3800 5199 3918 5240 su-

2206 5263 2524 5322 binferturc
2548 5265 2627 5327 ad
2643 5265 2984 5328 offerendas
2996 5265 3354 5336 oblationes,
3373 5270 3429 5322 et
3459 5263 3919 5331 immolandas

2207 5352 2480 5414 victimas
2494 5353 2779 5426 paciﬁcas
2794 5359 3025 5427 septem
3047 5353 3264 5412 diebus
3281 5353 3662 5428 exspectabis
3688 5356 3922 5421 donec

2206 5442 2448 5499 veniam
2478 5443 2553 5498 ad
2577 5447 2654 5511 te,
2678 5447 2735 5499 et
2783 5443 3100 5501 ostendam
3145 5444 3251 5501 tibi
3283 5459 3419 5518 qua!
3448 5441 3658 5500 facias.
3696 5465 3735 5498 ›
3769 5453 3920 5511 Non

2206 5547 2348 5601 ergo
2382 5531 2622 5588 Samuel
2648 5549 2825 5590 suum
2853 5533 3186 5606 praestolari
3213 5532 3540 5590 adventum
3563 5531 3746 5592 Sauli
3761 5556 3919 5616 sep-

2205 5623 2326 5676 tem
2351 5618 2588 5679 dierum
2637 5624 2908 5696 tempore
2936 5623 3243 5698 praecepit,
3273 5621 3381 5679 sed
3411 5619 3492 5679 ad
3527 5619 3921 5692 offerendas

1082 4699 1312 4755 CAPUT
1347 4696 1461 4754 XIII

517 4844 545 4869 ‹‹
579 4825 753 4878 Filius
783 4825 962 4880 unius
1006 4825 1151 4882 anni
1175 4828 1304 4880 erat
1334 4821 1477 4881 Saul
1505 4837 1644 4878 cum
1693 4835 1946 4891 regnare
1987 4837 2101 4877 C(13-

448 4930 477 4957 «
503 4907 706 4979 pisset;
723 4910 963 4968 duobus
979 4919 1179 4970 autem
1197 4913 1372 4970 annis
1388 4912 1661 4986 regnavit
1672 4927 1851 4986 super
1862 4912 2100 4968 Israel.»

446 4996 573 5050 Non
603 4995 678 5050 de
702 4995 969 5053 lsboseth
998 4999 1120 5054 ﬁlio
1154 5002 1294 5056 Saul
1331 5006 1587 5074 tantum,
1633 5001 1739 5057 sed
1768 5000 1844 5056 de
1888 5000 2101 5055 eodem

449 5080 622 5137 Saule
651 5082 766 5138 hoc
797 5082 1019 5140 dictum
1055 5089 1161 5142 est.
1192 5087 1284 5141 Sic
1306 5088 1466 5143 enim
1491 5093 1619 5144 erat
1646 5089 1936 5143 innocens
1963 5089 2103 5146 Saul

445 5168 694 5242 quando
723 5185 974 5241 regnare
1005 5177 1287 5246 cmperat,
1319 5174 1473 5233 sicut
1516 5177 1678 5232 ﬁlius
1721 5173 1902 5229 unius
1958 5171 2101 5228 anni

445 5262 554 5328 est,
581 5263 638 5315 et
656 5258 719 5314 in
733 5258 1074 5320 innocentia
1089 5269 1510 5336 perseveraret.
1533 5268 1599 5320 Et
1622 5263 1767 5337 quia
1794 5263 1856 5316 in
1885 5260 2101 5318 eadem

443 5345 786 5405 innocentia
814 5347 1056 5406 duobus
1089 5352 1264 5408 annis
1308 5352 1585 5423 regnavit
1640 5356 1698 5407 et
1743 5349 2097 5420 humilitate,

445 5433 598 5491 bene
619 5435 1136 5510 dieiturtanquam
1147 5438 1306 5494 ﬁlius
1328 5439 1507 5495 unius
1526 5437 2101 5498 annifuisse.Caeteri

445 5541 588 5582 vero
609 5525 831 5600 quibus
855 5529 1128 5598 regnavit
1155 5529 1398 5600 indigne
1423 5529 1652 5586 calculo
1672 5543 1793 5583 non
1815 5527 1911 5584 hic
1932 5545 2097 5585 com-

445 5615 1035 5689 prehenduntur.Sed
1047 5618 1099 5676 si
1113 5617 1366 5678 voluerit
1382 5619 1518 5692 quis
1543 5616 1864 5689 intelligere
1877 5633 1984 5692 per
1994 5632 2098 5678 an-
