4136 6176
257 192 367 244 297

1256 191 1508 247 ENARR.
1548 191 1617 247 ΙΝ
1659 189 1912 247 LIBROS
1952 189 2212 248 BEGUM.
2255 223 2324 236 -—
2362 196 2432 251 IN
2474 196 2604 252 LIB.
2644 200 2688 254 Ι.

3581 205 3684 264 298

255 309 592 400 oblationes
623 314 681 366 et
701 310 1106 367 immolandas
1125 312 1400 369 victimas
1429 313 1730 386 paciﬁcas,
1752 331 1813 370 se
1844 315 1922 371 ab
1953 313 2002 366 Α
2034 317 2208 375 citate
2271 320 2349 376 ad
2412 321 2910 394 respondendum
2971 322 3248 378 hostibus
3295 324 3435 382 ﬁdei
3495 329 3690 400 parati

255 416 333 457 eo
380 399 610 455 eisdem
644 405 880 473 septem
911 401 1123 456 diebus
1151 402 1341 458 voluit
1360 405 1722 476 exspectari;
1756 404 1919 478 quod

252 488 352 544 ille
383 503 775 560 nequaquam
808 488 962 555 fecit,
996 494 1054 545 et
1091 490 1226 545 ideo
1277 492 1487 548 merito
1542 493 1836 566 culpatur,
1867 497 1924 549 et

257 577 520 633 stultitia
544 576 739 647 elogio
764 577 1083 634 denotatur
1103 579 1425 637 indiscreta
1449 582 1642 638 Saulis
1663 582 1920 648 oblatio;

255 666 340 723 ob
372 667 486 722 hoc
524 667 689 739 quod
719 667 1074 724 obedientia
1102 674 1468 742 praceptum
1496 671 1922 743 pravaricatus

257 761 369 826 est,
401 771 439 811 a
486 756 605 810 Deo
633 761 879 828 accepta
909 772 1033 812 non
1071 762 1180 812 est.
1234 758 1384 824 Quia
1426 759 1586 815 enim
1616 759 1923 832 propheta

257 849 630 918 praeceptum
661 861 877 917 parum
919 847 1256 918 perpendit,
1286 849 1474 904 Deum
1505 849 1607 920 qui
1637 848 1925 921 loqueba-

258 940 360 990 tur
378 935 439 989 in
471 934 763 1007 propheta
789 936 1165 1008 contempsit,
1197 935 1429 993 dicente
1453 923 1704 993 Domino
1732 955 1744 992 :
1771 961 1798 988 «
1816 937 1926 1003 Qui

254 1040 371 1080 vos
419 1023 604 1090 audit,
634 1040 730 1079 me
762 1025 958 1080 audit:
993 1031 1048 1081 et
1075 1026 1177 1098 qui
1209 1042 1317 1082 vos
1350 1028 1599 1099 spernit,
1631 1043 1728 1084 me
1762 1043 1926 1100 sper-

258 1113 367 1169 nit.
399 1114 568 1181 (Luc.
593 1113 671 1182 Χ).
707 1136 735 1162 ››
770 1114 934 1169 Unde
963 1114 1222 1170 audivit:

337 1224 364 1250 α
407 1200 523 1257 Sed
571 1217 963 1274 nequaquam
1010 1218 1267 1274 regnum
1298 1208 1470 1260 tuum
1501 1204 1657 1261 ultra
1685 1220 1928 1270 consur-

261 1314 290 1344 ‹
342 1295 459 1360 get.
515 1291 793 1356 Quaesivit
839 1292 1127 1348 Dominus
1179 1293 1291 1349 sibi
1337 1294 1536 1350 virum
1586 1295 1760 1365 juxta
1825 1310 1928 1351 cor

262 1403 292 1430 ‹‹
336 1397 540 1450 suum,
567 1385 623 1436 et
647 1381 926 1454 pracepit
946 1381 996 1437 ei
1023 1382 1308 1438 Dominus
1329 1388 1392 1440 ut
1421 1388 1576 1440 esset
1594 1383 1717 1439 dux
1747 1400 1926 1456 super

261 1492 291 1519 κ
335 1469 634 1542 populum
685 1486 889 1540 suum,
919 1486 988 1526 eo
1033 1472 1201 1542 quod
1255 1488 1378 1528 non
1424 1473 1754 1529 servaveris
1788 1490 1923 1546 quae

257 1581 290 1608 κ
334 1560 620 1632 pracepit
646 1560 954 1615 Dominus.
986 1581 1014 1609 ››
1047 1561 1405 1633 Reprobatio
1434 1562 1626 1618 Saulis
1659 1563 1922 1619 futuram

254 1649 673 1723 praﬁguravit
723 1648 1089 1706 ablationem
1137 1651 1307 1721 regni
1350 1651 1714 1708 Judaorum.
1751 1652 1922 1718 Quod
1954 1686 1994 1739 Β

255 1743 464 1796 autem
491 1739 680 1794 David
711 1745 1014 1812 superstes
1038 1741 1092 1796 ei
1120 1740 1335 1812 factus,
1357 1742 1472 1798 hoc
1501 1741 1923 1815 indicat,quod

255 1827 552 1884 Dominus
596 1829 765 1882 Jesus
797 1828 1053 1883 Christus
1081 1845 1190 1901 per
1221 1832 1455 1885 Novum
1478 1832 1923 1886 Testamentum

252 1915 321 1971 in
351 1914 614 1971 Ecclesia
644 1921 1000 1985 regnaturus
1032 1917 1259 1989 populo
1296 1917 1641 1974 Judaorum
1687 1935 1922 1975 succes-

253 2021 441 2060 surus
468 2009 615 2060 erat.

337 2115 362 2145 ο
397 2097 575 2149 Porro
595 2093 765 2149 faber
784 2093 1065 2149 ferrarius
1091 2110 1213 2150 non
1239 2096 1652 2154 inveniebatur
1673 2096 1734 2152 in
1755 2095 1921 2152 omni

256 2201 293 2238 ‹
334 2187 488 2239 terra
543 2181 739 2238 Israel.
773 2184 1062 2240 Caverant
1086 2184 1247 2240 enim
1281 2185 1606 2257 Philistim,
1658 2202 1733 2242 ne
1774 2186 1921 2241 forte

255 2297 286 2321 α
334 2272 597 2328 facerent
629 2272 859 2328 Hebraei
880 2273 1148 2343 gladium
1191 2280 1294 2331 aut
1329 2275 1626 2332 lanceam.
1667 2279 1921 2331 Descen-

255 2385 291 2412 α
337 2360 520 2418 debat
547 2376 688 2431 ergo
717 2361 915 2418 omnis
937 2363 1117 2420 Israel
1147 2363 1225 2419 ad
1253 2364 1558 2433 Philistim,
1593 2369 1657 2420 ut
1682 2367 1924 2420 acueret

255 2475 288 2500 α
336 2452 755 2524 unusquisque
801 2467 1107 2508 vomerem
1151 2469 1331 2509 suum
1357 2459 1414 2510 et
1440 2454 1708 2524 ligonem
1751 2458 1808 2510 et
1838 2470 1924 2509 se-

259 2563 291 2591 ι(
333 2541 527 2596 curim
566 2545 625 2596 et
667 2540 995 2596 sarculum.
1045 2543 1274 2598 Retusa
1316 2542 1520 2615 itaque
1561 2547 1732 2600 erant
1765 2543 1922 2599 acies

257 2654 290 2681 κ
329 2646 672 2698 vomerum,
727 2635 784 2685 et
827 2629 1120 2701 ligonum,
1161 2637 1220 2688 et
1262 2632 1606 2704 bidentum,
1659 2637 1715 2689 et
1758 2648 1923 2688 secu-

258 2742 294 2771 κ
331 2720 515 2790 rium,
569 2744 598 2770 »
647 2725 704 2776 et
740 2719 992 2793 reliqua.
1031 2720 1317 2777 Philistim
1365 2723 1470 2794 qui
1512 2725 1570 2778 et
1602 2721 1922 2796 Allophyli,

255 2810 398 2867 licet
425 2810 698 2882 plurimis
755 2810 816 2865 in
866 2809 1014 2866 locis
1062 2815 1408 2867 sanctarum
1459 2812 1920 2884 Scripturarum,

259 2898 433 2956 aliud
458 2904 637 2971 atque
670 2897 853 2965 aliud,
886 2897 1087 2954 multis
1129 2898 1325 2955 modis
1353 2898 1666 2970 allegorice
1697 2900 1924 2969 signiﬁ-

264 2992 419 3055 cent,
449 2987 562 3043 hoc
595 2988 658 3042 in
688 2987 822 3043 loco
877 2987 1151 3043 omnium
1176 2987 1590 3044 haereticorum
1643 2988 1921 3060 praeﬁgu-

259 3082 400 3133 rant
420 3082 692 3134 catervas
717 3093 733 3142 ;
763 3093 899 3149 qua
939 3077 1069 3150 pari
1115 3093 1412 3134 consensu
1450 3077 1793 3150 impietatis,
1824 3076 1927 3132 ad-

263 3181 473 3223 versus
497 3165 826 3222 Ecclesiam
859 3165 957 3221 Dei
989 3166 1425 3238 conspirantes,
1456 3170 1701 3238 propter
1722 3165 1923 3221 multi-

264 3255 541 3311 tudinem
565 3255 772 3327 populi
801 3254 913 3310 sibi
943 3255 1388 3318 consentientis,
1423 3259 1480 3310 et
1502 3255 1715 3310 mundi
1743 3255 1926 3325 hujus

268 3343 671 3417 potestatibus
693 3343 963 3412 ﬁdentes,
979 3344 1260 3400 eamdem
1279 3344 1604 3400 Ecclesiam
1628 3343 1728 3399 Dei
1752 3359 1788 3398 a
1804 3343 1926 3398 suis

270 3431 563 3489 ﬁdelibus
608 3432 946 3506 depopulari
991 3439 1320 3502 conantur;
1352 3449 1614 3506 quorum
1661 3432 1928 3488 multitu-

267 3522 479 3579 dinem
510 3520 744 3577 inﬁrma
771 3521 1058 3591 membra
1099 3521 1377 3578 Ecclesia
1420 3521 1924 3594 pertimescentes,

266 3610 541 3684 plerique
569 3626 641 3666 ex
670 3609 814 3683 ipsis
843 3610 940 3682 abj
952 3615 1122 3666 urata
1150 3609 1269 3666 ﬁde
1295 3609 1373 3667 ab
1400 3610 1670 3666 Ecclesia
1702 3610 1929 3667 unitate

272 3699 663 3770 discedentes,
695 3700 924 3759 eisdem
951 3699 1242 3756 hareticis
1274 3699 1600 3757 sociantur.
1631 3699 1741 3756 Alii
1784 3715 1929 3756 vero

285 3786 401 3842 sub
451 3785 666 3844 silentio
717 3803 849 3844 sese
897 3787 1286 3859 occultantes,
1333 3787 1483 3844 dum
1521 3787 1705 3844 ﬁdem
1753 3804 1930 3844 suam

283 3874 481 3948 palam
507 3877 772 3934 conﬁteri
799 3882 1094 3943 metuunt,
1119 3877 1296 3952 quasi
1325 3878 1388 3933 in
1418 3878 1719 3950 speluncis
1747 3884 1802 3934 et
1829 3894 1929 3933 ca-

283 3965 465 4021 vernis
488 3970 658 4022 terra
685 3965 939 4022 latitant.
973 3966 1282 4036 Philistim,
1307 3982 1568 4038 quorum
1589 3966 1802 4037 ingens
1825 3983 1932 4021 nu-

269 4070 469 4112 merus
500 4071 637 4112 esse
666 4055 1034 4128 perhibetur,
1052 4055 1327 4111 omnium
1357 4055 1772 4111 hareticorum
1799 4071 1930 4111 ma-

268 4145 482 4215 gistros
529 4145 832 4214 ﬁgurasse
874 4160 999 4201 non
1056 4144 1312 4200 dubium
1363 4150 1475 4201 est.
1527 4143 1638 4210 Qui
1691 4149 1933 4218 propter

266 4234 466 4290 varias
497 4238 714 4301 sectas,
748 4233 928 4306 quasi
952 4232 1278 4289 discolores
1319 4233 1479 4307 equi,
1513 4249 1634 4289 uno
1664 4233 1932 4306 impieta-

267 4323 338 4378 tis
367 4321 617 4378 vinculo
648 4321 928 4393 colligati,
951 4323 1013 4378 in
1032 4323 1214 4395 hujus
1235 4323 1449 4379 mundi
1475 4337 1723 4394 campos
1746 4320 1931 4375 disso-

2031 423 2149 481 neq
2181 425 2446 482 uaquam
2497 417 2656 468 sunt.
2698 414 2982 469 Vomeres
3033 430 3172 469 vero
3195 414 3388 486 latque
3437 416 3685 487 ligones.

2032 514 2138 554 seu
2171 505 2383 556 catera
2414 501 2796 566 ferramenta,
2830 503 3164 575 spiritaliter
3195 505 3551 574 testimonia,
3582 525 3691 566 seu

2032 590 2350 643 sententias
2380 589 2650 646 indicant
2669 607 2856 646 sacra
2873 591 3054 660 legis;
3086 592 3308 663 quibus
3341 593 3690 650 testimoniis

2032 677 2368 733 sacerdotes
2399 678 2691 745 Ecclesiae,
2725 680 2786 734 in
2812 697 2962 753 pace
2993 680 3266 751 ejusdem
3297 682 3583 749 Ecclesiae,
3609 684 3690 739 ad

1996 807 2008 819 .
2032 765 2424 823 eruditionem
2455 769 2876 824 tantummodo
2909 769 3118 841 populi
3147 769 3362 838 ﬁdelis,
3407 773 3581 844 quasi
3610 772 3690 830 ad

2033 855 2475 926 agriculturam,
2515 859 2688 929 juxta
2727 858 2985 914 historiae
3028 859 3485 932 simplicitatem,
3514 866 3690 916 utun-

2032 949 2146 1000 tur.
2177 946 2319 1010 Qua
2346 947 2701 1012 testimonia,
2737 948 3228 1004 asciferramenta
3260 949 3376 1004 sint
3403 950 3476 1021 (si
3501 967 3690 1022 quan-

2033 1034 2132 1102 do,
2164 1033 2536 1106 permittente
2577 1037 2715 1104 Deo,
2749 1035 3165 1092 hareticorum
3195 1037 3354 1094 bella
3400 1038 3688 1095 adversus

2035 1119 2358 1176 Ecclesiam
2382 1124 2901 1196 consurrexerint),
2923 1123 3002 1180 ad
3023 1124 3386 1180 exercendos
3418 1126 3692 1183 videlicet

2034 1213 2213 1281 atque
2270 1211 2621 1282 probanbos
2675 1213 2884 1269 ﬁdeles
2939 1229 3103 1278 suos,
3142 1214 3252 1268 viri
3283 1214 3684 1284 ecclesiastici,

2035 1298 2232 1355 subtili
2278 1300 2661 1372 inquisitione
2716 1319 2787 1358 ea
2840 1302 3296 1376 perscrutando,
3330 1307 3386 1358 et
3443 1304 3689 1376 spiritali

2035 1387 2310 1444 acumine
2341 1390 2635 1457 acuendo,
2664 1390 2826 1447 velut
2882 1392 2943 1447 in
2997 1391 3228 1462 gladios
3272 1396 3540 1460 vertunt;
3583 1409 3692 1465 per

2033 1493 2186 1549 quos
2218 1483 2274 1535 et
2298 1479 2498 1535 hostes
2540 1480 2679 1536 ﬁdei
2731 1486 3134 1554 prosternunt,
3167 1486 3224 1537 et
3264 1486 3388 1538 tam
3411 1498 3472 1538 se
3504 1498 3691 1554 quam

2034 1571 2276 1622 cateros
2322 1567 2530 1624 ﬁdeles
2579 1569 2655 1625 ab
2709 1586 2916 1626 eorum
2947 1569 3378 1643 persecutione,
3415 1571 3538 1627 sive
3564 1587 3694 1644 per-

2034 1658 2312 1712 suasione
2343 1657 2687 1714 defendunt.
2726 1663 3020 1732 Praecepta
3045 1660 3271 1733 quippe
3301 1659 3515 1715 divina
3544 1661 3692 1732 legis

2033 1749 2212 1817 atque
2269 1746 2625 1812 testimonia,
2652 1754 2708 1804 et
2736 1748 3097 1806 ferramenta
3138 1753 3278 1804 sunt
3313 1750 3375 1804 in
3405 1767 3554 1821 pace
3587 1753 3691 1806 Ec-

2032 1831 2247 1901 clesia,
2270 1839 2328 1889 et
2357 1851 2528 1892 arma
2551 1835 2613 1891 in
2645 1841 2913 1908 tempore
2940 1836 3100 1892 belli.
3135 1840 3201 1892 Et
3220 1841 3286 1892 ut
3312 1838 3690 1894 manifestius

2033 1921 2136 1978 ﬁat
2175 1924 2341 1996 quod
2389 1926 2724 1998 profertur:
2760 1931 2823 1982 ln
2879 1942 3028 1999 pace
3077 1926 3349 1982 Ecclesia
3404 1927 3692 2000 prasules

2031 2013 2162 2083 ejus
2193 2030 2298 2069 seu
2345 2015 2702 2084 sacerdotes,
2737 2015 2992 2087 simplici
3027 2015 3451 2087 pradicatione
3493 2032 3691 2088 popu-

2028 2100 2156 2156 lum
2185 2102 2296 2157 sibi
2345 2104 2637 2158 creditum
2667 2103 2787 2158 ﬁde
2842 2103 3256 2173 informantes,
3287 2120 3410 2159 non
3441 2104 3561 2160 alta
3612 2105 3690 2160 de

2031 2189 2171 2256 Deo,
2228 2205 2425 2262 neque
2469 2190 2829 2263 incapabilia
2881 2190 2993 2245 illis
3043 2196 3407 2262 proponunt,
3468 2190 3570 2245 sed
3625 2195 3692 2246 ut

2031 2275 2376 2348 simpliciter
2407 2278 2653 2333 credant
2702 2279 2761 2333 in
2812 2280 3041 2333 Patrem
3096 2282 3152 2333 et
3203 2277 3410 2332 Filium
3451 2281 3508 2333 et
3559 2278 3689 2350 Spi-

2030 2364 2210 2419 ritum
2232 2369 2528 2431 sanctum,
2554 2365 2940 2420 essentialiter
2956 2381 3145 2420 unum
3165 2368 3220 2419 et
3247 2380 3458 2420 verum
3478 2368 3687 2431 Deum,

2030 2453 2253 2509 trinum
2308 2471 2449 2510 vero
2507 2453 2914 2525 personaliter.
2979 2453 3037 2509 Si
3089 2458 3289 2509 autem
3342 2453 3689 2526 quicunque

2030 2542 2343 2598 haereticus
2399 2542 2739 2598 sabellianae
2783 2541 2968 2616 partis
3021 2546 3280 2596 assertor
3329 2542 3507 2614 dicat,
3546 2541 3692 2613 quia

2030 2631 2092 2686 in
2125 2634 2312 2687 Deum
2343 2632 2494 2687 sicut
2535 2648 2658 2687 una
2689 2631 2899 2697 deitas,
2929 2631 3011 2687 ita
3040 2635 3096 2686 et
3123 2647 3246 2687 una
3276 2645 3535 2702 persona
3564 2646 3691 2686 cre-

2032 2719 2234 2777 denda
2253 2725 2364 2791 est,
2395 2737 2519 2776 non
2549 2725 2686 2785 tres,
2719 2720 2779 2776 id
2811 2726 2916 2788 est,
2945 2725 3006 2776 ut
3029 2719 3159 2792 ipse
3190 2718 3469 2776 credatur
3500 2723 3688 2791 Pater,

2033 2809 2136 2882 qui
2167 2815 2225 2867 et
2262 2810 2482 2880 Filius;
2523 2816 2579 2867 et
2622 2811 2752 2884 ipse
2785 2811 2984 2877 Filius,
3017 2811 3122 2882 qui
3164 2813 3352 2880 Pater,
3383 2810 3532 2865 sicut
3587 2811 3690 2866 Sa-

2033 2898 2246 2954 bellius
2275 2899 2457 2972 impie
2485 2900 2883 2972 pradicabat;
2911 2899 3056 2972 quid
3085 2904 3224 2954 tunc
3255 2899 3562 2968 agendum
3584 2899 3693 2954 erit

2033 2987 2171 3043 viris
2218 2988 2661 3055 ecclesiasticis,
2719 2989 2831 3044 nisi
2875 2993 2941 3044 ut
2981 2992 3037 3042 et
3065 2988 3200 3060 ipsa
3231 3004 3402 3043 sacra
3435 2988 3690 3060 Scriptu-

2033 3092 2101 3132 ra
2123 3081 2331 3132 contra
2380 3077 2730 3146 hujusmodi
2764 3080 3121 3132 assertorem
3155 3075 3411 3147 probare
3441 3079 3689 3146 queant,

2034 3164 2342 3236 quomodo
2388 3167 2542 3219 Deus
2591 3164 2974 3235 omnipotens
3022 3179 3180 3217 unus
3230 3163 3302 3216 sit
3347 3163 3409 3216 in
3450 3167 3688 3233 natura,

2034 3252 2226 3307 trinus
2257 3267 2398 3306 vero
2449 3251 2508 3306 in
2537 3252 2828 3323 personis.
2862 3255 3120 3305 Rursum
3161 3254 3427 3320 tempore
3465 3249 3688 3321 quieto,

2034 3339 2114 3395 nil
2165 3339 2424 3412 amplius
2475 3339 2820 3394 doctoribus
2877 3337 3147 3394 Ecclesia
3205 3336 3508 3392 catholica
3565 3337 3692 3410 ple-

2035 3427 2215 3483 bibus
2269 3427 2372 3500 qui
2439 3431 2703 3500 prasunt
2766 3427 3093 3499 pradicare
3153 3426 3445 3492 convenit,
3503 3442 3693 3499 quam

2036 3520 2103 3572 ut
2155 3517 2401 3572 credant
2459 3518 2692 3572 Patrem
2737 3521 2793 3572 et
2845 3515 3059 3571 Filium
3097 3519 3154 3570 et
3196 3514 3478 3587 Spiritum
3519 3529 3693 3570 sanc-

2036 3609 2165 3662 tum
2229 3606 2408 3661 unius
2473 3604 2818 3661 substantia
2887 3609 3066 3678 atque
3133 3604 3414 3672 deitatis;
3485 3603 3694 3660 Filium

2036 3711 2180 3751 vero
2215 3711 2340 3751 non
2364 3695 2604 3752 aliunde
2635 3711 2823 3766 quam
2864 3694 2938 3749 de
2980 3693 3163 3749 Patris
3216 3693 3554 3749 substantia
3592 3708 3695 3762 ge-

2037 3784 2251 3852 nitum,
2303 3784 2429 3840 sine
2483 3784 2668 3850 initio,
2701 3799 2771 3838 ac
2820 3799 2925 3855 per
2981 3782 3185 3837 omnia
3237 3782 3390 3838 Patri
3439 3782 3696 3838 similem

2039 3878 2097 3930 et
2148 3873 2551 3944 coaqualem;
2583 3872 2864 3944 Spiritum
2889 3877 3028 3926 vero
3063 3875 3358 3938 sanctum,
3407 3887 3479 3926 ex
3525 3873 3696 3926 Patre

2039 3967 2096 4018 et
2149 3961 2287 4017 Filio
2317 3960 2765 4033 procedentem,
2796 3959 2972 4015 unius
3003 3958 3350 4014 substantia
3377 3975 3516 4014 cum
3563 3959 3634 4014 iis
3661 3975 3698 4016 a

2038 4049 2263 4123 quibus
2314 4049 2600 4122 procedit.
2639 4049 2695 4106 Si
2729 4064 2871 4104 vero
2903 4052 3112 4104 contra
3140 4048 3242 4118 huj
3255 4047 3491 4104 usmodi
3543 4048 3699 4104 veri-

2039 4140 2240 4196 dicam
2270 4138 2757 4212 pradicationem
2781 4137 3120 4210 provenerit
3147 4141 3213 4193 ut
3230 4137 3535 4210 quispiam
3553 4137 3702 4194 aria-

2039 4245 2134 4285 na
2163 4229 2349 4302 partis
2371 4233 2629 4284 assertor
2644 4227 2837 4284 dicat:
2865 4231 2993 4283 Non
3022 4227 3105 4282 ita
3133 4231 3220 4282 est
3241 4232 3306 4283 ut
3326 4226 3697 4300 pradicatis;

2042 4318 2148 4374 sed
2172 4319 2322 4374 sicut
2353 4323 2467 4373 tres
2498 4332 2786 4389 personas
2817 4319 2877 4372 in
2908 4319 3094 4372 Deum
3125 4315 3511 4384 conﬁtemini,
3535 4316 3616 4372 ita
3646 4318 3704 4371 et

267 4414 405 4479 latis
436 4412 698 4468 habenis
727 4385 820 4468 ad
827 4385 1218 4486 decipiendos
1247 4417 1305 4470 et
1325 4385 1758 4486 opprimendos
1779 4427 1933 4483 quos
1963 4385 2008 4440 D
2041 4411 2160 4463 tres
2206 4385 2575 4464 substantias
2621 4407 2682 4461 in
2732 4422 2870 4462 eum
2929 4406 3101 4463 vobis
3155 4405 3393 4462 credere
3449 4409 3703 4478 oportet.

269 4507 551 4576 possunt,
583 4501 948 4558 discurrunt.
980 4504 1091 4559 Sex
1121 4501 1308 4559 millia
1337 4502 1585 4576 equites,
1619 4501 1806 4558 elatos
1836 4516 1934 4556 ex-

269 4592 551 4664 primunt
596 4590 830 4656 mundi,
861 4591 966 4663 qui
1018 4592 1092 4648 de
1140 4591 1365 4649 carnali
1413 4591 1678 4664 potentia
1697 4589 1932 4659 tumidi,

267 4680 693 4737 haereticorum
711 4680 1016 4752 adjutores
1032 4685 1308 4738 existunt.
1333 4681 1580 4754 Reliqua
1599 4680 1761 4750 vulgi
1784 4679 1935 4735 mul-

267 4770 467 4826 titudo
497 4770 808 4839 ingentem
835 4768 1030 4825 innuit
1056 4769 1219 4841 vulgi
1248 4769 1511 4842 plebem,
1538 4785 1725 4842 quam
1754 4769 1937 4824 hare-

268 4859 372 4914 tici
421 4857 660 4914 callidis
705 4858 1204 4930 persuasionibus
1235 4857 1553 4931 deceptam
1591 4855 1704 4912 sibi
1733 4871 1940 4925 aggre-

267 4953 444 5019 gant.
472 4946 746 5004 Sexcenti
775 4947 907 5016 viri,
931 4948 1035 5020 qui
1071 4964 1210 5004 cum
1239 4948 1379 5005 Saul
1411 4947 1772 5004 remansisse
1805 4961 1940 5002 nar-

267 5043 507 5106 rantur,
536 5037 971 5093 catholicorum
1001 5036 1268 5093 virorum
1298 5037 1557 5094 formam
1596 5034 1940 5108 pratendis-

270 5144 338 5183 se
368 5130 659 5201 possunt,
683 5126 789 5199 qui
815 5141 924 5198 per
948 5127 1238 5183 unitatem
1265 5126 1408 5183 ﬁdei
1439 5125 1667 5182 Christo
1691 5124 1941 5182 Domino

268 5216 440 5272 velut
466 5213 631 5282 Saul,
661 5214 1050 5282 adhaerentes,
1084 5215 1262 5271 nullis
1291 5215 1592 5272 malorum
1612 5213 1945 5288 persuasio-

269 5305 483 5377 nibus,
519 5319 630 5359 seu
662 5303 1008 5371 terroribus,
1039 5305 1117 5360 ab
1140 5320 1212 5359 eo
1240 5304 1546 5361 recedunt.
1572 5304 1748 5360 Fabri
1768 5304 1946 5360 ferra—

267 5394 345 5449 rii
375 5391 704 5462 allegorice
723 5392 886 5448 viros
914 5391 1251 5462 signiﬁcant
1271 5392 1562 5464 spiritales
1582 5393 1643 5448 in
1666 5391 1945 5460 Ecclesia,

267 5484 384 5556 qui
409 5487 687 5554 tempore
715 5481 886 5554 pacis
918 5483 1081 5552 (cum
1106 5481 1301 5537 desint
1332 5483 1438 5555 qui
1467 5481 1816 5555 inquietent)
1842 5495 1950 5553 pcr

268 5572 670 5630 securitatem
714 5571 952 5640 mentis,
989 5588 1098 5627 seu
1127 5572 1442 5641 incuriam,
1473 5572 1552 5630 ab
1584 5571 1832 5645 spiritali
1861 5571 1950 5627 in-

268 5661 612 5736 quisitione
642 5665 965 5734 torpentes,
996 5661 1173 5735 quasi
1207 5676 1332 5719 non
1362 5661 1498 5735 sint,
1529 5661 1677 5718 dum
1717 5663 1947 5718 inexer-

577 5753 824 5807 Punor.
865 5745 1015 5807 CXV.

2045 4497 2252 4552 Filium
2301 4510 2546 4569 quoque
2603 4511 2727 4550 non
2777 4495 2852 4551 de
2910 4494 3249 4550 substantia
3297 4494 3479 4548 Patris
3528 4493 3704 4547 subs-

2043 4584 2248 4652 titisse,
2278 4585 2382 4640 sed
2430 4601 2502 4640 ex
2540 4583 2725 4639 nihilo
2757 4587 3058 4649 creatum;
3107 4581 3372 4636 similiter
3423 4584 3481 4635 et
3525 4579 3706 4651 Spiri-

2045 4679 2172 4732 tum
2222 4677 2497 4729 sanctum
2529 4689 2651 4728 non
2702 4673 2912 4737 Deum,
2947 4670 3048 4725 sed
3097 4673 3433 4723 creaturam
3464 4667 3707 4724 credere

2044 4766 2294 4834 oportet.
2330 4763 2479 4828 Quid
2532 4767 2740 4817 contra
2787 4756 3137 4829 hujusmodi
3184 4756 3439 4829 impium
3487 4757 3707 4829 pradi-

2046 4857 2310 4907 catorem
2355 4851 2445 4907 vir
2493 4849 2928 4905 ecclesiasticus
2976 4847 3243 4902 facturus
3297 4847 3454 4902 erit?
3482 4846 3596 4902 nisi
3643 4851 3712 4904 ut

2047 4956 2121 4996 ex
2166 4945 2422 5011 utroque
2456 4939 2839 4994 Testamento
2893 4936 3157 5010 proferat
3204 4936 3588 5008 documenta,
3621 4943 3714 4994 at-

2049 5045 2166 5103 que
2214 5029 2378 5085 velut
2433 5029 2794 5086 ferramenta
2845 5031 3021 5084 acuat
3079 5026 3284 5083 divina
3348 5028 3710 5097 testimonia,

2048 5135 2158 5192 per
2214 5135 2350 5192 qua
2406 5122 2463 5175 et
2517 5118 2618 5174 illa
2673 5133 2807 5190 qua
2862 5115 3170 5189 pradicat,
3230 5115 3550 5174 defendere
3615 5134 3714 5174 va-

2051 5209 2188 5276 leat,
2251 5213 2307 5264 et
2374 5207 2845 5264 contradicentes
2910 5205 3189 5262 refutare.
3249 5209 3507 5262 Rursum
3568 5210 3716 5262 tem-

2053 5316 2198 5374 pore
2248 5298 2592 5372 tranquillo,
2642 5297 2727 5353 nil
2782 5295 3044 5369 amplius
3076 5296 3150 5352 de
3205 5296 3304 5352 Dei
3351 5297 3490 5352 Filio
3521 5312 3718 5353 sacer-

2055 5391 2298 5447 dotibus
2353 5389 2624 5446 Ecclesia
2683 5387 3008 5460 pradicare
3059 5387 3356 5449 convenit,
3411 5402 3600 5459 quam
3653 5391 3719 5442 ut

2057 5481 2332 5538 credatur
2388 5496 2566 5536 verus
2628 5481 2782 5534 Deus
2845 5495 2916 5533 ex
2979 5477 3315 5534 substantia
3354 5477 3540 5533 Patris
3590 5477 3717 5532 sine

2058 5577 2325 5642 tempore
2368 5568 2743 5625 ineﬁ‘abiliter
2797 5572 2994 5634 natus,
3054 5573 3110 5622 et
3152 5582 3326 5622 verus
3370 5567 3554 5622 homo
3608 5579 3719 5636 pro

2059 5661 2265 5717 nostra
2305 5657 2714 5731 redemptione
2751 5656 2827 5713 de
2854 5656 3189 5713 substantia
3238 5655 3444 5796 matris
3487 5658 3717 5723 tempo-

3399 5745 3432 5796 0

3399 5745 3432 5796 0
