4130 6182
389 152 496 209 299

1439 146 1445 151 -
1492 123 1851 185 suaenam
1889 111 2350 176 nuxovrensrs
2387 113 2699 171 nomen:

3703 105 3812 160 300

390 274 591 334 raliter
636 271 866 328 creatus
899 268 957 321 et
1000 265 1202 331 natus,
1233 255 1474 328 gemina
1521 246 1877 315 substantia,
1918 242 2038 298 sin-
2065 240 2115 294 A
2145 237 2561 334 haereticorum
2608 237 2938 294 conventus
2990 227 3306 291 disturbat,
3335 226 3593 299 dissipat
3629 230 3815 299 atque

393 363 585 438 gulari
624 375 764 415 vero
796 367 1085 428 persona;
1131 340 1705 405 consubstantialem
1751 333 1903 391 Patri
1949 347 2042 429 se:

395 418 661 512 cundum
691 418 1086 511 Divinitatem,
1109 430 1682 495 consubstantialem
1702 441 1844 484 vero
1870 418 2047 479 matri

387 546 560 616 juxta
583 534 1056 597 humanitatem;
1097 543 1290 584 unum
1321 522 1723 592 eumdemque
1746 517 1807 572 in
1839 513 2044 581 singu-

392 607 623 690 laritate
653 632 943 701 personae.
988 622 1206 677 Contra
1233 630 1421 689 quam
1449 612 1633 701 ﬁdem
1674 608 1725 663 si
1753 607 2048 701 econtra-

396 721 487 779 rio
530 692 750 775 diversi
780 712 1128 769 occurrant:
1157 718 1317 762 unus
1347 700 1619 759 videlicet
1646 697 1749 770 qui
1788 695 1870 751 ita
1895 692 2049 747 duas
2094 742 2105 751 ,

393 813 639 867 naturas
663 805 726 860 in
747 801 887 859 Filio
922 799 1022 855 Dei
1054 793 1384 854 confundat
1409 795 1589 863 atque
1612 782 2054 861 permisceat,ut

392 900 546 956 inter
573 897 762 950 Deum
792 895 849 948 et
874 888 1185 947 hominem
1232 883 1464 940 nullam
1499 895 1627 935 esse
1657 871 2053 932 differentiam

396 988 647 1055 astruat,
706 978 813 1038 sed
849 982 967 1036 hoc
996 992 1126 1034 esse
1159 974 1465 1039 Deitatem,
1518 967 1685 1042 quod
1732 968 1789 1020 et
1836 963 2052 1055 huma-

394 1049 644 1135 nitatem
672 1073 735 1128 in
756 1087 848 1143 eo,
883 1070 1039 1125 sicut
1065 1069 1122 1123 et
1144 1062 1484 1130 Euthitiani,
1517 1064 1574 1114 et
1601 1071 1811 1113 eorum
1833 1049 2057 1107 similes

394 1162 658 1223 haeretici
706 1160 891 1234 impie
957 1156 1277 1213 defendere
1346 1148 1734 1207 contendunt.
1798 1147 2056 1199 Rursum

398 1255 548 1314 alius
571 1266 644 1310 ex
672 1250 925 1308 adverso
953 1245 1241 1320 prosiliat,
1273 1241 1379 1315 qui
1403 1240 1556 1296 sicut
1583 1237 1736 1293 duas
1765 1234 1826 1290 in
1856 1247 1927 1287 eo
1958 1244 2062 1285 na-

398 1351 583 1412 turas,
600 1343 683 1399 ita
699 1344 756 1397 et
782 1339 935 1395 duas
950 1350 1246 1410 personas
1267 1331 1566 1389 afﬁrmare
1587 1326 1745 1393 velit,
1774 1323 1927 1379 sicut
1957 1324 2058 1376 Ne~

400 1432 664 1493 storiani.
697 1432 915 1488 Iterum
936 1427 1140 1484 tertius
1166 1424 1258 1481 vel
1294 1425 1545 1495 quartus
1575 1417 1868 1478 occurrat,
1898 1426 2058 1466 unus

400 1522 673 1582 videlicet
691 1520 795 1594 qui
825 1517 1109 1575 eumdem
1140 1514 1345 1571 Filium
1382 1510 1476 1567 Dei
1505 1508 1666 1564 dicat
1709 1505 1772 1560 in
1812 1501 2053 1594 veritate

404 1617 592 1670 Deum
636 1593 785 1677 esse,
826 1606 1137 1664 hominem
1184 1618 1327 1659 vero
1379 1601 1441 1655 in
1485 1593 1806 1672 phantasia

404 1697 923 1775 quemadmodum
954 1690 1259 1751 Manichaei
1288 1693 1343 1745 et
1382 1683 1835 1743 Priscillianistae
1866 1678 2061 1734 dicere

407 1769 541 1848 ausi
563 1791 718 1844 sunt.
745 1786 909 1842 Alius
937 1788 1139 1841 autem
1159 1780 1263 1854 qui
1293 1779 1461 1834 illum
1490 1789 1712 1848 purum
1749 1769 2059 1827 hominem

404 1880 606 1946 fuisse,
659 1876 889 1949 absque
949 1877 1086 1941 Deo,
1139 1868 1479 1931 contendat,
1514 1865 1665 1920 sicut
1706 1855 2058 1949 Photiniani.

405 1972 667 2024 Rursum
699 1947 810 2021 alii
828 1968 1007 2036 atque
1053 1959 1151 2018 alii
1190 1958 1463 2025 existant,
1491 1954 1595 2027 qui
1638 1967 1798 2017 eum,
1831 1948 1944 2002 hoc
1975 1947 2064 2001 est

408 2056 619 2113 Filium
640 2056 760 2126 Dei,
787 2053 935 2109 nihil
973 2051 1047 2108 de
1078 2053 1266 2106 matre
1298 2044 1717 2118 assumpsisse,
1755 2055 1867 2095 nec
1902 2037 2062 2107 ejus-

408 2145 550 2202 dem
590 2123 817 2200 naturw
868 2141 1075 2203 fuisse,
1132 2154 1205 2193 ex
1252 2151 1374 2209 qua
1421 2139 1478 2190 et
1523 2149 1635 2189 nos
1687 2143 1922 2191 sumus,
1957 2123 2062 2180 sed

407 2234 608 2292 nescio
639 2248 826 2305 quam
856 2228 1276 2300 imaginariam
1315 2240 1558 2281 carnem
1584 2221 1643 2276 in
1674 2216 1903 2275 mundo
1935 2229 2063 2283 ges-

407 2330 603 2391 tasse;
650 2325 707 2377 et
736 2320 931 2377 caeteri
972 2316 1236 2391 plurimi,
1282 2329 1438 2387 quos
1468 2326 1679 2367 omnes
1726 2316 2063 2363 memorare

409 2412 587 2468 nimis
615 2409 916 2483 prolixum
944 2411 1051 2473 est,
1090 2410 1147 2461 et
1192 2420 1314 2460 non
1362 2399 1803 2457 necessarium:
1857 2396 2064 2449 contra

411 2516 566 2572 quos
604 2480 816 2554 omnes
850 2497 1050 2551 hostes
1085 2493 1247 2560 ﬁdei,
1288 2490 1434 2564 quid
1480 2484 1888 2544 ecclesiasticis
1927 2480 2065 2536 viris

414 2570 723 2660 agendum
761 2587 890 2642 est?
918 2585 1033 2640 nisi
1062 2587 1128 2639 ut
1163 2599 1237 2639 ex
1264 2586 1518 2652 utroque
1558 2576 1933 2633 Testamento
1975 2570 2065 2660 di-

413 2658 617 2733 versas
671 2672 991 2730 sententias
1048 2674 1225 2744 atque
1278 2666 1635 2731 testimonia,
1681 2661 1859 2735 quasi
1900 2658 2067 2716 varia

415 2766 777 2822 ferramenta
804 2762 1032 2827 liment,
1079 2762 1393 2824 exacuant,
1417 2760 1594 2827 atque
1622 2751 1935 2817 elucident,
1962 2763 2069 2822 per

414 2870 549 2928 quae
600 2857 657 2909 et
701 2868 772 2908 ea
801 2867 937 2924 quae
978 2847 1228 2906 credunt
1264 2862 1333 2903 ac
1382 2843 1714 2918 praedicant
1751 2837 2069 2895 defendere

416 2924 662 3015 queant,
697 2944 755 2996 et
777 2936 1153 2995 adversarios
1184 2950 1346 3005 suos,
1387 2937 1489 2989 aut
1524 2927 1923 2986 confodiendo
1955 2924 2071 2979 sibi

418 3031 815 3098 substernere,
859 3030 964 3083 aut
1016 3028 1169 3080 certe
1225 3021 1500 3079 terrendo
1552 3020 1613 3074 in
1668 3018 1876 3087 fugam
1925 3029 2070 3070 con-

416 3124 660 3175 vertere.
721 3120 842 3173 Hoc
902 3115 1126 3189 quippe
1182 3111 1385 3177 modo,
1430 3113 1486 3165 et
1539 3112 1746 3163 contra
1799 3105 2069 3161 diversas

417 3207 796 3282 quaestiones,
860 3220 997 3276 quas
1053 3203 1114 3258 in
1181 3198 1441 3256 Ecclesia
1508 3213 1614 3269 per
1680 3191 2073 3251 contentionis

418 3298 631 3353 vitium
658 3295 950 3360 oriuntur,
1000 3290 1103 3347 Dei
1132 3287 1544 3344 sacerdotibus
1602 3284 1765 3339 omni
1814 3284 2071 3337 circum-

421 3386 723 3459 spectione
753 3381 1059 3451 agendum
1104 3383 1210 3434 est.
1246 3382 1312 3433 Et
1354 3377 1641 3432 adversus
1666 3373 1864 3429 varias
1894 3373 2077 3427 haere-

422 3468 697 3530 ticorum'
718 3470 1013 3525 novitates
1060 3467 1225 3523 omni
1289 3465 1485 3520 studio
1544 3462 1934 3531 vigilandum,
1998 3476 2072 3516 ne

422 3560 574 3617 ﬁdes
623 3557 915 3625 Ecclesiae,
965 3555 1126 3611 velut
1176 3552 1411 3609 aedificii
1461 3551 2077 3622 fundamentum,per

425 3648 777 3706 eorumdem
823 3644 1239 3701 haareticorum
1276 3643 1589 3714 impetum,
1616 3640 1790 3712 quasi
1809 3640 2079 3713 impulsu

424 3741 739 3796 ventorum
768 3735 1006 3792 labatur
1043 3738 1221 3805 atque
1278 3731 1621 3786 subruatur.
1655 3729 1829 3795 Quod
1876 3734 2078 3786 autem

428 3828 510 3883 ait
555 3825 857 3897 Scriptura
903 3823 979 3878 de
1035 3819 1370 3876 Israeliticis
1412 3817 1578 3874 viris:
1613 3840 1641 3867 «
1676 3818 2082 3874 Descendebat

428 3930 569 3987 ergo
599 3914 797 3972 omnis
829 3911 1009 3968 Israel
1059 3910 1135 3967 ad
1184 3909 1494 3979 Philistim,
1521 3912 1585 3965 ut
1615 3912 1853 3965 acueret
1899 3923 2080 3963 unus-

428 4005 682 4078 quisque
710 4016 1016 4058 vomerem
1045 4014 1223 4054 suum
1250 4003 1305 4054 et
1332 3998 1595 4068 ligonem
1635 4001 1692 4054 et
1736 3996 2016 4063 securim,
2049 4006 2079 4047 5)

431 4097 577 4161 etc.;
631 4090 747 4145 hoc
795 4104 923 4145 non
966 4086 1225 4144 absurde
1273 4086 1518 4157 intelligi
1557 4086 1755 4157 datur,
1779 4085 1923 4159 quia
1944 4100 2083 4140 con-

430 4178 715 4235 troversia
777 4176 1193 4233 haereticorum
1257 4175 1534 4231 exercitia
1572 4178 1711 4231 sunt
1766 4173 2084 4230 catholico-

427 4282 567 4337 rum
595 4284 609 4335 ;
653 4269 710 4321 et
736 4263 1035 4321 malorum
1065 4264 1364 4321 contentio
1394 4263 1697 4319 bonorum
1748 4261 1907 4318 acuit
1943 4276 2081 4316 sen-

430 4371 624 4425 sum;
700 4359 756 4412 et
842 4356 1166 4411 adversitas
1239 4354 1564 4427 impiorum
1640 4352 1880 4408 sinistra
1945 4354 2084 4408 sunt

430 4459 601 4502 arma
681 4444 1000 4516 justorum.
1065 4443 1239 4510 Quod
1310 4447 1511 4498 tamen
1582 4440 1861 4510 haeretici,
1919 4439 2083 4496 velut

426 4536 735 4604 Philistim,
766 4537 1050 4592 omnibus
1092 4534 1290 4590 modis
1320 4535 1551 4602 cavent,
1596 4548 1672 4586 ne
1717 4546 1826 4603 pro
1871 4544 2081 4586 eorum

428 4626 763 4692 occasione,
820 4626 928 4682 viri
996 4622 1269 4682 catholici
1334 4636 1505 4678 arma
1566 4620 1800 4693 possint
1859 4620 2083 4677 habere

429 4716 734 4788 spiritalia.

1054 4855 1279 4911 CAPUT
1314 4854 1449 4911 XIV.

504 5005 532 5033 ‹‹
564 4984 634 5040 Et
661 4979 876 5039 accidit
903 4975 1172 5051 quadam
1202 4977 1318 5045 die,
1358 4982 1425 5032 ut
1459 4977 1681 5033 diceret
1707 4978 1991 5034 Jonathas
2018 4978 2087 5033 ﬁ-

433 5094 461 5120 «
502 5072 617 5127 lius
664 5069 803 5127 Saul
856 5068 935 5123 ad
987 5063 1427 5121 adolescentem
1467 5066 1832 5136 armigerum
1868 5083 2081 5123 suum:

434 5184 463 5211 ‹‹
503 5160 666 5228 Veni,
685 5164 741 5212 et
768 5163 1142 5213 transeamus
1171 5153 1251 5209 ad
1280 5154 1596 5211 stationem
1626 5155 1930 5222 Philistim,
1950 5171 2084 5227 quae

433 5272 462 5298 «
505 5252 594 5303 est
619 5252 781 5301 trans
808 5245 1010 5300 locum
1040 5243 1228 5311 illum,
1261 5249 1429 5302 etc».
1476 5245 1696 5301 Pendet
1744 5246 1903 5300 enim
1957 5245 2085 5303 haec

435 5332 726 5390 sententia
746 5350 817 5389 ex
841 5333 1265 5406 superioribus.
1297 5337 1582 5391 Jonathas
1603 5350 1761 5401 vero,
1786 5335 1957 5406 cujus
1982 5351 2086 5393 no-

434 5437 575 5478 men
607 5425 781 5478 sonat
828 5424 1111 5480 columbae
1170 5425 1411 5491 donum,
1442 5428 1790 5480 sanctorum
1819 5424 2087 5481 virorum

436 5508 812 5584 spiritalium,
843 5512 946 5584 qui
975 5513 1036 5568 in
1083 5511 1343 5569 Ecclesia
1391 5512 1553 5567 dono
1602 5513 1851 5585 Spiritus
1901 5513 2090 5571 sancti

435 5600 643 5676 repleti
673 5605 830 5673 sunt,
859 5604 1113 5675 gestavit
1139 5602 1433 5676 ﬁguram;
1465 5618 1573 5677 per
1614 5618 1769 5678 quos
1799 5606 2087 5664 Dominus

2147 326 2208 382 in
2246 328 2453 397 fugam
2487 327 2676 383 vertit.
2704 324 2975 391 Armiger
3006 324 3206 377 autem
3236 317 3366 387 ejus
3397 332 3610 371 eorum
3641 332 3817 372 sanc-

2149 419 2347 471 torum
2370 415 2632 471 virorum
2654 410 3057 481 prteiiguravit
3077 404 3424 477 discipulos,
3444 404 3550 476 qui
3574 403 3818 460 illorum

2152 504 2428 576 exempla
2468 508 2649 576 atque
2678 500 3011 558 doctrinam
3060 499 3378 561 sectantes,
3413 498 3473 548 et
3504 492 3820 549 individue

2150 593 2263 649 illis
2290 594 2685 662 adhaerentes,
2708 589 2882 663 quasi
2913 602 3123 643 eorum
3152 599 3324 640 arma
3342 587 3604 655 portant.
3639 582 3817 648 Quod

2154 685 2354 737 autem
2409 681 2572 737 idem
2599 677 2884 735 Jonathas
2929 680 2986 731 et
3032 672 3293 742 armiger
3336 670 3467 741 ejus
3520 669 3819 726 adversus

2154 768 2459 840 Philistim,
2508 784 2631 824 non
2685 781 2791 838 per
2840 763 3115 836 planiora
3164 759 3443 831 lentaque
3499 757 3656 825 loca,
3712 757 3822 813 sed

2157 876 2263 933 per
2293 875 2511 915 saxosa
2541 862 2599 913 et
2627 855 2821 912 ardua
2854 853 2960 909 iter
2988 850 3298 922 arripiunt,
3329 846 3479 903 illud
3499 847 3822 917 allegorice

2160 949 2357 1018 signat
2385 947 2546 1020 quod
2578 961 2700 1002 non
2736 943 2818 999 illi
2864 940 3228 1004 sacerdotes,
3279 936 3385 1010 qui
3441 937 3598 994 intra
3626 936 3822 992 Eccle-

2161 1038 2332 1103 siam,
2382 1037 2565 1091 latam
2615 1039 2672 1089 et
2701 1032 3033 1105 spatiosam
3078 1028 3261 1091 viam,
3295 1042 3403 1098 per
3460 1024 3823 1082 dissolutam

2160 1128 2366 1195 vitam,
2396 1125 2727 1189 ambulant,
2762 1121 3036 1178 hostibus
3066 1117 3207 1173 fidei
3237 1114 3532 1172 contraire
3568 1120 3822 1188 queunt,

2161 1232 2360 1289 neque
2409 1232 2547 1272 cum
2577 1213 2695 1270 illis
2744 1210 3083 1285 spiritaliter
3110 1207 3419 1275 dimicare,
3452 1204 3558 1260 sed
3599 1204 3679 1260 illi
3708 1220 3825 1277 po-

2164 1308 2278 1364 tius
2310 1308 2413 1378 qui
2438 1321 2545 1378 per
2573 1306 2799 1360 arctam
2836 1306 2893 1357 et
2934 1304 3256 1368 angustam
3285 1295 3450 1351 viam
3484 1294 3826 1365 gradientes

2164 1396 2315 1453 inter
2340 1399 2662 1465 utrumque
2693 1390 3166 1453 Testamentum,
3196 1390 3376 1457 atque
3403 1384 3557 1439 inter
3584 1398 3834 1457 prospe~

2165 1502 2232 1542 ra
2279 1489 2337 1542 et
2387 1484 2661 1551 adversa,
2707 1478 2881 1551 quasi
2913 1478 3064 1533 inter
3115 1474 3269 1530 duos
3298 1472 3580 1545 scopulos
3618 1472 3834 1530 dextra

1854 1590 2055 1655 fuisse,
2083 1595 2129 1648 Β
2165 1576 2438 1647 laevaque
2464 1571 2776 1637 incedunt;
2812 1566 2917 1640 qui
2969 1565 3153 1622 armis
3178 1567 3525 1620 sanctarum
3574 1562 3834 1635 Scriptu-

2165 1681 2369 1722 rarum
2400 1661 2635 1730 muniti,
2663 1675 2782 1716 non
2818 1655 3142 1730 proclivius
3168 1653 3246 1709 ad
3282 1653 3427 1719 ima,
3468 1652 3576 1708 sed
3612 1653 3831 1709 mentis

2167 1754 2489 1819 alacritate,
2542 1749 2621 1806 ad
2679 1747 3051 1805 altitudinem
3114 1741 3641 1815 contemplationis
3672 1746 3832 1803 ,toto

2167 1843 2387 1899 adnisu
2426 1837 2827 1895 conscendere
2858 1835 3148 1890 nituntur.
3182 1831 3332 1887 Illud
3352 1846 3496 1886 vero
3526 1830 3637 1886 iter
3663 1829 3833 1903 quod

2166 1932 2455 1989 Jonathas
2477 1928 2773 1998 armigero
2801 1941 2913 1980 suo
2942 1922 3273 1996 proposuit,
3287 1926 3353 1976 ut
3381 1920 3497 1975 nisi
3526 1920 3642 1993 ipsi
3664 1920 3833 1992 prius

2167 2023 2245 2079 ad
2296 2018 2569 2076 hostibus
2613 2013 2921 2090 provocati
2962 2013 3173 2075 forent,
3205 2025 3597 2082 nequaquam
3624 2010 3703 2065 ad
3728 2025 3830 2065 eos

2168 2110 2506 2175 transirent,
2536 2107 2643 2162 sed
2671 2104 2854 2178 quieti
2907 2101 3317 2167 subsisterent,
3351 2100 3468 2155 hoc
3517 2099 3693 2155 nobis
3722 2114 3830 2171 per

2167 2198 2514 2273 hujusmodi
2546 2197 2654 2253 iter
2694 2196 2935 2265 signum
2987 2208 3158 2249 sacra
3189 2191 3493 2263 Scriptura
3520 2190 3716 2263 typice
3744 2192 3833 2245 in-

2168 2291 2333 2347 nuit:
2362 2294 2427 2345 ut
2454 2304 2527 2344 ne
2557 2286 2693 2359 quis
2731 2299 2805 2342 ex
2844 2282 3149 2339 catholicis
3182 2281 3471 2337 adversus
3517 2280 3826 2335 hwreticos

2170 2383 2331 2456 prior
2360 2376 2753 2437 contentionis
2784 2392 2956 2432 arma
3003 2377 3399 2437 commoveat,
3428 2371 3536 2426 nisi
3566 2371 3643 2425 ab
3670 2369 3817 2441 ipsis

2170 2473 2337 2546 prius
2366 2470 2443 2527 ad
2478 2474 2781 2525 certamen
2831 2468 3197 2539 provocatus
3253 2463 3449 2527 fuerit;
3504 2459 3645 2532 quia
3691 2473 3817 2513 non

2171 2578 2276 2635 per
2314 2559 2658 2622 catholicos,
2686 2556 2792 2611 sed
2838 2554 3038 2627 potius
3066 2568 3176 2625 per
3217 2550 3534 2623 hereticos,
3578 2552 3821 2603 conten-

2172 2634 2348 2708 tionis
2401 2647 2559 2703 bella
2595 2647 2658 2701 in
2708 2643 2969 2700 Ecclesia
2997 2640 3312 2699 exordium
3358 2640 3618 2695 sumunt.
3649 2634 3831 2702 Quod

2175 2744 2376 2797 autem
2404 2736 2699 2793 Jonathas
2749 2739 2806 2790 et
2853 2734 3113 2802 armiger
3156 2732 3285 2803 ejus
3312 2730 3509 2803 prima
3554 2741 3833 2796 congres-

2177 2829 2341 2885 sione
2371 2828 2662 2884 adversus
2711 2822 3027 2889 Philistim,
3060 2836 3186 2877 non
3216 2819 3335 2875 alio
3359 2819 3421 2874 in
3465 2818 3620 2883 loco,
3646 2830 3834 2888 quam

2175 2919 2237 2975 in
2257 2934 2403 2989 agro
2442 2916 2686 2972 culturae
2709 2912 2911 2968 dedito
2947 2910 3357 2979 conﬂigentes,
3388 2906 3601 2977 viginti
3627 2919 3840 2961 nume-

2176 3024 2243 3064 ro
2270 3007 2469 3080 prima
2513 3004 2705 3059 frunte
2739 3018 2811 3056 ex
2840 3000 3113 3056 hostibus
3155 2999 3560 3071 prosternunt,
3594 2992 3745 3049 illud
3772 2991 3840 3047 ﬁ-

2180 3095 2458 3168 guraliter
2487 3092 2822 3163 signiﬁcare
2871 3090 3126 3157 videtur,
3157 3086 3322 3158 quod
3364 3085 3457 3140 his
3486 3082 3840 3140 doctoribus

2178 3185 2436 3244 haeretici
2453 3184 2675 3241 cedunt
2689 3187 2867 3255 atque
2890 3176 3419 3250 succumbunt,qui
3440 3176 3597 3231 intra
3620 3173 3842 3229 limites

2181 3275 2448 3333 Ecclesiae
2480 3273 2677 3347 positi,
2708 3287 2743 3327 a
2770 3269 3153 3327 meditatione
3182 3266 3348 3337 legis,
3376 3265 3538 3322 velut
3577 3263 3654 3319 ab
3686 3262 3843 3332 agri-

2181 3367 2413 3423 cultura
2440 3380 2564 3420 non
2590 3362 2894 3418 recedunt.
2931 3358 3239 3432 Sequitur:

2253 3478 2280 3507 ‹‹
2317 3455 2430 3511 Sed
2452 3459 2506 3509 et
2537 3452 2783 3518 Hebraei,
2817 3450 2921 3523 qui
2953 3448 3189 3505 fuerant
3218 3463 3355 3502 cum
3386 3443 3674 3500 Philistim
3711 3441 3843 3498 heri

2183 3567 2211 3595 ‹‹
2253 3548 2310 3600 et
2337 3541 2786 3607 nudiustertius,
2830 3538 3341 3608 ascenderantque
3369 3550 3508 3589 cum
3537 3533 3624 3588 eis
3659 3532 3723 3588 in
3749 3546 3845 3588 ca-

2186 3653 2217 3689 α
2255 3634 2410 3700 stris,
2455 3629 2674 3686 reversi
2705 3634 2846 3685 sunt
2875 3631 2941 3683 ut
2977 3630 3176 3683 essent
3204 3641 3344 3681 eum
3375 3622 3573 3690 lsrael,
3604 3643 3632 3671 »
3670 3626 3728 3677 et
3754 3637 3845 3677 re-

2182 3724 2348 3796 liqua
2377 3735 2692 3793 usquequo
2724 3719 2840 3774 ait:
2882 3740 2910 3768 «
2953 3706 3384 3773 Nuntiaverunt
3411 3716 3613 3769 autem
3653 3710 3839 3779 Sauli,

2187 3835 2215 3864 «
2254 3813 2537 3881 dicentes,
2564 3809 2730 3882 quod
2759 3807 3020 3881 populus
3037 3810 3343 3878 peccasset
3363 3801 3616 3859 Domino
3641 3814 3838 3857 come-

2187 3924 2216 3954 «
2257 3901 2405 3957 dens
2445 3915 2583 3955 cum
2628 3896 2939 3967 sanguine.
2973 3894 3083 3958 Qui
3127 3894 3240 3950 ait:
3279 3889 3644 3949 Prtevaricati
3668 3887 3829 3945 estis.

2189 4014 2219 4042 ‹‹
2256 3990 2482 4049 Volvite
2513 3988 2593 4045 ad
2622 4002 2719 4044 me
2746 3988 2876 4057 jam
2902 4000 3064 4041 nunc
3106 3999 3322 4039 saxum
3352 3982 3651 4053 grande.»
3681 3981 3845 4035 Nam

2187 4085 2511 4153 antequam
2572 4076 2896 4150 spiritalem
2940 4075 3201 4144 ﬁguram
3240 4071 3667 4143 aggrediamur
3692 4083 3850 4124 enu-

2188 4171 2522 4237 cleandam,
2555 4165 3070 4225 manifestandum
3094 4168 3187 4219 est
3204 4162 3355 4235 quid
3379 4166 3472 4217 est
3496 4159 3663 4234 quod
3696 4158 3856 4215 Scri-

2112 4306 2155 4359 D
2186 4267 2363 4336 ptura
2389 4256 2954 4359 dicitdeionatha:
2988 4254 3307 4354 Illuminati
3347 4257 3487 4308 sunt
3524 4250 3859 4359 ocjulijejus

2188 4356 2246 4408 et
2300 4349 2447 4425 quid
2504 4347 2796 4418 signiﬁcet
2855 4348 3028 4417 juxta
3090 4342 3400 4400 historiam
3458 4339 3625 4413 quod
3681 4338 3863 4411 dicit,

2190 4438 2521 4496 comedisse
2552 4436 2848 4509 populum
2869 4450 3008 4490 cum
3037 4432 3350 4501 sanguine.
3376 4427 3530 4495 Quid
3560 4430 3654 4483 est
3678 4426 3870 4499 quod

2189 4545 2360 4586 sacra
2380 4526 2681 4599 Scriptura
2700 4525 2784 4580 ait
2807 4541 2819 4579 :
2847 4521 3200 4579 «llluminati
3224 4517 3529 4576 suntoculi
3550 4517 3867 4585 Jonathee,

2188 4624 2431 4694 propter
2474 4621 2717 4688 gustum
2774 4614 2965 4671 mellis
2999 4618 3025 4669 ε)
3055 4634 3084 4663 »
3137 4610 3416 4684 nunquid
3466 4613 3604 4665 ante
3650 4622 3872 4664 caecus

2189 4710 2361 4769 erat?
2414 4708 2667 4767 Minime.
2713 4705 2827 4761 Sed
2877 4702 3195 4761 illuminati
3248 4705 3388 4757 sunt
3434 4699 3664 4771 utique,
3726 4714 3880 4756 non

2190 4801 2269 4859 ad
2314 4798 2662 4866 videndum,
2690 4796 2835 4870 quia
2879 4798 3016 4852 ante
3067 4791 3331 4859 videbat,
3362 4790 3471 4847 sed
3522 4787 3601 4845 ad
3627 4786 3883 4846 discer-

2189 4890 2479 4958 nendum,
2520 4888 2664 4962 quia
2718 4886 2901 4943 vetita
2944 4883 3234 4953 tetigerat.
3293 4880 3454 4938 Sicut
3511 4878 3589 4935 de
3636 4877 3884 4950 primis

2190 4979 2536 5035 hominibus
2577 4976 2809 5047 legitur,
2842 4974 2946 5047 qui
3000 4988 3142 5029 mox
3194 4974 3260 5027 ut
3305 4967 3610 5043 prohibita
3652 4972 3891 5036 θυείδ-

2190 5073 2425 5134 verunt,
2477 5070 2714 5139 apertos
2767 5063 3051 5120 habuisse
3097 5060 3304 5118 oculos
3362 5059 3717 5128 referentur,
3791 5061 3892 5118 ad

2192 5157 2657 5214 discernendum
2687 5154 2958 5211 videlicet
2999 5153 3151 5209 inter
3200 5152 3435 5208 bonum
3487 5146 3656 5222 quod
3708 5152 3896 5208 ami-

2195 5251 2411 5315 serant,
2436 5252 2492 5303 et
2534 5246 2762 5301 malum
2799 5245 2877 5300 ad
2934 5245 3099 5316 quod
3155 5243 3513 5299 ceciderant.
3559 5241 3895 5301 Caeterum

2195 5338 2378 5409 aliqui
2407 5335 2573 5393 aliter
2597 5334 2839 5405 intelligi
2868 5334 3114 5391 volunt:
3161 5333 3341 5389 Aiunt
3378 5332 3539 5387 enim
3582 5329 3764 5401 quod
3805 5350 3899 5392 ex

2195 5427 2379 5483 nimio
2409 5426 2603 5481 calore
2634 5425 2810 5489 oculi,
2842 5428 2900 5479 et
2928 5424 3205 5479 exercitio
3254 5421 3440 5495 praelii
3490 5435 3559 5476 ac
3602 5418 3899 5497 itineris,

2195 5515 2552 5573 reverberati
2585 5521 2771 5584 erant,
2804 5519 2859 5570 et
2895 5515 3084 5571 nimio
3129 5513 3360 5586 jejunio
3390 5511 3696 5580 fatigatus,
3734 5524 3900 5572 non

2196 5604 2394 5663 solum
2415 5621 2684 5679 corpore,
2700 5604 2805 5661 sed
2834 5608 2893 5661 et
2911 5607 3111 5661 mente
3125 5601 3396 5660 fortassis
3412 5599 3744 5667 defecerat,
3762 5604 3904 5663 ubi
