4136 6176
239 142 345 196 3m
1206 139 1460 196 ENARR.
1520 144 1587 197 m
1636 132 1889 199 LIBROS
1943 140 2201 198 neeum.
2236 143 2402 197 u-IN
2461 143 2588 198 us.
2648 145 2687 197 1.

3538 150 3647 207 302

236 268 379 319 sunt
403 262 559 319 oculi
588 262 884 319 interioris
911 263 1194 320 hominis.
1224 268 1292 322 Et
1314 265 1449 322 ideo
1480 283 1617 323 cum
1645 271 1881 336 gustas-
1911 266 1961 322 Α
1993 264 2291 335 jejunium
2316 264 2649 331 indicentis,
2674 264 2884 321 videns
2918 280 3100 338 super
3120 264 3333 324 faciem
3352 269 3481 339 agri
3501 271 3643 342 mel,

235 359 323 409 set
339 358 588 423 gustum
620 352 836 419 mellis,
871 354 1239 409 illuminatus
1287 355 1502 410 dicitur
1539 373 1550 408 :
1585 357 1729 429 quia
1760 370 1884 411 non
1994 353 2256 409 extendit
2298 355 2701 410 summitatem
2743 355 2941 424 virgae,
2976 359 3032 410 et
3069 354 3307 413 intinxit
3354 359 3417 414 in
3438 358 3671 425 favum,

234 443 431 497 solum
461 442 621 497 oeuli
655 458 725 496 ex
756 442 1074 498 refectione
1119 444 1407 516 corporis,
1432 445 1730 517 inquiunt,
1766 444 1886 499 cla-
1996 442 2207 510 mellis,
2259 448 2316 500 et
2354 443 2633 514 gustavit,
2683 448 2740 499 et
2784 443 3104 500 illuminati
3145 449 3284 502 sunt
3312 447 3472 505 oculi
3495 448 3648 521 ejus,

234 532 355 587 rius
382 531 589 587 videre
621 536 944 603 coeperant,
979 533 1083 587 sed
1106 538 1161 588 et
1188 532 1436 588 interius
1460 550 1631 589 mens
1673 534 1888 588 clarior
1993 532 2470 604 propalabimus,
2510 538 2572 587 ut
2600 532 2995 606 postmodum
3027 537 3243 591 caetera
3272 536 3651 609 conjunctim

234 620 569 677 confortata
595 616 915 677 dulcedine
939 622 1149 689 mellis,
1169 638 1239 678 ac
1266 623 1601 695 promptior
1618 640 1889 696 resump-
1991 621 2294 677 insinuare
2324 622 2655 678 valeamus.
2687 622 2909 677 Verum
2934 622 3102 695 quod
3134 624 3213 679 ad
3234 629 3480 696 gustum
3507 628 3653 685 mel-

233 714 305 766 tis
328 710 554 766 viribus
604 710 685 766 ad
711 712 1202 784 persequendum
1234 711 1614 768 adversarios
1648 715 1885 770 exstitit.
1991 709 2063 765 lis
2088 710 2244 765 oculi
2269 712 2536 766 Jonathas
2576 710 2893 767 illuminati
2943 716 3105 778 sunt,
3163 712 3315 770 sicut
3361 714 3645 786 diximus,

234 799 401 856 Unde
430 805 487 855 et
509 799 640 871 ipse
666 799 748 855 ait
794 816 806 852 :
868 822 895 848 «
938 798 1231 857 Turbavit
1261 806 1430 874 pater
1452 816 1620 857 meus
1644 807 1883 858 terram.
1994 814 2117 855 non
2142 798 2220 855 ad
2252 799 2599 866 videndum,
2632 800 2777 873 quia
2799 805 2976 857 antea
2996 801 3258 870 videbat,
3289 803 3397 859 sed
3426 804 3506 861 ad
3532 806 3648 863 dis-

232 910 261 939 ‹‹
304 888 543 944 Vidistis
570 888 706 961 ipsi,
739 888 884 961 quia
913 888 1231 945 illuminati
1276 895 1415 945 sunt
1457 891 1615 946 oculi
1644 893 1779 955 mei,
1813 910 1886 950 eo
1995 889 2385 957 cernendum,
2421 889 2563 962 quia
2598 889 2780 946 vetita
2831 891 3117 961 tetigerat.
3170 894 3330 949 Tunc
3361 892 3522 950 enim
3550 911 3648 952 ca-

232 1001 261 1027 ε(
301 977 469 1050 quod
498 977 864 1046 gustaverim
896 977 1206 1051 paululum
1228 978 1305 1034 de
1330 978 1505 1034 melle
1533 979 1663 1034 isto:
1688 996 1884 1051 quan»
1994 995 2099 1033 sus
2130 979 2247 1046 ille,
2276 979 2425 1034 sicut
2456 978 2670 1046 Adam,
2716 979 2850 1034 fecit
2878 979 3049 1034 illum
3082 984 3398 1054 attentum,
3438 983 3641 1040 reddi-

232 1090 259 1117 α
301 1068 577 1137 tomagis
608 1067 659 1122 si
688 1067 1045 1123 comedisset
1074 1068 1336 1139 populus
1366 1068 1440 1123 de
1468 1069 1883 1139 prtedainimi—
1988 1067 2196 1141 ditque
2225 1068 2541 1124 confusum
2575 1086 2588 1123 :
2620 1066 2767 1140 quid
2792 1067 2956 1124 aliud
2979 1069 3350 1142 exprimitur,
3381 1072 3499 1128 nisi
3527 1073 3645 1130 hoc

233 1176 261 1208 ‹
299 1172 509 1212 corum
539 1172 789 1210 suorum
819 1172 1003 1227 quam
1032 1161 1272 1228 ceperat
1301 1156 1328 1210 ?
1364 1179 1390 1205 ››
1413 1160 1560 1212 Nam
1587 1157 1751 1229 quod
1780 1158 1879 1227 ait,
1988 1157 2147 1213 facto
2166 1157 2548 1225 admonetur,
2577 1173 2789 1213 omnes
2832 1157 3141 1214 illecebras
3181 1158 3551 1233 voluptatum
3581 1160 3645 1219 in

233 1268 257 1293 ιι
297 1244 583 1301 Turbavit
611 1249 780 1316 pater
805 1261 978 1300 meus
1010 1248 1247 1309 terram,
1277 1265 1305 1294 ››
1335 1244 1408 1299 de
1440 1248 1674 1317 patrata
1702 1246 1883 1303 victo-
1991 1246 2210 1302 saeculo
2247 1245 2467 1302 debere
2498 1250 2880 1302 contemnere
2902 1245 2952 1301 is
2980 1246 3087 1319 qui
3113 1250 3232 1303 Deo
3260 1247 3464 1305 nititur
3489 1249 3643 1306 mili-

230 1335 316 1391 ria
350 1332 655 1401 intumuit,
712 1337 769 1389 et
819 1333 953 1389 ideo
1011 1333 1085 1388 de
1136 1333 1359 1390 indicto
1384 1334 1615 1405 jejunio
1644 1340 1878 1407 patrem
1984 1336 2147 1390 tare?
2168 1337 2294 1390 Non
2320 1334 2479 1389 enim
2496 1337 2689 1406 potest
2716 1337 2924 1390 contra
2948 1333 3298 1408 Allophylos
3325 1336 3643 1409 spiritales,

227 1441 404 1479 suum
443 1423 846 1495 reprehendit.
904 1422 1165 1495 Denique
1193 1423 1361 1495 quod
1402 1424 1670 1496 sequitur
1703 1442 1715 1476 :
1750 1446 1779 1475 ‹‹
1812 1428 1878 1481 Et
1983 1422 2047 1478 id
2076 1428 2168 1480 est
2192 1424 2484 1480 adversus
2515 1423 2816 1496 principes
2844 1423 3231 1480 tenebrarum
3250 1425 3479 1483 viribus
3508 1426 3645 1484 ani-

232 1537 258 1563 (ς
297 1529 508 1569 versus
526 1512 606 1567 ad
620 1512 895 1585 praedam
911 1512 1269 1581 defatigatus
1284 1512 1564 1585 populus,
1586 1512 1715 1569 tulit
1735 1530 1874 1570 oves

1983 1513 2066 1568 mi
2098 1529 2475 1581 concurrere,
2504 1512 2608 1585 qui
2635 1512 2835 1569 adhuc
2859 1513 3210 1585 hujusmodi
3238 1514 3485 1587 negligit
3512 1515 3649 1573 dul-

229 1623 259 1652 α
296 1605 354 1658 et
378 1601 590 1667 boves,
650 1604 708 1656 et
764 1600 999 1671 vitulos,
1041 1604 1097 1655 et
1154 1606 1568 1657 mactaverunt
1606 1601 1665 1657 in
1699 1606 1872 1659 terra.
1904 1621 1949 1674 Β
1983 1601 2255 1657 cedinem
2270 1601 2587 1657 declinare.
2617 1600 2897 1658 Melenim
2924 1600 3237 1671 distillans,
3259 1602 3456 1676 inquit
3489 1602 3642 1661 Scri-

230 1714 257 1739 οι
298 1690 689 1762 Comeditque
714 1689 977 1761 populus
1000 1706 1138 1744 cum
1171 1689 1484 1760 sanguine,
1516 1712 1544 1739 »
1586 1695 1711 1747 Non
1745 1692 1878 1747 fecit

226 1779 486 1852 populus
519 1778 749 1834 irritum
767 1779 1391 1848 juramentum.0uod
1420 1779 1580 1835 enim
1612 1780 1752 1836 Saul
1772 1779 1876 1836 ad-

222 1868 542 1938 juraverat,
572 1867 778 1922 dicens
810 1883 824 1921 :
862 1890 886 1919 ι
923 1866 1263 1923 Maledictus
1292 1868 1383 1923 vir
1413 1868 1515 1941 qui
1549 1868 1877 1924 comederit

230 1980 255 2007 α
294 1971 519 2029 panem
550 1972 743 2029 usque
794 1955 873 2012 ad
917 1971 1252 2028 vesperam,
1299 1956 1490 2013 donec
1524 1957 1776 2012 ulciscar
1800 1957 1878 2014 de

228 2070 255 2097 ιε
299 2045 554 2101 inimicis
584 2045 751 2100 meis.
782 2066 810 2095 »
866 2045 1003 2100 ideo
1052 2045 1219 2115 dixit,
1274 2045 1420 2117 quia
1473 2045 1719 2101 victoria
1743 2046 1873 2117 jam

225 2136 391 2209 potiti
420 2138 590 2191 erant
621 2152 636 2203 ;
664 2134 770 2190 sed
800 2150 1084 2207 peccasse
1120 2136 1395 2202 Domino,
1454 2139 1512 2191 et
1552 2151 1692 2191 cum
1738 2151 1874 2192 san-

227 2226 406 2295 guine
434 2223 769 2280 comedisse
795 2223 1031 2289 dicitur,
1062 2224 1206 2295 quia
1222 2229 1430 2279 contra
1444 2223 1590 2293 legis
1615 2240 1877 2297 praecep-

224 2320 379 2382 tum,
413 2318 733 2386 antequam
757 2312 1117 2369 sacriﬁcium
1133 2314 1537 2386 vespertinum
1567 2328 1878 2386 peragere-

229 2410 339 2472 tur,
375 2404 784 2460 comederunt.
822 2404 913 2459 Sic
954 2404 1155 2475 itaque
1186 2386 1333 2459 usus
1355 2407 1502 2474 erat,
1534 2408 1601 2459 ut
1627 2403 1878 2476 quando

227 2494 619 2549 homicidium
669 2492 747 2548 ab
784 2492 891 2557 eis,
924 2496 1030 2548 aut
1058 2493 1119 2547 in
1149 2493 1294 2559 suis,
1324 2493 1507 2549 autin
1537 2494 1751 2548 exteris
1780 2492 1879 2549 ﬁe-

226 2585 347 2655 bat,
378 2599 505 2640 non
550 2582 935 2638 comederunt
987 2586 1317 2654 antequam
1354 2583 1713 2638 sacri-licium
1743 2599 1875 2639 ves-

226 2676 529 2748 pertinum
552 2689 666 2745 pro
709 2672 793 2728 eis
829 2672 1014 2727 ﬁeret.
1074 2672 1274 2739 Aliter,
1306 2688 1592 2745 peccasse
1626 2673 1877 2728 Domino

228 2772 285 2821 et
316 2763 654 2820 comedisse
702 2778 842 2818 eum
882 2762 1174 2832 sanguine
1203 2763 1506 2823 dicuntur,
1537 2763 1681 2835 quia
1712 2779 1875 2818 mac-

226 2855 361 2911 tatis
389 2853 666 2923 victimis,
706 2866 829 2907 non
859 2852 1203 2908 obtulerunt
1228 2852 1305 2908 ad
1339 2853 1747 2909 sanctuarium
1782 2868 1874 2909 sa-

227 2943 588 3013 cerdotibus,
615 2944 798 3014 juxta
832 2942 979 3035 legis
999 2948 1385 3015 praeceptum,
1407 2944 1649 3015 adipem
1679 2947 1877 2998 etsan-
1907 2979 1948 3035 Ο

227 3035 489 3104 guinem,
527 3048 673 3088 cum
702 3030 976 3087 videlicet
1025 3031 1435 3087 sancta-arium
1467 3048 1673 3087 secum
1698 3032 1879 3086 habe-

222 3129 369 3180 rent.
402 3123 662 3189 Quando
690 3120 860 3177 locus
886 3121 1213 3176 sanctuarii
1248 3122 1611 3193 procuierat,
1631 3121 1878 3191 jubetur

222 3213 477 3283 sanguis
507 3211 885 3267 victimarum
916 3211 977 3266 in
1003 3214 1223 3266 terram
1254 3210 1423 3265 fundi
1453 3211 1531 3265 de
1561 3210 1652 3265 his
1674 3210 1876 3265 vid-eli-

222 3308 321 3360 σοι
345 3301 629 3370 victimis,
643 3316 789 3372 quas
818 3300 898 3356 ad
928 3315 1069 3356 suos
1087 3300 1875 3372 esusprsenarabant,quan—

220 3392 309 3448 do
341 3405 490 3446 vero
520 3390 915 3446 sanctuarium
934 3406 1198 3463 praesens
1220 3395 1363 3457 erat,
1388 3389 1634 3459 sanguis
1652 3389 1875 3445 hosti»

218 3494 361 3539 rum
395 3495 584 3553 super
605 3479 781 3535 altare
814 3480 1049 3537 Domini
1076 3480 1321 3551 jubetur
1349 3479 1519 3535 fundi
1602 3480 1763 3536 Sicut
1786 3483 1876 3534 est

222 3573 369 3629 illud
395 3571 457 3626 in
480 3570 635 3625 libro
666 3570 1107 3627 Deuteronomii
1135 3587 1148 3625 :
1183 3592 1208 3617 α
1249 3570 1613 3639 Sanguinem
1644 3569 1871 3624 hostim

225 3678 361 3717 rum
387 3667 623 3716 tuarum
651 3660 870 3716 fundes
892 3661 950 3715 in
983 3660 1174 3730 altari,
1204 3660 1485 3715 carnibus
1514 3665 1714 3716 autem
1745 3660 1875 3732 ipse

238 3748 493 3804 vesceris
520 3750 870 3819 (,Deut.xu).-
900 3748 1073 3813 Quod
1103 3749 1248 3821 quia
1283 3748 1564 3821 prml-atus
1608 3748 1872 3821 populus

241 3852 361 3894 non
382 3838 529 3905 facit,
558 3854 840 3911 peccasse
868 3838 1122 3894 discitur
1152 3839 1424 3905 Domino,
1457 3843 1515 3894 et
1538 3838 1761 3894 idcirco
1786 3838 1872 3893 di-

233 3928 527 3983 citurcum
550 3927 852 3997 sanguine
874 3927 1363 3983 comedisse.Sive
1392 3928 1535 3999 quia
1562 3927 1873 3983 retroolim

220 4030 327 4089 per
344 4016 541 4085 legem
571 4016 830 4087 mystice
855 4020 1223 4088 praeceptum
1258 4015 1470 4079 fuerat,
1502 4020 1565 4070 ut
1611 4031 1687 4070 ne
1732 4016 1873 4087 quis

214 4105 291 4161 de
318 4104 460 4160 ﬁliis
499 4105 687 4160 lsrael
718 4120 895 4161 ovem
938 4105 1032 4160 vel
1061 4105 1280 4161 bovem
1312 4108 1416 4159 aut
1464 4118 1737 4176 capram,
1780 4104 1873 4159 vel

214 4194 531 4266 quodlibet
550 4193 778 4249 animal
802 4194 968 4266 quod
989 4195 1239 4249 Domino
1261 4193 1641 4260 otferebatur,
1656 4194 1716 4248 in
1740 4209 1869 4249 cas-

216 4284 315 4338 tris
342 4281 752 4352 immolarent,
793 4282 899 4337 sed
948 4282 1022 4337 ad
1076 4283 1296 4337 ostium
1338 4281 1709 4337 tabernaculi
1740 4282 1869 4336 uni.

212 4386 388 4427 versa
429 4371 744 4438 ducerent,
791 4375 848 4427 et
890 4370 975 4426 ibi
1024 4371 1231 4427 omnia
1278 4370 1634 4426 occiderent.
1697 4370 1869 4437 Quod

215 4461 353 4527 quia
399 4474 535 4516 non
579 4459 862 4531 fecerant,
894 4459 1227 4516 comedisse
1275 4460 1507 4533 passim
1537 4459 1871 4518 occidendo

213 4550 561 4606 referuntur
578 4565 720 4605 cum
751 4550 1068 4619 sanguine.
1110 4549 1270 4605 Licet
1298 4549 1407 4605 iste
1437 4562 1649 4605 sensus
1682 4556 1879 4622 peste-

216 4640 332 4696 rior
352 4639 736 4713 quibusdam
762 4639 998 4711 placere
1029 4639 1316 4707 videatur,
1348 4639 1684 4712 superiores
1711 4657 1872 4712 vero,

211 4746 368 4803 quos
392 4731 747 4803 posuimus,
775 4730 968 4801 magis
1001 4734 1088 4795 (ut
1113 4730 1293 4785 nobis
1313 4729 1567 4801 videtur)
1611 4731 1873 4788 historia

211 4824 585 4890 congruum.
636 4822 763 4875 Non
808 4818 946 4875 ideo
988 4818 1264 4887 dicimus,
1297 4822 1362 4874 ut
1392 4819 1574 4875 istum
1613 4820 1874 4889 refrage—

205 4926 377 4980 mus,
426 4914 538 4966 aut
566 4908 951 4966 inhibeamus
981 4924 1249 4981 sensum,
1282 4925 1421 4965 cum
1462 4909 1723 4965 maxime
1756 4910 1878 4982 spis

206 4998 370 5054 ritali
396 4999 626 5065 sensui,
658 4998 733 5053 de
761 5013 887 5071 que
917 4998 980 5054 in
1013 4997 1402 5069 mutantibus
1444 4998 1696 5053 Domino
1722 4999 1875 5055 duce

205 5088 431 5144 dicturi
460 5104 701 5159 sumus,
728 5087 1009 5144 convenit
1039 5105 1052 5155 ;
1107 5087 1211 5142 sed
1239 5087 1516 5159 prudenti
1542 5088 1744 5144 lectori
1768 5089 1875 5145 de-

205 5177 619 5251 relinquimus
674 5191 921 5234 sensum
958 5181 1233 5234 nostrum
1278 5177 1662 5240 insinuando,
1713 5184 1780 5235 ut
1826 5179 1875 5234 si

204 5266 529 5338 placuerit,
556 5267 705 5323 mihi
736 5266 1166 5323 eonsentiendo
1193 5265 1388 5322 faveat
1419 5285 1432 5335 ;
1488 5267 1636 5338 quia
1662 5267 1781 5339 hic,
1813 5270 1879 5323 ut

206 5358 424 5425 annui,
455 5358 540 5414 ad
564 5358 835 5414 radicem
873 5353 1131 5413 historiis
1175 5357 1447 5427 pertinet.
1484 5359 1629 5412 Ecce
1657 5356 1877 5413 funda-

205 5452 489 5503 mentum
512 5447 779 5503 historias
800 5446 1129 5513 innuimus,
1151 5461 1314 5501 nunc
1343 5445 1666 5518 spiritalem
1695 5445 1877 5516 signi-

208 5537 567 5594 ﬁcationem
610 5536 978 5610 pandemus.
1028 5535 1141 5591 Sed
1200 5536 1369 5608 prius
1412 5536 1560 5608 quid
1582 5536 1880 5605 signiﬁcat

208 5627 379 5697 quod
392 5627 690 5685 Jonathas
718 5626 877 5682 ﬁlius
904 5625 1042 5682 Saul
1073 5625 1374 5698 pergentis
1393 5625 1471 5681 ad
1501 5626 1794 5698 praelium,
1820 5630 1879 5683 et

1900 4334 1949 4387 D

1982 1696 2160 1763 ptura
2189 1693 2482 1758 (Prov.v),
2502 1691 2662 1746 labia
2682 1689 3029 1757 meretricis,
3062 1690 3228 1764 quod
3254 1696 3346 1747 est
3373 1691 3634 1750 delecta-

1980 1781 2062 1836 tio
2095 1779 2411 1853 voluptatis
2439 1779 2718 1835 carnalis.
2748 1782 2826 1835 De
2854 1794 2977 1849 quo
3000 1784 3266 1853 putatur,
3285 1780 3461 1852 juxta
3481 1798 3642 1855 mys-

1982 1870 2129 1925 ticos
2168 1869 2519 1939 intellectus,
2553 1869 2712 1924 hunc
2741 1873 3013 1938 gustasse
3040 1869 3361 1938 Jonathan,
3395 1874 3453 1926 et
3479 1875 3636 1928 sorte

1981 1950 2449 2031 deprehensum,
2482 1957 2581 2012 vix
2612 1956 2890 2030 precibus
2916 1956 3126 2030 populi
3162 1956 3508 2014 liberatum.
3566 1958 3640 2015 Il-

1981 2046 2086 2101 lud
2117 2062 2259 2102 vero
2289 2045 2456 2118 quod
2484 2045 2758 2117 superius
2790 2044 3239 2118 descripsimus,
3291 2046 3435 2118 quia
3481 2050 3643 2118 post-

1980 2151 2166 2207 quam
2202 2134 2433 2189 Domini
2456 2133 2784 2207 opitulante
2815 2133 3057 2190 auxilio.
3083 2133 3373 2189 Philistim
3400 2138 3641 2189 contur-

1981 2224 2107 2281 bati
2126 2224 2503 2297 dispersique
2535 2228 2591 2281 et
2619 2224 2678 2279 in
2702 2223 2907 2294 fugam
2927 2223 3083 2279 versi
3113 2226 3270 2294 sunt,
3292 2220 3639 2299 quicunque

1983 2314 2058 2369 de
2088 2314 2222 2369 ﬁliis
2253 2314 2433 2369 Israel
2456 2312 2853 2380 adhaeserant,
2880 2328 3117 2367 rursum
3146 2310 3226 2367 ad
3247 2327 3388 2368 suos
3416 2311 3640 2369 Israeli-

1983 2402 2129 2458 ticos
2160 2401 2379 2457 reversi
2411 2405 2569 2471 sunt,
2592 2405 2728 2470 etc.,
2759 2400 2915 2456 hanc
2941 2398 3395 2471 intelligentiam
3417 2399 3635 2473 mysti-

1982 2509 2049 2548 ce
2076 2491 2300 2548 habere
2329 2490 2702 2560 dignoscitur
2738 2511 2751 2544 :
2794 2488 2962 2562 quod
2981 2494 3307 2562 postquam
3335 2487 3640 2546 haeretico-

1982 2599 2119 2638 rum
2146 2585 2503 2645 conventus,
2529 2579 2780 2636 Domino
2802 2583 3181 2652 cooperante,
3209 2594 3316 2651 per
3337 2577 3642 2637 ecclesias-

1982 2673 2132 2728 ticos
2164 2671 2319 2726 viros
2350 2669 2536 2725 victus
2560 2673 2738 2740 atque
2761 2668 3073 2740 dispersus
3098 2671 3155 2723 et
3184 2667 3245 2723 in
3276 2667 3485 2738 fugam
3504 2672 3635 2724 ver-

1985 2777 2087 2815 sus
2117 2759 2422 2815 catholicis
2461 2757 2749 2825 cesserit;
2805 2773 2907 2813 eos
2950 2773 3093 2814 vero
3140 2756 3246 2829 qui
3274 2754 3349 2812 de
3378 2744 3641 2814 Ecclesia.

1983 2849 2061 2906 ab
2088 2849 2232 2921 ipsis
2263 2848 2552 2905 hmreticis
2581 2847 2635 2903 vi
2666 2846 2760 2903 vel
2789 2847 3170 2920 perversione
3201 2845 3488 2903 subtracti
3518 2842 3641 2902 fue-

1984 2943 2135 3003 rant,
2170 2954 2413 2994 rursum
2443 2936 2522 2992 ad
2548 2937 2874 2992 Ecclesiam
2900 2953 2937 2993 a
2958 2952 3082 3009 qua
3110 2936 3508 2992 discesserant
3547 2951 3636 2993 re-

1983 3029 2253 3096 deuntes,
2285 3028 2554 3101 plerique
2595 3026 2955 3094 sacerdotes,
2986 3025 3185 3083 adhuc
3232 3025 3470 3083 diversa
3509 3041 3638 3082 sen-

1986 3119 2194 3173 tientes
2224 3122 2280 3172 et
2309 3118 2367 3171 in
2388 3115 2569 3170 variis
2601 3112 2772 3169 sectis
2794 3114 3043 3182 seducti,
3071 3117 3175 3169 aut
3203 3112 3336 3169 illos
3364 3129 3518 3184 quos
3560 3112 3636 3168 de

1979 3207 2126 3279 ipsis
2158 3205 2467 3274 haereticis,
2499 3203 2674 3275 quasi
2696 3214 2842 3258 oves
2868 3207 2977 3258 aut
2993 3200 3295 3268 boves,ad
3308 3200 3634 3258 Ecclesium

1980 3295 2264 3351 reducere
2294 3292 2610 3366 potuerint,
2638 3290 3035 3364 baptizandus
3058 3290 3259 3345 denuo
3280 3288 3631 3358 decernunt;

1980 3386 2063 3441 sic
2080 3383 2453 3457 quibusdam
2484 3380 2895 3437 sacerdotibus
2926 3379 3071 3436 olim
3098 3379 3296 3435 visum
3321 3375 3538 3446 fuerat,
3568 3382 3636 3435 ut

1981 3475 2056 3530 de
2083 3473 2291 3530 haeresi
2320 3472 2400 3529 ad
2445 3466 2770 3528 Ecclesiam
2798 3468 3094 3534 conversi,
3124 3468 3340 3524 iterum
3367 3467 3633 3541 baptiza-

1976 3570 2203 3634 rentur,
2235 3564 2389 3618 sicut
2411 3561 2636 3618 faciunt
2666 3560 2982 3616 Donatista:
3004 3557 3262 3615 haeretici
3290 3574 3303 3613 :
3327 3552 3494 3631 quod
3524 3555 3635 3615 uti-

1978 3671 2096 3728 que
2126 3654 2393 3710 illicitum
2424 3656 2532 3718 est,
2563 3667 2666 3706 eos
2690 3649 2793 3723 qui
2824 3648 3008 3705 semel
3037 3648 3225 3706 abluti
3248 3652 3407 3718 sunt,
3430 3648 3633 3704 denuo

1975 3745 2301 3817 baptizare,
2331 3746 2434 3798 aut
2458 3746 2612 3797 certe
2633 3739 2935 3796 conversis
2948 3754 3021 3793 ex
3036 3737 3383 3809 gentilitate,
3412 3753 3636 3811 nequa-

1978 3850 2166 3907 quam
2197 3831 2531 3888 secundum
2575 3827 3044 3886 ecclesiasticam
3081 3826 3374 3897 regulam,
3402 3830 3633 3882 rectum

1978 3922 2351 3995 baptismum
2380 3919 2632 3976 tradere.
2669 3921 2832 3984 Quos
2879 3920 3084 3972 tamen
3132 3914 3397 3973 Christus
3431 3910 3633 3970 Domi-

1979 4029 2116 4081 nus,
2148 4004 2310 4067 velut
2341 4009 2504 4077 Saul,
2529 4024 2635 4080 per
2661 4006 3093 4063 ecclesiasticos
3137 4006 3294 4061 viros
3324 4003 3403 4060 ad
3434 4003 3632 4060 unita-

1980 4106 2099 4158 tem
2125 4100 2264 4156 ﬁdei
2296 4103 2533 4155 revocat
2560 4097 2621 4152 in
2651 4096 2768 4151 ﬁde
2798 4112 2929 4164 sua,
2977 4095 3152 4167 cujus
3191 4094 3452 4164 ﬁguram
3479 4090 3632 4166 lapis

1979 4192 2075 4248 ille
2130 4188 2378 4260 grandis
2433 4186 2864 4261 praetendebat,
2918 4185 3022 4258 qui
3064 4199 3276 4240 omnes
3325 4182 3633 4240 credentes

1979 4279 2265 4354 baptizari
2292 4277 2591 4351 praecepit.
2626 4278 2778 4332 Nam
2807 4273 2974 4350 quod
3000 4278 3371 4347 praeceptum
3388 4276 3533 4343 erat,
3566 4266 3636 4327 ut

1980 4386 2156 4426 ovem
2179 4367 2271 4424 vel
2294 4367 2515 4423 bovem
2542 4365 2635 4421 vel
2653 4363 2964 4437 quodlibet
2990 4362 3235 4429 animal,
3259 4361 3426 4435 quod
3446 4359 3635 4417 Domi-

1980 4476 2063 4516 no
2090 4458 2478 4523 offerebatur,
2498 4472 2620 4512 non
2655 4455 2716 4510 in
2746 4453 2954 4510 castris
2983 4452 3385 4519 immolarent,
3418 4444 3528 4506 sed
3554 4444 3635 4506 ad

1981 4550 2200 4607 ostium
2249 4544 2615 4604 tabernaculi
2674 4545 2958 4600 universa
3004 4542 3395 4605 adducerent,
3451 4540 3636 4610 prout

1984 4638 2262 4711 superius
2293 4634 2685 4699 ostendimus,
2720 4636 2777 4688 et
2805 4631 2887 4687 ibi
2919 4629 3125 4685 omnia
3154 4622 3512 4692 occiderent,
3547 4628 3632 4697 ty-

1981 4745 2094 4801 pos
2124 4724 2532 4782 adumbrabat
2576 4721 2832 4777 futuros.
2890 4717 3064 4783 Quod
3088 4714 3250 4771 enim
3276 4713 3338 4769 in
3366 4714 3496 4783 lege
3538 4730 3631 4769 os-

1982 4817 2155 4884 tium,
2181 4814 2296 4869 hoc
2325 4812 2421 4867 hic
2464 4810 2677 4881 'mgeus
2725 4823 2963 4873 saxum,
2995 4805 3111 4860 hoc
3163 4802 3358 4860 unitas
3403 4801 3632 4859 ﬁdeiin

1984 4903 2212 4963 Christo
2243 4898 2555 4971 signiﬁcat.
2600 4901 2749 4953 Nam
2778 4895 2931 4950 sicut
2957 4908 3066 4967 per
3090 4907 3233 4949 oves
3264 4896 3322 4948 et
3362 4888 3547 4949 boves
3577 4895 3635 4949 et

1979 4993 2198 5051 vitulos
2226 4995 2280 5046 et
2312 4989 2545 5056 arietes,
2583 4985 2854 5042 diversos
2902 4984 3178 5040 homines
3221 4983 3301 5038 ad
3327 4978 3514 5038 ﬁdem
3541 4998 3636 5039 ve-

1980 5085 2210 5141 nientes
2258 5078 2572 5151 signiﬁcat,
2612 5077 2695 5133 ita
2732 5092 2838 5149 per
2863 5074 3225 5131 occisionem
3254 5068 3630 5140 animalium,

1981 5174 2289 5231 lavacrum
2323 5165 2788 5239 regenerationis
2826 5165 3113 5221 insinuat.
3163 5163 3229 5219 In
3257 5179 3381 5237 quo
3409 5160 3637 5236 baptis-

1982 5281 2105 5335 mo,
2136 5261 2299 5320 velut
2325 5257 2638 5333 quodlibet
2666 5255 2912 5321 animal,
2945 5259 3111 5311 vetus
3138 5254 3323 5310 homo
3355 5248 3630 5321 moritur,

1983 5359 2038 5410 et
2058 5370 2252 5410 novus
2274 5348 2549 5419 resurgit.
2584 5346 2669 5402 Illi
2696 5345 2857 5402 enim
2887 5344 3131 5401 eosdem
3162 5342 3470 5399 credentes
3487 5356 3635 5416 qua-

1983 5446 2032 5499 si
2080 5444 2315 5500 diversa
2362 5438 2667 5505 animalia,
2725 5439 2786 5492 ut
2842 5435 3069 5491 dictum
3118 5437 3223 5496 est,
3271 5431 3630 5498 occidentes,

1982 5550 2163 5607 super
2191 5539 2410 5590 terram
2446 5546 2586 5585 cum
2609 5526 2901 5597 sanguine
2932 5524 3278 5593 comedunt,
3319 5521 3423 5595 qui
3450 5522 3512 5576 in
3534 5536 3634 5576 va-

1986 5624 2103 5680 rias
2126 5627 2318 5684 sectas
2340 5618 2539 5688 divisi,
2563 5618 2627 5674 in
2651 5617 2874 5674 unitate
2899 5614 3059 5684 fidei,
3087 5614 3239 5671 sicut
3257 5613 3513 5684 oportet,
3534 5622 3631 5663 ne-
