4130 6182
506 173 611 225 303

504 399 580 438 ne
607 380 948 444 comedunt,
979 376 1126 431 dum
1157 375 1287 429 illos
1323 373 1556 446 absque
1579 374 1841 445 perfecta
1885 371 2162 445 purifica-

503 471 660 526 tione
683 470 1064 540 peccatorum
1102 463 1211 518 sibi
1246 468 1593 533 aggregant.
1612 464 1772 528 Quos
1798 462 1955 518 velut
1971 475 2166 516 come-

503 558 671 626 dunt,
713 556 860 611 dum
887 571 948 610 se
985 570 1123 609 cum
1146 551 1258 608 illis
1288 568 1474 607 unum
1498 567 1718 623 corpus
1752 549 2036 606 efﬁciunt.
2072 551 2168 605 Se-

499 646 708 718 quitur
737 663 749 700 :

573 760 600 784 ‹‹
641 731 971 789 ίΕάίΗΟᾶνίί
1012 736 1212 786 autem
1247 731 1388 787 Saul
1429 729 1612 786 altare
1649 729 1925 785 Domino.
1971 730 2164 783 Tunc-

501 847 529 873 «
569 839 685 894 que
715 820 979 893 primum
1020 821 1200 893 coepit
1247 819 1545 875 aediﬁcare
1591 819 1777 875 altare
1814 817 2089 873 Domino.
2134 836 2164 866 »

498 911 778 966 Hebraeus
817 925 940 964 non
975 909 1178 974 habet,
1208 911 1496 978 primum,
1527 910 1678 963 sicut
1705 908 1764 962 in
1795 904 2164 980 quibusdam

498 999 806 1054 codicibus
853 999 1130 1070 legimus.
1181 998 1345 1054 Unde
1398 998 1822 1071 quwrendum,
1857 1013 1997 1052 cum
2025 1000 2164 1052 ante

497 1088 732 1158 legatur
761 1087 1091 1144 aedificasse
1145 1087 1352 1155 altare,
1406 1087 1656 1159 quando
1698 1102 1734 1142 a
1775 1084 2050 1142 Samuele
2079 1084 2167 1139 in-

496 1182 776 1250 crepatus
805 1183 912 1244 est,
943 1193 1048 1232 cur
1078 1176 1172 1232 hic
1199 1175 1436 1241 dicitur,
1467 1179 1628 1231 Tunc
1661 1174 1840 1248 cmpit
1865 1173 2163 1229 aedificare

495 1267 760 1338 primum
791 1265 974 1322 altare
1005 1265 1258 1321 Domino
1288 1267 1315 1321 ‘2
1375 1264 1489 1321 Sed
1521 1263 1837 1319 sciendum
1864 1266 1956 1317 est
1982 1261 2164 1316 aediﬁ-

496 1374 662 1414 casse
695 1356 864 1411 illum
885 1355 1091 1426 altare,
1124 1355 1228 1410 sed
1261 1355 1405 1427 quia
1430 1354 1842 1410 inobedienter
1860 1351 2008 1407 illud
2025 1351 2163 1406 tedi-

493 1445 712 1512 ﬁcavit,
745 1460 867 1500 non
890 1445 1142 1500 Domino
1166 1443 1499 1499 aedificasse
1529 1443 1894 1512 intelligitur.
1930 1440 2031 1496 Hic
2062 1456 2164 1496 au-

493 1536 613 1590 tem
644 1535 790 1607 quia
819 1534 1166 1590 obedienter
1205 1538 1262 1589 et
1291 1537 1446 1589 recte
1475 1533 1622 1588 illud
1651 1531 1990 1593 aediﬁcavit,
2039 1530 2154 1585 Do-

490 1625 660 1680 mino
691 1624 1026 1680 aediﬁcasse
1058 1623 1423 1696 perhibetur.

569 1738 597 1765 «
644 1714 919 1786 Dixitque
967 1713 1106 1770 Saul
1146 1713 1225 1769 ad
1268 1712 1562 1786 populum
1615 1729 1628 1767 :
1684 1709 2002 1783 Applicare
2039 1709 2158 1765 huc

494 1825 522 1855 «
564 1803 880 1859 universos
944 1801 1202 1873 angulos
1265 1801 1497 1874 populi.
1531 1821 1559 1852 »
1609 1798 1875 1870 Angulos
1919 1798 2154 1871 populi,

489 1893 791 1967 principes
821 1892 1033 1965 populi
1062 1896 1259 1958 vocat,
1283 1891 1504 1964 quibus
1527 1890 1689 1945 idem
1717 1888 2006 1962 populus,
2031 1893 2160 1945 tan-

487 1999 676 2055 quam
703 1982 1005 2054 lapidibus
1035 1982 1175 2037 hinc
1201 1981 1341 2037 inde
1364 1980 1619 2052 parietes
1651 1979 2029 2047 inhaererent,
2053 1976 2155 2034 ad-

487 2071 775 2126 haerebat.
807 2071 1028 2126 Deinde
1057 2070 1327 2143 sequitur
1388 2086 1400 2122 :
1465 2068 1728 2134 Qualiter
1758 2072 1979 2122 sortem
2017 2066 2154 2122 mit-

487 2159 668 2215 tendo
699 2159 1112 2232 deprehensus
1130 2164 1218 2214 est
1245 2160 1560 2215 Jonathas.
1587 2157 1752 2213 Unde
1783 2161 1837 2212 et
1863 2156 1946 2212 ait
1971 2155 2108 2212 Saul
2139 2171 2152 2209 :

558 2272 587 2298 «
631 2253 762 2306 Haec
790 2249 969 2306 faciat
997 2248 1144 2305 mihi
1173 2252 1326 2305 Deus
1349 2252 1406 2304 et
1428 2249 1557 2303 hth
1587 2247 1791 2316 addat,
1811 2247 1956 2318 quia
1991 2261 2153 2300 mor-

484 2360 514 2389 «
553 2343 609 2396 te
625 2339 913 2411 morieris,
932 2339 1208 2396 Jonatha.
1232 2338 1382 2394 Dixit
1411 2354 1530 2411 que
1564 2336 1827 2410 populus
1869 2336 1948 2391 ad
1973 2335 2112 2392 Saul
2137 2351 2149 2390 :

485 2450 513 2478 «
555 2431 786 2499 Ergone
813 2429 1102 2484 Jonathas
1133 2427 1428 2484 morietur
1451 2427 1555 2499 qui
1573 2426 1707 2481 fecit
1725 2425 1978 2481 salutem
1995 2424 2152 2479 hanc

486 2539 515 2567 ‹‹
557 2533 846 2586 magnam
873 2517 936 2573 in
957 2517 1134 2573 Israel
1169 2535 1181 2584 ;
1214 2517 1329 2572 hoc
1352 2515 1523 2572 nefas
1547 2521 1653 2571 est.
1689 2514 1982 2570 Liberavit
2008 2528 2151 2584 ergo

489 2628 516 2655 ‹‹
559 2605 824 2676 populus
870 2605 1196 2661 Jonatham
1240 2611 1306 2660 ut
1344 2621 1468 2660 non
1516 2607 1865 2659 moreretur.
1911 2623 1940 2652 »
1998 2605 2148 2658 Nota

484 2697 781 2766 quantum
820 2694 1053 2766 prosint
1093 2698 1394 2750 transacta
1441 2692 1605 2749 bona
1634 2698 1842 2748 contra
1869 2691 2152 2764 quaelibet

483 2783 738 2838 minima
769 2783 1017 2839 offensa.
1044 2782 1162 2838 Nisi
1191 2782 1352 2838 enim
1373 2782 1692 2838 Jonatham
1723 2781 2019 2853 praeterita
2047 2781 2150 2836 ad-

477 2873 794 2944 juvissent,
824 2872 1199 2928 imminentia
1251 2871 1415 2928 mala
1461 2887 1854 2943 nequaquam
1895 2870 2147 2926 evadere

1621 161 1978 218 ANGELOMI
2018 155 2470 215 LUXOWENSIS
2509 161 2824 219 MONACHI

504 308 817 365 quaquam
847 289 1221 361 baptizant.Q
1233 302 1338 341 uos
1353 285 1557 356 utique
1569 285 1740 357 quasi
1767 300 1904 339 cum
1923 280 2164 350 sangui-
2199 285 2247 336 A

3825 174 3924 229 304

2358 304 2386 330 ‹‹
2424 283 2695 358 Dixitque
2729 287 2868 343 Saul
2898 287 3095 344 Cinaeo
3147 304 3160 342 :
3220 286 3407 348 Abite.
3442 289 3719 358 recedite,
3753 300 3924 368 atque

2278 392 2305 418 «
2347 370 2687 430 descendite
2717 375 2795 430 ab
2826 377 3086 445 Amalec,
3120 392 3194 432 ne
3219 375 3367 431 forte
3387 375 3691 435 involvam
3716 389 3768 437 te
3792 399 3922 440 cum

2278 480 2305 508 «
2347 475 2439 528 eo,
2481 479 2512 512 »
2545 467 2599 518 et
2627 463 2876 536 reliqua.
2903 465 3135 520 Cinaaus
3165 465 3292 537 ipse
3319 467 3626 523 estJethro
3640 479 3922 541 cognatus

2275 548 2478 620 Moysi,
2510 549 2584 606 de
2607 552 2778 622 cujus
2808 569 3023 623 genere
3050 557 3221 609 erant
3247 553 3447 625 Cinaei,
3473 556 3578 627 qui
3608 557 3925 618 descende-

2273 642 2409 695 rant
2437 640 2514 695 ad
2547 640 2810 711 Amalec,
2843 647 2900 699 et
2925 643 3280 699 habitabant
3300 660 3441 699 cum
3470 660 3562 715 eo,
3595 649 3700 719 qui
3721 650 3920 724 utique

2273 742 2483 784 eorum
2505 731 2988 801 consanguineus
3018 736 3164 800 erat,
3186 736 3243 788 et
3265 732 3674 792 haereditatem
3709 739 3768 794 in
3800 742 3921 812 ejus

2273 819 2428 873 terra
2455 818 2780 875 habebant.
2840 820 3297 877 Misericordiam
3342 837 3484 878 vero
3527 823 3760 882 Cinaeus
3789 846 3918 886 cum

2273 904 2407 961 ﬁliis
2433 907 2616 964 Israel
2644 908 2853 965 fecisse
2894 909 3130 978 dicitur,
3165 909 3283 966 sive
3313 910 3457 983 quia
3495 915 3734 986 Moysen
3783 917 3922 976 fovit

2271 993 2332 1048 in
2363 999 2518 1052 terra
2546 997 2800 1067 Madian,
2836 998 2961 1054 sive
2989 998 3133 1070 quia
3166 999 3486 1056 concilium
3523 1001 3688 1058 dedit
3716 1007 3916 1078 Moysi,

2272 1083 2524 1154 qualiter
2567 1085 3008 1143 multitudinem
3047 1087 3257 1160 populi
3301 1088 3667 1159 gubernaret
3704 1095 3914 1162 (Exod.

2272 1173 2448 1244 xvm).

2343 1282 2371 1310 «
2413 1262 2759 1320 Nuntiatum
2783 1269 2873 1321 est
2895 1265 3156 1322 Samueli
3187 1281 3258 1322 eo
3283 1268 3447 1339 quod
3479 1268 3733 1326 venisset
3781 1274 3919 1330 Saul

2273 1371 2300 1399 «
2343 1351 2405 1406 in
2436 1353 2795 1418 Carmelum,
2842 1361 2900 1411 et
2947 1355 3230 1412 erexisset
3260 1357 3370 1412 sibi
3403 1357 3690 1416 fornicem
3711 1363 3918 1421 trium-

2273 1461 2305 1488 ‹‹
2345 1440 2609 1512 phalem.
2661 1466 2688 1492 »
2747 1444 3133 1500 Consuetudo
3162 1449 3286 1500 erat
3316 1461 3550 1517 regum,
3584 1455 3649 1504 ut
3675 1453 3917 1523 quando

2269 1527 2518 1586 victoria
2536 1531 2939 1603 potiebantur,
2954 1532 3213 1589 facerent
3229 1549 3328 1589 are
3337 1551 3458 1599 um,
3472 1535 3587 1592 hoc
3617 1543 3726 1609 est,
3740 1539 3916 1599 forni-

2189 1629 2235 1682 B
2269 1633 2400 1673 cem
2431 1618 2506 1674 de
2533 1622 2800 1692 myrtetis
2821 1626 2877 1677 et
2903 1621 3123 1694 palmis
3149 1627 3205 1678 et
3233 1623 3426 1694 olivis,
3450 1625 3528 1681 ob
3562 1627 3808 1696 signum
3841 1634 3916 1688 vi-

2268 1706 2486 1774 ctorize,
2518 1715 2696 1782 prout
2723 1709 3091 1782 quibusdam
3119 1711 3370 1768 videtur.
3393 1713 3684 1772 Caeterum
3708 1719 3756 1774 si
3785 1721 3914 1793 quis

2267 1811 2477 1852 arcum
2507 1813 2581 1853 ex
2607 1798 2910 1871 lapidibus
2935 1799 3259 1870 intelligere
3289 1801 3557 1866 voluerit,
3577 1805 3637 1860 in
3661 1823 3786 1878 quo
3805 1811 3914 1866 vic-

2266 1885 2480 1942 toriam
2501 1904 2675 1944 suam
2706 1904 2872 1944 more
2902 1905 3115 1960 regum
3144 1889 3514 1962 depinxerat,
3540 1910 3664 1950 non
3690 1897 3914 1955 inhibe-

2265 1991 2422 2042 mus,
2452 1977 2558 2031 sed
2600 1977 2979 2049 potissimum
3025 1980 3457 2052 consentimus,
3503 1983 3647 2054 quia
3672 1985 3734 2040 in
3762 1988 3917 2045 Salo-

2265 2080 2445 2120 mone
2473 2064 2728 2135 legimus
2785 2082 2798 2120 :
2858 2089 2886 2116 «
2920 2066 3244 2139 Dissipabit
3271 2067 3488 2140 impios
3517 2087 3621 2127 rex
3653 2075 3910 2148 sapiens,

2263 2156 2321 2208 et
2349 2154 2620 2210 curvabit
2650 2171 2829 2228 super
2857 2171 2960 2211 eos
2983 2154 3272 2212 fornicem
3303 2157 3506 2229 (Prov.
3540 2162 3654 2233 xx).
3682 2183 3711 2212 ››
3743 2165 3912 2229 Quod

2263 2241 2382 2298 alia
2405 2243 2712 2300 translatio
2763 2267 2791 2293 ‹‹
2829 2249 3025 2300 rotam
3057 2245 3346 2302 molarem
3389 2270 3418 2297 ››
3449 2248 3594 2305 dicit
3633 2269 3646 2318 ;
3696 2251 3756 2308 in
3790 2270 3910 2326 quo

2263 2330 2342 2386 ad
2389 2336 2673 2388 aeternam
2704 2333 3061 2389 memoriam
3098 2333 3312 2391 laudes
3347 2352 3418 2393 ac
3467 2337 3740 2398 victorias
3771 2359 3908 2400 suas

2261 2435 2432 2490 reges
2478 2420 2916 2478 describebant.

2335 2531 2362 2557 «
2402 2509 2494 2565 Ait
2516 2515 2716 2566 autem
2751 2511 2982 2567 Samuel
3005 2511 3085 2567 ad
3114 2512 3255 2569 Saul
3303 2530 3316 2569 :
3375 2514 3504 2571 Sine
3530 2531 3645 2585 me,
3672 2520 3729 2572 et
3755 2516 3900 2574 indi-

2261 2618 2289 2647 «
2331 2597 2483 2654 cabo
2508 2598 2611 2654 tibi
2638 2615 2774 2672 quae
2793 2599 3026 2656 loeutus
3057 2600 3128 2656 sit
3163 2602 3447 2658 Dominus
3490 2604 3567 2660 ad
3596 2621 3690 2660 me
3709 2612 3901 2662 nocte.

2261 2707 2288 2735 ‹‹
2331 2686 2600 2760 Dixitque
2631 2688 2682 2743 ei
2734 2704 2747 2742 :
2800 2690 3084 2760 Loquere.
3129 2692 3194 2745 Et
3240 2691 3323 2746 ait
3348 2693 3590 2748 Samuel
3631 2711 3645 2749 :
3706 2698 3908 2753 Nonne

2261 2798 2288 2824 «
2329 2792 2467 2832 cum
2494 2777 2780 2849 parvulus
2810 2793 2971 2832 esses
2999 2777 3059 2832 in
3086 2779 3275 2834 oculis
3317 2783 3455 2848 tuis,
3489 2789 3673 2856 caput
3716 2784 3778 2840 in
3820 2786 3911 2841 tri-

2259 2886 2285 2912 ‹‹
2329 2864 2528 2920 bubus
2563 2865 2743 2921 Israel
2769 2866 2959 2922 factus
2986 2883 3048 2922 es
3076 2868 3104 2922 ‘I
3147 2890 3176 2917 »
3210 2869 3360 2934 Quid
3409 2887 3519 2942 per
3559 2873 3911 2946 increpatio-

481 2962 797 3035 potuisset,
846 2966 975 3019 Non
1003 2962 1162 3019 enim
1190 2959 1451 3034 injustus
1495 2971 1584 3016 est
1615 2964 1792 3026 Deus,
1825 2964 1890 3016 ut
1913 2960 2149 3016 oblivis-
2178 2984 2218 3038 Ο
2253 2968 2398 3008 nem
2420 2954 2595 3022 hanc,
2630 2955 2742 3010 nisi
2774 2955 3057 3027 superbia
3074 2955 3208 3012 elati
3238 2957 3716 3029 regisobjicitur?
3736 2963 3912 3026 Quod

483 3058 655 3110 catur
678 3053 984 3110 bonorum
1012 3052 1355 3125 cujuspiam
1386 3067 1660 3124 operum.

1135 3195 1370 3250 CAPUT
1397 3196 1507 3250 XV.

554 3342 585 3376 ‹
627 3323 906 3394 Dixitque
935 3319 1179 3376 Samuel
1208 3320 1288 3376 ad
1319 3319 1460 3376 Saul
1494 3337 1506 3374 :
1559 3321 1641 3374 Me
1670 3318 1831 3374 misit
1858 3300 2144 3374 Dominus

485 3433 512 3460 ‹‹
551 3415 618 3464 ut
646 3424 938 3477 ungerem
963 3412 1016 3462 te
1037 3407 1098 3461 in
1130 3423 1335 3476 regem
1364 3422 1544 3478 super
1583 3406 1879 3477 populum
1911 3406 2040 3475 ejus
2066 3410 2143 3460 ls-

483 3519 510 3546 ‹‹
549 3497 693 3551 rael.
727 3500 891 3550 Nunc
915 3499 1116 3550 autem
1147 3494 1289 3549 audi
1317 3509 1530 3548 vocem
1562 3493 1795 3548 Domini
1828 3510 1840 3547 :
1895 3494 2030 3548 Haec
2058 3494 2143 3548 di-

480 3603 511 3636 «
552 3584 629 3639 cit
656 3583 946 3638 Dominus
977 3582 1386 3637 exercituum:
1445 3581 1730 3636 Recensui
1761 3597 2140 3654 quaecunque

481 3697 508 3723 ‹‹
551 3673 686 3728 fecit
705 3672 944 3728 Amalec
978 3670 1197 3741 israeli,
1223 3675 1356 3738 etc.,
1393 3692 1421 3719 »
1455 3687 1768 3742 usquequo
1799 3672 1881 3727 ait
1913 3687 1926 3725 :
1955 3692 1985 3724 ‹
2014 3675 2140 3728 Non

479 3785 508 3812 κ
549 3777 764 3835 parcas
786 3762 840 3817 ei
865 3766 922 3817 et
946 3777 1069 3817 non
1091 3759 1486 3832 concupiscas
1517 3777 1588 3816 ex
1611 3761 1790 3814 rebus
1820 3760 2010 3833 ipsius
2031 3761 2136 3816 ali-

479 3871 509 3906 ‹
547 3853 716 3925 quid,
757 3851 862 3907 sed
882 3849 1145 3907 interﬁce
1178 3866 1214 3906 a
1242 3849 1367 3905 viro
1409 3866 1599 3922 usque
1630 3849 1708 3904 ad
1729 3850 2138 3919 mulierem,et

477 3961 508 3997 ‹
553 3940 876 4014 parvulum
907 3945 1086 4012 atque
1111 3939 1432 3996 lactentem
1469 3937 1711 4009 bovem,
1745 3945 1800 3995 et
1831 3939 2134 3995 camelum

477 4054 504 4081 «
547 4037 604 4086 et
633 4031 890 4086 asinum.
926 4052 954 4081 ››
996 4033 1322 4086 Recensere
1353 4027 1569 4084 dicitur
1594 4029 1751 4083 Deus
1775 4029 1936 4084 mala
1959 4034 2134 4084 Ama-

472 4119 806 4187 lecitarum,
848 4119 1000 4175 sicut
1028 4134 1134 4191 per
1165 4121 1408 4191 Moysen
1445 4117 1587 4173 olim
1613 4119 1672 4172 in
1698 4117 1827 4188 lege
1855 4134 2134 4190 premun-

474 4210 686 4266 tiatum
733 4208 944 4265 fuerat.
1002 4208 1166 4264 Unde
1197 4209 1336 4265 ideo
1359 4210 1635 4280 jumenta
1684 4207 1923 4263 Amalec
1951 4207 2131 4263 Israel

2257 3043 2330 3098 ad
2369 3045 2798 3100 correctionem
2830 3061 3007 3101 suam
3038 3046 3247 3117 poterit
3271 3045 3526 3119 quisque
3548 3049 3652 3121 qui
3681 3051 3890 3122 preela-

2255 3138 2351 3188 tus
2383 3137 2472 3188 est
2500 3140 2861 3190 convertere.
2897 3133 3211 3190 Parvulum
3237 3149 3298 3189 se
3319 3134 3459 3190 Saul
3488 3136 3551 3192 in
3581 3137 3702 3192 suis
3734 3139 3912 3211 prius

2254 3222 2442 3278 oculis
2471 3222 2715 3291 viderat,
2759 3223 2867 3279 sed
2896 3223 3077 3279 fultus
3108 3223 3419 3296 temporali
3444 3227 3734 3299 potentia,
3775 3229 3910 3300 jam

2253 3328 2314 3367 se
2359 3313 2678 3385 parvulum
2732 3329 2856 3369 non
2907 3313 3167 3370 videbat.
3223 3317 3581 3372 Caeterorum
3636 3333 3910 3392 namque

2252 3402 2685 3474 comparationi
2717 3419 2781 3457 se
2825 3402 3165 3474 praeferens,
3205 3405 3349 3476 quia
3367 3404 3514 3477 plus
3545 3408 3773 3462 cunctis
3803 3425 3908 3481 po-

2250 3494 2416 3555 terat,
2462 3507 2754 3560 magnum
2799 3507 2860 3546 se
2885 3507 3008 3563 prie
3047 3492 3332 3547 omnibus
3364 3493 3717 3551 aestimabat.
3767 3497 3907 3553 Miro

2250 3587 2451 3636 autem
2481 3581 2686 3651 modo,
2713 3598 2852 3637 cum
2883 3581 3048 3652 apud
3080 3598 3141 3637 se
3162 3582 3471 3654 parvulus,
3505 3585 3670 3657 apud
3701 3587 3898 3641 Domi-

2247 3686 2394 3725 num
2432 3685 2688 3739 magnus
2740 3686 2751 3724 :
2804 3687 2943 3726 cum
2968 3685 3105 3726 vero
3136 3670 3301 3743 apud
3333 3687 3394 3726 se
3424 3687 3685 3743 magnus
3706 3689 3892 3745 appa-

2245 3759 2379 3825 ruit,
2414 3759 2577 3830 apud
2627 3763 2814 3814 Deum
2855 3759 3142 3831 parvulus
3181 3759 3309 3815 fuit.
3361 3760 3720 3835 Plerumque
3751 3779 3896 3833 ergo

2246 3847 2394 3903 dum
2433 3863 2505 3903 ex
2544 3847 2952 3919 subjectorum
3000 3847 3307 3905 afﬂuentia
3354 3850 3594 3906 animus
3634 3851 3903 3921 inﬂatur,

2243 3939 2306 3994 in
2337 3943 2548 3994 luxum
2599 3939 2892 4011 superbiae
2922 3938 3054 4010 ipso
3096 3939 3369 4011 potentiae
3412 3940 3649 4011 fastigio
3677 3941 3908 3998 lenoci-

2242 4032 2423 4085 nante
2451 4028 2870 4100 corrumpitur.
2907 4028 3078 4093 Quod
3113 4028 3270 4086 Sauli
3303 4029 3623 4099 contigisse
3655 4030 3904 4099 dicitur,

2241 4118 2336 4173 cui
2383 4122 2440 4174 et
2484 4118 2698 4174 dicitur
2758 4135 2771 4171 :
2820 4139 2848 4167 «
2879 4120 3086 4174 Nonne
3133 4134 3274 4174 cum
3318 4118 3608 4190 parvulus
3640 4135 3808 4176 esses
3841 4121 3908 4177 in

2241 4207 2428 4263 oculis
2476 4207 2608 4274 tuis,
2651 4212 2833 4278 caput
2859 4207 2921 4262 in
2956 4206 3230 4262 tribubus
3270 4207 3446 4264 Israel
3494 4208 3690 4265 factus
3720 4213 3835 4266 es?
3874 4235 3903 4260 ››

469 4299 759 4354 Dominus
775 4296 1047 4353 demoliri
1064 4297 1254 4368 jubet,
1282 4303 1348 4352 ut
1372 4313 1482 4354 nec
1509 4298 1569 4352 in
1595 4297 1881 4367 jumentis
1906 4313 2130 4352 memo-
2159 4337 2204 4389 Β
2243 4296 2379 4352 Acsi
2408 4295 2701 4352 diceretur
2730 4312 2742 4351 :
2802 4300 2949 4351 Cum
2973 4301 3034 4351 tu
3059 4303 3114 4352 te
3143 4297 3466 4369 parvulum
3491 4298 3904 4370 conspiceres,

468 4389 556 4445 ria
584 4388 768 4444 ﬁeret.
794 4388 1082 4443 Dominus
1105 4387 1264 4443 enim
1288 4386 1521 4443 dixerat
1551 4405 1610 4441 se
1637 4387 1974 4441 delaturum
2004 4402 2130 4441 me-

468 4478 724 4536 moriam
757 4477 1000 4534 Amalec
1025 4476 1100 4532 de
1135 4477 1248 4531 sub
1280 4477 1431 4532 caelo
1475 4492 1486 4530 :
1527 4476 1747 4530 idcirco
1787 4475 2126 4546 praecipitur

470 4570 651 4640 Sauli,
680 4574 745 4625 ut
773 4585 907 4626 eam
924 4567 1164 4640 penitus
1182 4567 1260 4621 ab
1282 4565 1523 4621 homine
1552 4582 1658 4635 usq
1670 4582 1737 4617 uc
1760 4583 1805 4617 an
1823 4567 2123 4633 ijuiuenta

465 4660 704 4716 deleret.
738 4662 804 4715 Et
828 4659 972 4731 quia
1001 4658 1050 4730 ej
1064 4674 1131 4711 us
1157 4657 1449 4711 memoria
1496 4655 1732 4725 penitus
1777 4653 1971 4709 deleta
1999 4670 2120 4709 non

431 4802 434 4805 .
466 4749 592 4814 fuit,
625 4749 816 4804 Saulis
841 4754 1156 4819 peccatum
1186 4751 1241 4801 et
1264 4743 1666 4800 inobedieutia
1703 4743 1757 4796 in
1783 4759 1966 4798 causa
1992 4759 2121 4799 exs-

464 4837 592 4896 titit,
625 4837 777 4891 sicut
807 4852 1064 4907 sequens
1086 4835 1335 4891 historia
1365 4834 1725 4890 ostendiIDe
1754 4836 2118 4906 qqumale-

465 4923 579 4976 cita
609 4923 670 4977 in
722 4923 877 4978 libro
928 4924 1368 4981 Deuteronomii
1425 4923 1638 4979 dicitur
1696 4942 1708 4978 ;
1770 4928 2118 4981 «Memento

462 5009 626 5080 quod
657 5008 858 5064 fecerit
882 5009 990 5064 tibi
1016 5011 1260 5067 Amalec
1287 5014 1348 5068 in
1376 5012 1473 5067 via
1502 5015 1750 5083 quando
1772 5012 2118 5080 egredieba-

463 5097 542 5151 ris
590 5113 660 5152 ex
701 5101 977 5170 Egypto,
1027 5101 1337 5172 quomodo
1367 5103 1689 5155 occurrerit
1735 5106 1791 5152 et
1819 5107 2116 5153 extremos

461 5187 719 5256 agminis
752 5189 853 5254 tui,
887 5190 990 5261 qui
1028 5189 1168 5246 lassi
1195 5190 1558 5254 residebant,
1610 5187 1885 5242 ceciderit
1914 5188 2111 5255 (Deut.

459 5292 619 5345 XXV).
655 5295 684 5330 ›
746 5279 957 5333 Lassos
1001 5279 1098 5334 hic
1138 5279 1367 5336 Hebraei
1396 5277 1746 5331 immundos
1779 5273 2114 5329 secundum

460 5365 674 5434 legem,
697 5371 863 5421 extra
893 5373 1088 5424 castra
1115 5371 1429 5423 manentes
1458 5363 1810 5430 intelligunt.
1841 5364 1999 5426 Quos
2025 5379 2118 5419 ce-

460 5453 676 5510 cidisse
724 5455 1062 5512 Amalecitae
1119 5457 1423 5518 dicuntur,
1457 5452 1621 5523 quia,
1664 5451 1814 5505 sicut
1849 5451 1968 5524 ipsi
1996 5458 2113 5509 tra-

457 5544 628 5615 dunt,
660 5561 868 5601 eorum
894 5544 1411 5601 circumcisionem
1438 5547 1924 5613 amputaverunt,
1967 5550 2024 5599 et
2050 5543 2112 5601 in

460 5634 999 5694 subsannationem
1025 5633 1127 5688 Dei
1151 5632 1214 5688 in
1243 5629 1462 5688 coelum
1490 5631 1894 5706 proiecerunt.

2241 4402 2352 4457 ego
2384 4392 2437 4443 te
2476 4403 2598 4459 prae
2629 4386 2853 4442 caneris
2896 4402 3190 4457 magnum
3219 4386 3351 4443 feci.
3400 4389 3550 4453 Quia
3577 4404 3722 4444 vero
3752 4395 3817 4445 tu
3848 4398 3905 4446 te

2237 4491 2528 4546 magnum
2558 4475 2877 4547 conspicis,
2909 4491 2945 4531 a
2974 4491 3070 4531 me
3101 4475 3392 4548 parvulus
3414 4477 3754 4534 aastimaris.
3783 4481 3909 4535 Un-

2233 4566 2306 4621 de
2333 4581 2469 4620 cum
2493 4581 2528 4620 a
2559 4564 2832 4620 Samuele
2855 4566 3284 4638 increparetur,
3317 4582 3507 4639 quare
3542 4583 3748 4624 vocem
3785 4569 3906 4624 Do-

2231 4655 2378 4710 mini
2389 4670 2510 4710 non
2526 4654 2795 4722 audierit,
2812 4671 2879 4711 ex
2903 4654 3035 4727 ipso
3045 4655 3205 4711 fastu
3231 4656 3530 4728 superbiae
3551 4657 3902 4728 respondit,

2229 4744 2434 4800 dicens
2464 4761 2475 4798 :
2503 4766 2530 4793 «
2559 4745 2687 4799 Imo
2719 4743 2923 4799 audivi
2947 4760 3159 4799 vocem
3204 4744 3460 4812 Domini,
3495 4749 3551 4800 et
3577 4744 3906 4802 ambulavi

2226 4835 2288 4890 in
2316 4835 2414 4890 via
2442 4850 2547 4906 per
2567 4849 2754 4907 quam
2771 4833 2931 4889 misit
2954 4849 3051 4889 me
3083 4833 3389 4892 Dominus.
3418 4856 3446 4884 ››
3480 4834 3695 4890 Malum
3722 4835 3906 4890 enim

2229 4941 2412 4996 supra
2438 4923 2670 4980 malum
2705 4923 2943 4995 adjecit,
2976 4923 3121 4995 quia
3151 4922 3394 4995 culpam
3425 4938 3600 4978 suam
3634 4939 3761 4978 non
3799 4940 3908 4980 so-

2225 5012 2350 5068 lum
2383 5029 2710 5082 agnoscere
2737 5012 3026 5083 dignatus
3055 5015 3167 5078 est,
3199 5011 3306 5068 sed
3325 5011 3504 5068 etiam
3530 5011 3902 5084 superbien-

2225 5100 2304 5155 do
2335 5101 2655 5156 defendere
2686 5102 2934 5176 studuit,
2975 5118 3046 5158 ac
3083 5116 3190 5174 per
3216 5101 3331 5157 hoc
3373 5100 3761 5157 defendendo
3795 5119 3906 5158 ac-

2225 5187 2571 5243 cumulavit.
2601 5189 2865 5262 Denique
2895 5191 2956 5246 in
2985 5190 3100 5246 hoc
3125 5190 3292 5264 quod
3316 5190 3664 5270 subjungit:

2295 5295 2326 5329 ‹
2363 5275 2514 5331 Tulit
2536 5281 2738 5332 autem
2767 5279 3032 5350 populus
3066 5279 3141 5336 de
3173 5279 3382 5352 praeda
3408 5294 3554 5335 oves
3579 5285 3638 5336 et
3663 5279 3903 5352 boves,

2223 5387 2251 5414 «
2292 5363 2582 5438 primitias
2614 5380 2826 5421 eorum
2844 5383 2978 5438 quae
3003 5384 3161 5425 caesa
3187 5373 3346 5436 sunt,
3381 5372 3446 5424 ut
3467 5367 3743 5424 immolet
3777 5369 3909 5426 Do-

2222 5475 2250 5503 ‹‹
2292 5454 2458 5510 mino
2487 5457 2603 5509 Deo
2633 5469 2743 5510 suo
2767 5454 2830 5510 in
2861 5455 3138 5528 Galgalis.
3174 5479 3204 5508 »
3224 5457 3500 5513 Primitias
3528 5457 3628 5512 hic
3648 5473 3721 5513 ea
3741 5475 3902 5530 quae

2219 5544 2455 5617 potiora
2491 5549 2548 5600 et
2588 5543 2837 5601 meliora
2881 5551 3070 5616 erant,
3112 5546 3510 5616 intelligendas
3562 5551 3724 5603 sunt.
3787 5551 3904 5605 So-

2220 5633 2446 5707 quitur.
