4136 6176
247 181 356 234 305

1237 179 1495 235 ENARB.
1537 180 1607 234 IN
1645 173 1894 232 LIBROS
1931 175 2188 238 REGUM.
2230 216 2300 227 -—-
2337 188 2406 244 IN
2451 189 2584 244 LIB.
2627 189 2669 244 Ι.

3567 193 3670 249 306

315 324 346 349 «
386 304 449 356 Et
479 299 561 356 ait
590 299 872 356 Samuel:
923 301 1205 375 Nunquid
1255 303 1383 360 vult
1408 301 1697 359 Dominus
1724 298 1890 356 holo-
1927 299 1972 352 A
2015 305 2071 357 et
2100 308 2474 365 sacerdotem
2505 309 2583 364 ad
2620 327 2681 365 se
2705 310 3066 378 venientem,
3116 311 3440 368 Dominum
3470 311 3674 370 videli-

245 414 273 441 α
314 394 526 447 causta
554 392 610 445 et
641 389 940 454 victimas,
968 395 1022 447 et
1064 407 1187 447 non
1243 393 1440 464 potius
1472 397 1537 448 ut
1587 389 1902 447 obediatur

243 504 269 530 ι(
313 479 712 536 vocl.Domini
737 479 983 536 ?Melior
1023 486 1114 537 est
1143 481 1302 538 enim
1348 480 1687 538 obedientia
1717 494 1904 552 quam

242 591 270 619 ‹‹
311 567 564 624 victimae
595 585 610 635 ;
639 571 695 623 et
717 567 1054 624 auscultare
1077 570 1274 642 magis
1300 586 1487 642 quam
1518 569 1749 626 auferre
1783 566 1905 622 adi-

241 681 270 708 «ι
310 673 451 730 pem
482 657 754 714 arietum.
786 658 1083 722 Quoniam
1134 659 1308 732 quasi
1339 664 1649 731 peccatum
1702 655 1902 712 hario-

238 769 268 798 α
307 745 472 803 laudi
497 750 586 802 est
633 761 992 818 repugnare,
1031 752 1088 803 et
1116 748 1289 820 quasi
1323 749 1520 804 scelus
1550 745 1903 803 idololatriae

239 860 268 885 «
311 836 466 892 nolle
498 851 879 908 acquescere.
933 859 959 885 »
995 837 1094 892 Hic
1126 837 1288 892 enim
1341 854 1465 893 non
1515 835 1678 893 aliud
1707 835 1902 892 dicere

238 925 715 1000 possumus,nisi
744 926 1106 982 sententiam
1125 927 1347 982 summi
1367 926 1696 983 tractatoris
1727 941 1900 998 papa

239 1015 520 1086 Gregorii,
551 1031 739 1088 quam
763 1015 825 1070 in
854 1014 1022 1071 libris
1052 1015 1359 1072 Moralium
1388 1015 1692 1073 moraliter
1719 1031 1899 1087 expo-

237 1121 411 1170 nens,
439 1105 587 1160 dum
617 1103 692 1160 de
720 1104 885 1159 bono
924 1104 1277 1161 obedientiae
1324 1109 1697 1172 tractaretur,
1746 1105 1898 1159 inse-

237 1195 369 1261 ruit,
398 1194 491 1250 Ait
518 1192 712 1249 enim:
761 1192 1114 1250 Obedientia
1157 1194 1412 1250 victimis
1443 1195 1576 1266 jure
1602 1192 1900 1267 praeponi-

239 1288 348 1348 tur,
382 1283 531 1354 quia
553 1298 660 1356 per
699 1281 969 1338 victimas
1007 1283 1204 1339 aliena
1253 1299 1415 1350 caro,
1467 1300 1575 1356 per
1619 1283 1899 1339 obedien-

239 1373 379 1428 tiam
411 1387 552 1426 vero
577 1371 854 1427 voluntas
883 1373 1124 1444 propria
1144 1377 1460 1428 mactatur.
1509 1376 1695 1429 Tanto
1718 1372 1898 1441 igitur

236 1462 493 1534 quisque
542 1461 712 1516 citius
766 1462 952 1517 Deum
1002 1462 1219 1534 placat,
1275 1463 1525 1536 quando
1576 1467 1713 1518 ante
1766 1462 1896 1532 ejus

236 1550 463 1615 oculos,
496 1567 772 1623 repressa
800 1551 1024 1607 arbitrii
1053 1552 1356 1625 superbia,
1384 1552 1584 1622 gladio
1613 1551 1894 1624 prmcepti

238 1657 297 1695 se
334 1641 627 1696 immolat.
670 1641 798 1704 Quo
840 1641 1156 1710 contrario,
1203 1641 1541 1698 hariolandi
1579 1645 1894 1714 peccatum

235 1729 642 1785 inobedientia
665 1729 898 1792 dicitur,
933 1734 997 1784 ut
1029 1731 1277 1802 quando
1309 1731 1381 1786 sit
1410 1731 1596 1787 virtus
1617 1730 1897 1786 obedien-

234 1820 325 1874 tia:
353 1819 814 1875 demonstretur.
829 1822 906 1874 Ex
933 1819 1190 1876 adverso
1217 1837 1360 1891 ergo
1389 1821 1602 1876 melius
1632 1819 1894 1876 ostendi-

235 1915 326 1964 tur
350 1908 499 1982 quid
529 1909 602 1964 de
660 1909 790 1979 ejus
820 1909 998 1964 laude
1049 1909 1360 1966 sentiatur.
1420 1911 1476 1968 Si
1531 1911 1690 1966 enim
1720 1909 1894 1983 quasi

231 2003 545 2070 peccatum
578 1997 939 2065 hariolandi,
971 2003 1062 2054 est
1089 2015 1447 2070 repugnare,
1476 2004 1530 2056 et
1570 1999 1746 2072 quasi
1771 2015 1893 2055 sce-

230 2087 327 2142 lus
350 2086 888 2156 idololatrite,nolle
911 2087 1311 2159 acquiescere;
1341 2088 1468 2144 sola
1495 2093 1583 2144 est
1605 2087 1890 2143 obedien-

234 2179 315 2231 tia
343 2193 478 2249 quae
511 2175 648 2231 ﬁdei
681 2176 963 2231 meritum
997 2177 1284 2249 possidet,
1326 2193 1450 2250 qua
1478 2178 1603 2234 sine
1631 2177 1890 2251 quisque

229 2264 490 2320 inﬁdelis
520 2265 810 2321 videatur.
860 2265 1002 2321 Hinc
1033 2282 1139 2338 per
1179 2267 1560 2324 Salomonem
1607 2267 1670 2322 in
1695 2271 1892 2322 osten—

232 2355 403 2410 sione
434 2354 783 2410 obedientia:
810 2354 1060 2411 dicitur:
1120 2379 1147 2407 ‹‹
1179 2358 1274 2412 Vir
1303 2357 1590 2414 obediens
1627 2357 1892 2429 loquitur

228 2444 503 2499 victorias
537 2445 742 2509 (Prov.
775 2444 916 2515 xxi).
948 2467 975 2493 »
1009 2445 1110 2500 Vir
1137 2446 1362 2519 quippe
1393 2447 1680 2503 obediens
1701 2446 1888 2502 victo-

229 2533 346 2587 rias
397 2533 705 2606 loquitur:
769 2533 912 2606 quia
941 2533 1088 2589 dum
1140 2535 1365 2590 aliaenaa
1419 2535 1552 2591 voci
1589 2536 1889 2592 humiliter

228 2622 560 2689 subdimur,
590 2623 994 2695 nosmetipsos
1023 2624 1083 2679 in
1107 2625 1286 2680 corde
1317 2641 1698 2698 superamus.
1734 2625 1888 2690 Quid

224 2712 383 2767 enim
413 2711 660 2785 prodest
691 2712 1004 2768 indiscrete
1056 2715 1172 2769 Deo
1203 2701 1433 2788 aliquid
1471 2715 1683 2770 offerre
1713 2715 1882 2783 velle,

227 2807 285 2856 et
315 2801 442 2872 ejus
457 2803 753 2858 contraire
780 2802 1093 2875 preaceptis
1110 2804 1137 2858 ?
1162 2804 1311 2870 Quia
1331 2821 1722 2877 nequaquam
1751 2806 1886 2878 quis

226 2889 385 2946 valet
412 2889 483 2944 de
512 2890 731 2946 oblatis
754 2891 1105 2947 muneribus
1127 2893 1448 2948 Dominum
1481 2894 1594 2948 sibi
1625 2894 1882 2966 placare,

2012 391 2148 450 licet
2176 396 2494 469 Christum,
2526 399 2787 472 recipere
2815 400 3154 456 noluerunt.

2085 505 2111 532 «
2155 486 2336 544 Porro
2363 489 2762 560 triumphator
2791 489 2851 544 in
2877 489 3054 544 Israel
3084 505 3207 545 non
3231 494 3437 562 parcet
3464 496 3520 547 et
3545 508 3674 564 poe-

2013 592 2040 619 ‹‹
2081 571 2349 630 nitudine
2393 591 2516 630 non
2567 576 2865 632 ﬂectetur:
2898 591 3094 648 neque
3138 577 3301 633 enim
3325 578 3512 635 homo
3559 584 3667 650 est,

2011 681 2038 708 «
2083 665 2146 715 ut
2206 668 2347 733 agat
2402 665 2837 736 paenitentiam.
2895 688 2922 714 »
2989 667 3052 719 In
3105 665 3351 722 Hebraeo
3415 667 3667 738 legitur:

2010 770 2038 796 ‹‹
2083 750 2264 806 Porro
2343 752 2740 826 triumphator
2805 753 2983 809 Israel
3051 770 3175 809 non
3239 755 3575 812 mentietur.
3636 777 3667 811 ›

2007 837 2426 911 Triumphator
2472 842 2578 896 iste
2642 845 2794 897 Deus
2852 846 2957 905 est,
3020 843 3115 897 cui
3174 843 3371 898 omnis
3423 845 3669 903 victoria

2006 931 2162 982 recte
2235 930 2568 985 ascribitur.
2625 935 2748 986 Non
2815 930 3150 997 mentietur,
3209 931 3354 1003 quia
3410 948 3481 988 ea
3529 950 3666 1006 quae

2006 1016 2293 1086 promittit
2350 1019 2460 1074 sibi
2504 1019 2937 1074 famulantibus
2980 1018 3247 1088 largitur.
3297 1021 3666 1079 Poenitudine

2006 1119 2129 1159 non
2170 1104 2443 1170 ﬂectitur,
2488 1108 2631 1179 quia
2683 1124 2806 1163 non
2864 1108 3110 1180 poenitet
3165 1125 3305 1164 eum
3361 1109 3436 1165 de
3485 1111 3662 1166 bonis

2004 1209 2140 1264 quae
2165 1193 2414 1264 largitus
2443 1201 2550 1266 est,
2581 1197 2724 1269 quia
2780 1196 3088 1252 mutabilis
3121 1213 3243 1253 non
3272 1202 3379 1266 est,
3425 1199 3527 1254 sed
3578 1216 3667 1256 se-

2004 1281 2272 1338 cundum
2309 1285 2605 1352 justitiam
2635 1289 2690 1341 et
2715 1286 3024 1341 veritatem
3044 1285 3324 1342 universa
3355 1287 3661 1358 dijudicat.

2077 1393 2105 1419 «
2151 1372 2421 1445 Dixitque
2481 1374 2649 1430 Saul:
2711 1375 2976 1442 Peccavi,
3038 1375 3146 1430 sed
3215 1391 3377 1431 nunc
3429 1377 3667 1434 honora

2005 1482 2033 1509 «
2075 1477 2171 1516 me
2229 1477 2433 1518 coram
2489 1463 2824 1518 senioribus
2881 1463 3092 1536 populi
3148 1463 3285 1531 mei,
3345 1469 3402 1520 et
3455 1482 3662 1521 coram

2004 1569 2031 1598 α
2077 1550 2274 1606 Israel.
2313 1573 2340 1600 ››
2367 1552 2498 1606 Acsi
2523 1552 2806 1607 dixisset:
2864 1552 3106 1608 Honora
3133 1569 3230 1607 me
3263 1553 3415 1609 sicut
3457 1570 3662 1624 regem

1937 1651 1977 1705 Β
2004 1643 2066 1694 ut
2095 1653 2207 1707 ego
2237 1640 2580 1711 praecedam
2611 1640 2760 1696 sicut
2790 1657 2912 1708 rex,
2938 1645 2994 1697 et
3022 1646 3086 1697 tu
3113 1642 3404 1714 sequaris,
3427 1648 3491 1699 ut
3520 1643 3664 1699 ado-

2005 1744 2130 1783 rem
2163 1728 2483 1784 Dominum
2515 1730 2702 1784 Deum
2746 1733 2936 1786 tuum.
2988 1732 3167 1787 Senes
3207 1735 3410 1787 autem
3449 1732 3662 1804 populi

2003 1817 2114 1888 sui,
2145 1833 2319 1872 suam
2349 1817 2567 1874 tribum
2593 1837 2606 1886 ;
2638 1824 2694 1874 et
2719 1835 2926 1874 coram
2968 1820 3165 1887 Israel,
3195 1825 3440 1876 caeteras
3471 1821 3662 1876 tribus

2003 1905 2201 1976 Israel,
2231 1906 2390 1962 dicit.
2425 1906 2538 1962 Sed
2591 1908 2653 1963 in
2682 1909 2795 1964 hoc
2823 1908 2990 1980 quod
3043 1908 3159 1964 ait:
3220 1931 3249 1958 «
3290 1909 3532 1964 Honora
3564 1925 3660 1964 me

2002 2010 2208 2050 coram
2265 1995 2601 2052 senioribus
2653 2019 2680 2047 «
2737 1997 2945 2070 populi
2986 1997 3122 2064 mei,
3158 2020 3186 2046 »
3236 1998 3660 2053 verecundiam

2000 2099 2219 2156 passus
2251 2100 2320 2139 ac
2355 2084 2637 2156 superbia
2679 2085 2954 2141 detentus
2997 2085 3232 2142 locutus
3263 2089 3369 2152 est,
3411 2085 3555 2157 quia
3587 2085 3658 2140 ti-

2000 2170 2206 2227 mebat
2250 2173 2509 2228 honores
2564 2173 2854 2243 amittere,
2911 2177 2966 2229 et
3028 2173 3165 2229 ideo
3213 2188 3338 2228 non
3403 2172 3659 2228 obtinuit

1999 2260 2166 2332 quod
2190 2261 2376 2333 petiit,
2405 2261 2611 2317 dicens
2637 2279 2650 2317 :
2703 2284 2731 2311 «
2761 2263 3032 2329 Peccavi,
3082 2283 3108 2310 »
3140 2266 3196 2318 et
3219 2261 3469 2334 reliqua.
3524 2260 3658 2326 Qui-

1999 2349 2164 2421 squis
2227 2349 2388 2405 enim
2455 2350 2571 2406 sub
2617 2350 2812 2423 specie
2879 2349 3270 2406 confessionis
3340 2351 3650 2406 humanos

1998 2437 2197 2493 adhuc
2220 2437 2479 2494 honores
2511 2439 2778 2496 amittere
2808 2439 2996 2504 timet,
3037 2439 3144 2496 iste
3193 2438 3652 2509 indulgentiam,

1995 2543 2183 2599 quam
2209 2526 2347 2583 ﬁcta
2375 2527 2710 2584 humilitate
2739 2527 3022 2600 postulat,
3043 2544 3079 2583 a
3111 2531 3229 2584 Deo
3261 2527 3510 2600 adipisci
3531 2543 3654 2582 non

1995 2615 2173 2671 valet.
2209 2619 2408 2689 Neque
2437 2617 2597 2672 enim
2626 2621 2821 2686 potest
2849 2616 2911 2671 in
2948 2616 3334 2684 confessione
3365 2616 3656 2688 poeniten-

1995 2704 2089 2760 tiae
2120 2705 2363 2778 assequi
2386 2706 2647 2773 veniam,
2675 2705 2778 2761 ubi
2806 2705 2976 2778 praeit
3018 2705 3195 2761 elatio
3234 2705 3470 2761 mentis.
3501 2708 3652 2760 Nam

1991 2794 2134 2866 quid
2161 2794 2327 2850 aliud
2357 2800 2464 2861 est,
2493 2795 2567 2850 de
2597 2799 2766 2850 reatu
2788 2793 3068 2850 facinoris
3094 2794 3156 2850 in
3185 2799 3513 2867 conspectu
3540 2794 3647 2849 ho-

1992 2884 2227 2940 minum
2253 2884 2609 2956 reprehendi
2638 2884 2930 2956 refugere,
2963 2884 3076 2940 nisi
3109 2883 3396 2956 superbia
3429 2883 3646 2951 cordis,

224 2979 326 3050 qui
359 2979 608 3050 negligit
636 2979 1056 3053 obtemperare
1080 2982 1285 3052 jussis.
1333 2983 1482 3044 Quia
1511 2983 1670 3039 enim
1701 2983 1884 3039 bono-
1916 3006 1956 3061 ρ
1991 2989 2096 3043 De!“
2115 2990 2303 3045 quam
2332 2979 2627 3045 peccator,
2672 2975 2820 3030 dum
2847 2975 3162 3046 displicere
3184 2973 3536 3029 hominibus
3564 2988 3650 3028 re-

223 3084 356 3124 rum
388 3074 736 3124 nostrorum
765 3085 887 3125 non
918 3069 1163 3141 indiget,
1209 3077 1416 3128 nostra
1441 3072 1681 3128 datione
1713 3073 1877 3127 mini-

220 3173 318 3212 me
339 3158 637 3229 pascitur:
666 3164 722 3213 et
751 3158 830 3214 ob
850 3159 965 3214 hoc
986 3160 1196 3216 melior
1225 3166 1311 3216 est
1331 3161 1670 3216 obedientia
1695 3178 1881 3233 quam

219 3246 502 3301 victimis.
537 3249 617 3301 De
645 3263 765 3318 qua
786 3247 1021 3320 plenius
1053 3248 1115 3304 in
1153 3249 1318 3304 libris
1348 3249 1656 3305 Moralium
1685 3249 1880 3320 legere

220 3334 368 3408 quis
399 3334 618 3405 poterit
637 3353 650 3389 :

292 3476 324 3503 «
370 3453 642 3526 Dixitque
664 3454 795 3510 Saul
839 3455 917 3512 ad
940 3457 1214 3514 Samuel:
1249 3457 1513 3529 Peccavi,
1562 3457 1705 3530 quia
1734 3473 1882 3530 prae-

225 3565 248 3593 ι
296 3542 598 3598 varicatus
647 3559 781 3598 sum
833 3562 1172 3602 sermonem
1220 3547 1476 3618 Domini,
1515 3570 1542 3597 »
1571 3551 1628 3602 et
1651 3546 1880 3618 reliqua

224 3647 542 3703 usquequo
567 3631 671 3701 ait,
707 3654 733 3680 ‹‹
765 3637 822 3688 et
861 3635 1109 3705 projecit
1136 3641 1190 3690 te
1232 3636 1518 3690 Dominus
1558 3653 1633 3691 ne
1665 3636 1744 3690 sis
1776 3651 1878 3691 rex

234 3741 259 3764 ιι
307 3735 486 3788 super
530 3720 728 3776 Israel.
789 3743 816 3770 »
868 3723 1119 3795 Corripit
1169 3725 1464 3796 propheta
1515 3740 1716 3794 regem
1769 3741 1878 3796 pro

237 3805 648 3875 inobedientia,
705 3809 851 3880 quia
900 3811 1258 3866 mandatum
1316 3812 1551 3885 explere
1602 3828 1725 3868 non
1777 3829 1876 3869 cu-

231 3896 395 3964 ravit,
441 3897 836 3970 praedixitque
885 3901 938 3955 ei
978 3916 1234 3969 regnum
1278 3901 1688 3971 dimissurum,
1733 3902 1879 3974 quia

221 3986 633 4042 rectitudinem
682 3989 1112 4046 mandatorum
1169 3991 1267 4046 Dei
1324 3991 1490 4063 sequi
1550 3991 1756 4047 noluit.
1813 3995 1878 4048 Et

211 4077 426 4130 merito
479 4075 577 4134 ille
636 4077 710 4132 de
761 4081 1070 4150 potestatis
1129 4079 1388 4135 culmine
1435 4080 1732 4151 abjicitur,
1774 4082 1878 4153 qui

207 4164 310 4218 rite
369 4165 648 4233 regimen
706 4171 904 4222 tenere
964 4169 1172 4224 nescit.
1225 4173 1354 4240 Ipse
1406 4169 1567 4225 enim
1611 4169 1877 4239 regimen

209 4254 309 4308 rite
342 4258 531 4323 tenet,
589 4256 693 4326 qui
751 4273 812 4312 se
844 4258 1133 4328 superiori
1188 4274 1295 4330 per
1351 4258 1745 4316 humilitatem
1797 4259 1875 4316 ad

207 4341 626 4398 obediendum
669 4344 926 4416 subjicit,
981 4351 1038 4401 et
1087 4346 1348 4402 inferiori
1397 4364 1503 4420 per
1551 4349 1872 4404 auctorita-
1913 4353 1955 4405 D

207 4434 322 4486 tem
383 4431 468 4486 ad
529 4431 872 4489 docendum
925 4435 1254 4508 anteponit.
1307 4436 1364 4491 Si
1394 4437 1554 4492 enim
1601 4438 1741 4493 Saul
1772 4437 1874 4493 Dei

206 4520 520 4576 mandatis
551 4521 840 4586 obediret.
869 4523 976 4580 rite
1001 4523 1228 4598 populo
1257 4530 1551 4608 praeesset.

278 4675 304 4698 τι
351 4656 421 4708 Et
439 4669 771 4710 conversus
800 4662 888 4712 est
919 4658 1159 4713 Samuel
1190 4663 1255 4714 ut
1281 4659 1472 4716 abiret
1498 4678 1510 4727 ;
1551 4659 1876 4716 ille'autem

204 4763 234 4787 ιι
279 4742 688 4812 apprehendit
735 4747 1144 4802 summitatem
1185 4747 1352 4820 pallii
1408 4748 1558 4819 ejus,
1630 4765 1763 4821 quae
1822 4753 1879 4805 et

202 4851 232 4872 κ
283 4832 474 4887 scissa.
505 4838 618 4897 est,
651 4838 707 4888 et
738 4834 819 4890 ait
864 4835 943 4891 ad
987 4853 1126 4892 eum
1173 4837 1444 4893 Samuel:
1475 4837 1655 4893 Scidit
1683 4838 1876 4892 Domi-

199 4941 231 4967 ‹‹
280 4935 400 4974 nus
431 4937 688 4991 regnum
719 4924 900 4980 Israel
929 4941 965 4980 a
1016 4930 1070 4982 te
1101 4926 1301 4994 hodie,
1357 4932 1414 4983 et
1458 4926 1703 4983 tradidit
1731 4926 1876 4981 illud

197 5029 232 5059 α
279 5011 567 5080 proximo
618 5016 739 5077 tuo,
796 5011 1026 5068 meliori
1085 5019 1158 5070 te.
1220 5037 1248 5063 ››
1299 5019 1447 5072 Nota
1499 5015 1872 5088 mysterium,

193 5099 377 5169 quod
403 5099 558 5154 sicut
585 5099 647 5154 in
677 5101 958 5173 passione
991 5103 1244 5166 Domini,
1270 5103 1536 5176 pontifex
1557 5104 1876 5160 vestimen-

198 5193 338 5241 tum
371 5204 553 5244 suum
583 5189 758 5244 scidit
815 5191 1050 5261 (Matth.
1084 5194 1262 5264 xxvr),
1319 5194 1400 5248 ita
1442 5209 1546 5248 rex
1585 5193 1726 5249 Saul
1753 5210 1878 5249 ves-

195 5279 331 5329 tem
390 5277 702 5350 prophetae
776 5293 937 5334 nunc
991 5281 1260 5337 scindere
1337 5281 1712 5336 describitur.
1774 5285 1878 5337 Per

199 5369 534 5438 utramque
577 5368 741 5422 enim
786 5373 1164 5440 potestatem,
1215 5375 1270 5426 et
1307 5371 1571 5441 regalem
1605 5370 1880 5426 videlicet

194 5460 259 5508 et
295 5457 762 5525 sacerdotalem,
798 5457 1002 5515 scissio
1047 5460 1536 5516 vestimentorum
1586 5460 1742 5517 facta
1769 5465 1874 5528 est,

197 5547 268 5596 ut
304 5543 755 5601 demonstretur
783 5546 1167 5604 stabilitatem
1196 5550 1366 5618 regni
1395 5555 1452 5606 et
1478 5550 1792 5606 sacerdotii
1816 5551 1879 5605 in

197 5633 436 5703 populo
457 5635 772 5691 Judzerum
790 5634 917 5692 ﬁeri
942 5652 1063 5692 non
1087 5653 1287 5711 posse,
1313 5638 1419 5710 qui
1437 5655 1648 5695 verum
1674 5654 1879 5708 regem

1991 3061 2157 3130 fugit,
2192 3064 2432 3118 veniam
2460 3079 2646 3134 quam
2678 3080 2713 3118 a
2745 3067 2862 3118 Deo
2895 3064 3162 3136 accipere
3214 3066 3445 3134 poterat
3484 3078 3518 3116 a
3551 3078 3648 3116 se-

1990 3153 2243 3223 metipso
2274 3152 2578 3207 excludit?
2609 3153 2765 3207 Ficta
2795 3153 2953 3208 enim
2983 3152 3290 3206 humilitas
3339 3151 3582 3206 veniam
3611 3166 3650 3206 a

1986 3240 2106 3305 Deo
2132 3239 2421 3311 consequi
2445 3256 2568 3294 nou
2603 3241 2778 3295 valet.
2815 3239 2929 3296 Sed
2953 3238 3291 3294 notandum
3331 3238 3499 3310 quod
3531 3239 3647 3295 alia

1986 3327 2167 3383 editio
2207 3327 2426 3384 habet:
2490 3350 2518 3377 ‹‹
2573 3331 2696 3383 Non
2739 3331 2998 3384 revertar
3046 3331 3264 3397 tecum,
3311 3326 3504 3399 inquit
3549 3329 3646 3383 Sa-

1986 3417 2168 3486 muel,
2201 3417 2346 3490 quia
2375 3418 2649 3491 sprevisti
2687 3417 2938 3473 verbum
2969 3416 3225 3481 Domini,
3263 3420 3319 3472 et
3341 3417 3568 3487 spernit
3588 3421 3644 3471 te

1989 3505 2276 3561 Dominus
2300 3521 2374 3560 ne
2403 3506 2482 3561 sis
2534 3522 2636 3561 rex
2666 3521 2846 3578 super
2870 3505 3064 3561 Israel.
3118 3507 3185 3559 Et
3231 3503 3517 3560 convertit
3547 3505 3646 3560 Sa‘

1986 3595 2147 3650 muel
2174 3595 2393 3652 faciem
2427 3611 2601 3650 suam
2647 3599 2709 3650 ut
2739 3595 2948 3650 abiret.
2986 3598 3051 3649 Et
3082 3593 3270 3649 tenuit
3292 3594 3433 3648 Saul
3457 3609 3645 3665 penu-

1984 3684 2106 3739 lam
2151 3684 2454 3756 diploidis,
2494 3690 2551 3739 et
2600 3684 2855 3756 disrupit
2884 3699 3042 3738 eam.
3077 3685 3142 3736 Et
3187 3680 3336 3738 dixit
3380 3682 3457 3737 ad
3505 3697 3645 3738 eum

1987 3772 2253 3830 Samuel:
2286 3772 2546 3844 Disrupit
2569 3772 2856 3828 Dominus
2879 3787 3131 3841 regnum
3157 3769 3338 3825 Israel
3359 3771 3431 3824 de
3453 3787 3642 3826 manu

1984 3864 2087 3916 tua
2116 3859 2316 3927 hodie,
2349 3864 2406 3914 et
2435 3859 2606 3914 dabit
2635 3859 2912 3931 proximo
2940 3863 3042 3914 tuo
3071 3857 3235 3912 bono
3270 3873 3452 3929 super
3473 3863 3554 3923 te;
3585 3861 3642 3912 et

1983 3949 2278 4004 dividetur
2311 3947 2485 4004 Israel
2513 3950 2574 4002 in
2603 3947 2810 4012 duo,et
2831 3963 2952 4002 non
2975 3950 3272 4002 avertetur
3293 3960 3488 4016 neque
3513 3962 3639 4018 pce-

1984 4037 2190 4093 nitebit
2218 4054 2377 4104 eum,
2411 4037 2702 4110 quoniam
2741 4052 2863 4092 non
2894 4041 2984 4091 est
3011 4035 3164 4091 sicut
3210 4035 3393 4090 homo
3426 4039 3490 4089 ut
3518 4050 3641 4106 poe-

1984 4126 2167 4181 niteat
2196 4141 2357 4180 eum.
2386 4126 2516 4196 Ipse
2548 4123 2812 4179 minatur
2839 4129 2895 4180 et
2926 4139 3048 4179 non
3080 4127 3412 4196 permanet.
3464 4144 3492 4171 »
3528 4127 3638 4177 Iste

1987 4214 2081 4270 cui
2111 4213 2361 4270 dicitur:
2397 4234 2425 4260 «
2455 4212 2680 4284 spernit
2709 4217 2763 4268 te
2797 4213 3084 4268 Dominus
3115 4229 3188 4268 ne
3211 4212 3290 4267 sis
3331 4229 3434 4268 rex
3459 4227 3639 4283 super

1988 4302 2187 4370 Israel,
2221 4324 2246 4352 κ
2276 4302 2678 4375 quadraginta
2703 4301 2974 4372 regnavit
3016 4301 3189 4357 annis
3220 4317 3399 4373 super
3439 4300 3637 4368 Israel,

1990 4395 2154 4448 tanto
2181 4391 2399 4447 scilicet
2424 4391 2710 4464 temporis
2749 4391 2943 4464 spatio
2973 4390 3222 4464 quando
3273 4394 3330 4444 et
3356 4389 3482 4461 ipse
3530 4391 3640 4444 Da-

1987 4480 2108 4550 vid,
2152 4485 2206 4536 et
2252 4480 2478 4535 audivit
2543 4481 2658 4536 hoc
2695 4483 2889 4553 primo
2961 4485 3227 4551 tempore
3295 4478 3464 4546 regni
3521 4475 3636 4531 sui.

1984 4570 2394 4641 Intelligamus
2436 4569 2570 4624 ideo
2622 4570 2870 4633 dictum,
2920 4569 3057 4641 quia
3110 4565 3309 4621 nullus
3380 4564 3454 4619 de
3508 4565 3638 4633 ejus

1985 4659 2163 4731 stirpe
2206 4658 2796 4729 fueratregnaturus,
2847 4662 2904 4713 et
2953 4655 3316 4728 recipiamus
3375 4653 3453 4708 ad
3503 4651 3638 4706 stir-

1982 4764 2123 4821 pem
2152 4748 2360 4816 David,
2412 4749 2571 4802 unde
2611 4752 2850 4803 exortus
2889 4750 2976 4800 est
3014 4743 3348 4799 secundum
3394 4757 3639 4798 carnem

1998 4837 2303 4894 Dominus.
2327 4858 2354 4884 «
2388 4835 2682 4891 mediator
2710 4835 2807 4890 Dei
2828 4839 2885 4890 et
2907 4833 3244 4903 hominum,
3270 4833 3455 4888 homo
3479 4831 3640 4888 Chri-

1986 4930 2109 4979 stus
2133 4927 2300 4979 Jesus
2334 4926 2510 4994 (Tim.
2546 4928 2580 4996 ι)
2600 4943 2611 4979 ;
2634 4946 2660 4973 ‹‹
2694 4928 2874 4996 prout
2902 4924 3115 4979 beatus
3146 4922 3510 4992 Augustinus
3538 4920 3638 4992 ait,

1985 5020 2042 5068 et
2065 5015 2122 5068 in
2156 5015 2368 5069 Graecis
2401 5013 2845 5087 exemplaribus
2871 5013 3118 5082 legitur:
3156 5033 3183 5060 «
3244 5009 3504 5082 Disrupit
3533 5012 3643 5065 Do-

1987 5104 2185 5158 minus
2217 5119 2466 5172 regnum
2520 5104 2699 5160 Israel
2731 5104 2805 5159 de
2832 5119 3018 5158 manu
3065 5106 3186 5168 tua,
3237 5122 3264 5150 »
3292 5105 3358 5156 ut
3402 5101 3517 5155 hoc
3555 5099 3644 5154 in-

1987 5195 2283 5264 telligatur
2315 5218 2342 5244 ‹‹
2376 5195 2448 5250 de
2478 5211 2665 5250 manu
2695 5201 2794 5251 tua
2826 5219 2853 5245 «
2888 5193 3053 5266 quod
3099 5198 3188 5248 est
3217 5192 3295 5248 ab
3323 5190 3522 5246 Israel.
3556 5193 3646 5262 Ip-

1985 5284 2107 5339 sius
2134 5301 2398 5357 namque
2452 5286 2662 5358 pOpuli
2711 5285 2956 5356 gerebat
3007 5298 3330 5356 personam
3389 5282 3645 5349 ﬁgurate

1983 5373 2169 5430 homo
2196 5375 2323 5444 iste,
2355 5375 2458 5448 qui
2484 5375 2745 5448 populus
2775 5389 3032 5444 regnum
3063 5372 3257 5427 fuerat
3285 5371 3644 5432 amissurus,

1989 5464 2219 5519 Christo
2258 5465 2508 5521 Domino
2545 5469 2748 5520 nostro
2781 5461 3119 5536 spiritaliter
3164 5465 3507 5530 regnaturo.
3563 5459 3644 5510 De

1989 5567 2112 5622 quo
2139 5568 2276 5606 cum
2304 5554 2539 5622 dicitur,
2569 5576 2595 5603 ››
2627 5560 2684 5610 et
2707 5552 2949 5609 dabitur
2978 5548 3128 5605 illud
3156 5546 3432 5620 proximo
3466 5547 3589 5608 tuo,
3615 5559 3646 5592 ›

1993 5638 2071 5695 ad
2133 5641 2328 5696 carnis
2389 5645 2777 5716 agnationem
2836 5641 2898 5709 id
2982 5638 3253 5695 refertur.
3322 5637 3404 5689 Ex
3469 5627 3649 5688 Israel
