4136 6176
515 219 620 275 307

1625 213 1983 271 ANGELOMI
2036 207 2487 267 LUXBVIENSIS
2524 210 2836 269 MONACHI

3836 213 3936 267 308

518 343 782 401 Christus
812 339 1145 398 secundum
1194 354 1458 410 carnem,
1515 338 1674 394 unde
1704 344 1761 394 et
1801 336 1962 395 Saul.
2005 334 2177 401 Quod
2204 336 2252 390 Α
2284 339 2455 391 tensa
2486 340 2595 405 est,
2628 336 2735 408 qui
2760 336 2906 391 dum
2941 334 3114 389 sciret
3143 333 3281 391 Saul
3310 349 3581 406 peccase,
3622 350 3691 390 ex
3726 334 3943 392 affectu

515 431 659 490 vero
690 430 964 487 additum
986 432 1091 495 est,
1122 450 1149 477 α
1173 427 1337 483 bono
1364 444 1544 500 super
1561 432 1633 494 te,
1658 452 1685 477 ››
1709 431 1902 501 potest
1930 425 2175 499 quidem

515 519 766 599 intelligi
801 541 829 569 «
859 517 1092 575 meliori
1120 521 1214 585 te;
1251 540 1278 566 »
1314 534 1384 573 ac
1415 517 1461 573 si
1492 517 1760 574 dicatur:
1802 520 1867 573 ut
1912 515 2055 589 quia
2080 514 2174 570 ille

514 609 716 667 bonus
745 611 852 677 est,
875 606 1013 663 ideo
1043 606 1117 661 sit
1145 622 1325 679 super
1358 610 1432 663 te.
1464 609 1637 663 Juxta
1668 606 1818 662 illud
1853 605 2015 662 aliud
2040 620 2175 677 pro-

515 699 853 776 pheticum;
883 716 911 746 «
936 695 1133 752 Donec
1153 711 1379 769 ponam
1397 711 1606 752 omnes
1619 695 1892 752 inimicos
1911 692 2174 750 tuos’sub

517 788 777 867 pedibus
802 784 919 842 tuis
949 785 1135 857 (Psal.
1189 786 1322 857 CIX).
1358 808 1385 835 »
1430 789 1491 841 In
1520 785 1742 859 quibus
1782 789 1870 841 est
1896 788 1953 840 et
1974 781 2173 852 Israel,

519 877 617 935 cui
642 892 751 931 suo
781 875 1146 948 persecutori
1161 890 1415 945 regnum
1444 874 1685 931 abstulit
1705 875 1983 931 Christus.
2011 871 2176 948 Unde

520 970 578 1024 et
604 941 840 1043 dicitur,
869 987 898 1016 ‹‹
930 968 986 1021 et
1012 941 1312 1021 dividetur
1351 964 1529 1022 Israel
1553 965 1613 1020 in
1645 965 1787 1021 duo.
1842 987 1869 1013 ››
1904 965 1968 1018 In
2000 941 2179 1017 Israe1

520 1053 741 1114 scilicet
780 1052 1091 1109 inimicum
1143 1053 1394 1121 Christo,
1451 1057 1507 1109 et
1554 1053 1733 1109 Israel
1775 1053 2178 1108 adhaerentem

521 1143 768 1200 Christo.
803 1146 866 1199 In
890 1141 1068 1198 Israel
1095 1142 1174 1198 ad
1203 1142 1501 1209 ancillam,
1527 1146 1583 1199 et
1617 1141 1790 1197 Israel
1820 1141 1899 1196 ad
1926 1140 2177 1195 liberam

521 1232 916 1311 pertinentem
949 1232 1004 1302 (I
1023 1233 1162 1288 Cor.
1189 1231 1308 1304 xv).
1344 1234 1490 1287 Nam
1522 1230 1635 1286 ista
1665 1230 1787 1286 duo
1815 1244 2035 1299 genera
2064 1227 2179 1300 pri-

522 1338 695 1379 mum
724 1320 906 1377 simul
936 1323 1123 1389 erant,
1147 1320 1340 1376 donec
1367 1319 1577 1375 sterilis
1604 1335 1711 1391 per
1740 1318 1992 1390 gratiam
2025 1316 2181 1372 Chri-

524 1396 598 1468 sti
626 1410 902 1478 fecunda,
944 1409 1179 1487 ejiceret
1206 1407 1486 1464 ancillam
1526 1414 1583 1464 et
1609 1407 1799 1463 ﬁlium
1828 1408 1957 1478 ejus
2007 1406 2175 1474 (Gen.

523 1500 668 1579 xm).
717 1501 961 1573 Propter
1014 1501 1329 1569 peccatum
1376 1497 1625 1570 quidem
1669 1497 2022 1563 Salomonis,
2088 1510 2178 1550 re-

526 1591 747 1663 gnante
776 1586 899 1645 ﬁlio
957 1586 1087 1659 ejus
1117 1586 1410 1657 Boboam,
1461 1585 1685 1641 scimus
1721 1584 1905 1641 Israel
1949 1584 2007 1640 in
2057 1583 2179 1639 duo

2283 425 2663 494 benignitatis
2688 425 2932 494 lugebat
2982 441 3141 479 eum.
3197 423 3287 480 Sic
3319 424 3498 479 etiam
3536 424 3755 480 Paulus
3784 423 3944 494 luge-

2282 515 2388 571 bat
2411 514 2564 582 illos,
2596 515 2698 588 qui
2729 519 2868 587 post
2905 513 3361 569 fornicationem
3394 518 3448 568 et
3496 513 3944 571 immunditiam

2282 621 2405 661 non
2438 609 2687 676 egerunt
2712 603 3122 678 pmnitentiam
3154 603 3244 671 (II
3269 602 3514 667 Cor-.11).

2904 732 3132 803 CAPUT
3170 733 3315 788 XVI.

2356 883 2385 911 ‹‹
2424 860 2696 932 Dixitque
2737 858 3025 916 Dominus
3065 858 3142 913 ad
3188 858 3469 915 Samuel:
3520 859 3706 931 Imple
3757 875 3945 923 cornu

2285 972 2313 999 α
2355 953 2525 1006 tuum
2546 949 2698 1017 oleo,
2730 953 2787 1003 et
2805 948 2942 1005 veni
2973 952 3037 1003 ut
3065 947 3294 1005 mittam
3320 952 3368 1007 te
3399 948 3475 1003 ad
3501 948 3609 1004 Isai
3641 949 3948 1009 Bethlehe-

2287 1057 2318 1091 α
2356 1038 2597 1105 mitem;
2630 1036 2864 1109 providi
2895 1036 3053 1095 enim
3104 1036 3163 1093 in
3211 1035 3343 1093 ﬁliis
3374 1037 3504 1107 ejus
3532 1053 3735 1107 regem
3776 1038 3944 1101 mihi.

2287 1148 2315 1177 ι(
2357 1127 2513 1182 Fecit
2533 1124 2769 1182 Samuel
2792 1130 2972 1198 prout
3001 1124 3287 1188 Dominus
3325 1126 3660 1198 imperavit,
3704 1132 3761 1182 et
3782 1127 3950 1199 unxit

2288 1239 2316 1267 α
2356 1215 2545 1275 David
2569 1231 2712 1277 oves
2738 1215 2924 1286 patris
2956 1214 3047 1269 sui
3072 1214 3133 1274 in
3164 1214 3364 1272 medio
3393 1216 3643 1273 fratrum
3672 1233 3946 1286 suorum,

2288 1325 2319 1357 α
2358 1304 2464 1377 qui
2493 1308 2621 1360 erat
2646 1303 2813 1360 rufus
2844 1308 2901 1359 et
2922 1303 3166 1376 pulcher
3196 1309 3463 1377 aspectu,
3488 1305 3826 1378 decor-aque
3866 1305 3949 1361 fa-

2288 1416 2318 1446 (ι
2360 1393 2468 1449 cie.
2500 1414 2530 1445 ››
2566 1392 2680 1449 Sed
2705 1392 3020 1449 videamus
3066 1393 3350 1455 eumdem
3392 1393 3600 1460 David,
3636 1395 3949 1466 quomodo

2286 1482 2583 1539 Christum
2615 1482 2958 1554 prophetice
2983 1482 3425 1552 significaverit.
3460 1482 3640 1538 David
3671 1481 3831 1539 enim
3864 1482 3951 1536 in-

2287 1576 2642 1645 terpretatur
2668 1586 2853 1628 manu
2882 1572 3080 1642 fortis.
3102 1571 3223 1627 sive
3250 1571 3682 1633 desiderabilis.
3714 1574 3779 1633 Et
3799 1570 3952 1643 quid

524 1660 712 1753 fuisse
737 1675 1022 1743 divisum,
1054 1678 1111 1731 et
1149 1674 1230 1731 ita
1256 1690 1677 1748 perseverasse
1705 1674 1896 1730 donec
1938 1689 1974 1730 a
2017 1672 2181 1729 Chal-
2210 1687 2250 1742 Β
2288 1660 2923 1753 Ῐοΐῐίυβ-Ῑεῖοηρ-ῘΠο-ᾷῇ
2948 1660 3103 1753 milli
3122 1660 3294 1753 {ulmi
3322 1661 3593 1753 QUl_Yi9it
3621 1660 3952 1753 nauigium?

528 1764 653 1822 deis
684 1764 1096 1841 captivaretur.
1143 1763 1254 1820 Sed
1280 1763 1397 1819 hoc
1426 1762 1573 1837 quid
1602 1762 1679 1819 ad
1713 1761 1949 1819 Saulem
1968 1762 1997 1817 ?
2032 1763 2179 1818 Cum

530 1852 581 1908 si
609 1852 726 1909 tale
756 1851 985 1925 aliquid
1009 1850 1504 1908 comminandum
1525 1850 1827 1923 esset,ipsi
1857 1848 2038 1905 David
2060 1848 2181 1904 fue-

527 1941 603 2015 rit
631 1941 830 2019 potius
864 1940 1382 2010 comminandum,
1411 1940 1503 1996 cui
1537 1945 1662 1996 erat
1689 1939 1847 1995 ﬁlius
1873 1939 2176 1995 Salomon.

526 2032 838 2093 Postremo
885 2030 1038 2087 inter
1066 2047 1127 2087 se
1176 2030 1420 2086 Hebrtea
1450 2029 1640 2086 divisa
1667 2046 1791 2085 non
1821 2033 1926 2095 est,
1967 2026 2075 2083 sed
2096 2027 2181 2082 in-

527 2120 868 2178 differantur
904 2120 966 2176 in
1009 2120 1280 2192 ejusdem
1328 2120 1541 2175 erroris
1590 2119 1868 2175 societate
1911 2117 2182 2189 dispersa

525 2227 635 2297 per
660 2215 867 2269 terras.
898 2210 1115 2285 Divisio
1157 2225 1296 2266 vero
1325 2208 1447 2277 illa,
1493 2226 1679 2282 quam
1708 2210 1864 2265 Deus
1907 2207 2021 2263 sub
2048 2222 2182 2280 per-

524 2316 679 2375 sona
705 2299 916 2379 Saulis,
938 2299 1094 2361 illius
1113 2299 1283 2370 regni
1308 2302 1365 2355 et
1383 2299 1591 2372 populi
1609 2298 1868 2370 ﬁguram
1903 2297 2179 2369 gerentis,

526 2388 722 2463 eidem
742 2404 930 2465 regno
981 2388 1329 2468 populoque
1375 2388 1636 2443 minatus
1678 2392 1784 2459 est,
1816 2409 1844 2436 «
1887 2386 2184 2453 Quoniam

524 2493 649 2534 non
681 2482 769 2534 est
798 2477 950 2538 sicut
977 2478 1162 2534 homo
1184 2482 1249 2535 ut
1272 2478 1556 2550 poeniteat
1584 2478 1893 2549 eum.lpse
1926 2476 2186 2533 minatur

522 2550 583 2640 et
624 2581 745 2620 non
766 2570 1097 2638 permanet.
1155 2589 1184 2616 »
1216 2565 1276 2621 Id
1310 2570 1398 2621 est
1449 2566 1635 2621 homo
1669 2567 1930 2622 minatur
1960 2570 2016 2622 et
2059 2582 2184 2623 non

522 2640 857 2741 permanet:
889 2657 1018 2715 Non
1047 2658 1139 2713 est
1164 2658 1367 2727 autem
1400 2657 1574 2725 Deus,
1621 2671 1801 2735 quem
1838 2655 2086 2729 poenitet
2114 2656 2184 2711 si-

524 2746 625 2819 cut
674 2742 1004 2800 hominem.
1063 2743 1172 2799 Ubi
1227 2744 1387 2821 enim
1439 2743 1653 2821 legitur
1703 2745 1869 2817 quod
1898 2746 2184 2818 poeniteat

525 2846 690 2909 eum,
714 2832 964 2895 mutatio
995 2849 1193 2893 rerum
1245 2833 1605 2903 intelligitur,
1638 2834 1998 2891 immutabili
2027 2852 2180 2908 prae-

522 2921 773 2995 scientia
803 2925 1084 2997 manente
1130 2922 1354 2981 divina.
1420 2923 1527 2985 Ubi
1549 2936 1690 2993 ergo
1732 2940 1857 2980 non
1895 2926 2182 2997 poenitere

522 3008 760 3098 dicitur,
788 3026 912 3068 non
941 3016 1174 3068 mutare
1212 3011 1570 3081 intelligitur.
1623 3014 1867 3068 Prorsus
1895 3013 2178 3069 insolubi-
2211 3044 2251 3098 Ο

519 3096 641 3154 lem
670 3098 944 3155 videmus
976 3115 1085 3180 per
1135 3099 1263 3156 haec
1316 3099 1504 3173 verba
1544 3099 1841 3183 prolatam
1897 3101 2179 3158 divinitus

518 3185 702 3261 fuisse
732 3188 1087 3244 sententiam
1109 3188 1183 3243 de
1212 3187 1325 3244 ista
1376 3187 1667 3244 divisione
1709 3189 1919 3262 populi
1958 3190 2174 3247 tsrael:

518 3278 577 3332 et
604 3275 852 3333 omnino
892 3280 1186 3357 perpetua
1231 3292 1608 3351 quaecunque
1663 3277 2055 3363 transierunt,-
2077 3283 2179 3335 aut

516 3363 858 3439 transibunt
894 3365 974 3420 ad
1015 3364 1331 3439 Christum,
1373 3381 1693 3437 nunquam
1723 3371 1897 3422 erunt
1935 3383 2071 3422 cum
2103 3371 2177 3422 Is-

512 3450 816 3525 }‘aeliticis,
847 3451 953 3531 qui
972 3452 1103 3521 ejus
1134 3452 1357 3508 inimici
1385 3470 1576 3525 usque
1605 3455 1664 3508 in
1694 3453 1878 3510 ﬁnem
1904 3455 2033 3510 viae
2063 3456 2174 3511 hu-

512 3537 615 3612 jus
646 3553 775 3594 esse
802 3538 1143 3615 persistent.
1170 3539 1284 3595 Sed
1309 3540 1371 3595 in
1402 3541 1716 3612 divisione,
1744 3559 1879 3615 quae
1901 3544 1996 3598 hic
2028 3561 2177 3616 prae-

514 3616 919 3707 nuntiata'est,
949 3632 1239 3700 perpetuo
1269 3630 1731 3701 permanebunt.

2290 1753 2357 1806 Et
2376 1748 2524 1822 quid
2546 1748 3002 1805 desiderabilius
3022 1749 3160 1806 illo?
3180 1748 3255 1805 de
3276 1765 3399 1822 quo
3420 1749 3661 1811 dicitur:
3688 1771 3715 1800 «
3740 1749 3954 1811 Veniet

2289 1839 2668 1895 Desideratus
2696 1839 2926 1896 cunctis
2955 1838 3233 1908 gentibus
3265 1840 3440 1910 (Agg.
3461 1844 3543 1907 ιι).
3567 1839 3817 1909 Ungitur
3838 1839 3952 1897 iste

2291 1928 2477 1984 David
2502 1928 2563 1984 in
2604 1944 2808 1997 regem
2828 1927 3117 1993 futurum,
3167 1928 3533 1986 denuntians
3585 1946 3691 2002 per
3720 1927 3951 1991 unctio-

2286 2033 2429 2074 nem
2475 2016 2640 2073 illam
2686 2017 3001 2077 Christum.
3049 2017 3314 2077 Christus
3342 2018 3500 2075 enim
3533 2035 3569 2073 a
3616 2018 3953 2081 Chrismate

2287 2106 3000 2180 appellatur.Beprobatis
3031 2111 3254 2178 septem
3282 2106 3416 2169 ﬁliis
3447 2108 3559 2167 lsai
3587 2107 3951 2177 majoribus,

2289 2195 2577 2255 minimus
2604 2198 2775 2251 aetate
2804 2194 3025 2254 electus
3046 2199 3135 2250 est
3157 2195 3230 2255 ad
3253 2210 3498 2265 regnum
3528 2214 3541 2263 ς
3567 2196 3712 2267 Quia
3742 2199 3954 2267 spreto

2288 2284 2543 2341 Judaico
2566 2284 2924 2353 sacerdotio,
2978 2288 3035 2341 et
3064 2300 3249 2351 regno
3296 2284 3508 2356 prioris
3562 2283 3790 2356 populi,
3841 2284 3953 2356 qui

2290 2371 2738 2431 sabbatismum
2783 2370 3120 2429 secundum
3159 2371 3353 2441 legem
3394 2370 3737 2439 servabant,
3781 2370 3950 2433 Chri—

2292 2465 2420 2517 stus
2451 2460 2738 2521 Dominus
2763 2465 2984 2527 noster,
3017 2464 3198 2532 caput
3222 2460 3469 2521 minoris
3502 2458 3727 2532 populi,
3752 2475 3950 2519 sacer-

2290 2549 2454 2606 dotio
2509 2553 2797 2622 perpetuo
2845 2548 3083 2605 functus
3130 2554 3253 2605 est:
3291 2554 3348 2613 et
3376 2549 3437 2604 in
3474 2564 3678 2619 regem
3706 2552 3945 2618 unctus,

2290 2639 2463 2711 cujus
2484 2639 2740 2709 regnum
2770 2654 2895 2694 non
2925 2637 3106 2696 habet
3136 2638 3340 2709 tinem,
3358 2642 3417 2695 et
3442 2639 3547 2711 qui
3570 2654 3777 2699 omnes
3806 2652 3950 2709 gen-

2290 2732 2399 2795 tos,
2423 2728 2611 2787 tribus
2630 2734 2687 2784 et
2709 2728 2950 2798 linguae,
2985 2727 3259 2784 servient.
3288 2727 3463 2794 Quod
3493 2732 3692 2791 autem
3729 2728 3791 2785 in
3817 2744 3950 2784 me-

2292 2817 2392 2874 dio
2431 2817 2682 2877 fratrum
2725 2833 2973 2877 suorum
3016 2821 3232 2875 unctus
3280 2833 3411 2873 esse
3438 2817 3670 2883 dicitur,
3697 2816 3812 2885 hoc
3861 2822 3953 2873 est

2285 2905 2455 2980 quod
2498 2907 2793 2978 Propheta
2835 2905 2910 2967 de
2964 2906 3219 2963 Domino
3263 2906 3379 2965 ait:
3423 2929 3449 2957 α
3498 2906 3671 2962 Unxit
3716 2911 3770 2962 te
3794 2908 3952 2963 Deus

2289 2998 2444 3053 Deus
2473 3000 2607 3053 tuus
2633 2994 2763 3056 oleo
2788 2993 3001 3057 laetitia;
3027 3010 3151 3072 prae
3199 2994 3576 3055 consortibus
3601 2994 3712 3055 tuis
3752 2994 3948 3065 (Psal.

2291 3084 2463 3155 κων).
2486 3106 2513 3133 ››
2546 3082 2733 3143 David
2764 3083 2843 3143 ab
2862 3082 3061 3143 ottieio
3093 3083 3373 3154 pastorali
3404 3099 3713 3156 pecorum,
3742 3083 3819 3141 ab
3842 3084 3951 3139 ho-

2282 3174 2521 3233 minth
2548 3189 2806 3243 regnum
2836 3172 3224 3233 transfertur:
3276 3178 3477 3233 noster
3507 3178 3709 3231 autem
3761 3173 3950 3233 David

2282 3262 2413 3334 ipse
2438 3266 2625 3332 Jesus,
2660 3262 2738 3324 ab
2766 3263 2983 3323 ovibus
3012 3262 3255 3321 Judaice
3277 3263 3468 3335 plebis
3493 3262 3821 3327 ablatus.in
3852 3279 3947 3327 re-

2287 3368 2475 3422 gnum
2506 3352 2772 3423 gentium
2796 3352 3118 3408 translatus
3137 3357 3254 3421 est;
3275 3351 3337 3408 in
3363 3351 3568 3410 Iudaea
3586 3336 3745 3411 enim
3773 3352 3950 3424 plebe

2284 3456 2408 3497 non
2438 3445 2526 3503 est
2552 3440 2735 3497 modo
2765 3441 3048 3504 Christus,
3071 3440 3417 3511 ablatusfest
3438 3441 3598 3513 inde,
3621 3457 3780 3498 nunc
3810 3457 3953 3511 gen-

2284 3527 2431 3587 tium
2462 3544 2671 3598 greges
2705 3528 2914 3612 pascit.
3814 3518 3821 3521 ”

2356 3658 2383 3689 κ
2428 3636 2806 3709 Surgensque
2829 3631 3094 3706 Samuel,
3112 3635 3259 3695 abiit
3288 3635 3351 3692 in
3377 3636 3953 3716 Bamatha.Spiritus

589 3732 618 3761 ‹‹
658 3710 930 3784 Dixitque
955 3712 1193 3767 Samuel
1216 3731 1228 3768 :
1255 3713 1544 3770 Adducite
1575 3714 1649 3769 ad
1668 3731 1765 3770 me
1786 3720 1953 3787 Agag
1972 3733 2174 3788 regem
2278 3742 2315 3787 4
2353 3728 2551 3785 autem
2573 3725 2814 3789 Domini
2834 3726 3077 3781 recessit
3094 3742 3130 3781 a
3164 3726 3421 3790 Saule,et
3446 3710 3787 3796 exagitabat
3805 3742 3952 3785 eum

516 3821 547 3852 «
586 3800 846 3858 Amalec.
896 3803 962 3857 Et
986 3800 1224 3858 oblatus
1254 3806 1364 3858 ‘est
1389 3803 1460 3858 ei.
1520 3807 1587 3859 Et
1611 3805 1673 3860 in
1703 3804 1890 3862 frusta
1918 3808 2176 3865 concidit
2283 3832 2313 3871 α
2353 3813 2592 3886 spiritus
2638 3830 2905 3888 nequam
2939 3832 2975 3871 a
3022 3815 3293 3871 Domino.
3330 3838 3358 3865 »
3405 3816 3697 3881 Quaeritur
3726 3814 3801 3870 de
3834 3815 3948 3871 hoc

515 3911 546 3941 ‹‹
589 3890 829 3948 Samuel
888 3893 1059 3963 Agag
1114 3906 1320 3947 coram
1385 3893 1638 3948 Domino
1692 3894 1754 3949 in
1806 3894 2085 3965 Galgalis.
2142 3916 2171 3949 »
2278 3901 2493 3974 spiritu
2519 3918 2818 3975 nequam:
2849 3903 2905 3961 Si
2934 3903 3189 3973 Domini,
3220 3920 3330 3963 cur
3362 3903 3608 3963 malus?
3659 3903 3705 3958 si
3748 3902 3951 3963 malus

515 3979 769 4069 Quando
798 3979 1011 4069 legitur
1049 3980 1293 4053 quidem
1318 3982 1380 4037 in
1409 3981 1746 4055 Scripturis,
1770 3985 1935 4058 quod
1984 3988 2173 4042 sancti
2282 4007 2390 4048 cur
2410 3991 2692 4053 Domini?
2725 3991 2835 4053 Sed
2869 3991 3109 4049 duobus
3140 3991 3337 4051 verbis
3385 3993 3827 4069 comprehensa
3860 3998 3953 4051 est

508 4067 656 4151 pulli
680 4068 942 4125 hostium
972 4076 1249 4149 parcunt,
1278 4069 1542 4129 efﬁciunt
1583 4076 1647 4128 ut
1668 4074 2009 4130 humanum
2039 4091 2172 4132 san-
2280 4081 2410 4145 haec
2432 4080 2815 4141 sententia.Et
2834 4080 2895 4137 in
2922 4079 3173 4136 Domino
3192 4085 3460 4155 potestas
3468 4067 3721 4152 justa,et
3738 4081 3800 4139 in
3826 4080 3955 4136 «lia-

508 4156 757 4247 guinem
778 4156 1037 4213 sitientes
1064 4159 1360 4229 dicuntur,
1393 4161 1537 4234 quia
1566 4168 1622 4218 et
1647 4162 1790 4233 justi
1822 4164 1903 4220 ita
1933 4181 2170 4237 percus-
2277 4168 2421 4231 bolo
2442 4167 3121 4243 potestasinj.usta..\'am
3154 4169 3315 4231 idem
3337 4169 3597 4243 spiritus,
3618 4170 3956 4247 malus,per

504 4250 715 4337 serunt
741 4245 963 4325 hostes,
994 4252 1060 4304 ut
1086 4264 1209 4305 non
1231 4250 1660 4329 relinqueretur
1685 4252 1763 4308 ab
1795 4253 1886 4308 his
1918 4255 2020 4326 qui
2050 4256 2167 4311 sal-
2280 4256 2720 4330 nequissimam
2739 4257 3200 4330 voluntatem,et
3222 4258 3383 4321 idem
3404 4245 3951 4337 spiritus,Domini,

509 4351 621 4423 vus
649 4335 836 4392 ﬁeret.
867 4338 935 4393 Et
961 4353 1082 4393 non
1103 4339 1436 4410 intelligunt
1466 4341 1578 4397 sub
1602 4341 1698 4396 his
1727 4342 1925 4397 verbis
1955 4343 2168 4400 adum-
2202 4398 2241 4423 η
2274 4361 2389 4419 per
2418 4350 2728 4417 acceptam
2752 4346 3157 4417 justissiinam
3200 4335 3577 4423 potestatem.
3612 4348 3749 4407 Inde
3800 4363 3954 4419 ergo

500 4422 674 4517 brari
700 4426 1009 4501 mysteria,
1042 4431 1099 4517 et
1119 4428 1233 4485 hoc
1264 4430 1456 4499 magis
1495 4430 1672 4487 nobis
1702 4431 1970 4494 indicari,
2002 4435 2167 4507 quod
2199 4422 2241 4450 υ
2270 4434 2516 4507 spiritus
2540 4435 2773 4497 Domini
2811 4436 3145 4511 appellatus
3166 4442 3252 4493 est
3274 4437 3825 4517 diabolus,propter
3839 4439 3958 4495 mi-

502 4513 936 4593 impugnantes
984 4516 1274 4573 adversus
1318 4519 1478 4585 vitia,
1524 4520 1756 4575 nullum
1806 4522 2042 4593 penitus
2084 4540 2170 4580 rc-
2241 4522 2609 4596 ~nisterium,
2640 4525 2786 4596 quia
2810 4525 3092 4581 omnibus
3141 4526 3319 4587 etiam
3366 4513 3736 4599 spiritalibus
3764 4527 3956 4587 malis

498 4602 777 4681 linquere
806 4604 1160 4680 debeamus,
1212 4608 1317 4663 sed
1344 4608 1548 4664 omnia
1598 4609 1953 4678 interimere,
1999 4627 2072 4666 ne
2121 4612 2169 4668 si
2275 4611 2428 4668 bene
2461 4612 2543 4667 uti
2570 4612 2909 4685 dicitur,vel
2942 4614 3019 4670 ad
3036 4615 3489 4671 damnationem
3509 4614 3955 4687 quorumdam,

502 4693 973 4773 pepercerimus,
1023 4700 1328 4769 reputetur
1376 4697 1551 4753 nobis
1596 4698 1658 4753 in
1705 4697 1967 4771 culpam,
2020 4700 2171 4757 sicut

507 4781 792 4853 scriptum
826 4788 914 4839 est
941 4783 1015 4840 de
1039 4785 1199 4854 Saul,
1231 4785 1334 4859 qui
1366 4785 1569 4842 vivum
1601 4793 1942 4844 servaverat
1968 4805 2167 4860 regem

500 4870 768 4929 Amalec.
804 4873 1121 4937 Quomodo
1153 4876 1314 4933 enim
1347 4877 1604 4951 quisque
1652 4878 1851 4949 justus
1882 4880 2164 4948 manebit,

500 4956 560 5047 si
585 4956 784 5017 adhuc
814 4959 1044 5047 aliquid
1096 4965 1326 5047 peccati
1367 4966 1428 5021 in
1478 4968 1800 5039 semetipso
1851 4970 2167 5026 servaverit

507 5043 659 5115 sicut
689 5046 873 5103 Saul?
903 5054 974 5105 At
995 5043 1138 5109 vero
1171 5053 1381 5123 sancti,
1439 5055 1499 5109 in
1538 5055 1732 5126 ﬁgura
1775 5058 2065 5112 Samuelis
2086 5056 2168 5113 ita

506 5132 760 5192 saeviunt
788 5153 969 5218 super
998 5139 1201 5198 hostes
1235 5159 1395 5211 suos,
1425 5143 1485 5198 id
1534 5150 1618 5199 est
1651 5160 1832 5216 super
1857 5145 1996 5199 vitia
2024 5161 2164 5219 pec-

496 5228 794 5295 ,catorum,
826 5231 893 5285 ut
919 5244 1043 5285 non
1078 5231 1424 5304 permittant
1454 5232 1705 5306 relinqui
1751 5232 1995 5304 aliquod
2027 5249 2164 5305 pec-

504 5313 707 5367 catum
744 5311 1131 5386 impunitum.

574 5416 604 5445 ‹‹
644 5395 1073 5453 Verumtamen
1104 5397 1350 5467 lugebat
1386 5399 1623 5455 Samuel
1656 5400 1812 5456 Saul.
1866 5402 2161 5466 Quoniam

504 5506 533 5535 ‹‹
572 5484 896 5541 Dominum
943 5484 1290 5558 poenitebat,
1325 5488 1491 5560 quod
1528 5489 1930 5546 constituisset
1956 5508 2158 5561 regem

502 5594 532 5623 «
568 5573 709 5629 Saul
741 5590 920 5647 super
940 5572 1136 5629 Israel.
1161 5597 1187 5622 ››
1217 5575 1318 5631 Hic
1346 5577 1506 5633 enim
1536 5577 1872 5650 benignitas
1897 5582 2157 5655 perfecta

500 5665 844 5722 sanctorum
872 5663 933 5720 in
964 5662 1237 5721 Samuele
1267 5667 1561 5745 prOpheta
1600 5684 1743 5742 erga
1770 5672 1907 5730 Saul
1933 5689 2152 5747 praees-

2275 4700 2369 4757 vel
2397 4701 2903 4770 emendationem,
2930 4703 3023 4759 vel
3045 4704 3124 4759 ad
3152 4704 3588 4777 probationem.
3617 4706 3680 4757 Et
3698 4702 3840 4760 licet
3862 4706 3953 4761 af-

2275 4788 2601 4846 ﬂictionem
2624 4806 2862 4865 semper
2880 4796 3142 4865 appetat,
3167 4796 3365 4848 tamen
3396 4792 3439 4846 si
3472 4791 3549 4845 ab
3572 4794 3819 4848 auctore
3843 4809 3958 4849 no-

2276 4882 2397 4935 stro
2427 4884 2784 4952 potestatem
2816 4896 2937 4937 non
2967 4881 3198 4954 accipit,
3227 4881 3386 4936 idem
3431 4880 3735 4949 malignus
3767 4883 3952 4955 spiri-

2272 4971 2371 5024 tus
2390 4968 2468 5024 ad
2492 4969 2831 5026 temtationis
2861 4969 3175 5025 articulum
3198 4969 3537 5025 nullatenus
3555 4970 3945 5028 convalescit.

2274 5057 2442 5113 Unde
2474 5062 2530 5114 et
2558 5058 2755 5114 omnis
2781 5059 3059 5115 voluntas
3102 5058 3325 5114 diaboli
3370 5059 3592 5130 injusta
3622 5064 3745 5127 est;
3779 5066 3838 5116 et
3856 5066 3949 5117 ta-

2272 5161 2433 5212 men,
2466 5147 2843 5217 permittente
2870 5149 3011 5217 Deo,
3043 5148 3238 5205 omnis
3269 5150 3534 5222 potestas
3556 5151 3947 5221 justa..Bene

2273 5249 2415 5298 ergo
2438 5233 2922 5310 dicitur,spiritus
2946 5238 3180 5294 Domini
3198 5238 3393 5295 malus
3410 5239 3749 5310 exagitabat
3770 5256 3941 5310 eum,

2273 5323 2527 5393 Domini,
2583 5326 2859 5383 videlicet
2899 5345 3007 5400 per
3052 5328 3351 5385 licentiam
3397 5328 3703 5402 potestatis
3737 5330 3938 5401 justas,

2270 5413 2466 5469 malus
2497 5420 2719 5481 autem,
2754 5433 2861 5489 per
2908 5418 3274 5474 desiderium
3320 5418 3639 5475 voluntatis
3674 5418 3934 5489 injustae.

2269 5502 2335 5555 Et
2363 5504 2641 5572 quamvis
2690 5506 3034 5575 malignitas
3082 5523 3116 5561 a
3147 5507 3401 5562 Domino
3453 5524 3574 5562 non
3621 5507 3710 5573 sit,
3768 5511 3937 5580 pote-

2269 5593 2393 5642 stas
2447 5590 2564 5645 nisi
2613 5607 2647 5648 a
2678 5594 2798 5649 Deo
2826 5610 2947 5650 non
2998 5598 3104 5651 est.
3160 5595 3251 5651 Sic
3278 5600 3334 5651 et
3385 5594 3526 5650 alibi
3568 5594 3794 5652 dictum
3846 5602 3940 5652 est

2271 5676 2451 5736 etiam
2491 5679 2567 5737 de
2592 5698 2808 5756 sopore
2856 5684 3088 5741 Domini
3115 5683 3221 5757 qui
3268 5686 3668 5758 occupaverat
3714 5685 3937 5747 milites
