4130 6182
304 178 404 245 .309

1300 173 1549 235 ENARB.
1590 173 1659 235 ΙΝ
1701 170 1944 231 ΙιΙΒΒίλΒ
1982 172 2239 232 ηϐωί.
2280 208 2348 218 —
2387 179 2453 233 ΙΝ
2496 176 2625 232 UB.
2671 178 2707 230 Ι.

3605 175 3711 230 310

298 302 565 377 ejusdem
594 298 759 367 Saul,
794 313 936 364 cum
964 295 1146 353 David
1170 296 1409 359 hastam
1436 299 1495 353 et
1522 296 1821 369 scyphum
1850 294 1953 351 ab-
1978 299 2026 353 Α
2063 304 2324 370 peratur,
2353 302 2495 375 quia
2514 317 2653 357 cum
2679 315 2890 356 sensus
2914 298 3244 371 potentium
3260 313 3368 371 per
3392 296 3713 354 elationem

298 394 554 457 stulisset
574 408 611 457 a
639 389 837 463 capite
868 386 1240 453 dormientis.
1275 391 1400 443 Non
1429 386 1575 459 quia
1604 402 1785 459 sopor
1810 390 1951 443 tunc

253 540 257 544 .
293 485 354 543 in
384 482 643 539 Domino
674 482 820 548 erat,
848 481 911 533 ut
934 477 1061 549 ipse
1090 476 1398 543 dormiret,
1433 475 1538 531 sed
1566 476 1713 548 quia
1737 475 1828 532 ille
1862 490 1956 530 sou-

294 588 407 647 por
438 573 497 639 (Ι
526 573 670 640 Reg.
694 568 875 637 xxvi).
900 565 1007 639 qui
1038 569 1182 621 tunc
1232 565 1509 621 homines
1540 563 1952 637 apprehende-

296 667 412 730 rat,
438 664 591 727 nutu
620 658 718 715 Dei
740 661 863 719 erat
888 655 1143 725 infusus,
1162 670 1239 712 ne
1261 654 1450 712 David
1476 671 1513 712 a
1537 654 1724 711 servis
1744 655 1872 726 ejus
1891 654 1955 709 in

300 768 374 810 eo
401 752 538 809 loco
565 747 880 822 praesentia
908 745 1241 803 sentiretur.
1274 745 1494 802 Dicitur
1521 760 1665 815 ergo
1716 743 1957 817 spiritus

299 840 496 899 malus
530 837 783 904 Domini,
804 836 920 894 hoc
947 839 1035 892 est
1063 834 1332 892 minister
1354 834 1474 902 Dei,
1504 833 1584 890 ad
1612 832 1956 891 faciendum

295 930 353 991 in
389 928 530 989 Snul
559 926 728 1001 quod
757 941 897 985 eum
926 924 1049 996 pati
1076 923 1295 981 debere
1325 922 1957 990 Omnipotentissimus

290 1019 627 1093 judicabat.
662 1016 958 1083 Quoniam
1010 1014 1252 1087 spiritus
1309 1014 1424 1079 ille,
1460 1017 1523 1070 ut
1573 1013 1803 1069 dictum
1843 1016 1953 1079 est,

295 1108 603 1167 voluntate
634 1122 760 1179 qua
787 1104 985 1163 malus
1014 1108 1161 1174 erat,
1188 1119 1314 1160 non
1361 1108 1486 1160 erat
1515 1103 1612 1159 Dei
1640 1121 1653 1171 ;
1685 1106 1957 1159 creatura

299 1214 434 1257 vero
490 1213 620 1269 qua
679 1194 956 1252 conditus
1004 1197 1150 1257 erat,
1179 1197 1237 1249 et
1286 1197 1580 1265 potestate
1617 1208 1802 1265 quam
1832 1207 1955 1247 non

305 1305 493 1355 suam,
527 1286 633 1344 sed
692 1284 927 1342 Domini
983 1283 1258 1340 omnium
1306 1283 1585 1356 aequitate
1624 1285 1952 1354 acceperat,

308 1376 538 1433 Domini
563 1380 707 1431 erat.
742 1377 862 1430 Hoc
888 1372 1225 1429 secundum
1254 1372 1569 1429 historiam
1588 1372 1816 1428 dictum
1845 1374 1951 1426 est.

317 1465 683 1537 'l‘ropologice
725 1479 869 1521 vero
894 1480 1002 1536 per
1032 1462 1191 1527 Saul,
1215 1462 1478 1535 populus
1524 1460 1955 1534 praeﬁguraba-

324 1557 417 1610 tur
470 1553 797 1609 Judmorum
827 1552 933 1625 qui
960 1552 1022 1609 in
1066 1552 1329 1608 adventu
1362 1551 1704 1623 Salvatoris,
1734 1550 1814 1606 ob
1841 1550 1950 1605 im-

2061 388 2124 445 in
2179 389 2443 447 furorem
2500 390 2761 456 vertitur,
2802 388 3055 457 dignum
3108 391 3288 442 estut
3324 387 3403 443 ad
3459 386 3713 443 salutem

2061 479 2299 548 mentis,
2330 479 2505 551 quasi
2528 476 2843 533 dulcedine
2864 475 3129 543 citharae,
3158 474 3473 531 locutionis
3492 478 3712 535 nostra

2064 570 2487 643 tranquillitate
2517 572 2847 625 revocetur.

2678 711 2903 775 parur
2937 710 3097 789 xvii.

2137 860 2163 886 «
2206 839 2650 907 Congregantes
2697 850 2842 891 vero
2890 833 3175 890 Philistim
3222 832 3469 904 agmina
3514 849 3626 890 sua
3649 832 3714 889 in

2064 949 2093 976 «
2133 926 2407 998 praelium
2464 926 2875 981 convenerunt
2919 923 2981 978 in
3008 922 3291 992 Sochoth,
3321 944 3349 973 »
3381 926 3437 978 et
3463 922 3711 994 reliqua.

2067 1015 2326 1072 Sochoth
2352 1018 2442 1070 est
2464 1014 2757 1086 oppidum
2784 1012 2843 1067 in
2871 1011 3030 1066 tribu
3049 1013 3074 1067 J
3083 1011 3222 1081 uda,
3246 1015 3307 1068 ut
3339 1011 3400 1067 in
3421 1011 3588 1067 libris
3608 1014 3714 1066 Lo-

2065 1121 2276 1160 corum
2305 1103 2537 1174 legitur.
2560 1104 2708 1159 Sunt
2728 1106 2928 1157 autem
2958 1116 3153 1173 usque
3174 1100 3352 1156 hodie
3390 1100 3567 1156 viculi
3591 1101 3714 1157 duo

2063 1193 2450 1267 pergentibus
2478 1191 2687 1248 Ellam
2715 1191 2790 1247 de
2822 1189 3257 1263 Eleutheropoli
3284 1191 3347 1247 in
3386 1206 3551 1247 nono
3582 1190 3716 1247 mil-

2062 1284 2233 1340 liario
2262 1283 2371 1339 viae
2399 1282 2684 1355 publicae:
2716 1296 2873 1336 unus
2888 1280 2950 1336 in
2968 1284 3193 1350 monte,
3216 1283 3274 1336 et
3295 1280 3440 1337 alter
3466 1281 3531 1336 in
3557 1297 3719 1337 cam-

2063 1389 2145 1447 po
2174 1373 2342 1438 situs,
2374 1371 2479 1445 qui
2526 1370 2784 1426 Sochoth
2816 1374 3263 1442 nuncupantur.
3297 1371 3721 1443 Interpretatur

2063 1480 2206 1521 vero
2232 1478 2435 1519 ramus
2457 1461 2549 1517 vel
2574 1462 2881 1517 humilitas
2904 1465 3108 1531 Azeca,
3122 1460 3330 1516 civitas
3353 1460 3718 1517 Chananaso-

2063 1569 2201 1609 rum
2232 1552 2293 1607 in
2324 1555 2491 1624 parte
2546 1550 2730 1606 tribus
2758 1549 2948 1619 ludas,
2976 1550 3055 1605 ad
3084 1566 3270 1622 quam
3302 1565 3492 1623 usque
3522 1565 3719 1622 perse-

322 1643 580 1714 pietatem
611 1658 783 1699 suam
812 1658 849 1699 a
880 1645 997 1697 Deo
1026 1640 1340 1697 derelictus
1370 1645 1477 1697 est.
1510 1640 1793 1713 Spiritum
1820 1655 1958 1696 san-
1987 1654 2027 1708 Β
2065 1646 2238 1698 cutus
2267 1646 2354 1697 est
2380 1643 2546 1696 Iesus
2576 1639 2844 1713 quinque
2867 1655 3059 1710 reges.
3095 1639 3208 1696 Sed
3237 1643 3295 1695 et
3331 1639 3508 1695 hodie
3535 1654 3717 1695 voca-

316 1735 465 1787 ctum
492 1748 669 1804 quem
696 1731 842 1787 olim
873 1734 1204 1804 acceperat,
1237 1729 1473 1797 amisit;
1502 1732 1683 1801 atque
1715 1728 1794 1785 ab
1839 1728 1959 1801 spi-

302 1820 413 1876 ritu
459 1836 746 1893 nequam,
780 1821 894 1876 hoc
949 1825 1060 1890 est,
1089 1819 1310 1876 diaboli
1366 1818 1704 1882 mendacio.
1762 1834 1956 1891 usque

296 1925 458 1966 nunc
487 1910 771 1980 agitatur.

365 2021 394 2049 α
434 1998 622 2069 Igitur
651 1997 1141 2071 quandocunque
1169 1997 1417 2070 Spiritus
1447 1997 1683 2053 Domini
1709 1996 1955 2070 arripie-

288 2108 317 2136 α
354 2086 468 2144 bat
494 2087 661 2159 Saul,
694 2086 939 2143 tollebat
969 2086 1156 2143 David
1186 2087 1476 2142 citharam
1504 2090 1562 2142 et
1586 2085 1957 2157 percutiebat

282 2198 313 2229 ς‹
346 2178 554 2233 manu
577 2192 714 2244 sua,
741 2181 798 2231 et
821 2175 1264 2231 refocillabatur
1296 2175 1457 2243 Saul,
1489 2179 1546 2230 et
1573 2174 1763 2231 levius
1783 2173 1960 2230 habe-

285 2284 319 2317 ‹
364 2266 505 2320 bat.
558 2262 929 2319 Reccedebat
957 2264 1118 2318 enim
1165 2263 1243 2318 ab
1295 2279 1367 2318 eo
1413 2262 1655 2334 spiritus
1684 2262 1894 2318 malus.
1925 2281 1952 2313 υ

277 2351 533 2407 Pendet
562 2350 727 2406 enim
753 2350 827 2405 e'x
870 2350 1297 2422 superioribus.
1333 2351 1431 2406 Hic
1457 2350 1635 2407 etiam
1664 2355 1839 2423 prout
1867 2367 1958 2406 su-

272 2456 423 2513 pra,
458 2444 684 2511 typum
714 2438 901 2494 tenuit
922 2438 1455 2495 Salvatoris.David
1480 2440 1541 2494 in
1562 2439 1800 2494 canticis
1825 2456 1952 2495 mu-

277 2528 427 2585 sicis
464 2527 746 2583 eruditus
777 2531 922 2595 erat,
972 2531 1030 2582 et
1058 2527 1342 2583 Dominus
1387 2530 1553 2583 Jesus
1600 2528 1859 2582 Christus
1887 2527 1950 2583 in

278 2616 571 2675 Ecclesiae
603 2615 835 2671 unitate
866 2615 1043 2671 variis
1074 2616 1457 2671 concentibus
1484 2616 1545 2671 in
1582 2616 1950 2688 expositione

283 2710 645 2763 sanctorum
678 2703 1118 2776 Scripturarum
1147 2704 1411 2776 quotidie
1438 2709 1699 2773 resonat,
1731 2709 1789 2761 et
1814 2720 1950 2761 sua-

283 2796 465 2852 vitate
490 2792 754 2866 mystica
784 2792 1155 2849 modulatur:
1184 2793 1364 2848 David
1383 2794 1447 2849 in
1471 2794 1702 2849 cithara
1726 2810 1954 2850 canens

289 2884 630 2955 malignum
656 2882 932 2954 spiritum
962 2881 1233 2952 fugabat,
1266 2887 1323 2938 et
1348 2883 1612 2939 Christus
1640 2899 1748 2956 per
1775 2883 1958 2939 virtu-

294 2979 413 3029 tem
443 2972 636 3029 crucis
671 2988 796 3027 suae
816 2971 1124 3027 daemones
1149 2972 1447 3044 oppressit
1462 2976 1645 3045 atque
1675 2972 1749 3028 de
1776 2972 1955 3029 corde
1986 3008 2027 3063 ρ

299 3062 661 3118 credentium
689 3060 941 3131 fugavit.
960 3062 1090 3117 Non
1109 3060 1270 3116 enim
1285 3060 1348 3116 in
1367 3060 1597 3117 cithara
1612 3061 1770 3116 illius
1794 3066 1957 3117 tanta

303 3151 486 3206 virtus
514 3155 655 3217 erat,
689 3149 797 3206 sed
826 3151 1186 3222 mysterium
1229 3150 1422 3205 crucis
1479 3150 1711 3217 Christi,
1739 3166 1847 3227 per
1887 3150 1955 3206 1i-

318 3253 499 3307 gnum
532 3239 868 3295 extensione
915 3254 1259 3305 nervorum,
1288 3238 1544 3310 mystice
1595 3239 1951 3310 gerebatur:

326 3325 388 3379 in
414 3341 531 3396 qua
560 3327 726 3382 etiam
744 3329 953 3400 passio
987 3327 1202 3383 Christi
1232 3326 1611 3384 cantabatur.
1642 3327 1833 3384 David
1862 3344 1956 3383 oc-

332 3416 497 3469 tavus
523 3419 578 3470 et
603 3415 867 3472 minimus
898 3416 1080 3473 frater
1106 3417 1168 3472 in
1208 3432 1414 3486 regno
1465 3416 1716 3488 eligitur,
1749 3421 1806 3473 et
1849 3420 1958 3472 Do-

331 3502 518 3559 minus
539 3506 694 3561 Jesus
720 3506 983 3562 Christus
1033 3507 1421 3579 semetipsum
1470 3507 1809 3577 exinanivit,
1841 3506 1955 3562 for-

319 3608 591 3667 mamque
620 3594 767 3650 servi
790 3595 1110 3667 accipiens,
1138 3610 1246 3668 per
1276 3594 1526 3664 gloriam
1582 3595 1959 3651 resurrectio-

308 3682 401 3737 nis
431 3699 573 3750 suze,
606 3689 662 3740 et
682 3684 1100 3755 Evangelicam
1122 3684 1610 3758 praedicationem
1636 3685 1774 3755 (hoc
1794 3685 1955 3740 enim

311 3775 659 3830 sacramenti
717 3775 912 3831 octavi
964 3775 1196 3831 numeri
1224 3774 1452 3831 obtinet
1496 3780 1831 3846 arcanum),
1863 3791 1955 3832 re-

303 3878 486 3933 gnum
516 3864 577 3919 in
609 3864 890 3933 gentibus
906 3863 1159 3936 adeptus
1180 3868 1288 3919 est.
1320 3864 1504 3920 David
1524 3864 1777 3936 pulchra
1806 3864 1955 3921 facie

293 3969 427 4009 esse
457 3953 840 4021 describitur,
871 3954 1014 4025 quia
1043 3958 1100 4009 et
1127 3954 1417 4009 Dominus
1466 3956 1634 4009 lesus
1695 3952 1955 4009 Christus

292 4044 613 4117 speciosus
638 4041 835 4098 forma
862 4047 948 4098 est
968 4059 1090 4115 prae
1118 4042 1254 4097 ﬁliis
1279 4042 1619 4097 hominum.
1654 4041 1839 4097 David
1862 4059 1958 4098 ru-

288 4132 386 4188 fus
412 4148 551 4188 esse
581 4135 879 4198 narratur,
910 4136 967 4186 et
995 4131 1069 4187 de
1099 4130 1403 4211 Salvatore
1431 4132 1636 4185 nostro
1664 4131 1956 4202 Propheta

286 4223 452 4278 canit
482 4238 497 4275 :
532 4246 561 4273 ι
595 4220 738 4285 Quis
780 4223 865 4275 est
911 4220 1018 4276 iste
1064 4220 1169 4292 qui
1221 4220 1384 4277 venit
1438 4219 1513 4275 de
1567 4219 1754 4275 Edom
1807 4222 1949 4292 (Isa.

286 4312 443 4383 Lxm)
468 4310 499 4365 ‘I
519 4330 549 4363 ›
572 4315 633 4365 et
659 4308 908 4379 reliqua,
931 4310 1096 4381 quod
1126 4308 1544 4380 interpretatur
1572 4310 1810 4377 rubeus,
1829 4311 1953 4365 sive

285 4400 686 4473 sanguineus.
717 4402 1005 4455 Caeterum
1035 4397 1337 4453 moraliter
1365 4413 1476 4453 nos
1503 4397 1757 4468 instruit,
1786 4398 1954 4471 quod

284 4508 429 4547 cum
461 4487 714 4545 Saulem
746 4487 985 4560 spiritus
1012 4487 1367 4543 immundus
1395 4487 1719 4558 invaderet,
1747 4503 1958 4560 appre-

285 4580 486 4636 hensa
520 4576 713 4633 David
741 4577 968 4633 cithara
993 4577 1144 4648 ejus,
1175 4576 1488 4631 vesaniam
1541 4576 1807 4633 sedebat.
1841 4576 1961 4632 Ple-

286 4683 553 4742 rumque
588 4666 913 4739 superbus,
931 4666 1119 4729 dives,
1134 4665 1561 4723 exhortationis
1582 4666 1958 4722 blandimen-

290 4763 347 4814 to
374 4756 730 4832 placandus
751 4761 859 4825 est,
877 4756 1023 4827 quia
1044 4759 1102 4810 et
1122 4754 1476 4827 plerumque
1507 4755 1661 4811 dura
1684 4756 1956 4825 vulnera,

290 4864 397 4920 per
423 4846 592 4903 lenia
623 4845 893 4900 fomenta
917 4844 1293 4907 mollescunt,
1326 4848 1381 4899 et
1406 4844 1570 4900 furor
1596 4845 1952 4902 insanorum

297 4951 455 5007 sirpe
509 4934 592 4991 ad
653 4933 935 5004 salutem,
966 4933 1167 4988 medio
1216 4932 1583 5004 blandiente,
1633 4933 1955 4989 reducitur.

307 5023 568 5095 Cumque
586 5023 668 5080 ai-
696 5022 865 5078 eisin
895 5021 1277 5078 dulcedinem
1307 5021 1960 5089 condescenditur,lan-

314 5125 461 5179 guor
484 5113 730 5169 insaniae
759 5110 1086 5181 mitigatur.
1129 5114 1330 5183 Neque
1383 5110 1543 5167 enim
1593 5110 1963 5181 negligenter

308 5198 656 5258 intuendum
685 5204 796 5268 est,
829 5200 994 5273 quod
1028 5216 1167 5256 cum
1210 5200 1449 5256 Saulem
1479 5198 1720 5273 spiritus
1750 5200 1962 5259 adver-

302 5304 403 5344 sus
430 5289 762 5357 invaderet,
790 5290 1172 5361 apprehensa
1200 5288 1389 5346 David
1418 5289 1666 5359 cithara,
1699 5290 1829 5360 ejus
1859 5306 1961 5346 ve-

295 5380 529 5435 saniam
558 5378 837 5437 s‘edabat.
864 5378 1015 5443 Quid
1047 5379 1206 5434 enim
1235 5395 1344 5451 per
1373 5378 1611 5435 Saulem
1640 5378 1756 5433 nisi
1785 5378 1962 5434 elatio

292 5470 629 5541 potentium
650 5470 680 5525 ?
709 5471 776 5523 Et
804 5467 949 5539 quid
979 5483 1086 5540 per
1118 5466 1301 5524 David
1328 5467 1613 5534 innuitur,
1636 5456 1964 5522 nisihuini-

290 5558 362 5613 lis
392 5560 515 5615 vita
539 5563 899 5615 sanctorum
922 5558 949 5613 ?
979 5559 1128 5614 Cum
1181 5573 1323 5627 ergo
1371 5556 1512 5613 Saul
1541 5557 1619 5612 ab
1645 5555 1963 5612 immundo

295 5648 508 5721 spiritu
535 5648 851 5722 arripitur,
878 5645 1069 5704 David
1096 5650 1367 5715 canente,
1390 5645 1521 5718 ejus
1547 5645 1795 5703 vesania
1818 5649 1966 5702 tem-

2066 1738 2161 1788 tur
2187 1731 2327 1787 villa
2352 1736 2560 1795 Azeca,
2592 1730 2743 1785 inter
2772 1729 3273 1802 Eleutheropolim
3319 1733 3374 1786 et
3403 1728 3633 1800 Alliam,
3660 1733 3718 1786 et

2064 1821 2483 1893 interpretatur
2508 1820 2827 1890 fortitudo,
2860 1819 2983 1875 sive
3026 1819 3326 1890 decipula.
3376 1822 3569 1876 Domu
3592 1818 3717 1874 sive

2067 1910 2302 1967 Domim
2329 1909 2391 1965 in
2422 1909 2580 1965 tribu
2625 1911 2651 1964 J
2659 1908 2778 1964 uda
2809 1908 2974 1964 vicus
3008 1908 3252 1979 grandis
3308 1913 3414 1973 est,
3444 1908 3506 1964 in
3533 1908 3717 1964 Daro-

2066 2015 2253 2065 mam,
2269 1999 2382 2054 hoc
2404 2001 2491 2054 est
2511 1998 2589 2053 ad
2614 1997 2935 2053 australem
2957 1998 3201 2070 plagam
3217 1997 3279 2053 in
3308 1997 3532 2054 ﬁnibus
3555 1997 3718 2053 Eleu-

2067 2087 2463 2161 theropoleos,
2513 2086 2722 2142 decem
2771 2090 2827 2142 et
2882 2090 3109 2160 septem
3142 2086 3220 2143 ab
3244 2102 3316 2142 ea
3366 2085 3718 2141 milliaribus

2065 2177 2316 2245 distans,
2339 2181 2396 2231 et
2424 2176 2907 2247 interpretatatur
2931 2176 3233 2231 silentium
3257 2176 3378 2230 sive
3403 2173 3717 2245 gaudium.

2139 2285 2170 2319 ‹
2208 2266 2392 2320 Porro
2420 2264 2560 2321 Saul
2602 2268 2658 2320 et
2708 2263 2816 2319 viri
2866 2263 3045 2318 Israel
3095 2262 3439 2334 congregati
3487 2262 3716 2318 suntin

2068 2378 2097 2406 «
2137 2354 2286 2411 valle
2316 2352 2674 2409 Terebinthi.
2706 2372 2734 2402 υ
2765 2351 3154 2407 Terebinthus
3208 2356 3265 2408 et
3317 2352 3379 2408 in
3423 2350 3716 2420 Sichimis,

2066 2444 2180 2500 sub
2210 2458 2333 2516 qua
2385 2442 2702 2498 abscondit
2729 2440 2916 2497 Jacob
2968 2440 3129 2498 idola
3167 2442 3339 2513 juxta
3389 2440 3716 2514 Neapolim.

2066 2533 2210 2589 Hinc
2239 2531 2414 2588 refert
2440 2531 2733 2605 Iosephus
2785 2530 2952 2605 quod
2982 2530 3279 2588 Palaestini
3321 2529 3721 2588 castrametati

2066 2628 2205 2678 sunt
2232 2623 2382 2678 inter
2410 2622 2667 2678 Sochoth
2693 2626 2751 2677 et
2780 2625 2983 2677 Azeca.
3039 2621 3257 2679 Contra
3305 2638 3461 2696 quos
3519 2621 3720 2677 denuo

2067 2711 2209 2768 Saul
2237 2711 2513 2784 perduxit
2541 2710 2884 2780 exercitum,
2912 2715 2971 2767 et
2997 2728 3177 2784 super
3194 2712 3503 2785 quendam
3543 2726 3719 2767 mon-

2069 2803 2184 2855 tem
2200 2805 2397 2855 castra
2417 2815 2672 2872 ponens,
2687 2800 2880 2870 coegit
2894 2800 3237 2858 Palaestinos
3255 2802 3458 2874 priora
3470 2800 3719 2874 quidem

2066 2894 2260 2945 castra
2309 2888 2662 2962 relinquere,
2693 2893 2751 2945 et
2793 2906 2867 2945 ex
2922 2890 3178 2946 adverso
3235 2891 3482 2961 montis,
3534 2905 3719 2962 quem

2067 2978 2208 3035 Saul
2261 2979 2759 3051 apprehenderat,
2807 2979 3110 3035 advenire.
3161 2980 3483 3052 Divisitque
3508 2994 3719 3034 eorum

2066 3067 2355 3123 exercitus
2385 3068 2619 3122 medius
2650 3084 2847 3134 mons,
2878 3068 2983 3139 qui
3012 3072 3137 3123 erat
3160 3069 3394 3140 positus
3420 3068 3571 3122 inter
3592 3082 3717 3121 eos.

2138 3177 2165 3206 «
2208 3158 2275 3209 Et
2326 3170 2601 3223 egressus
2648 3159 2736 3208 est
2763 3155 2852 3209 vir
2882 3155 3120 3226 spurius
3173 3155 3247 3209 de
3277 3154 3487 3209 castris
3516 3152 3721 3207 Philis-

2067 3266 2095 3295 ‹‹
2136 3243 2443 3301 thinorum
2494 3241 2737 3297 nomine
2796 3242 3047 3310 Goliath,
3092 3264 3119 3290 »
3150 3246 3206 3297 et
3251 3241 3500 3312 reliqua.
3539 3240 3721 3310 Igitur

2064 3330 2587 3404 quemadmodum
2615 3330 2673 3384 in
2705 3329 2950 3385 exordio
2980 3328 3225 3402 polliciti
3255 3328 3719 3402 sumus,paula-

2065 3420 2171 3477 tim
2202 3418 2513 3475 historiam
2544 3424 2787 3489 tangere
2808 3420 3085 3492 cupimus
3108 3424 3172 3476 ut
3190 3418 3577 3493 postmodum
3602 3417 3723 3475 cul-

2064 3525 2205 3565 men
2256 3508 2533 3581 spiritalis
2591 3507 2988 3577 intelligentiae
3039 3508 3438 3589 deponamus.
3471 3507 3720 3583 Spurius

2064 3596 2298 3669 dicitur,
2321 3597 2465 3670 quia
2493 3614 2565 3653 ex
2585 3601 2751 3671 patre
2783 3597 3043 3669 gigante,
3074 3602 3263 3655 matre
3291 3614 3431 3654 vero
3457 3598 3717 3665 Gethiea,

2063 3691 2242 3743 natus
2274 3690 2417 3742 erat.
2455 3686 2640 3742 David
2688 3690 2891 3743 autem
2922 3690 3050 3743 erat
3097 3687 3255 3743 ﬁlius
3283 3686 3394 3743 viri
3424 3685 3721 3761 Ephratasi

2063 3776 2139 3832 de
2166 3775 2505 3831 Bethlehem
2530 3775 2707 3845 Juda,
2740 3776 2835 3831 cui
2865 3792 3091 3832 nomen
3122 3781 3246 3832 erat
3294 3777 3425 3843 lsai,
3457 3776 3563 3849 qui
3608 3777 3719 3831 ha-

2061 3864 2244 3921 bebat
2272 3868 2406 3920 octo
2430 3864 2603 3920 ﬁlios.
2630 3865 2923 3930 Quaaritur
2941 3881 3048 3920 cur
3073 3864 3170 3921 hic
3191 3867 3324 3920 octo
3352 3863 3506 3919 ﬁlios
3530 3864 3718 3919 habe-

2062 3969 2125 4011 re
2151 3953 2402 4024 dicatur,
2450 3969 2587 4007 cum
2636 3953 2697 4007 in
2752 3953 3251 4026 Paralipomenon
3302 3967 3426 4008 non
3453 3951 3715 4024 amplius

2062 4058 2249 4115 quam
2278 4046 2504 4113 septem
2526 4040 2847 4110 leguntur?
2880 4042 3051 4108 Quod
3070 4042 3153 4098 ita
3180 4042 3457 4099 solvitur:
3484 4041 3717 4098 Nathan

2062 4131 2261 4204 itaque
2286 4130 2668 4203 prophetam,
2698 4130 2891 4187 ﬁlium
2924 4133 3141 4188 Samae
3162 4130 3269 4188 ﬁlii
3298 4132 3410 4201 sui,
3440 4148 3625 4206 quem
3653 4131 3717 4187 in

2062 4221 2195 4277 loco
2225 4219 2329 4276 ﬁlii
2357 4220 2716 4277 educaverat
2743 4224 2800 4277 et
2823 4222 3129 4290 nutrierat,
3153 4223 3304 4289 inter
3326 4221 3481 4279 ﬁlios
3509 4236 3718 4278 nume-

2065 4314 2173 4367 rat.
2208 4312 2355 4365 Nam
2387 4313 2444 4365 et
2493 4325 2698 4366 coram
2731 4310 3004 4368 Samuele
3035 4316 3265 4385 septem
3314 4312 3444 4384 ejus
3490 4311 3597 4367 ﬁlii
3632 4310 3717 4366 le-

2066 4402 2288 4470 guntur
2315 4399 2579 4469 adducti,
2607 4403 2665 4455 et
2692 4404 2941 4457 octavus
2966 4417 3102 4457 esse
3132 4404 3192 4458 in
3246 4401 3487 4474 pascuis
3520 4417 3534 4456 :
3566 4399 3718 4454 inter

2064 4503 2219 4561 quos
2245 4489 2477 4544 Nathan
2507 4488 2834 4545 adductum
2858 4490 3038 4545 fuisse
3064 4489 3451 4545 manifestum
3476 4491 3583 4551 est,
3612 4485 3718 4556 qui

2065 4581 2122 4636 et
2165 4577 2462 4633 Jonathau
2514 4583 2781 4634 vocatur.
2812 4581 2891 4632 De
2948 4593 3072 4649 quo
3122 4577 3183 4631 in
3234 4579 3501 4629 extrema
3549 4574 3717 4644 parte

2068 4665 2359 4725 Samuelis
2388 4666 2604 4721 dicitur
2635 4684 2648 4721 :
2681 4665 2977 4721 Percussit
3003 4668 3204 4719 autem
3247 4677 3386 4716 eum
3415 4659 3718 4716 Jonathan

2065 4754 2226 4812 ﬁlius
2276 4756 2512 4821 Samaa,
2563 4753 2760 4809 fratris
2803 4751 3008 4807 David.
3059 4753 3126 4807 Et
3165 4748 3502 4806 notandum
3551 4748 3721 4823 quod

2066 4842 2413 4912 ubicunque
2469 4841 2765 4913 propheta
2814 4843 3083 4909 vocatur,
3134 4838 3366 4896 Nathan
3421 4838 3717 4913 scribitur,

2067 4945 2191 4986 non
2216 4928 2540 4985 Jonathan.

2140 5040 2169 5071 «
2211 5017 2483 5091 Dixitque
2499 5017 2578 5074 ad
2598 5016 2788 5074 David
2811 5020 2980 5092 pater
3009 5036 3187 5076 suus:
3213 5018 3380 5078 Vade
3409 5020 3489 5091 ad
3506 5020 3719 5079 fratres

2074 5128 2098 5167 α
2133 5112 2290 5178 tuos,
2314 5106 2587 5171 visitabis
2608 5106 2654 5163 si
2682 5110 2838 5165 recte
2860 5113 3063 5179 agant,
3087 5114 3306 5167 etcum
3326 5111 3547 5185 quibus
3567 5111 3723 5169 ordi-

2070 5222 2099 5255 «
2139 5197 2266 5257 nati
2294 5201 2451 5265 sunt,
2479 5196 2661 5254 disce.
2698 5218 2727 5248 »
2757 5201 2822 5261 In
2851 5198 3102 5256 Hebraeo
3131 5201 3213 5257 ita
3260 5200 3516 5258 habetur
3547 5218 3560 5258 :
3595 5224 3623 5253 ‹‹
3657 5205 3725 5259 Et

2072 5312 2101 5343 «
2141 5288 2349 5347 fratres
2381 5291 2514 5344 tuos
2555 5285 2825 5343 visitabis
2870 5288 2919 5343 si
2954 5292 3110 5345 recte
3137 5294 3341 5359 agant,
3372 5294 3429 5346 et
3465 5290 3725 5365 pignora

2071 5402 2099 5432 ς
2142 5394 2353 5436 eorum
2381 5377 2672 5434 tollentes.
2709 5399 2737 5427 »
2763 5378 3031 5449 Pignora
3060 5378 3121 5434 in
3163 5379 3278 5435 hoc
3306 5379 3460 5437 loco.
3492 5379 3725 5436 Hebraei

2075 5468 2341 5524 libellum
2370 5467 2608 5537 repudii
2630 5465 2983 5537 intelligunt.
3007 5468 3348 5524 Secundum
3375 5485 3555 5525 usum
3588 5483 3726 5540 gen-

2070 5559 2144 5613 tis
2190 5556 2345 5613 iliius
2391 5555 2676 5628 fecerunt,
2710 5560 2775 5612 ut
2810 5557 3059 5630 quando
3084 5557 3282 5614 ibatur
3306 5558 3384 5614 ab
3415 5558 3499 5614 eis
3523 5559 3585 5613 in
3616 5573 3724 5629 pu-

2076 5658 2260 5716 gnam
2306 5645 2541 5705 libellos
2564 5646 2800 5720 repudii
2847 5646 3138 5705 uxoribus
3162 5648 3284 5704 suis
3313 5647 3544 5711 darent,
3576 5646 3642 5699 ut
3670 5635 3724 5699 si
