4136 6176
461 151 558 207 311

1557 153 1914 216 ANGELOMI
1957 152 2410 214 LUXOVIENSIS
2450 161 2768 218 MONACHI

3775 167 3879 222 312

460 271 806 343 contigisset
829 273 1021 328 virum
1052 274 1112 328 in
1139 275 1345 346 praelio
1371 279 1504 350 capi
1535 285 1592 336 et
1614 281 1673 336 in
1705 275 2112 352 captivitatem
2141 280 2192 336 Α
2224 296 2361 352 quis
2384 299 2556 341 arma
2585 284 2924 359 impietatis,
2947 285 3236 342 Dominus
3262 289 3430 343 Jesus
3459 287 3724 344 Christus
3743 288 3885 359 igne

459 363 619 430 duci,
670 365 884 419 mulier
925 365 1072 434 ejus,
1107 370 1458 438 exspectatis
1491 372 1679 427 tribus
1725 371 1919 434 annis,
1950 371 1994 427 si
2025 372 2114 426 vir

463 453 596 523 ejus
643 467 765 505 non
810 451 1096 514 rediisset,
1139 453 1324 510 alium
1355 456 1624 515 duxisset
1671 461 1886 516 virum.
1929 459 2117 529 Eligat

464 539 730 611 prudens
763 538 946 594 lector
967 541 1114 612 quid
1145 542 1256 596 sibi
1285 544 1594 614 placuerit,
1630 565 1741 605 nos
1772 549 2114 622 simplicitao

467 632 584 682 tem
608 627 872 683 historiae
903 633 1120 683 nostrae
1150 633 1348 687 tenere
1379 634 1776 694 decrevimus.

539 738 568 766 «
611 716 879 786 Dixntque
908 716 958 770 ei
986 715 1165 772 frater
1191 736 1334 776 suus
1361 742 1372 778 :
1400 725 1591 788 Quare
1613 728 1823 784 venisti
1856 733 1912 784 et
1931 745 2118 802 quare

470 825 500 858 ‹
538 803 899 874 dereliquisti
929 807 1219 876 pauculas
1250 825 1392 866 oves
1440 813 1572 869 illas
1601 816 1661 872 in
1705 817 1974 886 deserto;
2007 834 2119 887 ego

469 915 497 940 «
537 892 679 946 novi
721 892 1064 963 superbiam
1115 899 1300 969 tuam,
1337 922 1364 949 »
1409 907 1465 958 et
1515 904 1763 976 reliqua.
1821 909 2004 963 Nosse
2058 924 2120 962 se

468 977 611 1033 dicit
657 977 815 1033 illius
867 982 1216 1054 superbiam
1264 993 1319 1041 et
1360 991 1690 1062 nequitiam
1741 995 1958 1065 cordis,
1987 996 2120 1068 qui-

468 1066 723 1156 putabat
767 1083 905 1124 eum
945 1075 1176 1128 tumore
1207 1076 1403 1132 cordis
1452 1079 1690 1148 elevari,
1724 1099 1794 1138 eo
1825 1083 1993 1156 quod
2008 1066 2124 1142 'Sa-

470 1154 632 1210 muel
657 1154 824 1210 illum
851 1158 1116 1215 unxisset
1143 1161 1203 1216 in
1235 1179 1456 1233 regem.

544 1264 574 1291 «
615 1249 936 1300 Assumens
985 1253 1186 1305 autem
1237 1254 1414 1309 David
1464 1262 1644 1328 caput
1673 1259 1991 1316 Philisthaei
2043 1265 2127 1318 at-

475 1350 505 1384 ‹
547 1331 676 1421 tulit
727 1332 872 1388 illud
900 1335 960 1390 in
1012 1339 1356 1397 Jerusalem.
1386 1348 1567 1400 Arma
1623 1363 1764 1404 vero
1817 1350 2013 1421 posuit
2064 1350 2127 1407 in

473 1419 948 1512 «tabernaculo.
985 1447 1011 1474 ››
1039 1427 1212 1491 Quod
1241 1429 1382 1486 dicit
1412 1434 1680 1491 attulisse
1734 1419 1916 1494 David
1946 1444 2129 1512 caput

476 1508 790 1601 Philistheei
819 1511 879 1566 in
908 1515 1258 1585 Jerusalem,
1288 1521 1632 1594 anticipatio
1683 1531 1789 1596 est,
1819 1528 1985 1599 quod
2017 1508 2127 1601 po-

2227 371 2473 442 Spiritus
2528 375 2619 429 sui
2667 374 2876 441 sancti,
2931 375 3081 431 sicut
3132 376 3644 448 Psalmographus
3700 379 3884 447 canit,

2229 480 2257 506 «
2291 459 2620 518 combussit
2666 467 2722 519 et
2770 463 2851 518 ad
2905 463 3154 520 nihilum
3195 481 3383 538 usque
3436 465 3664 534 redegit
3693 467 3885 537 (Psal.

2225 548 2360 618 ενι).
2397 567 2427 600 »
2457 581 2525 590 --
2557 572 2584 598 ‹‹
2620 551 2982 609 Procedebat
3023 569 3166 610 vero
3219 553 3590 610 Philisthaeus
3620 571 3799 612 mane
3829 560 3888 614 et

2227 651 2475 708 vespere
2493 654 2600 712 per
2615 640 3043 712 quadringinta
3058 642 3246 712 dies,»
3269 647 3326 698 et
3343 642 3592 715 reliqua.
3624 645 3892 709 Quadra-

2229 724 2391 794 ginta
2415 726 2542 783 dies
2572 728 2792 800 quibus
2825 729 3056 786 Goliath
3078 725 3370 787 adversus
3392 732 3686 804 populum
3710 735 3890 791 Israel

2230 815 2457 871 stetisse
2479 823 2774 887 narratur,
2793 833 2971 874 omne
2989 822 3225 891 tempus
3250 819 3377 876 vitae
3405 821 3891 895 przesentistro-

2229 906 2360 974 pter
2407 904 2636 960 denarii
2671 907 2905 962 numeri
2957 907 3403 980 perfectionem,
3442 914 3621 982 atque
3673 911 3891 968 mundi

2230 996 2490 1062 quatuor
2517 999 2716 1066 partes
2763 994 2882 1051 sive
2931 1000 3192 1068 quatuor
3217 997 3531 1068 elementa,
3559 1005 3616 1054 et
3665 999 3889 1073 quibus

2230 1079 2776 1149 visibilisgcreatura
2791 1085 3312 1156 constat,ﬁguram
3332 1087 3620 1145 habuisse
3641 1103 3765 1145 non
3781 1089 3892 1145 du-

2230 1167 2401 1224 bium
2430 1175 2535 1226 est.
2566 1171 2754 1227 David
2783 1188 2818 1228 a
2844 1179 3013 1246 patre
3045 1191 3155 1230 suo
3183 1175 3260 1231 ad
3288 1175 3644 1232 visitandum
3677 1177 3890 1234 fratres

2235 1257 2456 1313 missus
2486 1260 2901 1317 estzsimiliter
2944 1266 3001 1318 et
3031 1263 3293 1320 Christus
3341 1265 3628 1320 Dominus
3676 1282 3714 1322 a
3768 1269 3890 1324 Deo

2235 1346 2405 1402 Patre
2427 1347 2507 1403 ad
2527 1363 2666 1404 oves
2686 1366 2822 1422 qua;
2845 1351 3144 1422 perierant
3157 1351 3377 1408 domus
3399 1353 3601 1426 Israel,
3626 1371 3688 1411 se
3714 1356 3892 1412 desti-

2235 1439 2445 1492 natum
2466 1436 2608 1494 dicit
2623 1438 2863 1509 (Matth.
2887 1441 2999 1512 xv).
3021 1439 3205 1496 David
3222 1441 3359 1515 ephi
3377 1442 3652 1515 polentae,
3671 1444 3785 1501 hoc
3801 1450 3891 1503 est

2235 1524 2414 1580 trium
2453 1527 2794 1583 mediorum
2823 1545 3172 1586 mensuram
3199 1529 3480 1587 fratribus
3509 1532 3636 1588 suis
3658 1533 3886 1603 detulit,

472 1600 604 1693 stea
624 1597 777 1654 fecit.
809 1604 991 1658 Arma
1035 1620 1177 1660 vero
1217 1608 1366 1677 ejus,
1399 1610 1459 1665 id
1508 1617 1596 1668 est
1631 1597 1970 1686 Philistheei,
2004 1597 2126 1674 non
2162 1635 2205 1688 Β
2237 1617 2293 1669 et
2323 1613 2585 1671 Christus
2614 1632 2720 1689 per
2752 1633 2975 1674 novam
3018 1618 3351 1675 doctrinam
3394 1637 3581 1693 quam
3614 1597 3888 1679 Ecclesiai

474 1690 563 1743 est
590 1685 1040 1757 intelligendum
1071 1695 1238 1766 quod
1260 1697 1317 1751 in
1343 1715 1453 1754 suo
1487 1703 1749 1772 posuerit
1779 1685 2129 1763 tabernacu-

471 1773 551 1841 lo,
587 1774 692 1830 sed
720 1777 778 1831 in
806 1778 1192 1839 tabernaculo
1215 1786 1469 1856 Domini,
1489 1789 1562 1845 de
1587 1807 1707 1863 quo
1739 1793 2126 1852 tabernaculo

472 1867 691 1958 postea
731 1864 808 1920 ab
857 1868 1201 1958 {tbimelech
1228 1877 1534 1933 sacerdote
1584 1882 1830 1954 accepit,
1871 1884 2127 1958 ideoque

473 1953 777 2023 superﬂuo
810 1956 1082 2015 additum
1113 1966 1219 2034 est,
1247 1980 1373 2020 suo.

545 2058 578 2092 ‹
618 2041 888 2115 Dixitque
931 2047 1130 2104 Abner
1163 2068 1175 2105 :
1208 2052 1356 2108 Vivit
1386 2055 1587 2112 anima
1613 2063 1733 2125 tua,
1787 2078 1910 2125 rex,
1942 2063 1990 2118 si
2019 2078 2127 2120 no-

475 2149 505 2176 ‹‹
545 2127 624 2182 vi.
645 2151 673 2178 ››
699 2132 1040 2190 Secundum
1059 2137 1203 2194 illud
1224 2139 1538 2199 locutionis
1557 2162 1745 2216 genus
1767 2150 1881 2206 hoc
1902 2151 2128 2209 dictum

473 2218 753 2287 estquod
798 2219 940 2275 alibi
987 2221 1263 2294 legimus,
1301 2232 1601 2288 Benedixit
1649 2236 1879 2294 Nabath
1926 2241 2044 2296 Deo
2075 2245 2133 2298 et

474 2305 638 2375 regi;
671 2309 792 2364 acsi
842 2309 1063 2369 diceret
1093 2330 1108 2371 :
1162 2320 1288 2373 Non
1319 2319 1477 2378 vivat
1513 2325 1716 2382 anima
1763 2333 1884 2396 tua,
1930 2345 2052 2396 rex,
2083 2331 2130 2387 si

473 2394 636 2452 novi.
668 2396 884 2454 Aliter:
917 2400 1164 2460 Videam
1213 2413 1467 2464 mortem
1499 2416 1665 2468 tuam
1715 2416 1764 2470 si
1792 2394 1952 2473 novi.
2016 2394 2131 2476 Seu

473 2482 676 2578 etiam,
701 2490 768 2540 ut
791 2487 1042 2558 quidam
1091 2493 1318 2566 volunt,
1370 2500 1423 2552 si
1469 2501 1730 2570 positum
1761 2510 1849 2560 est
1874 2522 1983 2578 pro
2009 2525 2128 2566 non

473 2569 784 2642 adverbio,
819 2579 882 2629 ut
920 2581 1007 2633 est
1052 2579 1198 2635 illud
1251 2585 1570 2643 Psalmistie
1604 2607 1618 2644 :
1653 2614 1679 2640 «
1717 2592 1772 2648 Si
1802 2569 2132 2656 introibunt

474 2677 504 2704 ‹‹
545 2657 604 2712 in
634 2661 904 2731 requiem
956 2680 1177 2725 meam.
1221 2692 1250 2719 »
1285 2672 1346 2726 ld
1395 2679 1484 2731 est
1513 2692 1634 2732 non
1682 2679 2028 2743 introibunt.
2062 2689 2135 2744 Si

473 2747 616 2801 novi
640 2747 782 2804 dicit
807 2751 932 2807 acsi
955 2753 1193 2824 diceret,
1212 2775 1331 2816 non
1361 2767 1516 2820 novi.
1553 2767 1737 2824 Utitur
1757 2772 1916 2829 enim
1943 2777 2127 2834 modo

466 2834 711 2924 jurandi
744 2854 851 2910 per
880 2842 1066 2899 vitam
1111 2849 1284 2918 regis,
1315 2857 1370 2908 et
1412 2853 1674 2914 afﬁrmat
1703 2876 1763 2915 se
1792 2877 1915 2919 non
1945 2879 2126 2924 nosse

2237 1718 2362 1758 suae
2395 1704 2652 1774 tradidit,
2686 1707 3036 1778 mysterium
3078 1714 3299 1764 sanctae
3343 1710 3635 1767 Trinitatis
3661 1712 3890 1768 cunctis

2225 1792 2614 1849 credentibus
2639 1796 3106 1852 commendavit.
3136 1798 3320 1853 David
3348 1797 3556 1855 decem
3586 1799 3890 1857 formellas

2237 1881 2390 1937 casei
2425 1882 2662 1940 tribuno
2711 1884 2936 1952 detulit,
2962 1890 3019 1942 et
3075 1887 3361 1943 Dominus
3402 1890 3571 1944 Jesus
3621 1890 3890 1946 Christus

2236 1968 2593 2040 decalogum
2614 1972 2761 2043 legis
2781 1974 3006 2046 populo
3021 1975 3366 2032 Iudaeorum
3381 1977 3636 2035 tradidit.
3654 1978 3888 2036 Goliath

2239 2059 2509 2114 Gethaeus
2539 2076 2861 2132 personam
2890 2063 3114 2120 diaboli
3137 2065 3424 2135 gestabat,
3451 2067 3554 2139 qui
3579 2067 3654 2122 de
3685 2067 3886 2124 altitu-

2239 2147 2375 2202 dine
2411 2149 2705 2222 superbiaa
2748 2169 2869 2208 suae
2903 2170 2964 2208 se
3002 2154 3257 2224 jactans,
3289 2170 3393 2226 per
3436 2171 3612 2211 omne
3641 2161 3888 2229 tempus

2240 2236 2403 2308 quod
2427 2242 2563 2293 ante
2592 2239 2918 2296 adventum
2943 2241 3263 2298 Salvatoris
3294 2242 3612 2299 decursum
3640 2249 3744 2312 est,
3779 2243 3862 2300 ad

2243 2343 2446 2382 versus
2465 2328 2754 2401 populum
2777 2331 2876 2386 Dei
2894 2331 3209 2400 dimicans,
3235 2333 3293 2388 in
3311 2333 3432 2389 imo
3452 2333 3632 2405 hujus
3652 2334 3883 2404 mundi,

2239 2415 2401 2472 velut
2420 2415 2478 2471 in
2496 2418 2671 2484 valle,
2696 2435 2732 2476 a
2753 2420 2916 2476 nullo
2933 2426 3164 2494 poterat
3181 2422 3473 2495 superari.
3499 2423 3682 2490 Eliab,
3704 2423 3882 2478 frater

2240 2503 2424 2558 David
2451 2505 2665 2576 major,
2696 2507 2800 2579 qui
2847 2508 3264 2582 interpretatur
3301 2512 3458 2566 Deus
3503 2526 3662 2567 meus
3686 2516 3878 2581 pater,

2240 2595 2451 2664 typum
2483 2601 2744 2665 gestasse
2791 2597 3134 2654 Judaeorum
3182 2614 3305 2654 non
3360 2599 3615 2655 dubium
3644 2603 3746 2666 est,
3777 2599 3887 2671 qui

2236 2678 2538 2738 licetfalsa
2562 2682 2864 2755 opinione,
2885 2701 2946 2741 se
2977 2687 3199 2742 Domini
3223 2691 3455 2760 patrem
3478 2689 3698 2744 habere
3714 2703 3886 2744 men-

2239 2767 2482 2840 tiuntur,
2514 2787 2621 2844 per
2649 2772 2763 2829 hoc
2793 2790 2931 2830 vero
2960 2776 3126 2848 quod
3152 2777 3471 2833 Dominum
3499 2780 3701 2833 Jesum
3726 2776 3887 2834 Chri-

2237 2862 2395 2914 stum
2420 2859 2610 2916 ﬁlium
2637 2862 2766 2932 ejus
2787 2864 3049 2921 aemulati
3076 2871 3231 2934 sunt,
3265 2866 3342 2922 ab
3367 2866 3708 2923 haereditate
3737 2866 3891 2922 ﬁlio-

473 2923 746 3044 undeAsit
777 2929 981 3044 David.
1019 2935 1137 2989 Hoc
1166 2937 1345 2994 etiam
1377 2943 1560 2999 modo
1581 2961 1730 3003 usus
1759 2954 1848 3006 est
1883 2954 2122 3028 Joseph,
2155 2990 2197 3044 Ο
2237 2963 2371 3003 rum
2401 2949 2503 3004 Dei
2527 2949 3062 3022 degeneraverunt,
3085 2959 3143 3010 et
3167 2955 3584 3027 Primogenitav
3608 2973 3742 3030 qua3
3764 2955 3884 3011 illis

473 3027 630 3044 (Tuon
683 3030 717 3044 Λ
751 3017 828 3044 ηξι
903 3035 962 3044 np.
977 3021 1123 3044 l..:L__
1138 3042 1155 3044 η
1194 3043 1202 3044 κ
1222 3026 1276 3044 η·
1423 3031 1465 3044 ἢ
1648 3035 1662 3044 1
1721 3043 1724 3044 ,
1910 3043 1920 3044 κ
2240 3036 2250 3044 .
2432 3037 2446 3044 -
2494 3039 2504 3044 -
2566 3038 2581 3044 -
2872 3041 2883 3044 -
3028 3043 3038 3044 κ

469 3014 717 3110 quando
747 3017 830 3071 ait
879 3017 1158 3118 fratribus
1189 3026 1332 3083 suis.
1364 3052 1390 3079 ‹‹
1422 3031 1531 3088 Per
1579 3035 1829 3094 salutem
1869 3014 2124 3100 Ρὴδιιξιοί
2155 3014 2197 3051 ν
2229 3036 2363 3106 jure
2411 3014 2806 3110 debebantur,
2831 3041 2908 3097 ob
2949 3014 3141 3116 culpes
3165 3014 3443 3100 ineritdin
3473 3014 3882 3118 perdiderunt.

467 3099 582 3168 nis,
616 3117 739 3158 non
787 3109 1205 3178 regrediemini
1251 3116 1410 3183 hinc,
1445 3120 1636 3180 donec
1692 3129 1891 3186 veniat
1947 3131 2127 3191 frater

466 3194 664 3294 vester
699 3195 1006 3255 minimus.
1043 3222 1070 3250 η
1104 3205 1250 3260 Ecce
1293 3207 1625 3283 historiam,
1669 3215 1819 3273 sicut
1863 3235 2124 3294 spopon-

466 3278 690 3383 dimus,
722 3289 1071 3344 summatim
1099 3294 1419 3368 tetigimus,
1448 3317 1609 3359 nunc
1638 3303 1861 3376 ﬁguras
1890 3278 2122 3383 spirita-

464 3366 612 3458 lium
641 3385 844 3427 rerum
890 3375 1352 3450 subjungamus.
1385 3388 1475 3442 Ait
1522 3366 1886 3453 enimvsacra
1911 3366 2126 3458 descri-

463 3455 588 3560 pltio
612 3471 684 3560 δέ
707 3458 1150 3531 Congregantes
1176 3486 1319 3525 vero
1350 3475 1642 3534 Philistim
1667 3485 1932 3556 agmina,
1953 3506 2119 3560 sua,»

464 3543 522 3596 et
554 3541 821 3636 reliqua.
866 3550 1018 3612 Quid
1071 3570 1181 3625 per
1209 3558 1577 3621 Philisthaeos
1608 3541 2120 3636 nisiadversarias

463 3633 832 3732 potestates?
862 3639 929 3692 Et
957 3639 1104 3732 quid
1133 3659 1241 3716 per
1271 3648 1498 3707 Goliath
1531 3657 1858 3732 Gethaaurn,
1887 3664 1999 3721 nisi
2028 3633 2120 3725 ea;

463 3722 572 3817 put
599 3722 874 3818 omnium
903 3728 1205 3789 malorum
1237 3735 1514 3798 diabolus
1545 3722 1964 3818 praefiguratus

462 3809 566 3903 qui
615 3809 901 3903 adversus
948 3819 1242 3891 populum
1274 3826 1394 3895 Dei,
1425 3809 1566 3888 cum
1618 3809 1964 3898 satellitibus

460 3895 540 3951 ab
567 3898 806 3994 .origine
840 3907 1072 3994 imundi
1119 3911 1442 3987 dimicavit,
1478 3923 1583 3980 sed
1629 3933 1765 3983 ante
1792 3930 2115 3994 adventum

611 3988 814 4059 David,
840 3993 959 4093 hoc
980 4002 1069 4095 est
1085 3999 1338 4062 humani
1364 4013 1594 4078 generis
1625 4017 2052 4095 Redemptoris,
2077 4044 2114 4084 a

453 4072 919 4184 IjllilOnSll‘PCIEaI‘l.
946 4090 1196 4184 poterat.
1231 4095 1374 4152 Geth
1422 4115 1561 4158 vero
1590 4104 1796 4163 civitas
1843 4072 1931 4167 cst
1957 4114 2006 4184 ej
2020 4072 2110 4170 tis-

624 4165 886 4275 Goliath‘,
905 4187 1038 4244 quae
1078 4176 1498 4275 interpretatur
1550 4158 1934 4268 toreularia
1959 4158 2109 4275 3r;-

455 4255 888 4348 sentismundi
933 4277 1041 4318 seu
1086 4265 1297 4326 inferni
1329 4281 1738 4348 praetendebat
1779 4255 2107 4348 similitudi-

452 4353 616 4411 nem,
646 4342 708 4399 in
734 4362 856 4417 quo
903 4355 1132 4412 mundo
1163 4342 1350 4434 atque
1395 4367 1624 4428 inferno
1667 4342 2101 4438 diabolus-hu.-

448 4443 701 4528 manum
732 4450 920 4528 genus
949 4447 1207 4514 peccatis
1234 4451 1588 4528 obnoxium,
1616 4463 1775 4520 velut
1802 4466 1860 4522 in
1910 4473 2102 4527 torcu-

445 4514 572 4630 lar-Ii
603 4524 1404 4630 cpnculcab'at..Enormitas,
1439 4548 1560 4604 sive
1613 4551 1860 4611 altitudo
1910 4557 2102 4630 ipsius

448 4606 702 4719 Eoliath,
737 4612 964 4673 diaboli
1013 4620 1374 4695 designabat
1392 4606 1402 4614 ’
1421 4606 2103 4719 ευρθώὶᾆῷξπέθβῖέῇῐλῖ

443 4709 567 4750 rius
621 4714 886 4775 namque
939 4723 1226 4770 numerus
1275 4735 1548 4793 supernaa
1600 4729 1813 4800 quietis
1873 4709 2102 4796 obtinet

441 4795 912 4899 sacramentum,
945 4813 1016 4853 ex
1047 4817 1169 4873 qua
1199 4805 1357 4865 idem
1386 4795 1663 4875 diabolus
1693 4821 1773 4878 ob
1802 4804 2098 4899 superbiai

440 4885 574 4989 iiii
590 4877 870 4989 meILitu‘m
900 4887 1202 4962 exclusus,
1234 4896 1295 4953 in
1320 4900 1482 4960 hunc
1512 4911 1830 4980 mundum,
1859 4877 1960 4989 qui
1994 4936 2096 4975 sex

485 4956 495 4967 .
1190 4955 1200 4962 ,
1346 4955 1480 4960 ,___
1512 4955 1808 4969 ..._.........
1907 4955 1960 4973 ιιι
1994 4955 2096 4975 σοι

435 4955 896 5080 ἐξῖῗαεᾶῖᾶοξξιδ
947 4989 1076 5033 esse
1123 4994 1422 5060 narratur,
1457 4993 1669 5068 lapsus
1699 4957 1830 5058 est,
1859 4955 1929 5060 Et
1953 5008 2096 5080 quia

433 5060 616 5163 smper
656 5049 1171 5163 derelinquentem
1215 5049 1550 5140 creaturam
1583 5095 1827 5162 propter
1865 5049 2096 5163 pecicati

566 5139 576 5144 -
786 5143 796 5152 .
1518 5139 1547 5140 γέ
1584 5139 1815 5162 r-vrw-
1865 5139 2089 5163 rvvvuu

427 5139 731 5252 meritum,
780 5159 841 5200 1n
887 5148 1001 5252 hoc
1036 5164 1293 5252 .mundo
1349 5171 1754 5246 principatum
1813 5179 2089 5252 obtinuit,

1349 5223 1371 5241 ι
1396 5223 1754 5246 η---τ--.ημ
1815 5223 2071 5239 suum...

421 5223 904 5341 gflﬂja‘mrs‘uper
931 5241 1124 5316 ipsius
1147 5257 1359 5314 mundi
1382 5269 1719 5323 creaturam
1744 5225 2092 5341 superbien:

422 5310 772 5428 genextulit.
830 5331 1197 5428 A‘rmajem
1249 5347 1500 5418 Goliath,
1541 5359 1598 5410 et
1641 5310 2088 5428 operimentum

418 5413 550 5518 21:5
563 5410 794 5518 ‘t—otius‘,
840 5416 1067 5518 diaboli
1104 5410 1497 5502 impietatem,
1521 5410 1702 5515 atque

1191 5486 1213 5502 ι
1265 5486 1475 5495 “⁷““--·
1521 5486 1584 5497 νη
1633 5486 1702 5500 νιν
1748 5486 1824 5501 μυ
1875 5486 2088 5506 υηιαω

414 5486 930 5606 Efﬂ‘ﬂwabaqt»
988 5527 1096 5606 P91:
1156 5532 1292 5588 (Ιυδθ
1345 5486 1689 5588 Ιὶυωεωὲη]
1747 5486 1936 5606 geritis
1987 5537 2088 5593 (le-

407 5573 694 5643 bellando
722 5595 888 5660 gravi
925 5573 1197 5668 pondere
1227 5621 1620 5682 peccatorum
1658 5573 2082 5703 degresseratc:

2238 3125 2422 3182 David
2437 3126 2672 3183 leonem
2694 3129 2915 3201 pariter
2930 3137 2987 3186 et
3009 3149 3218 3188 ursum
3243 3135 3495 3204 necavit,
3518 3141 3575 3190 et
3593 3135 3884 3190 Dominus

2233 3214 2399 3270 Jesus
2449 3214 2709 3273 Christus
2740 3214 3046 3276 diabolum
3093 3222 3439 3278 hominibus
3465 3223 3712 3279 latenter
3740 3223 3884 3278 insio

2233 3302 2521 3373 diantem,
2553 3311 2610 3362 et
2637 3311 2772 3363 ante
2804 3309 3099 3366 Christum
3149 3312 3208 3367 in
3256 3317 3560 3385 posterum
3605 3312 3884 3368 manifes-

2233 3391 2457 3450 tissime
2486 3395 2844 3468 saevientem,
2875 3397 2934 3452 in
2957 3399 3183 3469 judicio
3213 3401 3531 3472 puniturus
3558 3407 3663 3457 est.
3692 3399 3882 3456 David

2232 3496 2404 3538 arma
2433 3483 2621 3539 Saulis
2651 3485 2947 3558 deposuit,
2979 3487 3121 3561 quia
3149 3494 3206 3544 et
3233 3491 3497 3545 Christus
3545 3489 3882 3562 corporalia

2231 3577 2606 3628 sacramenta
2632 3572 2801 3644 legis,
2847 3581 3024 3648 atque
3074 3578 3338 3634 carnalia
3375 3579 3550 3640 bella,
3594 3595 3726 3652 quae
3752 3594 3880 3634 non

2231 3665 2368 3715 sunt
2418 3660 2701 3733 imposita
2753 3665 3046 3735 gentibus,
3097 3667 3330 3740 repulit.
3371 3670 3562 3725 Onera
3611 3683 3876 3740 namque

2227 3746 2374 3818 legis
2418 3747 2695 3822 legimus,
2753 3754 2859 3808 sed
2915 3755 3228 3812 carnaliter
3287 3773 3410 3812 non
3463 3758 3877 3814 observamus.

2230 3837 2502 3910 Quinque
2529 3839 2980 3913 limpidissimos
3029 3844 3260 3916 lapides
3289 3846 3362 3900 de
3397 3849 3650 3901 torrente
3677 3845 3876 3917 elegit,

2226 3929 2283 3981 et
2307 3926 2369 3982 in
2399 3943 2608 4000 peram
2636 3931 2998 4003 pastoralem
3041 3933 3220 3998 misit,
3254 3938 3312 3990 et
3368 3934 3631 3990 Christus
3680 3934 3879 3990 Domi-

2222 4030 2336 4070 nus
2361 4017 2628 4091 quinque
2656 4019 2840 4076 libros
2869 4021 3138 4077 Mosaicae
3166 4023 3315 4092 legis
3347 4023 3421 4079 de
3449 4023 3634 4078 ﬂuvio
3674 4023 3876 4079 saeculi

2219 4104 2401 4176 hujus
2427 4108 2770 4180 assumpsit.
2815 4109 3051 4166 Labitur
3079 4111 3239 4167 enim
3291 4112 3541 4169 mortale
3583 4111 3875 4167 smculum

2218 4198 2275 4249 et
2321 4194 2664 4265 praeterﬂuit
2710 4197 3003 4270 quidquid
3055 4200 3218 4256 venit
3272 4200 3333 4256 in
3382 4201 3702 4256 mundum.
3735 4203 3874 4257 Erat

2219 4283 2380 4338 enim
2431 4283 2491 4339 in
2522 4283 2770 4342 ﬂumine
2797 4291 3090 4360 tanquam
3135 4288 3198 4344 in
3225 4289 3452 4362 populo
3497 4289 3618 4345 illo.
3656 4310 3685 4342 α
3715 4293 3776 4345 Et
3804 4289 3871 4345 in

2217 4387 2424 4444 peram
2451 4374 2811 4445 pastoralem
2842 4377 3018 4433 misit.
3051 4399 3078 4427 »
3110 4381 3258 4434 Nam
3288 4378 3415 4451 ipse
3468 4383 3555 4434 est
3595 4381 3748 4434 Deus
3776 4395 3870 4434 ve-

2215 4477 2315 4516 rus
2363 4467 2567 4534 pastor
2596 4463 2956 4521 animarum.
2990 4469 3101 4522 Vas
3126 4483 3370 4540 quoque
3411 4467 3711 4540 pastorale
3742 4484 3870 4539 quo

2212 4549 2324 4618 lac,
2359 4555 2423 4607 ut
2443 4551 2715 4607 nonnulli
2742 4553 2968 4618 dicunt,
2987 4554 3253 4626 mulgere
3283 4561 3695 4624 consueverat,
3718 4555 3870 4611 divi-

2213 4656 2358 4696 nam
2427 4640 2721 4710 signiﬁcat
2789 4644 3044 4713 gratiam
3110 4661 3245 4716 quae
3295 4644 3410 4714 legi
3459 4645 3866 4716 conjungitur,

2209 4745 2346 4801 quae
2389 4728 2732 4801 intelligitur
2772 4729 2834 4786 in
2877 4731 3144 4804 quinque
3186 4731 3510 4805 lapidibus,
3565 4731 3688 4786 sine
3735 4747 3870 4803 qua

2208 4833 2332 4874 non
2355 4818 2654 4892 impletur.
2680 4819 2865 4876 David
2895 4819 3064 4876 rufus
3096 4825 3153 4877 et
3172 4821 3422 4894 pulcher
3450 4821 3630 4877 fuisse
3659 4835 3871 4875 narra-

2211 4912 2322 4977 tur,
2354 4908 2498 4980 quia
2523 4907 2596 4964 de
2629 4908 2881 4964 Domino
2911 4911 3050 4964 Jesu
3081 4909 3310 4965 Christo
3337 4909 3398 4964 in
3427 4907 3686 4964 Canticis
3719 4923 3867 4963 can-

2208 4999 2460 5055 ticorum
2491 4999 2755 5054 Ecclesia
2782 4999 2924 5055 dicit
2956 5018 2967 5055 :
3005 5021 3032 5049 ‹‹
3062 4998 3313 5054 Dilectus
3343 5014 3516 5054 meus
3567 4997 3871 5054 candidus

2206 5091 2262 5140 et
2287 5085 2682 5153 rubicundus,
2707 5085 2926 5154 electus
2965 5103 3036 5141 ex
3070 5085 3331 5142 millibus
3377 5086 3576 5156 (Cant.
3609 5089 3688 5147 v).
3723 5108 3752 5134 »
3779 5085 3869 5140 De

2205 5174 2377 5244 cujus
2425 5173 2868 5246 pulchritudine
2920 5176 3193 5248 superius
3244 5174 3712 5248 praelibavimus.
3745 5176 3868 5230 Go-

2201 5263 2347 5318 liath
2380 5261 2567 5318 David
2616 5262 2697 5320 ad
2741 5278 3015 5334 pugnam
3065 5267 3439 5337 provocavit,
3489 5261 3756 5319 similiter
3803 5267 3864 5318 et

2202 5351 2380 5407 elatio
2423 5348 2649 5406 diaboli
2697 5350 2904 5407 Christi
2951 5352 3348 5410 humilitatem
3391 5350 3860 5425 parvipendens,

2200 5440 2279 5496 ab
2324 5440 2456 5511 ipso
2499 5442 2831 5510 prostratus
2879 5445 2984 5496 est.
3025 5441 3279 5498 Baculus
3335 5440 3521 5498 David
3548 5456 3586 5496 a
3613 5438 3863 5496 diabolo

2203 5531 2539 5599 despectus,
2573 5527 2926 5600 mysterium
2981 5531 3233 5601 gestavit
3281 5529 3601 5586 Dominicae
3640 5529 3856 5593 crucis,

2198 5616 2385 5674 David
2438 5632 2512 5674 ex
2562 5617 2832 5691 quinque
2888 5618 3192 5693 lapidibus
3250 5635 3440 5681 unum
3475 5617 3654 5692 jecit,
3710 5617 3860 5689 quia
