4130 6182
275 202 371 261 313
1254 197 1508 257 ENARR.
1549 200 1620 256 ΙΝ
1657 194 1912 256 LIBROS

2031 192 2209 254 ZGUM.
2239 225 2310 240 --
2349 197 2422 254 IN
2461 197 2592 256 LIB.
2631 201 2674 256 Ι.

3557 199 3663 256 θη

273 331 327 382 et
349 323 601 380 Christus
625 322 732 395 qui
754 337 826 378 ex
856 321 984 392 lege
1039 321 1444 389 nuntiabatur,
1477 320 1762 393 singulari
1792 334 1900 392 po-
1933 321 1982 373 Α
2012 318 2159 390 quid
2187 318 2410 376 habere
2437 325 2711 394 poterant
2734 321 2794 376 in
2825 319 2940 375 hoc
2965 319 3216 388 mundo,
3253 320 3460 376 omnia
3485 320 3544 376 in
3576 319 3665 376 lu-

271 414 458 480 tentia,
485 428 593 485 per
618 411 910 466 unitatem
935 410 1076 466 ﬁdei
1105 415 1162 468 et
1188 411 1444 480 gratiam
1473 407 1906 478 suam,diaboli
2014 424 2183 464 crum
2211 409 2423 466 Christi
2453 409 2720 465 conferre
2751 408 3126 479 satagebant.

273 503 609 576 superbiam
641 500 962 574 prostravit
991 517 1004 555 :
1039 499 1232 556 funda
1251 517 1386 556 vero
1418 499 1740 556 Ecclesiam
1761 514 1908 571 prte-

270 591 562 661 ﬁguravit,
589 606 725 663 qua:
751 605 857 662 per
883 588 1197 644 volumina
1236 594 1601 662 temporum,
1635 587 1794 644 velut
1845 587 1906 642 in

272 680 514 736 circuitu
544 678 811 735 volvitur.
856 677 1045 733 David
1075 677 1306 734 Goliath
1357 677 1418 733 in
1446 677 1636 734 fronte
1669 692 1909 750 percus-

273 785 405 825 sum
425 767 760 842 prostravit,
790 767 1058 823 similiter
1085 771 1142 823 et
1193 767 1478 835 Christus,
1515 767 1749 823 devicto
1778 765 1908 821 dia-

2087 521 2114 548 «
2156 501 2334 554 Porro
2363 515 2499 555 cum
2522 503 2931 562 reverteretur,
2969 513 3250 570 percusso
3305 497 3660 567 Philisthaao,

2017 608 2044 636 ε(
2091 588 2295 655 David,
2325 604 2577 658 egressae
2609 595 2748 645 sunt
2787 588 3064 644 mulieres
3113 587 3187 642 de
3221 588 3518 643 universis
3570 604 3667 644 ur-

2017 697 2045 723 ‹‹
2087 675 2264 731 bibus
2308 677 2490 733 Israel
2539 682 2869 747 cantantes,
2923 677 3257 748 chorosque
3289 675 3576 733 ducentes
3601 677 3664 733 in

2016 788 2043 814 ‹‹
2087 781 2403 823 occursum
2434 767 2590 838 regis
2635 768 2776 825 Saul
2824 768 2884 822 in
2918 767 3220 840 tympanis
3273 766 3484 822 laetitiae
3510 773 3566 824 et
3602 769 3664 824 in

273 857 426 925 bolo,
452 857 554 930 qui
574 856 630 913 ei
656 857 954 912 hmserant
977 872 1040 911 se
1059 855 1337 927 inﬁgens,
1364 856 1442 912 ab
1465 857 1596 927 ejus
1629 855 1908 912 societate
2017 875 2048 909 ‹
2089 855 2296 927 sistris,
2325 861 2382 912 et
2410 856 2820 930 praecinebant
2849 856 3128 912 mulieres
3157 856 3433 912 ludentes
3485 863 3666 930 atque

272 961 599 1013 secernens,
631 944 771 1001 ﬁdei
801 961 922 1000 suae
953 943 1255 1000 subdidit:
1282 946 1395 1001 hoc
1424 945 1585 1001 enim
1605 943 1914 1000 indicabat

270 1035 424 1107 quod
454 1034 621 1091 idem
653 1033 883 1090 Goliath
910 1049 1232 1106 percussus
1258 1034 1320 1089 in
1372 1033 1586 1090 faciem
1636 1033 1772 1089 ruit.
1798 1034 1911 1088 Da-

272 1121 388 1188 vid,
415 1121 648 1179 Goliath
674 1135 982 1194 percusso,
1016 1120 1286 1191 gladium
1311 1121 1441 1192 ejus
1467 1120 1613 1188 tulit,
1637 1121 1752 1176 hoc
1777 1119 1912 1174 fecit

275 1212 460 1265 noster
518 1208 732 1279 David,
787 1207 891 1279 qui
942 1209 1198 1280 ejectum
1253 1208 1567 1265 diabolum
1632 1208 1707 1264 de
1765 1206 1908 1274 suis,

2019 967 2047 995 ‹‹
2087 945 2351 1001 dicentes
2407 964 2420 1002 :
2469 945 2760 1001 Percussit
2812 945 2952 1002 Saul
3003 944 3183 1011 mille,
3249 951 3305 1000 et
3355 946 3536 1000 David
3567 945 3668 1001 de-

2020 1057 2047 1084 ‹‹
2089 1051 2216 1090 cem
2257 1034 2461 1091 millia.
2525 1036 2715 1091 Iratus
2772 1039 2859 1090 est
2917 1038 3120 1090 autem
3177 1033 3318 1089 Saul
3375 1035 3574 1104 nimis,
3612 1039 3670 1092 et

2019 1145 2048 1172 «
2089 1123 2392 1196 displicuit
2421 1125 2481 1180 in
2539 1124 2728 1180 ocuhs
2773 1124 2904 1195 ejus
2962 1123 3069 1178 iste
3103 1139 3319 1189 sermo,
3357 1123 3665 1196 dixitque:

2021 1233 2051 1267 ‹
2093 1213 2392 1269 Ded-runt
2422 1215 2609 1270 David
2637 1214 2844 1269 decem
2877 1212 3084 1279 millia,
3110 1217 3165 1267 et
3205 1212 3350 1267 mihi
3381 1213 3540 1268 mille
3570 1213 3669 1269 de-

279 1297 510 1369 quando
534 1297 788 1354 credunt
812 1297 1290 1367 magnitudinem
1321 1299 1472 1370 ejus,
1530 1313 1684 1371 quos
1723 1295 1818 1351 ille
1848 1295 1910 1350 in
2017 1321 2049 1356 ‹
2089 1301 2325 1358 derunt.
2360 1302 2512 1368 Quid
2538 1303 2592 1358 ei
2636 1306 2907 1375 superest
2944 1301 3058 1356 nisi
3118 1299 3313 1356 solum
3353 1316 3607 1371 regnum
3638 1302 3666 1357 τι

279 1391 551 1458 potestate
573 1387 860 1455 habebat,
892 1391 950 1442 et
976 1386 1051 1442 de
1079 1387 1304 1460 quibus
1336 1391 1517 1444 tetras
1543 1387 1776 1442 animas
1796 1389 1916 1440 tru-

289 1475 534 1544 cidabat,
558 1481 899 1533 convertunt
917 1475 1156 1546 linguas
1189 1493 1331 1532 suas
1356 1481 1565 1533 contra
1576 1474 1910 1543 diabolum,

298 1566 350 1619 et
372 1565 450 1620 sic
473 1565 687 1621 Goliath
708 1565 782 1621 de
815 1565 1021 1635 gladio
1048 1581 1161 1620 suo
1190 1571 1370 1638 caput
1389 1564 1688 1621 inciditur.
1724 1561 1913 1619 David

2019 1413 2048 1441 «
2093 1395 2217 1446 Non
2260 1391 2434 1446 rectis
2489 1407 2630 1461 ergo
2677 1390 2865 1447 oculis
2898 1389 3039 1446 Saul
3086 1389 3418 1461 aspiciebat
3479 1389 3668 1445 David

2020 1502 2047 1528 «
2085 1494 2158 1534 ex
2211 1478 2306 1534 die
2353 1479 2452 1536 illa
2499 1485 2556 1536 et
2585 1481 2890 1551 deinceps.
2928 1501 2955 1528 »
3009 1479 3100 1534 Sic
3138 1477 3298 1534 enim
3329 1477 3664 1550 accipitur:

2023 1566 2164 1625 Saul
2191 1567 2484 1624 adversus
2513 1569 2698 1624 David
2743 1567 2969 1623 invidia
3025 1567 3266 1635 exarsit,
3315 1567 3584 1622 similiter
3613 1571 3670 1623 et

297 1650 541 1744 gladium
568 1653 790 1710 Goliath
818 1654 880 1710 in
906 1653 1252 1744 _Jerusa1em
1296 1651 1831 1744 detulit,isimiliter
1858 1654 1916 1744 et
1946 1692 1984 1744 Β
2021 1657 2283 1730 populus
2307 1658 2650 1714 Judaaorum
2682 1658 2974 1714 adversus
3004 1657 3301 1713 Christum
3344 1659 3668 1714 Dominum

291 1739 527 1796 Christus
557 1758 659 1798 eos
686 1758 842 1816 quos
886 1742 961 1798 de
1006 1747 1298 1816 potestate
1328 1742 1554 1799 diaboli
1583 1740 1801 1814 rapuit,
1835 1738 1915 1794 ad

280 1826 672 1887 defensionem
705 1831 909 1888 altaris
934 1831 1074 1888 ﬁdei
1101 1831 1165 1887 in
1196 1831 1521 1888 Ecclesiam
1555 1846 1731 1886 suam
1757 1833 1916 1884 tran-

273 1916 442 1974 stulit.
476 1919 619 1976 Saul
671 1919 748 1976 de
802 1918 990 1976 David
1021 1919 1223 1976 Abner
1276 1920 1435 1977 velut
1463 1935 1574 1993 pro
1607 1916 1915 1987 incognito

265 2007 528 2079 requirit,
558 2007 635 2064 de
659 2025 786 2082 qua
806 2008 986 2080 stirpe
1016 2009 1413 2077 descenderit,
1436 2009 1530 2065 vel
1559 2009 1732 2080 cujus
1761 2008 1918 2062 esset

261 2093 435 2164 ﬁlius,
479 2113 624 2153 cum
648 2097 780 2168 jam
808 2097 1042 2153 dudum
1078 2097 1206 2170 ipse
1255 2097 1442 2154 David
1470 2097 1524 2153 ei
1582 2096 1914 2152 ministras-

257 2188 361 2251 set,
393 2189 585 2257 atque
609 2186 673 2241 in
698 2189 1023 2257 conspectu
1061 2187 1191 2257 ejus
1230 2186 1310 2242 ad
1367 2184 1778 2258 repellendum
1812 2199 1916 2238 ne-

251 2287 454 2344 quam
480 2273 763 2344 spiritum
799 2274 1117 2330 assisteret.
1139 2275 1232 2330 Sic
1255 2274 1541 2330 nimirum
1563 2273 1798 2329 carcitas
1819 2274 1916 2328 Ju-

245 2360 570 2428 daaorum,
606 2361 927 2417 Dominum
955 2363 1159 2418 Jesum
1185 2363 1484 2420 Christum
1513 2379 1620 2435 per
1643 2362 1835 2432 legem
1862 2365 1919 2418 et

247 2449 600 2520 prophetas
632 2453 952 2506 venturum
996 2466 1123 2506 esse
1166 2455 1497 2507 noverunt:
1523 2456 1579 2506 et
1628 2465 1808 2523 quem
1854 2450 1916 2506 in

249 2538 587 2610 praesentia
616 2537 916 2610 corporali
959 2555 1070 2611 per
1115 2539 1690 2596 administrationem
1729 2539 1913 2595 virtu-

252 2631 398 2687 tum.
449 2625 674 2681 Filium
720 2626 823 2683 Dei
878 2643 1005 2684 esse
1048 2629 1386 2701 approbare
1435 2632 1727 2701 poterant,
1789 2633 1918 2684 tan-

252 2731 435 2787 quam
466 2717 820 2784 ignorantes
841 2715 1046 2774 dicunt
1067 2718 1118 2772 ei
1146 2734 1210 2772 :«
1233 2720 1316 2773 Tu
1341 2718 1445 2789 qui
1465 2733 1529 2773 es
1548 2721 1577 2773 ?
1607 2723 1664 2773 et
1693 2717 1797 2773 ubi
1827 2721 1917 2772 est

257 2811 420 2875 pater
444 2808 591 2860 tuus
616 2806 822 2872 (Joan,
853 2805 976 2877 vui)
1001 2805 1031 2862 ?
1062 2826 1090 2853 »
1121 2805 1412 2862 Moraliter
1437 2822 1579 2862 vero
1611 2806 1800 2862 David
1822 2811 1915 2878 ty-

260 2907 402 2965 pum
431 2893 625 2950 tenuit
648 2893 909 2950 Domini.
933 2894 1076 2966 quia
1105 2895 1378 2951 videlicet
1397 2911 1583 2952 manu
1617 2896 1802 2964 fortis
1830 2896 1916 2950 in-

264 2986 629 3054 terpretatur.
665 2982 905 3060 Goliath“
948 2983 1194 3056 quidem
1242 2984 1660 3040 haereticorum
1712 2999 1916 3056 super-

272 3157 403 3214 ﬁdei
430 3160 690 3232 superati
715 3166 873 3216 sunt.
911 3161 1097 3218 David
1125 3177 1268 3217 vero
1292 3178 1433 3217 cnm
1465 3177 1611 3233 pera
1639 3165 1914 3234 pastora-

279 3245 320 3299 li
343 3248 493 3302 venit
540 3248 617 3304 ad
642 3249 938 3322 praelium,
987 3250 1095 3306 sed
1122 3250 1407 3306 eumdem
1460 3249 1693 3305 Goliath
1727 3249 1912 3304 David

293 3356 574 3412 superans
595 3361 698 3400 suo
725 3345 925 3416 gladio
953 3345 1172 3402 occidit
1204 3363 1217 3401 :
1251 3345 1419 3418 quod
1450 3345 1640 3401 sancti
1669 3360 1912 3418 quoque

299 3434 492 3496 agunt,
522 3432 621 3504 qui
646 3434 927 3505 praemissi
957 3435 1146 3491 David
1170 3435 1469 3500 membra,
1501 3451 1572 3491 ex
1615 3435 1746 3506 ejus
1782 3435 1915 3491 ﬁeri

295 3515 618 3588 dignatione
640 3529 998 3590 meruerunt,
1022 3540 1166 3580 nam
1189 3541 1329 3580 cum
1353 3524 1762 3597 superbientes
1783 3525 1902 3580 ha:-

284 3607 480 3664 reticos
503 3616 558 3667 et
585 3629 761 3668 sacrae
809 3613 1124 3686 Scripturse
1177 3614 1497 3669 sententias
1553 3613 1910 3677 deterentes,

274 3697 489 3755 eisdem
517 3701 716 3757 verbis
746 3707 925 3775 atque
951 3702 1256 3758 sententiis
1278 3719 1435 3775 quas
1451 3702 1914 3775 proferunt,vin-

277 3792 428 3857 cunt,
456 3791 627 3862 quasi
652 3791 877 3848 elatum
897 3792 1130 3848 Goliath
1149 3791 1350 3862 gladio
1389 3809 1499 3847 suo
1527 3791 1907 3848 detruncant.

865 3933 1094 3991 CAPUT
1122 3933 1312 3991 XVIII.

329 4081 357 4107 α
398 4061 466 4117 Et
495 4060 727 4116 factum
756 4064 845 4115 est
868 4075 1008 4115 cum
1038 4059 1396 4132 complesset
1446 4059 1612 4132 loqui
1643 4058 1722 4113 ad
1750 4059 1910 4125 Saul,

259 4171 285 4199 ο(
324 4152 534 4205 anima
561 4149 835 4205 Jonathas
886 4149 1162 4218 colligata
1203 4154 1292 4205 est
1321 4149 1540 4205 animus
1604 4147 1804 4212 David,
1857 4152 1915 4204 et

257 4260 284 4288 cr
322 4237 534 4294 dilexit
559 4253 703 4295 eum
729 4240 1020 4295 Jonathas
1057 4238 1232 4310 quasi
1258 4237 1524 4294 animam
1557 4254 1752 4305 suam,
1800 4258 1827 4285 ››
1858 4241 1915 4292 et

253 4327 512 4400 reliqua.
542 4327 836 4383 Jonathas
866 4327 1023 4382 ﬁlius
1054 4326 1215 4395 Saul,
1265 4327 1437 4397 cujus
1483 4325 1687 4382 anima
1724 4324 1914 4381 David

272 3034 629 3054 --_r_-_____
674 3034 905 3060 _-____'
953 3034 1194 3056 1___-_
1243 3034 1660 3040 _ﬁ_-_-____
1713 3034 1883 3056 -_r-_
2168 3034 2234 3041 _-
2265 3034 2398 3056 Ὅ--

267 3069 423 3126 biam
453 3071 720 3141 signans,
769 3071 873 3144 qui
904 3088 1041 3127 cum
1090 3072 1292 3141 gladio
1345 3073 1575 3129 ratione
1607 3072 1916 3128 dominica
1943 3034 1992 3092 ο
2024 3092 2054 3126 ‹
2094 3074 2321 3147 populi.
2370 3097 2400 3124 n

2021 1746 2434 1803 aemulationes
2463 1763 2573 1803 suo
2601 1747 2764 1803 malo
2795 1747 3016 1820 pariter
3045 1746 3370 1819 conspirati
3414 1752 3570 1802 sunt.
3603 1749 3671 1804 Et

2022 1835 2169 1890 dum
2200 1835 2529 1893 audiebant
2569 1837 2865 1894 Christum
2904 1835 3219 1908 praedicari
3268 1835 3328 1890 in
3377 1834 3666 1902 Ecclesiis,

2023 1939 2206 1996 quem
2235 1923 2348 1996 ipsi
2397 1923 2526 1980 neci
2574 1924 2947 1980 tradiderunt
2985 1941 2998 1979 :
3032 1930 3089 1980 et
3142 1923 3217 1978 de
3265 1924 3514 1980 victoria
3540 1923 3670 1995 ejus

2023 2012 2128 2084 qui
2153 2012 2386 2068 hostem
2427 2013 2744 2086 antiquum
2785 2013 3190 2085 triumphavit,
3242 2013 3550 2068 credentes
3608 2013 3670 2069 in

2021 2099 2307 2155 laudibus
2331 2101 2521 2173 ipsius
2542 2100 2944 2170 congratulari
2976 2119 2989 2156 :
3010 2100 3270 2171 graviter
3291 2101 3431 2156 inde
3455 2099 3671 2175 otl‘ensi

2025 2193 2185 2245 sunt.

2097 2298 2126 2326 ‹‹
2166 2279 2305 2332 Post
2333 2276 2493 2332 diem
2526 2281 2726 2333 autem
2759 2276 3010 2332 alteram
3050 2276 3274 2331 invasit
3304 2275 3546 2347 spiritus
3573 2276 3673 2332 Dei

2025 2386 2054 2414 «
2097 2364 2294 2420 malus
2319 2364 2478 2434 Saul,
2496 2367 2554 2420 et
2571 2363 2971 2437 prophetabat
2985 2363 3046 2418 in
3067 2363 3265 2418 medio
3285 2362 3504 2418 domus
3525 2378 3672 2421 suae.

2025 2476 2051 2502 «
2095 2453 2283 2508 David
2303 2458 2504 2508 autem
2539 2452 2836 2526 psallebat
2866 2467 3055 2508 manu
3085 2467 3196 2507 sua
3225 2451 3375 2507 sicut
3403 2466 3509 2524 per
3551 2451 3674 2507 sin-

2024 2564 2053 2592 «
2096 2542 2268 2611 gulos
2287 2541 2436 2612 dies,
2459 2547 2515 2598 et
2534 2541 2965 2614 reliqua.Quod
2990 2546 3192 2596 autem
3217 2540 3376 2608 dicit,
3398 2562 3426 2590 «
3459 2540 3676 2596 invasit

2025 2653 2053 2681 «
2098 2631 2339 2704 spiritus
2363 2631 2461 2687 Dei
2481 2631 2677 2687 malus
2698 2630 2837 2687 Saul
2854 2653 2883 2681 »
2905 2646 3072 2686 more
3087 2629 3677 2702 arreptitiorumage-

2023 2719 2150 2784 bat,
2181 2739 2212 2774 ‹
2237 2723 2302 2775 Et
2330 2720 2752 2793 prophetabat.
2787 2743 2816 2770 κ
2852 2720 3212 2793 Prophetare
3244 2719 3405 2774 enim
3453 2719 3515 2774 in
3560 2719 3676 2775 hoc

2022 2808 2157 2864 loco
2183 2824 2306 2864 non
2336 2813 2424 2864 est
2447 2808 2611 2865 aliud
2640 2809 3114 2880 intelligendum,
3146 2807 3260 2864 nisi
3290 2807 3489 2864 aliena
3515 2813 3675 2864 retu-

2022 2896 2180 2953 lisse.
2215 2898 2387 2963 Quod
2415 2913 2559 2953 vero
2580 2901 2848 2970 sequitur
2877 2898 2952 2953 de
2979 2896 3190 2952 David.

2097 3006 2125 3034 «
2168 2988 2234 3041 Et
2262 2985 2680 3056 egrediebatur
2705 2991 2761 3042 et
2787 2985 3238 3056 ingrediebatur
3256 2984 3320 3040 in
3349 2988 3676 3057 conspectu

2461 3074 2553 3130 Sic
2583 3075 3003 3146 accipiendum
3057 3077 3148 3127 est
3179 3089 3193 3126 :
3229 3072 3488 3137 Quando
3512 3088 3677 3139 egre-

2021 3163 2344 3218 diebantur
2371 3163 2432 3216 in
2480 3177 2773 3234 pugnam,
2807 3163 2938 3233 ipse
2991 3160 3245 3232 primus,
3296 3174 3463 3214 more
3489 3158 3673 3228 regio,

2022 3249 2440 3320 egrediebatur
2491 3248 2554 3304 in
2597 3253 2923 3319 conspectu
2979 3261 3214 3315 eorum,
3273 3251 3330 3301 et
3378 3244 3680 3315 regredie-

2022 3338 2218 3394 batur.

2096 3449 2123 3477 ‹‹
2167 3427 2373 3484 Dilexit
2403 3431 2605 3484 autem
2670 3425 2877 3484 Michol
2906 3425 3032 3482 ﬁlia
3074 3423 3216 3481 Saul
3248 3422 3434 3480 altera
3464 3422 3673 3480 David.

2024 3540 2051 3567 ‹‹
2095 3519 2162 3572 Et
2190 3518 2533 3573 nuntiatum
2575 3521 2664 3573 est
2713 3515 2873 3584 Saul,
2923 3520 2980 3572 et
3026 3513 3253 3588 placuit
3282 3513 3355 3570 ei.
3402 3511 3676 3585 Dixitque

2025 3629 2052 3656 α
2097 3606 2237 3662 Saul
2269 3625 2281 3663 :
2316 3605 2482 3662 Dabo
2505 3621 2643 3663 eam
2668 3605 2769 3673 illi,
2796 3610 2860 3660 ut
2897 3604 3004 3660 ﬁat
3033 3605 3083 3659 ei
3111 3603 3174 3658 in
3230 3601 3588 3658 scandalum
3619 3605 3677 3657 et

2024 3715 2051 3742 κ
2095 3695 2169 3749 sit
2197 3710 2375 3767 super
2423 3710 2563 3750 eum
2607 3709 2827 3749 manus
2884 3691 3396 3758 Philisthinorum,
3426 3712 3454 3740 ››
3500 3694 3558 3746 et
3582 3705 3676 3745 re-

2021 3781 2207 3854 liqua.
2260 3783 2524 3854 Denique
2575 3782 2670 3836 his
2709 3780 2948 3836 duobus
2980 3777 3261 3850 periculis
3291 3777 3431 3833 Saul
3487 3776 3676 3832 David

2021 3869 2277 3943 putabat
2301 3870 2558 3926 interimi
2611 3885 2809 3942 posse,
2871 3866 3091 3922 scilicet
3125 3871 3229 3921 aut
3252 3864 3484 3919 insidiis
3536 3863 3673 3918 filias

2023 3975 2170 4026 suae,
2205 3975 2241 4014 a
2264 3974 2388 4031 qua
2427 3973 2489 4013 se
2535 3957 2774 4014 videbat
2803 3955 3061 4011 multum
3117 3953 3326 4020 amari,
3354 3955 3459 4008 aut
3486 3967 3674 4007 causa

2021 4048 2456 4121 praeputiorum
2514 4047 3018 4111 Philisthinorum,
3058 4048 3301 4116 propter
3347 4057 3486 4114 qua:
3543 4040 3673 4098 adi-

2022 4137 2312 4210 piscenda
2341 4136 2706 4192 Phiﬁsthaeos
2735 4133 2892 4190 bello
2915 4137 3042 4189 erat
3058 4146 3481 4204 aggressurus.
3510 4129 3673 4186 Unde

2021 4231 2079 4282 et
2110 4227 2245 4283 ait:

2095 4339 2122 4365 ‹‹
2166 4317 2231 4370 ln
2269 4315 2510 4372 duabus
2563 4313 2746 4370 rebus
2777 4328 2959 4385 gener
3008 4327 3181 4369 meus
3229 4309 3336 4366 erit
3375 4309 3575 4365 hodie.
3607 4311 3675 4364 Et

255 4416 538 4485 colligata
595 4421 703 4481 est,
753 4414 885 4471 illos
923 4420 1162 4471 sanctos
1232 4413 1601 4483 signiﬁcasse
1661 4413 1910 4480 videtur,

2031 4427 2052 4455 κ
2095 4405 2406 4460 mandavit
2459 4403 2601 4460 Saul
2630 4404 2814 4460 servis
2846 4403 2971 4458 suis
3006 4419 3020 4458 :
3067 4398 3402 4473 Loquimini
3450 4399 3529 4454 ad
3564 4400 3674 4452 Da-

256 4508 350 4576 qui
401 4506 670 4562 Domino
728 4507 870 4560 Jesu
927 4504 1157 4560 Christo
1210 4521 1283 4560 ex
1306 4503 1534 4577 populo
1566 4504 1911 4559 Judteorum

256 4610 352 4666 per
372 4597 571 4652 ﬁdem
605 4595 1008 4660 adhaeserunt,
1032 4593 1137 4666 qui
1166 4598 1415 4665 accepta
1443 4593 1693 4664 Spiritus
1721 4593 1913 4648 sancti

259 4686 465 4752 gratia,
527 4699 644 4756 pro
699 4683 910 4738 Christi
967 4697 1173 4738 amore
1212 4681 1428 4737 relictis
1473 4681 1776 4749 omnibus,
1820 4682 1912 4752 ip-

2023 4516 2050 4542 ‹‹
2095 4494 2194 4550 vid
2216 4494 2374 4549 clam
2404 4510 2521 4560 me,
2553 4493 2816 4549 dicentes
2849 4509 2862 4546 :
2897 4495 3042 4547 Ecce
3071 4489 3272 4562 places
3303 4486 3530 4555 regi,.et
3548 4500 3674 4538 om-

2027 4603 2056 4634 α
2093 4599 2200 4638 nes
2228 4583 2376 4638 servi
2405 4583 2535 4654 ejus
2565 4581 2820 4652 diligunt
2849 4584 2924 4648 te,
2955 4600 2984 4628 »
3024 4581 3135 4632 etc.
3166 4579 3229 4629 ln
3259 4571 3500 4626 duabus
3529 4583 3672 4637 ergo

2021 4671 2201 4727 rebus
2259 4686 2548 4740 generum
2589 4687 2768 4726 suum
2815 4667 2928 4721 sibi
2982 4665 3249 4718 futurum
3309 4657 3470 4724 dicit,
3527 4655 3674 4727 quia

260 4742 382 4829 sum
427 4742 624 4829 secuti
673 4776 830 4838 sunt,
896 4771 1046 4826 sicut
1120 4770 1360 4826 fuerunt
1417 4769 1672 4842 apostoli
1727 4742 1785 4826 et
1831 4742 1913 4825 illi
2017 4760 2148 4830 jam
2179 4759 2456 4816 attulerat
2482 4750 3282 4842 ΡΓεΒΡυῐὶδιΡᾘΨειξίιξοξιξΨ
3310 4759 3424 4842 Pr°_
3452 4742 3670 4842 Μθνφδν

255 4863 353 4933 qui
397 4863 463 4917 in
491 4860 740 4916 Actibus
775 4858 1186 4931 apostolorum
1232 4857 1571 4913 vendebant
1600 4858 1825 4926 omnia,
1859 4862 1916 4913 et

259 4951 445 5020 pretia
471 4948 810 5006 aﬁ‘erebant
838 4947 914 5004 ad
947 4947 1130 5019 pedes
1173 4946 1585 5019 apostolorum
1633 4947 1790 5017 (Act.
1827 4951 1908 5008 ιι).

266 5037 440 5101 Quod
484 5044 689 5094 autem
761 5036 922 5093 idem
973 5036 1267 5092 Jonathas
1339 5036 1706 5091 vestimentis
1792 5051 1914 5089 Stlls

273 5127 451 5196 atque
504 5126 684 5182 armis
739 5140 803 5181 se
843 5124 1115 5190 nudavit,
1159 5127 1216 5179 et
1267 5123 1450 5179 David
1491 5123 1740 5193 vestivit,
1798 5122 1914 5178 hoc

265 5212 559 5271 indicasse
598 5214 880 5270 videtur:
913 5210 1080 5285 quod
1115 5217 1333 5268 cuncta
1365 5217 1742 5268 sacramenta
1777 5229 1915 5285 spo-

258 5301 417 5370 liata,
449 5305 566 5361 hoc
595 5307 691 5359 est
725 5301 1126 5358 sacerdotium
1153 5305 1334 5373 atque
1362 5301 1726 5374 praedicatio,
1773 5318 1911 5373 quae

250 5393 484 5466 populo
501 5392 855 5449 Iudaeorum
888 5390 1031 5446 olim
1073 5389 1292 5446 collata
1348 5390 1560 5457 fuerat,
1595 5390 1673 5445 ad
1702 5389 1914 5445 Christi

251 5483 582 5539 Ecclesiam
645 5479 1066 5536 transferenda
1134 5484 1351 5535 essent.
1416 5479 1546 5536 Sive
1579 5478 1911 5534 secundum

253 5573 632 5646 superiorem
663 5584 931 5635 sensum,
953 5568 1108 5624 bene
1141 5583 1177 5623 a
1216 5567 1417 5624 tunica
1441 5584 1632 5639 usque
1679 5567 1755 5624 ad
1786 5568 1914 5623 bal-

252 5661 463 5720 theum
488 5660 704 5719 omnia
730 5656 901 5717 dedit
930 5673 943 5714 :
967 5656 1113 5731 quia
1133 5656 1440 5713 credentes
1460 5672 1704 5728 quique,
1746 5657 1914 5729 quid-

2022 4864 2209 4920 quam
2267 4846 2407 4903 Saul
2463 4845 2628 4900 dedit
2682 4839 2941 4899 Hadrieli
2992 4835 3326 4906 Molathitse,
3374 4837 3432 4908 et
3461 4836 3672 4907 postea

2021 4953 2132 5010 pro
2163 4934 2369 4991 Michol
2399 4934 2681 4989 ducenta-
2703 4935 2767 4988 Et
2791 4927 3070 5003 quamvis
3099 4941 3222 4982 non
3256 4929 3457 4998 aperte
3515 4922 3674 4980 dica-

2024 5032 2118 5082 tur
2147 5041 2255 5098 pro
2309 5023 2503 5080 Merob
2563 5022 2722 5078 Sauli
2776 5017 3266 5075 Philisthinorum
3321 5013 3510 5070 David
3567 5012 3672 5068 de-

2023 5116 2208 5187 disse,
2268 5119 2470 5170 tamen
2528 5112 2634 5186 qui
2686 5108 3084 5184 praecedentia
3131 5111 3188 5163 et
3243 5101 3674 5176 subsequentia

2023 5205 2339 5279 perlegerit
2387 5207 2442 5259 et
2486 5207 2781 5258 scrutatus
2837 5199 3032 5266 fuerit,
3076 5194 3336 5252 inveniet
3391 5208 3531 5250 eum
3580 5191 3673 5246 bis

2027 5297 2186 5354 Sauli
2217 5291 2510 5368 praeputia
2555 5290 3044 5346 Philisthinorum
3091 5284 3348 5341 dedisse.
3381 5285 3531 5339 Nam
3571 5297 3673 5335 su-

2023 5385 2223 5459 perius
2249 5386 2480 5441 dixerat
2511 5382 2649 5440 Saul
2689 5400 2700 5437 :
2736 5403 2764 5430 ‹‹
2793 5383 2920 5436 Non
2970 5377 3042 5433 sit
3069 5391 3289 5432 manus
3327 5388 3463 5429 mea
3487 5372 3546 5426 in
3577 5385 3670 5438 eo,

2028 5475 2133 5531 sed
2166 5475 2238 5530 sit
2267 5490 2448 5547 super
2475 5473 2643 5528 illum
2671 5485 2891 5526 manus
2915 5466 3413 5523 Philisthinorum.
3443 5485 3471 5511 ››
3505 5464 3566 5514 ln
3589 5474 3674 5514 se—

2024 5565 2350 5637 quentibus
2377 5579 2518 5619 vero
2540 5563 2621 5617 ait
2645 5579 2657 5617 :

2098 5672 2129 5706 ‹
2170 5655 2301 5710 Non
2324 5652 2507 5709 habet
2529 5667 2776 5708 necesse
2807 5665 2912 5706 rex
2932 5645 3258 5720 sponsalia,
3298 5641 3414 5697 nisi
3441 5639 3671 5693 tantum
