4130 6182
488 162 600 221 ais
672 100 677 101 ί
1028 144 1034 157 ‘
1601 155 1958 230 meum
1996 150 2119 225 Lux

2279 145 2455 221 sese
2490 146 2805 225 nomen
3806 148 3910 221 βω

499 309 526 337 ι(
571 290 809 355 cantum
867 282 1157 357 praeputia
1220 280 1725 351 Philisthiuprum,
1756 284 1821 341 ut
1868 276 1974 347 ﬁat
1997 273 2140 343 ultio
2173 276 2220 330 Α
2250 270 2497 343 reliqua.
2532 273 2595 341 In
2623 270 2739 333 hoc
2770 285 2917 345 agro
2949 265 3305 331 consiliandi
3334 282 3540 357 causa,
3568 266 3711 343 Saul
3740 270 3915 345 veni—

501 399 529 426 «
570 377 644 431 de
700 356 952 431 inimicis
1000 371 1174 441 regis.
1229 393 1255 433 ›ξ
1310 374 1375 426 Et
1431 370 1740 441 subjungit
1798 368 2139 440 Scriptura:
2251 377 2312 427 re
2353 364 2758 423 consueverat,
2820 359 2923 414 ubi
2980 357 3160 425 etiam
3214 356 3559 431 condictum
3600 356 3913 431 l'uerat.ut

502 490 529 529 ‹(
571 466 751 531 Porro
781 461 1083 532 cogitabat
1122 459 1306 529 David
1334 459 1563 527 tradere
1594 459 1656 515 in
1689 474 1904 527 manus
1935 454 2144 512 Philis-
2252 448 2618 505 occideretur
2650 448 2854 518 David,
2887 448 3052 523 quod
3086 451 3142 501 et
3186 447 3480 505 Jonathas
3515 447 3701 523 David
3751 448 3912 523 indi-

508 572 524 617 ς
570 552 894 621 thinorum.
926 551 1193 621 Cumque
1219 549 1658 608 renuntiassent
1684 548 1841 605 servi
1870 547 2000 618 ejus
2034 547 2144 601 Da-
2257 542 2514 599 caverat.

500 663 527 707 ς(
574 640 666 707 vid
694 639 874 707 verba
902 654 1037 711 quae
1082 637 1313 709 dixerat
1350 637 1510 707 Saul,
1554 659 1582 699 η
1610 640 1667 693 et
1710 636 1959 708 reliqua.
1998 636 2144 691 Ecce
2325 652 2353 678 ί(
2393 626 2553 685 Mittit
2599 626 2743 685 Saul
2790 627 3070 695 custodes
3114 626 3193 682 ad
3258 626 3513 699 domum
3566 627 3777 697 David,
3848 633 3916 685 ut

498 730 655 797 hanc
687 727 1039 797 sententiain
1070 726 1152 782 ita
1190 727 1572 800 digessimus,
1600 730 1779 799 prout
1804 723 2006 797 opinio
2037 720 2140 781 ali-
2255 740 2283 767 «
2325 715 2689 793 custodirent
2717 731 2878 781 eum,
2910 718 2966 770 et
3012 714 3438 791 interﬁceretur
3491 731 3694 787 mane.
3738 718 3914 792 Quod

498 832 756 889 guqrum
782 819 1260 873 commentatur:
1292 831 1478 888 quam
1512 815 1562 872 si
1593 814 1728 888 quis
1750 814 2011 887 recipere
2044 826 2146 866 no-
2256 829 2283 873 ς(
2324 821 2464 877 cum
2512 804 2931 871 annunﬁasset
2972 803 3161 869 David
3211 804 3422 867 ΜῘΟῙΙΟΙ
3475 820 3625 877 UXQI'
3654 822 3787 881 sua.
3820 807 3913 869 di-

497 905 685 973 luerit,
713 920 837 959 non
868 909 1075 963 contra
1104 904 1378 975 dicimus,
1405 904 1508 963 sed
1539 904 1586 959 si
1617 903 1829 961 melius
1849 901 2145 975 intellexe-
2255 918 2281 945 α
2325 910 2464 959 cens
2496 912 2508 950 ε
2542 893 2660 952 Nisi
2689 892 3009 953 SalV'aV'OI‘iS
3046 896 3100 949 te
3129 898 3302 950 nocte
3358 894 3495 963 hac.
3524 910 3656 959 υνδε
3700 895 3915 969 merie-

496 994 587 1064 l‘it:
619 993 785 1066 sequi
809 993 1138 1065 gaudenter
1158 992 1578 1065 gratulabundi
1615 992 2004 1065 decrevimus.
2030 991 2143 1043 Cae-
2255 1006 2282 1032 «
2326 983 2406 1039 ris
2433 1002 2446 1038 :
2476 982 2756 1055 deposuit
2777 998 2915 1038 eum
2943 997 3048 1056 per
3070 982 3411 1049 fenestram.
3436 984 3618 1039 Porro
3647 983 3743 1051 ille
3765 984 3915 1043 abiit

496 1088 689 1155 terum
722 1082 994 1155 dicamus
1026 1082 1393 1153 proutnobis
1426 1082 1673 1153 videtur.
1708 1083 1863 1151 Bene
1895 1080 2005 1151 ait:
2034 1101 2061 1128 ‹‹
2082 1079 2145 1141 In
2254 1094 2282 1122 (ί
2325 1076 2382 1127 et
2429 1071 2600 1141 fugit,
2625 1076 2803 1143 atque
2852 1071 3115 1129 salvatus
3165 1074 3270 1133 est.
3308 1074 3576 1146 Cumque
3608 1073 3915 1145 venissent

498 1171 737 1245 duabus
776 1170 956 1245 rebus
983 1186 1163 1245 gener
1189 1187 1359 1245 meus
1406 1172 1518 1245 gms
1572 1170 1771 1239 hodie"
1801 1192 1828 1219 υ
1874 1167 2148 1241 νωριίοει
2255 1183 2283 1212 ‹‹
2325 1160 2519 1227 nuntii
2560 1159 2719 1225 Saul,
2748 1159 3106 1231 invenerunt
3136 1163 3398 1221 statuam
3448 1160 3508 1229 in
3540 1160 3691 1225 lecto
3726 1161 3915 1225 David

497 1261 641 1335 quia
665 1265 782 1317 tam
801 1260 1102 1333 ingentem
1131 1260 1433 1335 gigantem
1455 1258 1855 1334 prostraverit,
1880 1262 1935 1325 et
1955 1258 2011 1329 in
2031 1258 2146 1327 hoc
2257 1273 2284 1300 α
2324 1249 2604 1322 positam,
2633 1252 2689 1304 et
2718 1248 2934 1321 Pellem
2962 1248 3218 1321 P11053111
3248 1263 3569 1320 caprarum
3600 1249 3677 1305 ad
3724 1255 3918 1323 οδρυί

498 1350 717 1421 dignus
749 1352 874 1419 erat
906 1352 1078 1420 tantae
1110 1348 1359 1421 virtutis,
1394 1354 1454 1409 ut
1485 1364 1666 1418 gener
1707 1347 1861 1419 regis
1891 1346 2146 1420 eiﬁcere-
2255 1362 2283 1390 «
2326 1340 2478 1412 ejus.
2505 1361 2533 1389 »
2555 1337 2887 1403 Audiamus
2908 1354 3050 1408 ergo
3082 1337 3228 1410 quid
3252 1338 3367 1395 hoc
3409 1338 3717 1410 signiﬁcet,
3739 1340 3918 1412 quod

500 1442 595 1493 tur
628 1455 640 1505 ;
672 1442 728 1499 et
748 1437 875 1493 haec
902 1442 990 1494 est
1017 1453 1140 1503 una
1169 1454 1283 1507 res.
1319 1437 1518 1495 Altera
1552 1454 1690 1501 vero
1715 1453 1902 1510 quam
1931 1435 1982 1490 ei
2008 1451 2144 1509 pro-
2252 1428 2478 1491 miserit
2506 1427 2647 1501 Saul
2676 1426 2755 1497 ad
2803 1426 3258 1484 custodiendam
3318 1426 3571 1498 domum
3602 1427 3792 1501 David
3850 1434 3917 1485 ut

499 1525 717 1599 posuit,
747 1525 964 1599 scilicet
995 1526 1043 1597 si
1085 1531 1324 1597 centum
1364 1526 1659 1601 praeputia
1689 1524 2147 1599 Aliophylorum
2253 1534 2393 1575 eum
2422 1516 2837 1589 interficerent.
2898 1519 3015 1579 Hoc
3066 1531 3189 1572 non
3229 1515 3309 1575 ad
3356 1532 3599 1573 crucem
3653 1517 3912 1590 Domini,

498 1614 769 1687 deferret,
801 1615 905 1688 qui
936 1631 1057 1687 non
1091 1615 1285 1689 solum
1320 1622 1579 1687 centum,
1604 1631 1813 1679 verum
1832 1614 2011 1669 etiam
2041 1612 2149 1675 du-
2174 1633 2215 1688 Β
2254 1606 2360 1665 sed
2390 1610 2589 1677 tamen
2618 1605 2696 1662 ad
2726 1604 3072 1679 Passimle
3098 1605 3230 1675 ejus
3261 1606 3531 1678 pertinet.
3585 1605 3915 1665 Cruciﬁxus

498 1709 669 1761 centa
699 1703 905 1775 attulit.
948 1707 1013 1771 Et
1042 1704 1201 1761 unde
1234 1705 1489 1761 creditur
1536 1704 1699 1772 regio
1731 1703 1921 1777 perire
1983 1706 2143 1773 voto,
2253 1696 2412 1767 enim
2461 1694 2744 1765 Christus,
2806 1699 2861 1765 ei
2891 1699 3163 1765 mortuus
3217 1698 3273 1750 et
3320 1694 3589 1767 Sepultus
3634 1700 3746 1753 est.
3780 1699 3917 1757 Erat

496 1793 636 1865 inde
666 1796 831 1849 actus
862 1797 952 1849 est
995 1793 1323 1867 gloriosiori
1373 1795 1639 1867 trophaeo
1671 1810 1683 1853 :
1713 1809 1850 1849 ecce
1878 1790 2141 1849 historia.
2252 1801 2395 1856 ergo
2439 1784 2539 1856 illa
2579 1783 2882 1857 sepultura
2932 1788 3228 1856 tanquam
3288 1784 3531 1853 domus,
3589 1785 3669 1843 ad
3726 1802 3918 1858 quam

498 1885 787 1954 Caeterum
813 1882 1057 1954 tropice,
1088 1883 1253 1954 quod
1286 1883 1425 1943 Saul
1456 1882 1668 1938 callide
1693 1881 1934 1945 simulat
1955 1880 2144 1943 David
2253 1874 2732 1943 custodiendam,
2764 1872 2925 1929 misit
2965 1889 3220 1943 regnum
3269 1874 3636 1943 Judaeorum,
3664 1875 3917 1948 quando

499 1971 709 2043 offerre
739 1971 1086 2041 discrimini,
1119 1976 1176 2035 et
1208 1972 1365 2043 unde
1392 1972 1650 2041 creditus
1682 1976 1768 2028 est
1796 1970 1959 2041 regio
1990 1970 2142 2047 peri-
2253 1964 2531 2031 custodes
2559 1962 2835 2031 adhibuit
2860 1962 3133 2034 sepulcro
3164 1962 3395 2019 Christi.
3442 1965 3760 2033 Quomodo
3788 1981 3921 2022 cus-

497 2075 559 2115 re
607 2064 767 2130 voto,
816 2060 954 2131 inde
999 2064 1166 2132 actus
1218 2060 1548 2131 gloriosiori
1590 2060 1874 2132 trophaeo.
1930 2056 2140 2114 intelli-
2251 2054 2441 2123 todita
2493 2058 2577 2109 est
2625 2052 2866 2121 domus,
2918 2052 2967 2108 si
3017 2052 3202 2109 David
3258 2053 3560 2127 ﬁgurabat
3588 2054 3911 2123 Christum,

414 2172 419 2175 ι
499 2148 655 2218 gitur
706 2147 873 2219 quod
926 2147 1134 2217 Judrei,
1196 2148 1345 2204 dum
1385 2154 1590 2205 contra
1646 2149 2010 2213 voluntatem
2041 2147 2144 2209 Dei
2253 2147 2319 2205 ut
2342 2142 2602 2199 Christus
2633 2140 3062 2209 interﬁceretur
3113 2141 3261 2202 dum
3315 2156 3441 2205 non
3486 2142 3548 2197 in
3603 2143 3917 2215 sepultura

499 2236 792 2309 Christum
818 2236 1145 2297 interficere
1175 2237 1287 2303 nisi
1316 2243 1472 2307 sunt,
1501 2254 1606 2311 per
1636 2238 1694 2305 id
1723 2236 1974 2301 salutem
2002 2252 2141 2306 gen-
2255 2231 2543 2299 Christus,
2601 2230 2701 2287 sed
2757 2232 2819 2301 in
2862 2246 3036 2287 cruce
3094 2230 3169 2291 sit
3215 2230 3557 2293 interfectus
3586 2234 3612 2290 ?
3640 2232 3917 2291 Refertur

463 2326 648 2395 _tium
669 2332 936 2396 egerunt,
966 2342 1072 2399 per
1105 2326 1272 2399 quod
1327 2327 1706 2397 crediderunt
1746 2326 2138 2396 exstinguere.
2254 2338 2396 2392 ergo
2440 2321 2554 2377 hoc
2622 2320 2703 2379 ad
2750 2336 2967 2393 corpus
3034 2320 3244 2377 Christi
3292 2338 3305 2376 :
3356 2321 3504 2394 quia
3583 2321 3912 2389 interﬁcere

500 2416 673 2483 Quod
702 2415 861 2479 enim
896 2415 1080 2477 David
1106 2415 1577 2485 alienigenarum
1611 2415 1910 2487 przeputia-
1932 2414 2140 2483 attulit,
2256 2410 2573 2479 Christum,
2648 2415 2774 2466 erat
2846 2410 3047 2467 tollere
3133 2425 3356 2467 nomen
3424 2410 3646 2473 Christi.
3702 2415 3908 2482 Neque

500 2508 556 2569 et
586 2504 668 2558 sic
693 2504 893 2569 denup
939 2502 1076 2559 ﬁliee
1110 2504 1249 2569 sani
1296 2505 1517 2576 nuptiis
1546 2504 1734 2573 haesit,
1767 2502 2145 2572 signiﬁcabat
2255 2500 2415 2557 enim
2446 2499 2783 2567 crederetur
2811 2500 2875 2565 in
2904 2499 3220 2567 Christum,
3254 2501 3302 2559 si
3339 2500 3715 2565 mendacium
3741 2515 3896 2572 prte-

498 2591 664 2662 quod
717 2591 978 2667 Christus
1032 2606 1155 2649 non
1211 2576 1374 2664 prius
1407 2595 1793 2663 Synagogam
1842 2591 2144 2667 connubio
2255 2589 2475 2655 valeret
2500 2589 2844 2660 custodum,
2876 2588 2980 2661 qui
3034 2590 3296 2662 corrupti
3341 2594 3566 2651 suntut
3590 2588 3903 2645 dicerent:

499 2694 612 2747 suo
632 2679 1087 2751 sponderet,nisi
1105 2679 1398 2753 gloriosus
1418 2680 1769 2751 ingentibus
1790 2681 2145 2745 ﬁeret.Prius
2255 2680 2400 2753 quia
2454 2701 2481 2728 «
2524 2678 2958 2743 dormientibus
3031 2679 3229 2746 nobis,
3288 2684 3581 2743 venerunt
3633 2678 3915 2752 discipuli

500 2767 659 2835 enim
690 2767 754 2835 in
806 2767 1153 2835 nationibus
1203 2770 1493 2837 resecavit
1521 2769 1717 2835 carnis
1754 2769 2146 2843 pollutionem
2256 2769 2406 2839 ejus,
2460 2772 2517 2825 et
2564 2767 2934 2824 abstulerunt
2989 2783 3129 2835 eum
3181 2769 3672 2841 (Matth.xxvui).
3707 2791 3735 2819 ››
3794 2771 3918 2827 Hoc

499 2857 560 2912 in
592 2862 843 2929 utroque
870 2872 1035 2926 sexu,
1069 2862 1350 2930 etpostea
1400 2858 1715 2931 copulatus
1763 2864 1850 2926 est
1886 2860 2150 2931 Synago-
2256 2857 2457 2928 itaque
2516 2856 2664 2919 velle
2716 2856 3011 2913 Christum
3067 2857 3416 2928 interﬁcere,
3466 2874 3693 2917 nomen
3725 2873 3923 2923 resur-

500 2961 611 3016 ges.
646 2949 966 3018 HQSiQuam
997 2946 1178 3018 enim,
1212 2946 1364 3013 sicut
1392 2947 1679 3020 scriptum
1700 2952 1807 3017 est,
1862 2947 2153 3031 introierit
2178 2986 2218 3051 β
2256 2945 2532 3015 rectionis
2563 2945 2693 3015 ejus
2718 2945 3081 3014 extinguere,
3118 2950 3179 3017 ut
3207 2946 3588 3011 mendacium
3646 2951 3925 3017 Evange-

500 3034 828 3106 plenitudn,
861 3040 1002 3109 tunc
1027 3035 1223 3101 omnis
1256 3036 1432 3113 lsrael
1461 3035 1659 3103 salvus
1690 3036 1789 3095 ﬁet
1820 3038 2007 3111 (Rom.
2041 3037 2146 3108 x1).
2180 3034 2218 3051 ¹“”
2256 3034 2335 3090 lio
2364 3034 2756 3107 praeferretur.
2785 3034 2896 3090 Sed
2930 3034 3079 3091 sicut
3138 3034 3283 3089 illud
3338 3051 3461 3091 non
3509 3035 3696 3101 valuit
3745 3036 3920 3105 Saul,

500 3123 693 3195 Dupla
730 3129 951 3192 autem,
980 3123 1039 3190 id
1068 3128 1159 3199 est
1188 3125 1447 3195 ducenta
1468 3126 1759 3198 praeputia
1780 3126 1992 3193 attulit,
2026 3126 2146 3183 sive
2257 3128 2323 3180 ut
2350 3123 2705 3189 interﬁceret
2732 3122 2936 3193 David,
2994 3124 3073 3180 sic
3124 3138 3232 3179 nec
3283 3122 3399 3183 hoc
3429 3124 3624 3196 potuit
3647 3140 3922 3194 regnum

498 3228 607 3284 pro
636 3212 855 3287 ludens
884 3218 940 3281 et
980 3213 1258 3283 gentibus
1300 3214 1628 3287 acquisitis,
1683 3216 1806 3275 sive
1843 3215 1987 3287 quia
2018 3232 2147 3271 ma-
2255 3213 2603 3271 Judaeorum
2628 3212 2881 3283 efﬁcere,
2910 3219 2973 3273 ut
3019 3214 3373 3275 memoriam
3405 3214 3619 3279 Christi
3666 3214 3919 3276 deleret.

492 3300 590 3371 jor
640 3305 728 3356 est
782 3318 1070 3356 numerus
1124 3302 1528 3374 acquisitionis
1584 3303 1795 3376 populi
1855 3304 2143 3374 gentium,
2258 3303 2353 3371 isti
2384 3308 2585 3373 autem
2615 3303 2719 3375 qui
2744 3302 2819 3357 de
2849 3302 3062 3375 virtute
3095 3302 3257 3375 Saul,
3288 3303 3349 3363 id
3376 3308 3464 3369 est
3490 3303 3565 3369 de
3594 3320 3786 3375 regnq
3813 3307 3917 3362 Ju—

498 3405 683 3461 quam
709 3389 1077 3455 credentium
1126 3392 1489 3457 Iudaeorum.
1524 3392 1743 3457 Deinde
1768 3393 1975 3457 odium
2008 3394 2145 3449 Saul
2256 3392 2527 3448 diuorum
2563 3392 2625 3447 in
2650 3391 2877 3448 Christo
2908 3408 3272 3465 praesumere
3293 3393 3628 3469 voluerunt,
3652 3394 3921 3463 olfendeo

498 3478 787 3539 adversus
816 3477 1000 3539 David
1031 3478 1092 3543 in
1122 3483 1354 3545 tantum
1383 3480 1565 3545 auxit,
1601 3486 1663 3543 ut
1691 3497 1793 3539 iex
1837 3482 1916 3543 ob
1946 3483 2145 3541 mede-
2255 3486 2395 3536 runt
2414 3480 2473 3543 in
2499 3480 2763 3553 lapidem
2786 3480 3160 3554 olfensionis,
3192 3486 3485 3554 tanquam
3535 3482 3599 3550 in
3630 3488 3915 3554 statuam,

498 3566 621 3628 lam
651 3565 743 3627 sui
772 3565 1033 3636 spiritus,
1074 3567 1252 3625 David
1312 3584 1478 3633 more
1535 3568 1889 3640 psallentem
1943 3572 2145 3643 jaculo
2256 3573 2313 3635 et
2336 3568 2547 3624 haedus
2577 3570 2661 3625 eis
2685 3568 2849 3627 visus
2871 3574 2958 3626 est
2996 3584 3194 3639 agnus
3227 3587 3240 3625 :
3275 3570 3422 3642 quia
3458 3569 3519 3638 in
3550 3586 3727 3642 quem
3772 3587 3917 3642 pec-

501 3659 816 3715 conaretur
845 3655 1157 3715 coniicere.
1192 3656 1340 3719 Quid
1374 3661 1462 3714 est
1489 3658 1651 3729 quod
1707 3658 1854 3717 dum
1907 3662 2146 3717 Saulem
2255 3660 2456 3713 catum
2486 3672 2609 3713 non
2651 3657 3009 3717 invenerunt
3061 3658 3236 3731 quasi
3285 3663 3659 3733 peccatorem
3710 3673 3910 3731 perse-

501 3743 742 3815 spiritus
767 3743 1060 3803 adversus
1088 3744 1413 3819 invaderet,
1445 3747 1823 3819 apprehensa
1852 3751 2038 3825 David
2072 3751 2142 3807 ci-
2254 3745 2376 3805 cuti
2405 3750 2564 3803 sunt.

499 3833 692 3901 thara,
717 3833 846 3903 ejus
866 3833 1178 3891 vesaniam
1199 3834 1553 3905 mitigabat?
1569 3836 1678 3893 Per
1701 3837 1937 3896 Saulem
1961 3840 2142 3911 enim,
2327 3856 2355 3884 (ι
2397 3834 2742 3890 Nuntiatum
2768 3838 2857 3891 est
2884 3834 3043 3891 Sauli
3074 3851 3110 3891 ἃ
3130 3835 3466 3892 dicentibus
3492 3855 3505 3892 ε
3541 3840 3686 3893 Ecce
3726 3836 3918 3892 David

497 3921 842 3979 Judaeorum
887 3921 1062 3981 elatio
1096 3939 1108 3981 ε
1150 3938 1256 3994 per
1306 3925 1492 3983 David
1549 3930 1772 3996 autem,
1839 3912 2145 3989 humilitas
2257 3945 2285 3972 α
2326 3924 2389 3979 in
2413 3923 2625 3979 Naioth
2651 3924 2714 3978 iu
2742 3926 2948 3979 Rama-
2976 3945 3005 3974 >)
3048 3923 3259 3981 Naioth
3289 3925 3458 3982 locus
3491 3927 3668 3982 estin
3700 3929 3917 3991 Rama,

500 4010 714 4069 Christi
741 4010 1128 4081 signiﬁcatur.
1164 4015 1310 4071 Cum
1341 4028 1483 4082 ergo
1516 4014 1655 4075 Saul
1699 4016 1778 4073 ab
1830 4016 2146 4093 inimundo
2255 4013 2361 4071 ubi
2390 4013 2541 4069 sedit
2563 4013 2767 4068 David.
2802 4016 2989 4071 Rama
3013 4029 3155 4085 vero
3183 4014 3246 4070 in
3275 4015 3436 4081 tribu
3483 4016 3802 4087 Benjamin
3832 4017 3918 4071 ci-

501 4098 710 4169 spiritu
740 4098 1038 4170 arripitur,
1057 4099 1240 4159 David
1271 4107 1541 4171 canente,
1575 4104 1704 4174 ejus
1733 4106 1978 4163 venasia
1999 4111 2147 4163 tem-
2257 4103 2407 4158 vitas
2444 4107 2531 4160 est
2556 4102 2766 4175 Saulis,
2798 4104 2861 4158 in
2906 4109 3074 4159 sexto
3107 4103 3385 4177 milliaro,
3418 4105 3496 4161 ab
3518 4105 3685 4175 Helia
3714 4106 3796 4165 ad
3829 4122 3919 4162 se-

499 4192 741 4258 peratur
770 4204 782 4242 :
811 4187 955 4259 quia
1002 4204 1140 4244 cum
1194 4205 1405 4246 sensus
1456 4192 1800 4249 Judaeorum
1856 4210 1963 4266 per
1989 4195 2147 4255 blas-
2256 4191 2715 4264 ptentrionalem
2746 4191 2988 4263 plagam
3021 4197 3231 4249 contra
3258 4194 3477 4259 Bethel.
3523 4194 3653 4263 Alia
3679 4200 3770 4267 est
3814 4211 3921 4255 au-

498 4275 805 4346 phemiam
848 4276 910 4333 in
965 4276 1226 4339 furorem
1259 4281 1516 4349 vertitur,
1568 4282 1820 4353 dignum
1852 4288 1940 4342 est
1971 4290 2033 4339 ut
2066 4284 2145 4339 ad
2174 4338 2217 4355 ἢ
2258 4283 2378 4336 tem
2401 4278 2463 4333 in
2493 4279 2651 4339 tribu
2680 4286 2840 4335 ASeP-
2879 4281 3089 4339 NaiOlh
3116 4281 3534 4355 interpretatur
3571 4285 3925 4353 pulchritu-

501 4362 755 4423 salutem
783 4369 1012 4427 mentes
1040 4382 1269 4435 eorum,
1302 4371 1476 4440 quasi
1514 4371 1828 4431 dulcedine
1881 4372 2143 4445 citharae,
2173 4362 2219 4393 υ
2257 4370 2351 4431 do,
2380 4373 2436 4424 et
2464 4370 2656 4426 Rama
2683 4371 2999 4433 excelsum.
3027 4374 3180 4427 Bene
3207 4388 3350 4442 ergo
3385 4372 3750 4431 conveniunt
3788 4374 3925 4430 hrec

499 4452 816 4523 locutionis
867 4457 1227 4529 evangelicae
1286 4460 1712 4531 tranquillitate
1773 4467 2141 4519 revocentur.
2254 4457 2506 4514 nomina
2563 4458 2854 4529 locorum,
2904 4459 3086 4516 rebus
3132 4460 3194 4516 in
3223 4462 3315 4516 his
3344 4461 3613 4534 expletis,
3637 4462 3744 4535 qui
3774 4479 3928 4535 pro-

498 4546 649 4609 Diam
679 4544 845 4616 quod
870 4545 1036 4605 nisus
1064 4552 1156 4603 est
1184 4547 1323 4607 Sani
1352 4548 1651 4617 conﬁgere
1701 4549 1890 4605 David
1935 4550 2147 4608 lancea
2255 4547 2573 4621 phetarum
2597 4548 2755 4604 dicta
2781 4555 2836 4606 et
2860 4549 3273 4607 celsitudinem
3300 4551 3529 4609 habent
3557 4552 3823 4609 scientias
3847 4569 3927 4611 ac

498 4632 832 4706 inpariete,
893 4640 951 4694 et
1004 4636 1189 4693 David
1251 4636 1587 4705 declinavit,
1635 4642 1691 4693 et
1738 4637 1949 4696 lancea
1974 4656 2147 4697 casso
2257 4642 2628 4697 venustatem
2656 4638 2990 4696 locutionis.

500 4723 744 4782 vulnere
774 4725 1001 4799 perlata
1040 4730 1132 4783 est
1169 4725 1230 4783 in
1265 4726 1576 4801 parietem,
1628 4742 1952 4805 possumus
1977 4729 2149 4799 juxta
2329 4748 2357 4776 ‹‹
2400 4730 2466 4783 Et
2485 4728 2835 4800 exspoliavit
2857 4745 2918 4785 se
2941 4729 3120 4786 etiam
3148 4729 3277 4802 ipse
3293 4730 3662 4789 vestimentis
3689 4732 3844 4804 suis,
3867 4740 3933 4791 et

500 4814 799 4884 quosdam
830 4814 910 4871 ita
954 4814 1279 4883 intelligere
1309 4813 1495 4886 quod,
1526 4816 1888 4888 praedicante
1919 4818 2147 4879 Christo
2258 4839 2285 4869 «
2328 4818 2705 4890 prophetavit
2735 4834 2872 4875 cum
2905 4819 3131 4875 caeteris
3161 4835 3367 4875 coram
3387 4820 3648 4885 Samuel,
3682 4826 3740 4881 et
3761 4825 3931 4879 ccci-

392 4961 402 4970 ,
502 4903 910 4972 Evangelium,
942 4903 1133 4958 Judaei
1189 4903 1452 4960 meditati
1497 4911 1636 4961 sunt
1681 4906 1733 4962 ei
1763 4912 2018 4965 mortem
2059 4908 2146 4964 in-
2258 4928 2285 4955 «
2325 4906 2410 4962 nit
2431 4907 2631 4963 nudus
2655 4910 2777 4964 tota
2795 4907 2890 4964 die
2915 4907 3019 4964 illa
3052 4912 3110 4965 et
3143 4915 3336 4971 nocte.
3372 4908 3537 4971 Unde
3559 4910 3741 4975 exivit
3775 4928 3934 4983 pro-

499 4990 670 5062 ferre,
697 4991 802 5047 sed
824 4991 971 5045 dum
1000 4990 1096 5047 ille
1127 4990 1206 5047 ab
1238 4992 1322 5047 eis
1351 4992 1429 5047 ad
1462 4994 1716 5051 salutem
1771 4997 2035 5065 gentium
2066 4996 2147 5052 vi-
2258 5019 2286 5047 «
2326 4995 2600 5055 verbium
2623 5015 2635 5053 :
2656 5000 2809 5055 Num
2830 4996 3199 5055 etSaulinter
3213 4999 3580 5071 prophetas?
3602 5020 3631 5048 »
3656 5001 3937 5065 Quaestio

498 5096 611 5135 vus
642 5077 903 5143 secessit,
930 5077 1123 5134 solam
1154 5077 1437 5139 duritiam
1467 5082 1684 5141 mentis
1712 5082 1951 5139 illorum
1980 5084 2149 5140 mali—
2254 5100 2479 5153 magna
2495 5085 2591 5141 hic
2611 5085 2815 5153 oritur,
2845 5103 2984 5143 cum
3005 5087 3067 5142 in
3105 5087 3585 5160 prmcedentibus
3624 5088 3873 5163 legatur
3916 5110 3934 5148 :

500 5166 580 5223 tia
600 5182 711 5223 sua
740 5164 905 5221 lwsit.
2256 5173 2464 5228 Etnon
2483 5173 2880 5231 viditSamuel
2902 5176 3160 5250 Saulem,
3191 5194 3383 5250 usque
3417 5178 3482 5237 in
3515 5177 3681 5241 diem
3708 5182 3940 5238 mortis

1131 5257 1352 5312 CAPUT
1389 5258 1530 5312 XIX.
2256 5276 2399 5329 suae,
2440 5264 2498 5317 et
2544 5260 2640 5316 hic
2669 5264 3062 5335 prophetasse
3109 5282 3313 5325 coram
3344 5266 3617 5325 Samuele
3658 5267 3936 5331 dicatur.

574 5361 601 5389 «
645 5338 914 5410 Dixitque
983 5342 1273 5400 Jonathas
1324 5344 1399 5399 ad
1480 5346 1682 5407 David.
1766 5350 1885 5416 Ego
1944 5350 2144 5404 autem
2256 5352 2448 5416 Quam
2477 5351 2871 5423 quaestionem
2892 5353 3134 5411 duobus
3161 5356 3358 5413 modis
3386 5356 3618 5417 Hebre-ii
3639 5356 3938 5418 solvunt:

502 5448 530 5476 ‹‹
571 5427 885 5517 egrediens
922 5432 1092 5487 stabo
1122 5433 1289 5502 juxta
1335 5440 1569 5505 patrem
1620 5451 1823 5492 meum
1882 5436 1943 5491 in
2000 5454 2145 5507 agro
2254 5443 2368 5495 Aut
2394 5456 2517 5495 non
2547 5440 2873 5509 viditcum,
2921 5445 3064 5516 quia
3110 5446 3360 5517 quando
3386 5447 3631 5516 junctus
3657 5452 3748 5505 est
3780 5449 3943 5508 Saul

503 5537 528 5563 ‹‹
573 5515 916 5590 ubicunque
947 5519 1138 5587 fuerit,
1172 5527 1227 5576 et
1248 5539 1359 5592 ego
1385 5522 1599 5594 loquar
1630 5524 1704 5578 de
1730 5530 1779 5581 te
1808 5526 1884 5582 ad
1913 5534 2143 5598 patrem
2253 5544 2445 5584 cuneo
2470 5530 2921 5602 prophetarum,
2943 5515 3263 5593 abscondit
3293 5552 3355 5589 se
3389 5515 3631 5592 Samuel
3658 5550 3733 5590 ne
3758 5537 3945 5594 vide-

502 5627 532 5661 (ς
570 5620 798 5678 meum,
819 5612 877 5667 et
903 5609 1313 5686 quodcunque
1332 5613 1560 5684 videro,
1576 5613 1868 5681 nuntiabo
1890 5616 2016 5683 tibi,
2041 5639 2069 5666 »
2089 5620 2146 5673 et
2253 5620 2415 5681 retur
2434 5617 2513 5675 ab
2534 5635 2605 5676 eo
2634 5636 2647 5676 :
2667 5625 2771 5681 aut
2788 5638 2913 5681 non
2938 5624 3085 5684 vidit
3102 5624 3349 5697 indutus
3363 5623 3575 5687 habitu
3595 5624 3943 5698 regio,quo
