4136 6176
317 187 425 250 317

309 415 504 470 usque
558 399 620 459 in
665 399 828 464 diem
863 401 1068 464 mortis
1106 417 1250 469 suae,
1303 401 1677 469 subauditur,
1729 400 1973 461 indutus

309 487 526 548 habitu
575 489 762 557 regio.
804 489 1177 562 Exspoliasse
1225 507 1366 547 vero
1413 508 1475 548 se
1522 507 1642 546 non
1693 488 1975 546 omnibus

309 577 702 647 vestimentis,
753 579 858 634 sed
897 579 1200 649 regalibus
1247 584 1478 638 tantum
1524 577 1975 649 intelligendum

311 670 418 722 est.
457 666 625 724 Idem
652 667 939 740 quaeritur
974 668 1284 741 quomodo
1313 673 1370 729 et
1414 668 1496 726 illi
1526 669 1631 742 qui
1667 667 1836 724 missi
1880 682 1974 724 es-

313 759 446 812 sent
470 755 550 816 ad
582 756 910 819 tenendum
956 756 1264 822 hominem
1317 762 1374 814 et
1403 758 1483 814 ad
1520 773 1730 814 necem
1758 756 1978 820 ducen-

314 843 485 909 dum,
521 843 668 909 tales
701 844 802 908 Dei
841 845 1060 917 Spiritu
1088 845 1242 912 efﬁci
1287 845 1454 916 digni
1496 849 1859 906 meruerunt.
1915 847 1980 900 Et

313 932 614 1006 Saulipse
669 933 766 999 cui
793 933 1052 1006 miserat,
1085 935 1332 992 veniens
1365 940 1420 998 et
1448 935 1580 1009 ipse
1622 934 1977 1008 sanguinem

312 1023 695 1088 innocentem
751 1039 1028 1096 quarens
1075 1023 1401 1094 effundere,
1449 1024 1718 1096 accipere
1762 1022 1978 1086 meruit

315 1111 594 1183 Spiritum
627 1112 793 1176 illum
824 1117 881 1176 et
910 1113 1286 1186 prophetare.
1339 1115 1643 1180 Quantum
1692 1113 1850 1172 enim
1899 1109 1979 1168 ad

312 1199 571 1264 litteram
604 1199 830 1266 attinet,
863 1204 1117 1266 nonest
1161 1201 1382 1258 mirum
1422 1201 1732 1260 hominem
1779 1215 1980 1272 repro-

309 1288 462 1354 bnm
511 1288 591 1352 ad
622 1294 929 1353 momenta
980 1289 1317 1356 transitoria
1366 1291 1782 1364 prophetasse,
1831 1289 1978 1350 dum

240 1414 252 1423 -
313 1377 496 1440 etiam
549 1375 722 1440 multi
776 1377 998 1442 similes
1052 1379 1380 1452 prophetia
1423 1379 1654 1438 donum
1705 1378 1979 1448 legantur

314 1466 602 1528 habuisse
639 1484 651 1522 :
685 1467 836 1526 sicut
868 1467 1106 1530 Balaam
1146 1467 1240 1526 ille
1269 1469 1586 1542 reprobus,
1622 1484 1806 1541 quam
1854 1483 1976 1534 non

313 1561 470 1617 tacet
499 1555 795 1628 scriptura
818 1556 1046 1628 judicio
1070 1558 1275 1616 divino
1302 1575 1429 1614 esse
1460 1558 1839 1624 damnatum,
1873 1555 1976 1613 sed

1319 187 1576 251 ENARB.
1618 189 1686 255 tu
1728 184 1982 256 LIBROS
2010 146 2269 262 misum.
2311 219 2380 250 —.
2421 189 2488 260 us;
2530 187 2642 267 1,18
2683 191 2723 245 ι.

306 309 560 377 indutus
585 314 734 378 erat,
767 310 1024 384 ideoque
1073 311 1298 378 dictum
1331 317 1421 373 est
1452 330 1466 368 :
1500 315 1628 370 Non
1657 310 1806 369 vidit
1832 326 1970 368 eum
2000 327 2048 384 Α

3623 192 3733 262 318

2726 314 2950 373 CAPUT
2987 315 3091 373 XX.

2154 419 2184 454 ‹
2227 401 2291 456 Et
2318 400 2398 456 ait
2427 399 2726 468 Jonathan
2770 401 2848 458 ad
2896 401 3132 460 David:
3186 400 3266 462 Sit
3313 401 3602 478 Dominus
3652 406 3734 460 te-

2083 510 2111 538 ‹‹
2153 505 2312 557 cum,
2347 491 2497 546 sicut
2523 489 2629 546 fuit
2661 507 2798 548 cum
2815 496 2979 564 patre
3010 506 3166 549 meo.
3202 491 3271 567 Et
3301 489 3348 557 si
3394 490 3615 562 vixero,
3648 489 3736 548 fa-

2083 600 2108 625 «
2152 577 2272 640 cies
2303 577 2447 642 mihi
2489 579 2959 637 misericordiam
2994 577 3303 634 Domini.»
3359 578 3529 650 Quod
3575 579 3737 638 enim

2083 688 2111 726 ς(
2180 667 2279 734 ait,
2323 689 2350 715 ‹‹
2385 666 2458 730 sit
2502 669 2788 734 Dominus
2823 674 3040 743 tecum,
3092 667 3244 724 sicut
3288 667 3398 726 fuit
3448 684 3586 736 cum
3634 683 3738 742 pa-

2083 777 2111 806 «
2155 760 2239 812 tre
2281 773 2438 815 meo.
2475 780 2502 806 »
2553 757 2698 813 mihi
2733 757 2966 816 videtur
3011 758 3092 814 ita
3132 773 3312 830 posse
3350 756 3615 830 intelligi,
3667 773 3736 814 ac

2083 845 2131 920 si
2161 851 2362 918 aperte
2399 845 2660 908 diceret:
2693 849 3044 906 Permaneat
3088 847 3335 919 Spiritus
3383 845 3616 904 Domini
3659 850 3738 907 te-

2083 951 2242 1000 cum,
2278 934 2425 990 sicut
2455 936 2560 991 t'uit
2591 936 2754 1012 prius
2779 935 2840 994 in
2869 940 3037 1012 patre
3063 952 3217 1004 meo,
3267 939 3323 993 et
3352 935 3433 991 sic
3482 933 3736 1006 sublime

2085 1022 2263 1080 faciat
2291 1039 2544 1096 regnum
2577 1029 2744 1084 tuum
2777 1026 2927 1086 sicut
2950 1025 3204 1091 sublime
3235 1023 3368 1082 fecit
3396 1023 3579 1098 patris
3619 1022 3737 1080 mei

2084 1129 2359 1184 regnum.
2395 1135 2420 1161 «
2455 1117 2518 1170 Et
2549 1114 2596 1173 si
2628 1114 2848 1184 vixero,
2881 1114 3064 1180 facies
3096 1113 3242 1176 mihi
3267 1111 3738 1180 misericordiam

2086 1202 2339 1266 Domini,
2369 1226 2395 1252 »
2425 1207 2487 1264 ut
2516 1203 2736 1273 scilicet
2776 1203 3076 1281 secundus
3120 1203 3231 1266 sim
3273 1202 3336 1260 in
3376 1217 3562 1274 regno
3609 1204 3735 1268 tuo.

2091 1313 2108 1346 ι
2139 1293 2240 1351 Sin
2268 1308 2405 1350 vero
2437 1297 2712 1367 mortuus
2743 1293 2932 1370 inero,
2963 1309 3087 1353 non
3117 1291 3348 1366 auferes
3400 1289 3736 1349 misericor-

2085 1381 2247 1436 diam
2285 1386 2446 1445 tuam
2475 1399 2512 1462 a
2539 1381 2722 1444 domo
2751 1399 2888 1440 mea
2919 1397 3113 1455 usque
3142 1381 3202 1454 in
3235 1379 3681 1454 sempiternum.
3709 1399 3736 1428 ››

2086 1471 2255 1538 Quod
2312 1487 2454 1528 vero
2510 1470 2936 1543 subjungitur:
2998 1469 3298 1546 «quando
3354 1465 3741 1535 eradicaverit

2087 1561 2373 1634 Dominus
2395 1560 2667 1623 inimicos
2697 1559 2880 1616 David
2903 1574 3398 1632 unumquemque
3424 1558 3498 1626 de
3531 1562 3736 1612 terra.»

315 1651 520 1706 tamen
547 1647 927 1719 prophetiam
954 1647 1237 1708 habebat.
1274 1649 1390 1704 Nec
1419 1647 1520 1708 illa
1553 1647 1740 1704 verba
1758 1663 1976 1720 parum
2007 1681 2048 1735 Β
2089 1653 2151 1708 Et
2171 1654 2308 1724 post
2328 1667 2523 1726 pauca
2545 1650 2854 1722 subjunxit
2879 1667 2892 1704 :
2921 1673 2949 1700 «
2974 1654 3031 1706 et
3067 1649 3331 1722 requirat
3354 1647 3642 1716 Dominus
3665 1644 3739 1700 de

316 1739 679 1795 altastantur
743 1735 882 1794 huic
940 1736 1262 1804 sententiis,
1335 1752 1471 1808 quin
1527 1735 1588 1792 in
1659 1735 1978 1807 Evangelio
2009 1734 2018 1735 ⁷⁷
2087 1756 2271 1796 manu
2302 1739 2680 1808 inimicorum
2717 1739 2920 1807 David,
2946 1759 2974 1792 »
2999 1755 3106 1811 per
3127 1737 3612 1810 anticipationem
3637 1734 3742 1794 uti-

315 1825 541 1896 scripta
568 1830 705 1880 sunt
737 1824 956 1886 multos
985 1825 1248 1884 dicturos
1276 1825 1337 1882 in
1389 1825 1486 1884 illa
1535 1825 1650 1893 die,
1708 1825 1974 1891 Domine,

316 1915 592 1983 Domine,
621 1914 684 1973 in
718 1919 818 1972 tuo
863 1914 1107 1974 nomine
1149 1914 1677 1985 manducavimus,
1727 1919 1784 1972 et
1829 1913 1980 1971 bibi-

319 2020 479 2071 mus,
507 2011 564 2063 et
591 2005 653 2062 in
685 2005 928 2066 nomine
969 2011 1071 2062 tuo
1123 2005 1635 2078 prophetavimus,
1685 2005 1830 2065 etin
1877 2020 1981 2060 no-

321 2096 485 2151 mine
513 2100 617 2152 tuo
647 2095 889 2152 virtutes
920 2095 1137 2152 multas
1164 2096 1432 2153 fecimus.
1465 2096 1693 2161 Quibus
1715 2095 1980 2152 dicturus

319 2189 447 2241 est:
479 2206 509 2238 κ
543 2188 670 2242 Non
699 2185 842 2241 novi
869 2201 1000 2254 vos,
1031 2185 1320 2242 discedite
1349 2202 1383 2242 a
1415 2202 1530 2252 me,
1580 2185 1833 2258 operarii
1869 2183 1978 2242 ini-

320 2273 562 2346 quitatis
604 2276 774 2341 (Luc.
822 2276 963 2344 xui).
1011 2295 1040 2324 ››
1089 2275 1324 2346 Mystice
1382 2279 1582 2333 autem
1635 2273 1980 2345 exemplum

321 2364 503 2434 hujus
532 2363 670 2419 Sani
711 2363 1180 2436 nuntiorumqne
1229 2364 1378 2434 ejus,
1426 2365 1488 2420 in
1531 2364 1644 2421 hac
1691 2362 1982 2420 sententia

315 2453 425 2526 qui
452 2454 812 2526 prophetare
845 2458 1171 2526 cmperunt,
1220 2455 1322 2526 qui
1375 2454 1454 2510 ad
1495 2452 1978 2526 persequendum

318 2543 509 2599 David
563 2543 730 2599 missi
757 2548 918 2614 sunt,
965 2543 1113 2616 quid
1162 2543 1326 2602 aliud
1373 2545 1814 2614 signiﬁcabunt,
1865 2544 1979 2602 nisi

313 2634 626 2707 quosdam
656 2634 986 2702 hereticos,
1017 2633 1120 2708 qui
1151 2634 1377 2706 aliquid
1415 2633 1559 2690 boni
1607 2634 1682 2690 de
1729 2649 1978 2690 munere

319 2725 572 2798 Spiritus
605 2724 796 2780 sancti
843 2723 1090 2792 habent,
1143 2723 1293 2779 sicut
1339 2728 1694 2780 testamenta
1738 2723 1886 2793 legis
1924 2727 1981 2778 et

319 2813 642 2883 Evangelii,
677 2813 830 2868 sicut
855 2813 1138 2885 baptismi
1177 2819 1642 2880 sacramentum,
1682 2813 1788 2882 sed
1817 2811 1978 2869 Chri-

315 2907 477 2959 stum
533 2903 595 2958 in
643 2903 934 2958 membris
975 2903 1098 2958 suis
1139 2904 1624 2976 persequuntur?
1665 2903 1776 2968 Qui
1819 2903 1980 2958 enim

315 2993 395 3048 ad
429 2992 756 3049 Ecclesiam
788 2991 1144 3048 catholicam
1188 2991 1452 3060 veniunt,
1506 3007 1628 3047 non
1673 2997 1760 3048 est
1807 2993 1867 3048 in
1897 2991 1980 3048 eis

315 3083 440 3148 ullo
465 3083 657 3146 modo
681 3081 1058 3148 violandum,
1087 3086 1190 3138 aut
1218 3083 1390 3154 quasi
1418 3097 1541 3137 non
1569 3081 1832 3138 habeant
1863 3085 1980 3136 tra-

313 3171 616 3241 dendum,
651 3171 759 3226 sed
793 3175 992 3228 tamen
1023 3187 1126 3226 eos
1154 3186 1278 3226 non
1307 3169 1444 3225 ideo
1476 3169 1695 3230 debere
1725 3169 1982 3226 salutem

313 3260 648 3328 conﬁdere,
672 3261 814 3333 quia
844 3276 966 3316 non
994 3261 1413 3333 improbemus
1437 3259 1602 3332 quod
1633 3259 1764 3314 illos
1819 3275 1982 3314 acce-

323 3351 494 3422 pisse
525 3350 834 3416 credimus,
865 3349 972 3405 sed
999 3355 1231 3422 oportet
1257 3365 1370 3404 nos
1411 3363 1772 3418 cognoscere
1793 3347 1983 3403 unita-

329 3442 456 3493 tem
484 3443 540 3493 et
567 3439 897 3496 societatem
933 3437 1168 3496 vinculo
1198 3437 1525 3504 charitatis,
1559 3437 1687 3492 sine
1712 3452 1837 3508 qua
1856 3452 1982 3492 om-

333 3528 480 3584 nino
507 3528 792 3604 quidquid
825 3529 1164 3597 habuerint,
1196 3527 1475 3600 quamvis
1499 3531 1774 3582 sanctum
1802 3530 1980 3598 atque

327 3616 760 3688 venerandum,
787 3618 906 3690 ipsi
937 3623 1138 3674 tamen
1168 3616 1312 3672 nihil
1343 3620 1499 3672 sunt.
1535 3615 1645 3681 Qui
1689 3621 1852 3672 tanto
1891 3616 1980 3670 in-

321 3706 628 3775 dignior-as
656 3705 850 3761 eﬂ‘ecti
873 3706 1119 3778 praemio
1145 3706 1276 3761 vitae
1307 3695 1566 3774 aeternae,
1597 3709 1826 3777 quanto
1867 3702 1982 3758 illis

337 3793 502 3848 donis
523 3795 648 3850 adn
681 3795 836 3850 bene
866 3795 958 3850 usi
990 3800 1150 3861 sunt,
1181 3810 1316 3866 quae
1354 3794 1413 3848 in
1447 3793 1564 3848 vita
1610 3809 1745 3865 quae
1774 3791 1984 3848 transi-

337 3883 476 3938 toria
501 3891 614 3953 est,
647 3889 1026 3956 acceperunt.
1060 3885 1315 3940 Possunt
1359 3887 1540 3938 etiam
1587 3881 1648 3936 in
1691 3883 1804 3937 hoc
1850 3881 1985 3937 loco

325 3973 677 4030 indecorum
708 3989 832 4030 non
856 3975 1183 4044 incongrue
1215 3977 1445 4042 gestare
1490 3987 1837 4044 personam,
1883 3971 1988 4042 qui

323 4062 467 4118 dum
500 4063 767 4119 adversa
795 4063 1044 4136 cupiunt
1071 4062 1320 4128 Christo,
1365 4062 1590 4116 habent
1636 4059 1698 4114 in
1741 4075 1845 4114 ore
1895 4075 1988 4114 sa-

321 4157 637 4209 cramenta
664 4152 830 4223 legis,
882 4157 941 4208 et
992 4153 1422 4225 prophetarum
1461 4149 1540 4206 ad
1585 4147 1990 4205 testimonium

323 4243 557 4310 Christi,
595 4249 654 4299 et
681 4259 821 4299 eum
853 4243 1131 4308 Ecclesia,
1163 4241 1338 4314 quasi
1369 4257 1509 4299 cum
1561 4238 1868 4313 prophetis
1915 4237 1990 4292 de

320 4333 646 4406 Scripturis
675 4333 1004 4405 disputant,
1043 4331 1196 4387 sicut
1226 4330 1312 4386 illi
1349 4346 1489 4385 cum
1533 4327 1839 4401 prophetis
1885 4343 1988 4382 va-

323 4422 751 4477 ticinabantur.
781 4424 992 4487 Quem,
1027 4420 1167 4476 Saul
1223 4433 1591 4492 persequens
1641 4422 1696 4472 et
1737 4416 1991 4489 prophe-

327 4515 479 4574 tans,
511 4511 940 4584 prmiiguravit,
983 4509 1095 4564 nisi
1143 4508 1380 4566 Seribas
1421 4511 1478 4563 et
1519 4506 1848 4562 Pharisaaos
1895 4505 1991 4559 Ju-

326 4600 622 4666 daeorum,
680 4601 786 4672 qui
835 4601 1213 4655 sacramenta
1262 4597 1409 4666 legis
1452 4600 1509 4652 et
1535 4596 1988 4669 prophetarum,

323 4705 460 4762 qua:
489 4691 568 4745 de
595 4689 828 4745 Christo
858 4692 996 4743 sunt
1023 4687 1433 4762 pronuntiata,
1462 4685 1539 4740 ad
1585 4683 1991 4741 testimonium

319 4782 454 4850 ejus
483 4779 544 4835 in
578 4795 682 4835 ore
731 4783 1056 4852 portantes,
1107 4793 1246 4833 cum
1291 4774 1700 4832 ecclesiasticis
1749 4772 1892 4828 viris
1916 4772 1992 4827 de

319 4869 649 4942 Scripturis
679 4868 900 4924 sanctis
931 4867 1242 4941 disputant
1268 4866 1296 4921 τ
1323 4864 1496 4931 Quod
1525 4869 1725 4919 autem
1760 4862 1900 4919 Saul
1929 4877 1992 4916 se

321 4959 618 5032 spoliaras,
639 4958 842 5014 nudus
866 4957 1216 5013 vaticinatus
1243 4971 1370 5010 esse
1395 4954 1630 5022 dicitur,
1657 4952 1771 5007 hoc
1802 4952 1994 5024 praeﬁ-

319 5065 575 5122 gurasse
599 5065 725 5105 non
755 5053 844 5104 est
873 5047 1251 5117 ambiguum,
1291 5043 1459 5117 quod
1498 5041 1764 5116 populus
1798 5040 1994 5097 Judae-

321 5156 524 5206 orum,
553 5139 730 5210 cujus
755 5152 1076 5211 personam
1107 5135 1268 5190 idem
1307 5133 1445 5189 Saul
1477 5131 1750 5204 gestavit,
1800 5129 1878 5186 ab
1907 5130 1995 5186 in-

322 5231 619 5285 dumento
645 5227 788 5283 ﬁdei
814 5231 994 5300 atque
1013 5223 1328 5282 sacerdotii
1375 5222 1662 5293 digni-tate
1705 5219 1988 5287 nudatus,

323 5323 381 5376 et
413 5318 603 5389 gloria
632 5316 803 5385 regni
831 5315 1140 5387 spoliatus,
1182 5312 1365 5369 verba
1393 5311 1542 5380 legis
1583 5315 1641 5365 et
1667 5309 1989 5382 propheta-

321 5426 480 5476 rum,
513 5425 654 5482 quae
683 5407 759 5463 de
805 5405 1035 5461 Christo
1085 5403 1492 5460 testimonium
1538 5397 1870 5472 perhibent,
1923 5397 1987 5452 in

321 5515 425 5553 ore
456 5503 724 5569 portans,
758 5496 1039 5551 eumdem
1068 5493 1368 5549 Christum
1398 5490 1739 5556 Dominum,
1763 5487 1836 5542 de
1865 5503 1986 5558 quo

319 5603 445 5642 non
474 5586 812 5656 intelligens
843 5585 1175 5657 prophetat,
1219 5581 1457 5640 malitiae
1489 5596 1611 5640 sum
1658 5578 1841 5634 livore
1889 5591 1987 5632 ex-

323 5681 580 5733 ctecatus
610 5673 1006 5748 persequitur.

2084 1844 2202 1900 que
2229 1827 2382 1898 fecit,
2416 1828 2580 1900 prius
2609 1827 2919 1884 historiam
2950 1826 3532 1897 interserendo,quia
3553 1823 3740 1896 multo

2084 1921 2221 1992 post
2261 1922 2524 1989 tempore
2553 1916 2774 1972 factum
2803 1921 2907 1987 est,
2940 1933 3078 1974 cum
3108 1915 3413 1972 interfecto
3447 1912 3742 1982 Saule,re-

2087 2021 2272 2075 gnum
2296 2006 2372 2062 ad
2405 2005 2658 2073 domum
2690 2004 2876 2062 David
2909 2003 3259 2062 translatum
3287 2007 3396 2060 est.
3427 2005 3492 2060 Et
3519 2000 3624 2074 qui
3649 1999 3739 2056 in-

2085 2100 2401 2150 nocentem
2423 2109 2561 2152 cum
2591 2093 2809 2164 injuste
2842 2091 3376 2168 persequebantur,
3411 2090 3574 2161 justa
3603 2091 3742 2144 sunt

2086 2183 2368 2240 divinitus
2401 2183 2618 2250 ultione
2647 2181 2897 2238 multati.
2930 2184 3089 2240 Tunc
3119 2180 3279 2236 enim
3309 2176 3614 2250 requisivit
3635 2179 3742 2233 Do-

2089 2271 2288 2326 minus
2318 2271 2391 2327 de
2441 2288 2628 2326 manu
2675 2270 3072 2337 inimicorum,
3129 2283 3315 2341 quare
3363 2267 3552 2322 virum
3601 2280 3738 2320 san-

2087 2365 2250 2419 ctum
2307 2359 2664 2421 atilixerint:
2719 2364 2856 2428 tunc
2904 2359 3230 2428 cogebatur
3277 2358 3570 2428 rationem
3612 2353 3742 2414 red—

2086 2450 2226 2511 dere
2253 2449 2550 2515 odiorum,
2578 2448 2801 2524 quibus
2834 2452 3041 2506 contra
3065 2447 3230 2504 illum
3260 2451 3424 2502 tanto
3473 2449 3741 2516 tempore

2087 2541 2417 2608 saevierant,
2445 2555 2581 2612 quae
2611 2538 2765 2594 etde
2793 2537 3058 2610 Absalon
3089 2542 3144 2594 et
3169 2537 3242 2592 de
3275 2535 3414 2603 Siba
3461 2533 3583 2590 ﬁlio
3634 2534 3740 2587 Bo-

2085 2628 2231 2692 chri,
2264 2634 2320 2690 ct
2346 2628 2420 2684 de
2451 2627 2676 2684 caeteris
2707 2627 2978 2683 hostibus
3003 2625 3190 2685 David
3236 2628 3430 2699 potest
3475 2619 3741 2692 intelligi.

2085 2717 2262 2774 Aliter
2295 2735 2307 2772 :
2344 2716 2399 2773 Si
2425 2717 2573 2774 scire
2604 2716 2690 2774 vis
2719 2715 2885 2790 quod
2910 2715 2984 2772 de
3016 2730 3202 2772 manu
3229 2713 3613 2772 inimicorum
3638 2713 3746 2770 Da-

2086 2806 2184 2862 vid
2248 2806 2580 2881 requisierit
2643 2805 2955 2874 Dominus,
3014 2808 3209 2877 potest
3273 2802 3409 2873 (nisi
3459 2801 3655 2872 fallor)
3709 2817 3746 2856 a

2089 2895 2376 2968 superiori
2439 2895 2748 2968 sententia,
2805 2910 2929 2967 qua
2979 2893 3207 2958 dictum
3269 2897 3376 2962 est,
3443 2889 3587 2963 quia
3639 2889 3744 2954 tm-

2089 2985 2204 3046 dus
2254 2984 2544 3058 pepigerit
2583 2984 2874 3055 Jpnathas
2915 3000 3050 3042 cum
3101 2983 3286 3053 domo
3325 2980 3532 3050 David,
3584 2978 3748 3047 intel-

2092 3073 2210 3144 ligi,
2241 3073 2384 3147 quia
2407 3074 2519 3145 hoc
2548 3071 2622 3144 de
2662 3089 2849 3140 manu
2895 3071 3275 3144 inimicorum
3322 3069 3505 3138 David
3552 3067 3746 3140 regni-

2091 3162 2270 3224 sierit.
2331 3162 2390 3218 Id
2433 3167 2520 3230 est
2569 3177 2756 3233 quare
2802 3175 2925 3229 nqn
2969 3165 3026 3238 et
3075 3159 3188 3231 ipsi
3239 3159 3434 3225 foedus
3486 3173 3623 3223 cum
3675 3172 3746 3222 eo

2093 3251 2257 3324 pacis
2307 3251 2454 3320 inire
2509 3250 2822 3320 valuerint,
2875 3266 3012 3319 cum.
3075 3264 3196 3320 αρε)
3249 3263 3380 3316 esse
3427 3246 3747 3314 Dominum

2093 3341 2390 3400 viderunt.
2423 3339 2644 3409 Idcirco
2673 3344 2874 3408 autem
2903 3338 3203 3410 Scriptura
3249 3337 3344 3402 hic
3394 3335 3749 3403 sententiam

2096 3433 2253 3498 hanc
2284 3428 2766 3504 praioccupandq
2795 3428 3169 3500 interponere
3198 3427 3452 3494 videtur,
3497 3429 3561 3492 ut
3597 3424 3750 3489 testi-

2098 3522 2370 3588 monium
2396 3519 2688 3588 ipsathe.
2719 3517 2885 3590 und
2914 3517 3144 3586 dixerat
3172 3515 3440 3589 (atlantis
3489 3513 3750 3576 eradica-

2095 3609 2241 3672 verit
2267 3608 2539 3676 inimicos
2569 3605 2752 3674 David
2784 3619 3278 3676 unumquemque
3307 3603 3381 3664 de
3427 3606 3602 3668 terra)
3649 3616 3750 3656 ve-

2095 3715 2230 3764 rum
2290 3713 2422 3762 esse
2473 3694 2914 3780 comprobaret,
2964 3693 3107 3766 quia
3149 3691 3423 3758 videlicet
3468 3689 3751 3780 eradicati

2097 3793 2236 3852 sunt
2266 3787 2487 3850 inimici
2521 3785 2709 3852 David
2737 3784 2812 3840 de
2840 3789 3016 3852 terra,
3039 3799 3160 3847 non
3198 3782 3330 3854 ipso
3363 3781 3546 3844 David
3577 3795 3639 3838 se
3677 3779 3752 3834 de

2098 3875 2452 3937 adversariis
2484 3873 2824 3939 ulciscente,
2854 3870 2958 3939 sed
2991 3870 3300 3941 iudicauit:
3344 3867 3596 3936 Domino
3641 3882 3752 3938 pro

2095 3965 2218 4024 illo.
2251 3967 2406 4028 Bene
2438 3968 2638 4028 autem
2670 3959 3054 4031 subjungitur
3077 3975 3116 4014 :-

2169 4077 2197 4106 α
2243 4057 2304 4114 Et
2335 4051 2566 4116 addidit
2593 4050 2881 4127 Jonathas
2925 4048 3190 4119 dejerare
3243 4045 3430 4115 David
3474 4061 3545 4109 eo
3588 4043 3755 4117 quod

2101 4167 2130 4195 «
2169 4143 2438 4212 diligeret
2474 4141 2661 4203 illum.
2695 4139 2853 4204 Sicut
2902 4137 3062 4202 enim
3111 4137 3378 4203 animam
3423 4151 3619 4204 suam,
3673 4133 3758 4190 ita

2103 4257 2130 4288 α
2170 4232 2458 4302 diligebat
2487 4246 2647 4295 eum.
2680 4249 2709 4292 η
2739 4230 2808 4284 Ut
2834 4225 2928 4289 ille
2969 4226 3246 4294 nimirum
3277 4225 3378 4298 qui
3419 4229 3543 4292 tam
3573 4222 3760 4297 perfe-

2100 4327 2194 4380 cto
2221 4323 2394 4394 juxta
2421 4319 2615 4396 legem
2645 4317 2741 4378 Dei
2771 4331 2975 4382 amore
3001 4315 3512 4392 cqmplectebatur
3547 4311 3756 4381 David,

2020 4385 2065 4448 D
2100 4429 2136 4468 a
2161 4385 2900 4484 perditione'in'imicorum
2945 4385 3074 4475 ejus
3103 4385 3514 4470 ostenderetur
3539 4401 3759 4464 immu-

2099 4501 2216 4560 nis.
2248 4499 2355 4565 Qui
2386 4503 2442 4558 et
2469 4497 2517 4556 si
2542 4497 2653 4558 ista
2691 4499 2880 4559 morte
2912 4499 3272 4564 praeventus,
3321 4506 3574 4559 regnum
3618 4504 3758 4552 cum

2101 4605 2192 4653 eo,
2223 4593 2286 4646 ut
2313 4585 2621 4660 sperabat,
2661 4588 2961 4663 terrenum
3008 4581 3229 4646 habere
3274 4577 3542 4649 nequivit
3591 4591 3756 4663 com-

2099 4693 2304 4744 mune,
2331 4676 2562 4746 absque
2593 4670 2714 4734 ulla
2742 4661 2951 4734 tamen
2969 4665 3436 4733 contradictione
3461 4661 3628 4730 regni
3641 4677 3758 4717 coe-

2098 4765 2260 4824 lestis
2291 4761 2658 4824 consortium
2713 4771 2854 4820 cum
2893 4771 2963 4808 co
2996 4755 3195 4826 (quem
3237 4751 3428 4821 gloria
3475 4749 3758 4808 virtutum

2101 4855 2387 4925 tantisper
2411 4850 2638 4928 dilexit,
2669 4864 2807 4926 cum
2833 4848 2986 4903 esset
3011 4847 3071 4899 et
3112 4842 3243 4914 ipse
3279 4840 3564 4900 virtutum
3593 4855 3761 4906 ama-

2099 4944 2213 5015 tor)
2241 4941 2490 5013 accepit.

2173 5056 2201 5084 ι(
2229 5031 2393 5088 Venit
2413 5028 2700 5088 Jonathas
2721 5027 2782 5083 in
2801 5041 3016 5096 agrum
3031 5019 3499 5096 juxtaplacitum
3516 5017 3760 5089 David,»

2096 5127 2158 5180 et
2187 5122 2434 5194 reliqua.
2469 5117 2622 5184 Quid
2645 5121 2739 5176 est
2767 5115 2936 5190 quod
2964 5113 3253 5176 Jonathas
3290 5108 3482 5174 David
3525 5123 3762 5186 servare

2099 5212 2330 5276 volens,
2359 5225 2498 5267 cum
2539 5206 2638 5267 ille
2667 5206 2875 5265 lateret
2905 5205 2967 5266 in
2996 5217 3164 5273 agro,
3187 5201 3361 5272 juxta
3388 5197 3653 5270 lapidem
3682 5195 3763 5254 ad

2100 5303 2340 5372 signum
2371 5299 2526 5356 duas
2551 5297 2692 5369 jecit
2735 5295 3003 5364 sagittas,
3049 5307 3202 5364 quas
3251 5303 3402 5361 puer
3450 5285 3759 5359 parvulus,

2096 5392 2384 5463 ignorans
2407 5387 2555 5461 quid
2579 5386 2800 5449 fecerit,
2833 5383 3086 5452 collegit,
3141 5385 3197 5440 et
3239 5379 3307 5446 in
3342 5377 3641 5441 civitatem
3667 5389 3760 5463 re-

2095 5462 2244 5542 tulit.
2275 5480 2385 5536 nisi
2419 5478 2580 5552 quod
2607 5479 2764 5532 Deus
2815 5475 2988 5530 Pater
3027 5471 3242 5532 Filium
3271 5484 3446 5524 suum
3491 5462 3761 5532 unigeni-

2095 5578 2245 5641 tum,
2273 5586 2459 5644 quem
2485 5569 2560 5625 ad
2587 5566 2842 5622 salutem
2872 5561 3125 5620 humani
3151 5557 3385 5628 generis
3407 5552 3762 5648 mittendum

2091 5639 2454 5727 decreverat,
2493 5657 2556 5720 in
2604 5656 2803 5714 littera
2845 5652 3023 5724 legis,
3075 5648 3295 5712 ,ιιιᾶὼ
3337 5639 3760 5708 nescientibus,
