4130 6182
449 172 554 226 849

1545 180 1903 237 ANGELOM]
1942 167 2400 232 LUXOVIENSIS
2437 168 2750 225 MONACHI

3763 167 3874 222 320

450 293 873 353 absconditum
925 297 1262 355 habuerat?
1297 301 1483 357 David
1513 318 1656 373 ergo
1701 300 2092 359 absconditus
2126 299 2173 351 Α
2206 293 2355 362 fugit
2398 291 2683 348 Abiathar
2715 291 2794 348 ad
2826 289 3039 357 David;
3094 291 3151 344 et
3199 301 3402 343 comes
3433 285 3625 343 factus
3685 289 3872 344 totius

451 389 543 440 est
569 385 629 440 in
661 401 827 455 agro,
863 386 1126 442 Christus
1187 388 1411 444 celatus
1451 396 1539 447 est
1586 393 1645 448 in
1677 393 1926 448 mundo.
1957 413 1985 439 ‹‹
2034 393 2095 444 in

451 473 702 536 mundo,
748 493 776 522 »
803 473 998 546 inquit
1019 477 1300 539 Joannes,
1333 500 1360 526 ‹‹
1390 483 1536 546 erat,
1589 485 1646 536 et
1675 481 1941 536 mundus
1971 493 2096 534 non

450 560 727 629 cognovit
777 563 972 632 (Joan.
1006 564 1067 631 ι).
1104 585 1132 613 ››
1163 567 1338 622 Juxta
1384 566 1649 640 lapidem
1681 569 1927 625 sedebat
1955 567 2098 640 quia

435 646 511 703 ‘in
541 648 762 704 tabulis
791 649 940 720 legis
971 652 1225 724 scriptus
1255 660 1399 712 erat.
1435 659 1582 712 Nam
1635 658 1774 715 Saul
1823 657 1962 714 odio
1989 657 2098 712 ha-

449 735 620 802 bens,
670 743 725 792 et
753 738 905 794 inter
947 741 1158 812 epulas
1213 745 1448 812 sedens,
1480 745 1670 802 ﬁlium
1703 747 1908 803 mortis
1958 761 2100 800 eum

446 825 794 894 judicabat:
830 832 886 883 et
900 828 1147 896 judaica
1174 831 1347 904 plebs
1377 833 1439 889 in
1468 835 1710 892 Pascha
1741 835 1930 909 epulis
1961 850 2098 891 con-

448 913 683 983 vivans,
717 914 792 970 de
831 932 977 973 nece
1013 919 1223 976 Christi
1255 923 1566 980 tractabat.

520 1023 548 1051 u
601 1003 749 1059 Cum
779 1020 921 1075 ergo
947 1006 1233 1064 illuxisset
1282 1026 1480 1080 mane,
1524 1013 1686 1069 venit
1723 1014 2009 1070 Jonathas
2037 1012 2099 1068 in

448 1111 477 1140 α
508 1106 723 1160 agrum
770 1093 944 1164 juxta
973 1095 1262 1168 placitum
1297 1101 1503 1168 David,
1534 1107 1590 1157 et
1629 1118 1780 1176 puer
1811 1101 2100 1175 parvulus

449 1201 477 1229 ‹‹
512 1195 651 1235 cum
679 1197 770 1237 eo.
811 1203 838 1232 ››
865 1184 1011 1240 Jecit
1041 1202 1228 1243 unam
1289 1189 1593 1258 sagittam,
1621 1191 1761 1262 jecit
1789 1197 1846 1246 et
1878 1190 2096 1246 aliam:

448 1273 506 1322 et
536 1271 687 1324 Deus
718 1273 886 1326 Pater
928 1271 1303 1332 illucescente
1348 1294 1528 1334 mane
1566 1279 1949 1345 credulitatis,
1981 1278 2100 1351 pri-

449 1373 615 1411 mum
660 1360 1066 1418 testimonium
1095 1363 1245 1434 legis
1277 1365 1351 1421 de
1386 1367 1614 1424 Christo
1639 1368 1902 1442 protulit,
1929 1368 2100 1424 dein-

449 1445 523 1500 de
556 1448 881 1519 prophetas
911 1451 1091 1518 misit,
1123 1453 1227 1526 qui
1258 1455 1333 1510 de
1364 1456 1626 1512 adventu
1659 1458 1787 1527 ejus
1817 1456 2098 1512 testiﬁca-

448 1540 669 1591 rentur.
705 1537 870 1593 Unde
902 1539 1180 1597 Habacuc
1210 1543 1326 1599 ait:
1361 1567 1388 1592 ‹‹
1425 1549 1486 1600 In
1508 1545 1752 1601 nomine
1777 1545 1979 1616 jacula
2001 1550 2102 1601 tua

2204 381 2391 437 exsilii
2421 382 2578 452 ejus.
2608 384 2823 436 Postea
2843 382 3134 448 regnante
3159 392 3253 444 eo,
3291 376 3514 431 summi
3544 377 3872 433 sacerdotii

2205 477 2261 526 et
2289 471 2417 543 ipse
2447 469 2706 538 gradum
2762 468 3010 540 accepit,
3047 483 3117 523 ac
3150 471 3270 521 toto
3301 469 3570 537 tempore
3597 465 3776 535 regni
3802 466 3870 521 il-

2203 559 2318 615 lius
2366 559 2427 614 in
2487 556 2836 630 pontiﬁcatu
2894 569 3309 628 perseverans,
3365 553 3557 609 multo
3615 555 3872 626 majoris

2205 647 2566 704 excellentia
2597 663 2782 719 quam
2814 651 2981 718 pater
3010 661 3154 699 suus
3186 643 3429 699 etfectus
3459 648 3569 700 est.
3603 643 3874 717 Ideoque

2207 738 2426 807 dignus
2471 735 2582 792 fuit
2635 735 2809 806 cujus
2839 733 3194 790 memoriam
3227 733 3537 802 Dominus,
3569 733 3761 789 etiam
3793 734 3876 790 vi-

2207 831 2379 880 vente
2417 828 2607 897 patre,
2661 822 2840 895 quasi
2867 821 3089 877 summi
3119 820 3444 876 sacerdotis
3477 820 3727 877 faceret.
3760 821 3875 878 Sed

2205 914 2320 969 hoc
2351 913 2517 986 quod
2545 912 2627 968 ait
2650 911 2967 984 superius:
3021 910 3144 978 Via,
3177 911 3305 965 hac
3331 909 3561 982 polluta
3598 915 3719 982 est,
3771 911 3874 966 sed

2208 1001 2677 1059 sanctiﬁcabitur
2724 1002 2785 1056 in
2831 999 3011 1066 vasis,
3052 999 3135 1055 ita
3190 999 3466 1054 nonnulli
3504 999 3870 1056 edisserunt.

2209 1090 2540 1156 Mentiendo
2563 1089 2724 1145 enim
2748 1090 2856 1145 iter
2880 1088 3183 1160 polluitur,
3202 1088 3350 1142 dum
3379 1105 3416 1143 a
3444 1103 3584 1157 rege
3609 1089 3870 1144 missum

2209 1197 2304 1236 me
2333 1180 2521 1250 ﬁngo,
2559 1180 2750 1234 ethoc
2788 1178 3140 1234 necessitate
3201 1176 3432 1244 mortis,
3459 1177 3872 1234 sedsanctiti-

2209 1269 2440 1324 cabitur
2484 1268 2545 1323 in
2573 1267 2707 1337 illis,
2754 1282 3017 1339 quorum
3062 1281 3246 1321 causa
3289 1265 3470 1320 etiam
3502 1266 3695 1336 fugio,
3729 1267 3871 1339 quia

2209 1357 2446 1414 illorum
2494 1373 2618 1412 non
2663 1355 2859 1411 solum
2889 1356 3008 1411 mei
3051 1354 3298 1427 periculi
3348 1370 3538 1410 causa
3566 1356 3868 1411 mentior:

2208 1462 2352 1502 nam
2379 1446 2492 1518 ipsi
2521 1446 2706 1516 hujus
2737 1445 2822 1501 rei
2871 1459 3060 1500 causa
3100 1442 3515 1498 salvabuntur.
3570 1446 3870 1500 Hactenus

2209 1534 2520 1590 historiam
2553 1550 2715 1589 nunc
2762 1532 3090 1606 spiritalem
3153 1530 3611 1600 intelligentiam
3661 1537 3872 1604 tanga-

447 1622 620 1679 ibunt
662 1627 916 1691 (Habac.
966 1630 1068 1701 ιιι),
1100 1653 1128 1680 ››
1188 1637 1244 1686 et
1294 1633 1544 1707 reliqua.
1603 1633 1846 1705 Collegit
1897 1639 2098 1690 autem
2130 1651 2171 1704 Β
2212 1640 2380 1678 mus:
2410 1623 2593 1678 David
2623 1622 2858 1692 fugiens
2904 1620 3043 1676 Saul
3075 1619 3154 1675 ad
3185 1620 3566 1675 Achimelech
3590 1622 3870 1678 sacerdo-

446 1728 598 1784 puer
620 1715 888 1771 Jonatha
921 1718 1187 1789 sagittas,
1220 1725 1276 1776 et
1305 1721 1498 1778 attulit
1523 1722 1602 1778 ad
1649 1721 1970 1779 Dominum
2001 1740 2101 1779 su-

449 1817 592 1856 um:
634 1806 692 1857 et
742 1805 889 1875 quid
938 1813 1214 1876 ageretur
1269 1811 1507 1882 penitus
1551 1811 1889 1881 ignorabat.
1925 1813 2016 1869 Sic
2047 1817 2104 1868 et

445 1889 728 1946 Judaicus
756 1895 1017 1966 populus
1041 1896 1226 1953 libros
1255 1898 1406 1968 legis
1436 1905 1493 1956 et
1520 1902 1950 1973 prophetarum
1969 1917 2104 1973 por-

447 1981 602 2048 tans,
634 1981 811 2051 quasi
840 1982 1122 2040 divinitus
1171 1989 1540 2061 conscriptos
1595 1989 1931 2058 ignorabat,
1994 1991 2101 2045 sed

449 2081 608 2132 eum,
637 2084 820 2140 quem
852 2076 1079 2144 Moyses
1117 2079 1173 2130 et
1203 2077 1509 2149 propheta
1539 2076 1921 2148 ﬁguraverat,
1954 2095 2101 2150 pra-

445 2155 766 2212 sentialiter
791 2158 944 2216 inter
971 2177 1034 2216 se
1057 2170 1402 2221 manentem
1426 2181 1551 2222 non
1582 2173 1970 2238 cognoverat.

1050 2254 1272 2309 CAPUT
1334 2255 1490 2311 XXI.

514 2353 544 2387 ‹
575 2336 742 2392 Venit
766 2341 967 2395 autem
991 2340 1177 2396 David
1202 2342 1264 2397 in
1294 2343 1456 2400 Nobe
1485 2343 1564 2399 ad
1596 2344 1976 2400 Achimelech
2007 2361 2100 2400 sa-

444 2422 765 2493 cerdotem,
798 2433 854 2482 et
881 2429 1193 2500 obstupuit
1216 2431 1596 2488 Achimelech
1623 2449 1694 2488 eo
1724 2433 1886 2505 quod
1908 2432 2101 2488 venis-

445 2514 534 2564 set
565 2513 750 2567 David
782 2514 962 2581 solus,
999 2539 1026 2565 »
1053 2522 1109 2572 et
1138 2519 1386 2592 reliqua.
1419 2520 1801 2576 Achimelech
1853 2521 1982 2592 ipse
2007 2525 2101 2576 est

445 2596 552 2652 Aia
581 2598 740 2654 filius
761 2603 1036 2667 Achitob,
1067 2605 1171 2660 ﬁlii
1204 2607 1476 2677 Phinees,
1511 2607 1614 2662 ﬁlii
1648 2607 1790 2663 Heli.
1823 2609 2099 2665 Achime-

441 2683 572 2740 lech
603 2686 944 2759 interrogat,
976 2696 1175 2749 utrum
1214 2695 1586 2766 David,num
1609 2697 1778 2769 pueri
1808 2697 1924 2765 sui,
1947 2714 2101 2770 quos

440 2773 502 2828 in
530 2773 699 2830 illum
727 2781 786 2833 et
809 2777 980 2835 illum
1004 2780 1205 2838 locum
1236 2783 1573 2840 condixisse
1603 2785 1853 2853 dixerat,
1882 2787 2099 2842 mundi

449 2864 687 2919 essent?
720 2867 906 2922 David
929 2886 1069 2925 vero
1092 2872 1463 2943 anigmatice
1492 2873 1800 2944 pluraliter
1841 2874 1916 2930 de
1948 2876 2100 2948 seip-

445 2966 512 3006 so
541 2955 856 3025 respondit
883 2956 1115 3014 dicens:
1154 2983 1180 3008 «
1228 2964 1292 3015 Et
1321 2961 1562 3018 fuerunt
1588 2978 1736 3018 vasa
1766 2979 2095 3035 puerorum
2129 2998 2171 3052 ο

444 3046 676 3111 sancta,
713 3065 742 3092 ››
762 3044 982 3101 scilicet
1009 3063 1045 3102 a
1068 3049 1389 3106 concubitu
1410 3050 1733 3121 conjugali.
1761 3052 1932 3118 Quod
1957 3068 2096 3108 vero

441 3128 522 3185 ait
548 3147 560 3185 :
589 3153 614 3180 «ι
644 3132 828 3189 Porro
857 3134 955 3191 via
982 3136 1112 3192 hac
1158 3138 1386 3210 polluta
1413 3143 1519 3206 est,
1554 3144 1612 3195 et
1648 3139 1709 3195 in
1742 3140 1992 3197 Hebrao
2021 3141 2103 3196 le-

441 3217 618 3290 gitur,
648 3244 676 3271 «
709 3225 888 3279 Porro
918 3225 1015 3280 via
1041 3225 1195 3283 laica
1220 3232 1331 3295 est,
1367 3249 1396 3279 ιι
1423 3227 1506 3283 sic
1535 3227 1991 3300 intelligendum
2011 3235 2104 3286 est

439 3321 510 3362 ac
540 3309 588 3363 si
617 3309 868 3368 diceret:
911 3313 974 3368 In
1005 3314 1135 3384 lege
1167 3321 1534 3388 praceptum
1565 3321 1654 3372 est
1680 3323 1746 3374 ut
1774 3324 2095 3374 extraneas

438 3409 563 3450 non
602 3398 882 3454 comedat
910 3416 984 3455 ex
1012 3402 1119 3467 eis,
1148 3407 1205 3457 et
1230 3409 1292 3458 tu
1320 3404 1656 3474 interrogas
1692 3410 1894 3461 utrum
1923 3423 2101 3462 mun-

438 3481 501 3536 di
532 3482 650 3537 sint
678 3487 848 3556 pueri
877 3488 905 3542 ?
931 3489 1061 3554 Qui,
1099 3489 1334 3545 etiarnsi
1366 3478 1580 3546 mundi
1611 3499 1835 3560 essent,
1867 3503 2102 3566 nequa'

439 3585 627 3640 quam
653 3572 736 3627 eis
766 3575 925 3629 vesci
946 3575 1252 3633 deberent.
1285 3577 1510 3634 Idcirco
1536 3579 1634 3635 via
1661 3585 1750 3636 est
1776 3580 2100 3653 laica,quia

439 3661 505 3712 tu
537 3657 1225 3735 laicaliterinterrogas.«
1254 3665 1368 3722 Sed
1398 3669 1453 3722 et
1483 3666 1617 3740 ipsa
1645 3667 1824 3724 hodie
1844 3669 2101 3724 sanctiﬁ-

439 3746 670 3803 cabitur
704 3749 764 3805 in
782 3752 1140 3826 vasis.»lpsa
1172 3755 1373 3827 utique
1402 3755 1464 3810 in
1494 3756 1677 3826 vasis,
1711 3756 1773 3813 id
1793 3762 1880 3813 est
1901 3763 2101 3814 mente

438 3851 549 3892 sua
576 3839 933 3897 sanctiﬁcari
962 3841 1279 3914 dicit,quia
1301 3843 1417 3899 nisi
1448 3844 1802 3902 necessitate
1831 3847 2100 3919 corporis

437 3929 495 3980 et
520 3926 784 3997 periculo
801 3930 934 3986 vita
961 3937 1625 4006 urgente,nequaquam
1639 3938 1976 3991 vesceretur
1992 3936 2096 3992 eis.

441 4016 568 4070 Non
591 4019 792 4072 tamen
822 4022 1030 4090 aperte
1051 4020 1297 4076 eosdem
1324 4021 1542 4094 legitur
1572 4022 1759 4079 David
1787 4039 1976 4096 panes
2007 4039 2102 4079 co-

441 4102 726 4173 medisse,
759 4105 911 4162 sicut
940 4106 1169 4164 Hebrai
1212 4109 1472 4166 tradunt.
1510 4111 1625 4168 Sed
1669 4110 1798 4182 lege
1830 4115 2099 4182 Evange-

440 4189 612 4262 lium,
644 4193 749 4248 ubi
778 4195 1065 4250 Dominus
1090 4196 1166 4252 de
1195 4197 1309 4254 hac
1354 4199 1648 4255 sententia
1667 4201 1886 4256 Judais
1906 4200 2098 4273 loqui-

440 4282 555 4347 tur,
584 4280 826 4338 dicens:
861 4305 890 4334 ‹‹
924 4287 1243 4358 Nunquam
1271 4286 1499 4357 legistis
1531 4288 1678 4361 quid
1737 4289 1941 4346 fecerit
1984 4290 2094 4345 Da-

438 4367 559 4438 vid,
589 4370 838 4442 quando
868 4373 1281 4430 necessitatem
1311 4375 1542 4444 habuit,
1573 4381 1629 4433 et
1657 4378 1865 4433 esuriit
1884 4378 2010 4450 ipse
2039 4381 2098 4434 et

439 4457 544 4529 qui
574 4473 712 4514 cum
735 4475 806 4515 eo
827 4466 1016 4534 erant,
1040 4463 1352 4536 quomodo
1370 4464 1594 4521 introiit
1617 4466 1870 4521 domum
1901 4467 2098 4521 Domi-

439 4546 501 4601 ni
534 4552 647 4603 sub
676 4549 962 4606 Abiathar
987 4553 1256 4626 principe
1279 4553 1660 4610 sacerdotum
1677 4559 1734 4609 et
1759 4569 1948 4626 panes
1964 4569 2099 4626 pro-

438 4636 751 4709 positionis
790 4640 1201 4709 manducavit,
1231 4658 1385 4714 quos
1416 4657 1538 4697 non
1589 4641 1810 4698 licebat
1839 4642 2098 4698 mandu-

439 4741 573 4781 care
591 4727 705 4782 nisi
727 4730 1160 4797 sacerdotibus,
1176 4730 1502 4787 etdediteis
1524 4731 1628 4802 qui
1645 4745 1784 4786 cum
1805 4746 1876 4786 eo
1899 4733 2097 4789 erant?

441 4815 737 4886 (Maroni).
749 4818 899 4875 »Sed
916 4819 1346 4890 requirendum
1363 4819 1512 4892 quid
1527 4819 1798 4892 estquod
1817 4820 1912 4877 hic
1930 4821 2099 4877 Achi-

436 4903 671 4960 melech
703 4907 986 4963 sacerdos
1005 4907 1240 4978 legitur,
1276 4924 1310 4963 a
1339 4923 1463 4980 quo
1492 4908 1681 4964 David
1714 4926 1903 4982 panes
1925 4926 2095 4966 acce-

436 4993 540 5065 pit,
560 4999 616 5050 et
645 4994 933 5051 Dominus
957 4994 1018 5049 in
1059 4994 1378 5064 Evangelio
1427 4996 1714 5052 Abiathar
1765 4999 2094 5054 nominat?

435 5083 611 5148 Quod
632 5084 792 5139 enim
824 5082 1111 5139 Dominus
1133 5081 1423 5138 Abiathar
1451 5084 1785 5156 principem
1817 5085 2095 5141 sacerdo-

432 5175 564 5227 tum
619 5188 731 5244 pro
761 5169 1145 5228 Achimelech
1182 5170 1467 5243 appellat,
1515 5173 1662 5227 nihil
1693 5173 1876 5228 habet
1900 5172 2092 5227 disso-

433 5259 689 5314 nantia:
722 5259 915 5314 Ambo
940 5257 1159 5312 etenim
1188 5257 1426 5316 fuerunt
1465 5259 1602 5328 illic,
1653 5277 1792 5316 cum
1845 5263 2094 5316 veniens

434 5345 621 5400 David
651 5360 838 5416 panes
878 5345 1042 5418 petiit
1089 5351 1147 5400 et
1175 5348 1423 5419 accepit,
1454 5348 1835 5404 Achimelech
1883 5348 2094 5405 videli-

435 5438 526 5488 cet
549 5432 829 5504 princeps
876 5432 1257 5491 sacerdotum
1289 5441 1345 5492 et
1393 5436 1679 5492 Abiathar
1731 5436 1893 5492 ﬁlius
1939 5438 2087 5508 ejus.

441 5521 648 5580 Occiso
676 5527 878 5579 autem
909 5522 1289 5581 Achimelech
1341 5541 1377 5582 a
1409 5524 1584 5582 Saule
1624 5542 1763 5582 cum
1811 5526 1953 5582 viris
1983 5527 2092 5584 do-

436 5630 574 5671 mus
603 5627 727 5669 sua
765 5612 1000 5682 generis
1030 5614 1422 5674 sacerdotalis
1467 5615 1773 5687 octoginta
1799 5616 2091 5691 quinque,

2212 1717 2352 1780 tem,
2379 1711 2484 1784 qui
2503 1711 2923 1783 interpretatur
2935 1711 3134 1779 frater
3161 1723 3323 1765 meus
3352 1724 3462 1764 rex
3487 1711 3679 1766 venit:
3708 1711 3868 1767 simi-

2208 1799 2338 1855 liter
2373 1799 2636 1856 Christus
2662 1799 3008 1854 Judaorum
3037 1798 3513 1870 persecutionem
3535 1798 3866 1867 declinans,

2209 1904 2470 1961 quorum
2502 1893 2715 1960 typum
2762 1886 2901 1944 Saul
2959 1886 3168 1954 tenuit,
3201 1886 3280 1941 ad
3327 1887 3652 1958 Apostolos
3711 1894 3868 1944 tran-

2212 1978 2390 2041 siens,
2423 1976 2649 2050 quibus
2705 1975 3114 2048 interpretatio
3171 1974 3434 2030 nominis
3485 1976 3866 2032 Achimelech

2211 2067 2508 2136 congruit,
2541 2080 2697 2138 quos
2731 2064 3039 2130 Dominus,
3057 2054 3207 2118 “Rex
3235 2077 3471 2134 regum,
3526 2063 3736 2122 fratres
3765 2081 3864 2122 voc

2213 2171 2348 2210 care
2379 2154 2663 2224 dignatus
2692 2157 2798 2220 est,
2821 2153 3027 2208 dicens
3052 2168 3065 2206 :
3101 2173 3129 2200 «ί
3150 2155 3250 2220 tte,
3281 2153 3551 2210 nuntiate
3579 2153 3860 2210 fratribus

2210 2244 2360 2300 meis
2391 2242 2631 2311 (Matth.
2663 2243 2886 2309 xxvnt),
2914 2263 2943 2290 »
2961 2257 3103 2296 cum
3133 2239 3355 2312 quibus
3376 2245 3434 2297 et
3460 2241 3857 2298 desideratum

2211 2332 2412 2389 cibum
2445 2331 2742 2404 sumpsit:
2786 2352 2814 2379 «
2848 2329 3150 2385 Desiderio
3199 2329 3361 2384 enim
3387 2329 3719 2387 desideravi
3743 2331 3856 2386 hoc

2210 2422 2438 2495 pascha
2471 2419 2843 2476 manducare
2873 2420 3039 2488 (Luc.
3091 2418 3254 2489 xxn).
3279 2441 3308 2468 »
3351 2419 3532 2474 David
3576 2419 3652 2474 ad
3681 2417 3851 2473 Achi-

2211 2509 2440 2566 melech
2467 2508 2629 2564 solus
2655 2508 2835 2574 venit,
2859 2513 2916 2563 et
2938 2507 3203 2564 Christus
3229 2507 3289 2562 in
3320 2506 3594 2579 passione
3624 2522 3735 2562 sua
3755 2519 3852 2562 so-

2208 2599 2303 2654 lus
2335 2597 2570 2653 relictus
2601 2602 2708 2652 est.
2743 2595 2915 2662 Quod
2941 2601 3143 2650 autem
3183 2595 3266 2651 ait
3295 2595 3506 2652 David:
3542 2618 3570 2644 ‹‹
3600 2595 3774 2651 Illum
3802 2597 3861 2650 et

2218 2687 2385 2742 illum
2418 2687 2480 2741 in
2517 2685 2718 2741 locum
2758 2684 2994 2740 condixi
3018 2685 3218 2756 pueris
3237 2685 3409 2754 meis,
3437 2703 3468 2737 ›
3497 2685 3614 2742 hoc
3637 2684 3863 2740 indica-

2209 2776 2334 2838 bat,
2363 2775 2528 2846 quod
2541 2773 2830 2830 Dominus
2853 2771 3159 2845 apostolos
3189 2788 3330 2828 suos
3351 2778 3488 2830 ante
3520 2775 3865 2846 passionem

2212 2880 2388 2919 suam
2417 2863 2748 2918 informans
2776 2861 2882 2918 ait:
2901 2864 3258 2934 «Postquam
3282 2877 3686 2929 resurrexero,
3719 2879 3866 2935 pra-

2210 2953 2423 3008 ceclam
2463 2968 2572 3008 vos
2619 2951 2680 3006 in
2711 2950 3037 3008 Galilaam.
3070 2971 3098 2999 ››
3150 2949 3328 3005 David
3359 2949 3440 3005 ad
3480 2951 3862 3006 Achimelech

2208 3042 2477 3115 quinque
2507 3056 2697 3113 panes
2725 3040 3021 3112 quasivit,
3049 3039 3151 3094 sed
3185 3055 3371 3093 unum
3421 3039 3686 3111 accepit:
3714 3040 3862 3112 quia

2209 3147 2270 3186 iu
2292 3131 2559 3203 quinque
2587 3129 2754 3184 libris
2785 3129 3051 3187 Mosaica
3095 3127 3239 3196 legis
3296 3126 3495 3183 unitas
3551 3128 3860 3185 retinetur.

2211 3219 2399 3276 David
2427 3217 2681 3274 Goliiath
2712 3217 2982 3287 gladium
3036 3215 3288 3283 sustulit,
3319 3215 3464 3288 quia
3491 3221 3548 3272 et
3591 3217 3864 3273 Christus

2213 3309 2500 3365 Dominus
2530 3307 2755 3363 diaboli
2787 3323 2959 3363 arma
2987 3305 3264 3362 abstulit:
3294 3328 3320 3354 «
3349 3305 3532 3361 Fortis
3547 3306 3708 3361 enim
3731 3323 3867 3379 spo-

2212 3398 2292 3452 lia
2321 3397 2449 3470 ipse
2478 3396 2722 3469 diripuit
2771 3396 3012 3467 (Matth.
3071 3396 3197 3465 xn).
3234 3417 3264 3445 »
3307 3394 3494 3450 David
3545 3410 3654 3467 per
3701 3396 3862 3452 viam

2209 3486 2502 3559 pollutam
2532 3502 2594 3541 se
2624 3487 2864 3540 venisse
2895 3485 2974 3540 ad
3003 3483 3385 3540 Achimelech
3415 3483 3723 3556 professus
3753 3490 3857 3550 est,

2209 3574 2354 3646 quia
2385 3579 2440 3629 et
2471 3573 2734 3630 Christus
2762 3573 3050 3628 Dominus
3080 3573 3233 3628 inter
3259 3572 3609 3627 immundas
3635 3572 3857 3627 Judao—

2209 3678 2344 3718 rum
2377 3662 2666 3731 actiones,
2699 3661 3050 3734 impollutus
3099 3661 3506 3733 pertransivit.
3541 3659 3703 3726 Quod
3754 3676 3854 3715 au-

2209 3757 2330 3808 tem
2360 3753 2472 3807 ait:
2509 3774 2536 3801 «
2575 3751 2686 3808 Sed
2719 3757 2776 3806 et
2799 3751 2936 3823 ipsa
2964 3750 3144 3806 hodie
3175 3750 3647 3806 sanctiﬁcabitur
3674 3751 3734 3804 in
3764 3765 3863 3806 va-

2211 3842 2293 3897 sis
2325 3841 2492 3907 meis,
2525 3862 2552 3890 »
2582 3840 2698 3895 hoc
2724 3838 3031 3896 indicabat
3048 3838 3216 3912 quod
3247 3839 3440 3895 sancti
3465 3838 3863 3912 apostoli,qui

2209 3930 2445 3986 Domini
2473 3945 2620 3985 vasa
2647 3933 2836 3995 erant,
2866 3945 2903 3985 a
2933 3929 3290 3999 contagione
3340 3929 3712 3998 Judaorum,
3741 3928 3865 3983 ﬁde

2207 4023 2524 4092 purgante,
2557 4018 2742 4077 corda
2767 4016 3298 4074 sanctiﬁcarentur.

2280 4110 2509 4164 Interea
2557 4108 2744 4164 David
2770 4125 2909 4163 cum
2944 4107 3175 4178 fugeret
3233 4106 3396 4176 Saul,
3451 4106 3632 4162 latere
3684 4106 3869 4164 voluit

2208 4197 2378 4269 apud
2408 4211 2612 4266 regem
2661 4196 2990 4268 quemdam
3042 4196 3186 4251 Geth
3215 4195 3460 4251 nomine
3491 4196 3691 4251 Achis.
3747 4195 3867 4252 Sed

2209 4302 2349 4341 cum
2379 4285 2570 4354 gloria
2598 4285 2728 4355 ejus
2757 4285 2962 4340 fuisset
2987 4289 3478 4351 commemorata,
3511 4299 3589 4340 ne
3645 4300 3752 4357 per
3798 4283 3869 4340 li-

2208 4390 2434 4440 vorem,
2485 4373 2564 4428 ad
2589 4389 2772 4446 quem
2803 4372 3174 4443 confugerat,
3207 4372 3434 4444 aliquid
3459 4373 3539 4428 ad
3569 4389 3709 4428 eum
3736 4389 3870 4429 ma-

2209 4465 2570 4532 chinaretur,
2598 4462 2769 4516 tinxit
2799 4461 3136 4517 insaniam:
3173 4466 3230 4517 et
3257 4461 3438 4533 quasi
3487 4461 3686 4517 furore
3735 4478 3871 4517 cor-

2207 4556 2431 4625 reptus,
2462 4550 2717 4606 mutavit
2744 4565 2813 4605 os
2837 4566 3037 4620 suum,
3063 4550 3532 4622 deﬂuebantque
3569 4549 3772 4605 saliva
3801 4550 3870 4606 in

2205 4641 2464 4698 barbam
2491 4639 2644 4710 ejus,
2679 4638 3212 4711 collabebaturque
3242 4640 3302 4693 in
3329 4639 3612 4694 manibus
3627 4655 3866 4703 eorum,

2206 4736 2264 4787 et
2291 4728 2644 4803 procidebat
2682 4727 2761 4783 ad
2800 4728 2956 4783 ostia
2979 4733 3187 4800 porta.
3222 4730 3288 4783 Et
3331 4727 3480 4783 dixit
3507 4727 3686 4783 Achis
3713 4743 3820 4783 rex
3852 4747 3866 4784 :

2207 4820 2359 4886 Quid
2383 4819 2506 4884 huc
2530 4817 2678 4873 mihi
2709 4817 3042 4873 adduxistis
3061 4817 3244 4872 istum
3261 4817 3288 4871 ?
3315 4816 3597 4889 Nunquid
3616 4815 3872 4874 deerant

2204 4909 2382 4964 nobis
2413 4907 2668 4963 furiosi?
2702 4909 2764 4962 Et
2794 4906 2876 4962 sic
2923 4921 3062 4962 eum
3093 4904 3334 4961 dimisit.
3368 4905 3544 4960 Achis
3579 4906 3873 4978 interpre-

2205 5001 2404 5053 tantur
2435 4997 2722 5068 quomodo
2745 5003 2848 5063 est,
2877 5011 2984 5068 per
2999 4996 3166 5067 quod
3193 4993 3564 5064 signiﬁcatur
3587 4994 3876 5064 ignoran-

2205 5085 2306 5152 tia,
2340 5091 2396 5140 et
2423 5085 2673 5140 verbum
2716 5085 2987 5140 mirantis
3018 5088 3076 5139 et
3103 5099 3228 5139 non
3257 5083 3665 5153 agnoscentis,
3697 5083 3875 5154 quod

2206 5172 2267 5227 in
2297 5178 2470 5242 gente
2495 5171 2841 5227 Judaorum
2870 5172 3184 5245 impletum
3239 5176 3348 5228 est.
3384 5172 3496 5238 Qui
3533 5171 3682 5227 dum
3709 5171 3872 5227 vide~

2203 5265 2342 5315 runt
2365 5259 2684 5326 Christum,
2703 5274 2827 5315 non
2860 5266 3468 5330 agnoverunt,coram
3491 5260 3714 5333 quibus
3735 5276 3874 5316 mu-

2203 5349 2349 5404 tavit
2379 5365 2448 5404 os
2479 5364 2658 5404 suum
2676 5353 2733 5403 et
2755 5348 3106 5405 abiit.Erant
3125 5351 3288 5406 enim
3309 5350 3704 5423 ibipracepta
3717 5348 3874 5419 legis

2205 5437 2481 5502 carnalis,
2524 5442 2649 5493 erat
2689 5442 2746 5492 et
2776 5438 3138 5494 sacriﬁcium
3195 5441 3532 5496 secundum
3590 5438 3870 5494 ordinem

2204 5530 2404 5582 Aaron
2433 5543 2445 5581 :
2477 5531 2534 5582 et
2557 5530 2770 5598 postea
2799 5527 2931 5600 ipse
2952 5527 3027 5583 de
3057 5544 3307 5602 corpore
3339 5533 3397 5584 et
3427 5527 3724 5598 sanguine
3757 5543 3875 5582 suo

2204 5616 2458 5685 instituit
2487 5615 2872 5686 sacriﬁcium,
2896 5617 3232 5674 secundum
3253 5617 3527 5674 ordinem
3557 5614 3874 5673 Melchise-
