4136 6176
262 193 346 248 ³24
1261 190 1517 246 amna.
1550 187 1616 242 IN
1648 178 1898 239 LIBROS
1926 162 2186 241 Rasum.
2215 216 2286 228 --
2314 179 2384 246 u‘v
2410 175 2545 248 LIB.
2575 197 2617 250 1.

3541 203 3652 269 821

257 313 415 370 dech.
443 311 686 368 Mutavit
713 328 858 380 ergo
889 329 957 368 os
991 328 1171 368 suum
1223 313 1286 369 in
1314 312 1647 370 sacerdotio
1702 315 1895 366 muta-
1922 306 1967 358 Α
2003 304 2082 404 (ξο
2226 310 2621 404 introducitur
2653 319 2777 376 Gad
2803 323 3118 396 propheta,
3153 342 3291 383 cum
3338 329 3398 386 in
3430 347 3651 404 praece-

255 404 329 458 vit
352 403 410 456 in
433 401 770 474 prwceptis,
793 401 944 457 dans
960 401 1122 457 aliud
1143 407 1587 468 testamentum,
1605 406 1895 458 evacuata

255 492 470 546 carnali
501 491 870 563 operatione,
928 497 1106 564 atque
1163 492 1302 548 inde
1356 493 1659 564 collapsus
1699 497 1785 546 est
1833 491 1892 546 in

255 579 528 635 manibus
561 595 792 648 eorum,
823 580 1071 652 quando
1117 597 1255 636 eum
1313 581 1890 654 comprehendentes

256 668 684 724 cruciﬁxerunt.
719 672 787 724 Et
816 669 1168 741 procidebat
1191 670 1265 725 ad
1291 672 1511 726 ostium
1547 676 1750 742 portae,
1778 670 1891 724 hoc

256 762 355 820 est,
394 757 735 812 humiliavit
791 775 892 814 se:
926 759 1040 814 hoc
1079 763 1186 824 est,
1220 759 1528 834 procidere
1583 775 1770 831 usque
1814 758 1890 813 ad

255 846 464 901 ostium
485 846 626 900 ﬁdei
648 841 892 902 nostrae:
914 848 1130 902 ostium
1163 849 1322 903 enim
1353 855 1559 920 portae,
1584 847 1893 902 initiumﬁ-

255 934 361 1000 dei,
388 933 528 989 inde
549 935 758 1007 incipit
779 936 1054 1005 Ecclesia,
1079 941 1137 992 et
1163 939 1429 1009 pervenit
1453 954 1641 1010 usque
1665 936 1741 992 ad
1766 953 1893 1009 spe-

253 1023 416 1080 ciem.
452 1025 520 1079 Ut
549 1040 689 1079 cum
729 1025 913 1080 credit
943 1041 1011 1082 ea
1043 1043 1176 1098 quae
1229 1042 1350 1082 non
1379 1026 1558 1090 videt,
1593 1030 1892 1081 mereatur

252 1112 490 1184 perfrui,
523 1129 661 1168 cum
689 1129 828 1168 eum
851 1114 1050 1170 videre
1096 1115 1245 1171 facie
1275 1115 1353 1170 ad
1380 1116 1593 1170 faciem
1625 1115 1886 1186 coeperit.

253 1201 416 1267 Quod
443 1201 603 1256 enim
635 1201 695 1256 in
713 1201 814 1258 illo
844 1203 1018 1275 quasi
1038 1203 1234 1260 furore
1261 1205 1462 1260 saliva:
1493 1204 1892 1260 decurrebant

253 1306 423 1362 super
441 1290 701 1346 barbam
726 1292 877 1362 ejus,
900 1293 1217 1366 Apostolus
1247 1295 1373 1350 haec
1414 1295 1621 1368 aperit,
1643 1294 1848 1349 dicens
1877 1309 1889 1347 :

254 1403 278 1428 κ
307 1379 494 1434 ,ιυόωὶ
525 1379 698 1449 signa
729 1385 958 1453 petunt,
1011 1387 1067 1438 et
1103 1383 1285 1438 Graaci
1338 1383 1695 1456 sapientiam
1724 1398 1890 1455 quae-

251 1472 402 1523 runt.
436 1471 554 1524 Nos
613 1475 815 1525 autem
870 1471 1270 1543 praedicamus
1328 1472 1630 1528 Christum
1660 1471 1892 1526 cruciﬁ-

246 1573 422 1614 xum:
452 1557 672 1613 Jndaais
701 1558 946 1631 quidem
976 1560 1352 1630 scandalum,
1385 1561 1662 1632 gentibus
1692 1565 1891 1616 autem

2001 394 2280 495 dentibus
2301 402 2358 495 _ej
2372 420 2438 458 us
2465 405 2631 462 nulla
2652 407 2808 466 facta
2838 394 3010 468 fuerit
3053 415 3295 472 mentio.
3329 394 3650 495 Sicitaqu‘e

2004 484 2095 576 hic
2121 487 2699 561 introducitur,sicut
2728 499 2881 555 Elias
2895 503 3188 576 propheta
3211 505 3427 564 inloco
3450 484 3654 567 ubidi-

2001 574 2252 636 citur:Et
2270 580 2418 637 dixit
2444 583 2596 640 Elias
2635 588 2935 645 Thesbites
2963 574 3036 647 dé
3085 592 3519 654 habitatoribus
3545 602 3652 656 Ga-

2000 661 2245 754 laad.Ex
2277 685 2377 724 ore
2407 672 2604 745 itaque
2628 677 2859 732 Domini
2882 680 3006 735 Gad
3036 682 3329 754 propheta
3357 687 3541 743 David
3569 689 3655 745 di-

1999 753 2103 849 uit,
2141 761 2203 811 ut
2231 772 2352 814 non
2380 768 2716 819 moraretur
2746 765 2896 822 inter
2921 753 3236 838 gentes,iet
3265 773 3326 828 in
3354 779 3509 832 terra
3530 778 3656 849 pol-

2000 840 2145 932 luta,
2171 846 2273 901 sed
2298 847 2356 902 in
2391 853 2607 907 terram
2637 856 2662 908 ,Ι
2672 854 2852 910 udam
2883 857 3117 926 rediret,
3152 865 3208 915 et
3245 861 3327 916 ibi
3349 840 3654 932 juxta.vo-

1999 930 2288 991 luntatem
2307 941 3041 1014 Domini,persecutionem
3061 930 3438 1007 inimicorum
3455 954 3648 1012 ferret.

2073 1045 2100 1071 «
2129 1024 2399 1099 Dixitque
2428 1031 2590 1101 Doeg
2619 1033 2918 1090 Idumaaus
2949 1037 3026 1091 ad
3071 1038 3210 1094 Saul
3235 1058 3247 1095 :
3281 1041 3408 1097 Vidi
3465 1045 3651 1101 David

2001 1133 2045 1208 «-
2061 1112 2252 1208 tilium
2270 1119 2397 1208 ‘Isai
2412 1119 2482 1208 in
2504 1121 2728 1190 Noba,»
2748 1129 2804 1180 et
2833 1125 3080 1198 reliqua.
3116 1129 3414 1192 Quantum
3439 1133 3516 1188 ad
3539 1135 3654 1208 spi-

1999 1200 2232 1296 ritalem
2264 1205 2706 1279 intelligentiam
2739 1213 3010 1286 pertinet,
3062 1216 3122 1271 in
3174 1220 3335 1288 Doeg
3364 1200 3648 1296 Idumaeo,

2001 1290 2105 1360 qui
2130 1296 2270 1349 voto
2296 1311 2358 1351 se
2388 1297 2778 1369 obligaverat,
2823 1303 2974 1360 sicut
3015 1304 3076 1359 in
3120 1306 3369 1363 Hebreeo
3417 1290 3648 1379 legitur,

2001 1385 2178 1448 prout
2203 1383 2393 1439 Judaei
2416 1386 2679 1456 tradunt,
2699 1395 2763 1445 ut
2790 1391 3269 1466 antiquantisper
3287 1394 3350 1450 in
3377 1396 3653 1455 taberna-

2002 1467 2137 1523 culo
2198 1473 2428 1530 Domini
2488 1476 2926 1547 immoraretur,
2987 1486 3043 1537 et
3083 1483 3336 1539 orationi
3395 1492 3651 1557 vacaret,

2001 1557 2166 1612 .Iudaa
2195 1562 2512 1632 proditoris
2541 1582 2802 1638 persona
2848 1570 3134 1640 consistit,
3177 1587 3283 1644 per
3310 1589 3492 1646 quem
3540 1576 3656 1633 ista

248 1646 590 1702 stultitiam:
636 1647 783 1720 ipsis
831 1665 973 1705 vero
1019 1650 1249 1706 vocatis
1304 1650 1522 1706 Iudaeis
1569 1655 1626 1706 et
1655 1650 1887 1715 Graecis,
1926 1657 1964 1710 Β
2003 1653 2284 1716 operatus
2313 1657 2400 1708 est
2439 1653 2716 1724 Zabulus,
2748 1662 2815 1712 ut
2860 1659 2988 1730 ejus
3031 1661 3368 1732 proditione
3396 1663 3555 1720 facta
3589 1664 3652 1720 in

249 1736 538 1791 Christum
599 1737 698 1792 Dei
737 1737 1012 1794 virtutem
1071 1743 1129 1795 et
1176 1739 1277 1795 Dei
1331 1739 1707 1812 sapientiam.
1742 1737 1892 1805 Quia

246 1823 403 1898 quod
426 1823 674 1880 stultum
719 1831 811 1882 est
839 1827 958 1894 Dei,
1011 1828 1339 1901 sapientius
1369 1835 1456 1884 est
1497 1829 1842 1885 hominibus
1878 1846 1890 1884 :

246 1914 484 1985 etquod
518 1915 825 1971 inﬁrmum
851 1922 943 1972 est
974 1918 1092 1987 Dei,
1149 1917 1352 1974 fortius
1398 1923 1487 1974 est
1538 1919 1887 1974 hominibus

246 2002 302 2070 (Ι
321 2002 453 2058 Cor.
486 2007 585 2074 1).»
607 2008 732 2060 Non
762 2009 1052 2078 tanquam
1078 2006 1329 2064 salivam
1375 2008 1632 2075 attende,
1667 2009 1773 2063 sed
1803 2012 1890 2064 at-

247 2091 434 2156 tende,
467 2093 612 2165 quia
647 2111 830 2167 super
880 2095 1139 2152 barbam
1187 2097 1530 2154 decurrunt.
1573 2097 1890 2163 Quomodo

247 2181 399 2236 edim
423 2181 486 2237 in
517 2182 718 2238 salivis
766 2183 1098 2247 inﬁrmitas,
1135 2186 1215 2241 sic
1270 2186 1328 2241 in
1355 2186 1548 2242 barba
1575 2187 1762 2242 virtus
1792 2203 1888 2241 os-

247 2269 521 2325 tenditur.
554 2273 715 2327 Texit
744 2289 886 2343 ergo
913 2275 1187 2330 virtutem
1236 2291 1430 2345 suam,
1458 2292 1706 2349 corpore
1733 2277 1891 2332 inﬁr-

243 2359 461 2415 mitatis
495 2377 621 2416 suae
647 2378 659 2415 :
680 2366 737 2416 et
765 2362 933 2434 quod
953 2363 1286 2419 forinsecus
1308 2365 1746 2432 inﬁrmabatur,
1762 2371 1890 2421 tan-

240 2465 426 2522 quam
457 2450 647 2507 saliva
666 2451 1022 2523 apparebat.
1049 2457 1210 2510 Intus
1233 2459 1433 2511 autem
1454 2455 1660 2511 divina
1678 2455 1888 2523 virtus,

244 2544 533 2611 tanquam
564 2539 758 2596 barba
787 2541 1118 2610 tegebatur.

847 2631 1082 2688 CAPUT
1120 2635 1273 2690 XXII.

312 2719 514 2788 «Fugit
532 2718 717 2774 David
734 2719 794 2774 in
817 2719 1166 2792 speluncam
1186 2723 1591 2791 Odollam,ubi
1611 2741 1746 2781 eum
1767 2741 1893 2780 om-

244 2827 273 2858 ‹
297 2822 400 2862 nes
429 2806 647 2863 fratres
678 2807 828 2878 ejus,
848 2813 906 2864 et
926 2809 1123 2865 omnis
1140 2810 1359 2866 domus
1387 2813 1573 2885 patris
1596 2813 1726 2884 ejus
1752 2813 1887 2868 visi.

241 2918 271 2943 ι‹
301 2901 577 2952 taverunt
601 2901 660 2952 et
679 2904 1088 2954 convenerunt
1107 2899 1185 2954 ad
1204 2916 1344 2956 eum
1365 2903 1706 2975 omnes,qui
1723 2907 1894 2958 erant

2001 1734 2252 1803 Christo,
2282 1745 2488 1810 postea
2519 1745 2995 1815 persecutionem
3041 1748 3299 1804 Ecclesia
3329 1755 3650 1822 pateretur,

2002 1829 2056 1880 et
2087 1827 2502 1886 occiderentur
2543 1835 2976 1908 quamplurimi
3028 1837 3304 1911 discipuli
3355 1841 3567 1896 Christi
3597 1845 3655 1898 et

2004 1917 2366 1986 sacerdotes,
2399 1926 2455 1977 et
2484 1937 2593 1994 pro
2619 1926 2860 1980 nomine
2901 1927 3030 1996 ejus
3052 1929 3496 1998 persecutiones
3516 1944 3653 2000 gra-

1999 2005 2275 2063 vissimas
2306 2009 2648 2080 perferrent.
2678 2013 2780 2068 His
2809 2029 2951 2084 ergo
2995 2015 3216 2087 quibus
3245 2021 3520 2088 receptus
3563 2022 3654 2074 est

2001 2093 2285 2165 Christus,
2310 2097 2720 2155 tribulationes
2740 2101 2972 2157 induxit
2992 2103 3270 2158 diabolus
3300 2109 3357 2159 et
3374 2109 3649 2160 mortem.

2001 2203 2028 2229 «
2063 2183 2282 2238 Omnes
2305 2185 2488 2254 enim,
2524 2209 2551 2236 »
2577 2191 2638 2243 ut
2666 2187 2746 2243 ait
2768 2189 3105 2260 Apostolus,
3139 2213 3167 2238 «
3197 2191 3300 2263 qui
3329 2191 3390 2245 in
3421 2191 3651 2247 Christo

2000 2269 2094 2342 pie
2115 2270 2318 2327 volunt
2336 2273 2556 2345 vivere,
2574 2276 3053 2346 persecutionem
3070 2278 3481 2350 patiuntur(II
3498 2280 3647 2335 Tim.

1998 2360 2099 2428 iu).
2124 2381 2151 2407 »
2187 2362 2250 2414 Et
2269 2361 2554 2416 Dominus
2573 2362 2653 2418 ait
2677 2380 2690 2417 :
2720 2385 2748 2413 «
2781 2363 2835 2420 Si
2862 2380 2959 2420 me
2976 2365 3272 2436 persecuti
3287 2371 3448 2434 sunt,
3467 2371 3524 2422 et
3541 2383 3651 2422 vos

1999 2454 2434 2521 persequentur
2466 2451 2657 2521 (Joan.
2685 2452 2799 2523 xv).
2836 2475 2862 2502 ››
2906 2456 3100 2510 Potest
3145 2455 3306 2510 enim
3333 2456 3516 2525 Doeg,
3547 2455 3652 2528 qui

1999 2535 2417 2609 interpretatur
2443 2546 2636 2596 motus
2665 2546 2720 2597 et
2749 2541 3044 2597 ldumaeus
3067 2549 3356 2606 terrenus,
3377 2544 3499 2599 sive
3519 2559 3654 2599 san-

1999 2627 2270 2696 guineus,
2302 2627 2700 2699 quodnomen
2730 2629 2791 2684 in
2811 2631 3295 2702 praeﬁguratione
3315 2632 3653 2688 futurorum

2001 2715 2319 2788 accipiens,
2353 2733 2561 2773 eorum
2592 2718 2864 2775 videlicet
2910 2736 3234 2792 personam
3292 2720 3651 2791 signiﬁcare,

2001 2804 2106 2876 qui
2195 2810 2428 2862 terrena
2513 2807 2812 2878 sapientes
2908 2813 3088 2881 atque
3172 2809 3486 2866 carnaliter
3569 2808 3654 2864 vi-

2001 2897 2231 2964 ventes,
2285 2895 2582 2951 Christum
2638 2896 2701 2951 in
2760 2897 2884 2952 suis
2937 2897 3224 2954 membris
3280 2913 3654 2971 persequun-

241 3007 268 3034 «
298 2985 357 3040 in
383 2985 672 3054 angustia
715 2987 1034 3055 constituti,
1060 2993 1116 3044 et
1134 2991 1409 3062 oppressi
1438 3008 1552 3048 agre
1578 2991 1794 3060 alieno,
1837 2997 1894 3048 et
1922 3005 1963 3062 ε
2003 2986 2116 3038 ιω·-

239 3097 268 3122 ‹‹
298 3090 509 3131 amaro
525 3074 753 3142 animo,
773 3079 830 3131 et
845 3075 1038 3132 factus
1057 3081 1145 3133 est
1159 3093 1366 3135 eorum
1389 3080 1724 3154 princeps.»
1742 3080 1896 3146 Quid

240 3163 512 3236 estquod
534 3169 818 3220 manente
846 3165 1034 3220 David
1057 3165 1119 3222 in
1150 3167 1458 3239 spelunca,
1496 3175 1787 3226 venerunt
1813 3169 1892 3226 ad

238 3269 379 3308 eum
409 3268 626 3308 omnes
667 3253 876 3309 fratres
907 3254 1039 3325 ejus
1083 3259 1141 3312 et
1195 3257 1394 3312 omnis
1443 3257 1662 3314 domus
1703 3259 1892 3331 patris

240 3341 402 3411 ejus,
415 3341 532 3395 nisi
551 3341 710 3413 quod
731 3342 1330 3416 Redemptornoster,
1346 3351 1587 3418 peracta
1609 3347 1893 3419 passione

246 3445 368 3483 sua
399 3444 470 3483 ac
500 3429 896 3502 redemptione
927 3433 1177 3488 humani
1203 3434 1458 3505 generis,
1490 3435 1564 3490 de
1613 3435 1787 3508 plebe
1819 3438 1894 3490 Is-

249 3516 519 3572 raelitica
543 3517 601 3573 in
627 3519 830 3576 Judaaa
880 3521 1143 3594 prirnum
1191 3522 1513 3579 Ecclesium
1557 3525 1891 3587 collocavit,

246 3606 322 3661 de
350 3611 526 3675 gente
569 3607 629 3662 in
657 3625 778 3681 qua
803 3625 1047 3666 carnem
1078 3627 1390 3668 assumere
1437 3613 1718 3684 dignatus
1768 3615 1893 3670 est?

242 3695 349 3751 Ubi
378 3696 583 3752 fratres
617 3699 768 3768 ejus,
795 3698 858 3754 id
887 3703 974 3754 est
998 3701 1276 3771 apostoli,
1309 3706 1367 3758 et
1411 3702 1662 3758 domum
1708 3703 1894 3775 patris

255 3785 407 3852 ejus,
424 3786 479 3839 id
499 3792 580 3841 est
604 3786 684 3842 illi
701 3788 807 3859 qui
825 3804 896 3843 ex
918 3790 1239 3861 Synagoga
1258 3790 1317 3844 in
1336 3807 1474 3846 eum
1498 3792 1890 3852 crediderant.

264 3880 530 3930 venerunt
557 3875 638 3930 ad
664 3875 857 3946 illum,
882 3881 938 3932 et
965 3883 1369 3934 convenerunt
1400 3879 1478 3935 ad
1512 3896 1652 3936 eum
1681 3897 1893 3936 omnes

257 3961 350 4032 qui
377 3965 634 4019 erantin
661 3965 941 4033 angustia
991 3967 1288 4023 constituti
1346 3973 1400 4023 et
1457 3971 1727 4042 oppressi
1780 3986 1896 4024 mre

247 4050 458 4118 alieno,
489 4054 607 4108 hoc
640 4059 729 4110 est
755 4054 920 4126 quod
950 4055 1078 4127 ipse
1106 4057 1186 4112 ad
1210 4072 1272 4112 se
1297 4057 1498 4113 venire
1523 4057 1784 4114 invitans
1806 4058 1894 4114 di-

238 4140 346 4196 xit:
367 4165 397 4190 «
430 4144 636 4198 Venite
668 4143 746 4198 ad
773 4159 1120 4213 me,omnes
1142 4145 1240 4218 qui
1268 4145 1554 4202 laboratis
1588 4151 1644 4202 et
1667 4148 1898 4203 onerati

237 4230 402 4299 estis,
434 4236 494 4286 et
519 4246 636 4300 ego
656 4231 922 4288 reﬁciam
950 4249 1059 4289 vos
1075 4235 1750 4306 (illatth.x1).»Caeterum
1773 4253 1899 4291 om-

2608 3078 2833 3132 CAPUT
2870 3079 3046 3131 XXIII.

2075 3186 2104 3214 ‹‹
2135 3167 2314 3220 Porro
2342 3181 2414 3220 eo
2443 3169 2709 3237 tempore
2751 3181 2874 3236 quo
2904 3165 3136 3233 fugerat
3160 3164 3468 3232 Abiathar,
3489 3163 3652 3218 ﬁlius

2003 3275 2032 3304 ‹‹
2067 3253 2428 3321 Abimelecb,
2459 3255 2537 3309 ad
2572 3253 2778 3324 David,
2809 3253 2870 3308 in
2895 3253 2992 3308 die
3044 3253 3145 3309 illa
3197 3253 3398 3326 ephod
3441 3267 3650 3308 secum

2003 3365 2031 3391 ‹‹
2063 3342 2296 3398 habens
2327 3342 2786 3410 descenderat,»
2813 3346 2922 3398 etc.
2944 3342 3152 3415 Ephod
3177 3341 3324 3397 illud
3345 3346 3473 3398 erat
3485 3340 3654 3414 quod

2002 3434 2249 3504 Moyses,
2279 3432 2525 3503 jubente
2557 3431 2833 3500 Domino,
2853 3430 3071 3487 fecerat
3092 3431 3242 3486 sicut
3260 3435 3316 3486 et
3335 3429 3648 3497 rationale,

2001 3520 2061 3574 in
2092 3535 2214 3592 quo
2245 3525 2372 3576 erat
2399 3520 2670 3576 doctrina
2697 3525 2754 3575 et
2781 3519 3018 3586 veritas,
3050 3519 3111 3574 in
3140 3534 3263 3591 quo
3292 3519 3475 3575 etiam
3507 3533 3652 3574 con-

2003 3609 2182 3664 suluit
2208 3609 2394 3666 David
2419 3610 2763 3676 Dominum,
2791 3614 2848 3664 et
2867 3609 2977 3665 ait:

2075 3720 2103 3748 «
2135 3699 2192 3755 Si
2217 3699 2453 3755 tradent
2481 3716 2576 3754 me
2605 3698 2713 3753 viri
2739 3697 2908 3753 Ceilae
2953 3697 3013 3752 in
3043 3712 3263 3752 manus
3289 3695 3450 3762 Saul,
3487 3699 3573 3752 et'
3600 3694 3654 3751 si

2005 3811 2030 3838 ‹‹
2062 3789 2386 3845 descendet
2411 3789 2537 3860 ipse
2569 3789 2718 3842 sicut
2744 3786 2972 3860 audivit
3011 3802 3220 3841 servus
3263 3786 3438 3840 tuus?
3469 3788 3534 3840 Et
3575 3786 3658 3842 ait

2007 3901 2035 3928 ‹‹
2067 3878 2391 3934 Dominus:
2424 3853 2766 3932 Descendet.
2803 3898 2830 3920 ιι
2859 3853 2946 3930 ΑΞ
2973 3875 3017 3929 si
3053 3874 3305 3928 diceret:
3333 3873 3391 3929 Si
3420 3873 3515 3928 hic
3547 3877 3658 3928 ste-

2004 3967 2148 4037 rilis,
2172 3965 2498 4022 descendet
2547 3963 2709 4035 Saul,
2752 3967 2809 4020 et
2853 3963 3090 4019 tradent
3126 3967 3180 4018 te
3231 3961 3337 4017 viri
3379 3961 3549 4018 Ceilae
3591 3961 3654 4017 in

2005 4073 2225 4114 manus
2267 4057 2421 4127 ejus,
2471 4070 2681 4111 eorum
2724 4053 3094 4108 voluntatem
3125 4051 3179 4108 ei
3224 4051 3552 4108 indicabat.
3590 4053 3657 4107 Et

2006 4146 2217 4202 merito
2244 4145 2354 4201 viri
2386 4143 2576 4213 Ceilte,
2605 4143 2755 4198 sicut
2778 4143 2882 4214 qui
2903 4141 3118 4212 ingrati
3137 4140 3444 4198 beneﬁciis
3469 4139 3656 4196 David

2007 4235 2367 4301 exstiterant,
2401 4249 2538 4288 cum
2587 4247 2689 4287 eos
2737 4231 2862 4302 ipse
2908 4230 2984 4285 de
3033 4230 3315 4286 manibus
3367 4229 3656 4285 t’hilistim

231 4334 338 4374 nes
371 4320 484 4391 qui
519 4336 584 4375 se
616 4326 952 4390 agnoscunt
973 4322 1035 4378 in
1065 4324 1342 4392 angustia
1363 4325 1712 4381 constitutos
1733 4325 1898 4381 vitio-
1933 4357 1975 4409 Β
2008 4323 2244 4387 eruerit,
2272 4320 2695 4391 signiﬁcabant
2715 4318 3124 4375 infidelitatem
3153 4335 3261 4375 seu
3306 4318 3655 4375 inconstan-

229 4425 392 4477 rum,
423 4425 540 4466 nec
574 4410 801 4467 habent
825 4411 1202 4468 latitudinem
1225 4413 1899 4488 charitatis,etoppressi
1934 4408 1944 4409 ί
2010 4413 2154 4468 tiam
2193 4412 2555 4472 Judteorum,
2588 4410 2694 4482 qui.
2747 4409 3156 4482 Redemptoris
3187 4408 3373 4464 nostri
3422 4421 3658 4478 semper

228 4505 371 4555 sunt
403 4516 526 4555 aere
552 4499 766 4567 alieno,
794 4501 910 4556 hoc
933 4506 1038 4567 est,
1077 4518 1259 4558 censu
1281 4509 1686 4574 peccatorum,
1717 4521 1900 4576 quem

224 4589 638 4645 exsolvebant
663 4590 907 4646 diabolo
924 4592 1174 4664 quando
1205 4592 1600 4649 exhibuerunt
1629 4594 1904 4649 membra

223 4695 342 4734 sua
372 4679 606 4734 servire
629 4679 928 4752 iniquitati
951 4680 1028 4735 ad
1044 4680 1438 4753 iniquitatem:
1463 4698 1709 4738 necesse
1739 4689 1827 4738 est
1845 4691 1913 4744 ut

221 4783 452 4824 amaro
490 4767 611 4823 sint
636 4767 860 4834 animo,
914 4768 1029 4824 hoc
1059 4774 1165 4832 est,
1196 4775 1256 4825 ut
1286 4771 1465 4839 digne
1495 4774 1907 4843 paenitentiam

217 4863 456 4926 gerant
470 4873 509 4912 a
529 4857 759 4913 delictis
780 4860 907 4913 suis
927 4859 1256 4931 praeteritis,
1275 4865 1332 4916 et
1349 4861 1584 4917 venient
1601 4863 1678 4917 ad
1703 4864 1906 4933 David,

216 4947 297 5002 ad
329 4946 763 5003 desideratum
795 4947 1070 5003 videlicet
1119 4953 1416 5017 nostrum,
1467 4956 1765 5022 quatenus
1807 4953 1910 5009 ﬁat

216 5051 458 5091 eorum
491 5035 799 5108 princeps,
849 5036 998 5108 quia
1022 5035 1150 5109 ipse
1181 5041 1271 5094 est
1295 5039 1400 5110 qui
1431 5040 1791 5096 constitutus
1825 5046 1912 5097 est

218 5141 257 5178 a
289 5128 433 5182 Deo
457 5124 647 5194 judex
675 5125 954 5182 vivorum
969 5130 1026 5182 et
1056 5131 1496 5184 mortuorum.¢
1530 5131 1682 5184 Deus
1713 5129 1905 5199 fortis,

215 5215 412 5270 Pater
460 5213 647 5270 futuri
678 5214 900 5282 saeculi,
958 5215 1238 5288 princeps
1275 5217 1466 5288 pacis,
1522 5218 1694 5289 cujus
1739 5217 1906 5290 regni

212 5319 356 5360 non
385 5305 502 5360 erit
525 5304 685 5376 ﬁnis,
721 5310 778 5360 et
805 5304 1216 5362 dominabitur
1235 5306 1439 5362 amari
1467 5323 1657 5380 usque
1674 5309 1750 5364 ad
1777 5326 1906 5366 ma-

214 5408 285 5449 re
320 5399 604 5468 potestas
636 5395 789 5466 ejus,
817 5399 1081 5468 potestas
1111 5400 1354 5463 eeterna,
1399 5400 1456 5452 et
1493 5412 1749 5466 regnum
1775 5399 1906 5468 ejus

214 5482 411 5540 alteri
445 5500 568 5541 non
597 5483 842 5540 dabitur
870 5486 1013 5555 (Isa.
1047 5490 1155 5555 ιι),
1191 5507 1218 5536 ››

297 5597 331 5621 ιι
360 5573 648 5646 Dixitque
677 5573 806 5630 Gad
835 5575 1127 5647 propheta
1157 5574 1234 5632 ad
1273 5575 1482 5631 David:
1533 5580 1613 5632 Ne
1657 5578 1908 5634 moreris

2012 4501 2213 4572 pietati
2242 4499 2456 4569 ingrati
2488 4498 2827 4566 existentes,
2871 4497 3036 4570 apud
3091 4496 3290 4551 saeculi
3334 4499 3656 4567 potestates

2015 4596 2221 4645 contra
2267 4605 2404 4644 eum
2435 4587 2779 4643 insidiando
2806 4585 3189 4641 meditantur.
3240 4585 3660 4652 Interpretatur

2017 4682 2216 4733 autem
2245 4677 2423 4744 Ceila,
2445 4677 2526 4733 ad
2549 4676 2808 4746 fundam
2848 4677 3043 4742 jacta,
3077 4671 3198 4726 sive
3229 4670 3525 4726 excellens
3575 4669 3656 4723 si-

2020 4768 2214 4822 bimet.
2264 4770 2328 4820 Et
2379 4766 2440 4820 in
2471 4765 2705 4836 psalmo
2736 4763 3022 4833 scriptum
3073 4764 3198 4814 est:
3231 4782 3259 4809 «
3293 4759 3356 4813 In
3410 4756 3659 4812 circuitu

2016 4854 2181 4926 impii
2206 4853 2522 4909 ambulant
2551 4853 2739 4917 (Psal.
2762 4853 2863 4919 x1).
2887 4871 2915 4898 »
2947 4852 3014 4904 Et
3042 4847 3184 4903 alibi
3216 4864 3228 4903 :
3273 4870 3300 4899 ¢
3349 4845 3572 4904 Stultus
3595 4849 3663 4902 ut

2015 4946 2162 5000 luna
2186 4947 2450 4998 mutatur
2473 4941 2684 5012 (Ecclz'.
2714 4943 2906 5007 xxvn).
2940 4961 2968 4989 »
2997 4937 3161 4993 Unde
3209 4941 3266 4994 et
3289 4935 3556 5009 sequitur
3585 4935 3660 4991 de

2015 5033 2264 5107 Ziphaais
2288 5050 2300 5088 :

2089 5145 2117 5175 ι(
2151 5126 2329 5179 Porro
2359 5120 2548 5177 David
2573 5119 2787 5188 eratin
2837 5119 3072 5175 deserto
3125 5118 3270 5190 Ziph
3318 5117 3378 5172 in
3429 5115 3597 5179 silva,
3632 5138 3660 5164 »

2018 5219 2151 5283 etc.,
2183 5227 2396 5284 usque,
2432 5233 2459 5260 ‹‹
2513 5215 2569 5266 et
2596 5213 2884 5265 venerunt
2913 5208 3131 5280 Ziphaei
3159 5207 3237 5263 ad
3262 5205 3422 5273 Saul,
3465 5205 3663 5261 dicen-

2020 5327 2048 5353 «
2081 5307 2166 5359 tes
2196 5321 2209 5358 :
2244 5306 2388 5357 Ecce
2420 5299 2606 5356 David
2650 5299 2838 5354 latitat
2883 5297 3048 5369 apud
3087 5312 3219 5352 nos.
3254 5317 3281 5345 »
3314 5295 3459 5367 Ziph
3487 5309 3665 5350 mons

2019 5391 2332 5465 squalidus
2361 5389 2456 5445 vel
2483 5389 2774 5458 caligans,
2807 5386 2926 5442 sive
2953 5385 3306 5454 nebulosus,
3333 5385 3395 5440 in
3423 5398 3547 5457 quo
3578 5398 3666 5439 se-

2017 5483 2104 5538 dit
2130 5481 2316 5537 David
2339 5495 2530 5553 prope
2559 5476 2960 5543 Charmelum,
2983 5476 3087 5549 qui
3115 5475 3178 5532 in
3197 5473 3514 5548 Scripturis
3534 5477 3668 5531 Car-

2017 5572 2210 5627 melus
2239 5555 2589 5642 appellatur.
2621 5568 2712 5623 Sic
2741 5566 2902 5622 enim
2955 5564 3290 5638 appellatur
3337 5563 3506 5619 vicus
3562 5563 3668 5616 ho-

217 5685 248 5707 σι
294 5662 374 5719 in
404 5662 724 5736 presidio:
761 5661 868 5719 sed
889 5663 1049 5720 vade
1078 5663 1143 5721 in
1166 5669 1391 5722 terram
1422 5664 1636 5723 Juda.»
1670 5666 1811 5724 Miro
1837 5681 1945 5734 mo
1986 5663 2118 5724 «lie.
2147 5659 2530 5718 Judaaorum:
2585 5657 2747 5715 unde
2793 5656 2902 5713 fuit
2943 5653 3131 5713 Nabal
3176 5651 3524 5711 Carmelius.
3551 5647 3666 5704 Sed
