4130 6182
437 198 540 253 3εὸ

1535 185 1891 242 mecum
1930 173 2385 241 Luxommsm
2431 181 2767 258 atomum,

3752 186 3859 239 3η

438 326 497 377 et
514 336 673 376 unus
702 317 778 373 de
806 311 1055 387 posteris
1087 309 1264 365 Caleb
1284 309 1476 365 dictus
1506 314 1597 365 est
1622 309 1784 381 Ziph.
1816 310 1969 377 Lege
1994 310 2093 363 Pa~
2120 310 2167 362 Α
2204 313 2359 364 runt.
2390 310 2502 365 Sed
2533 313 2736 365 tamen
2764 308 2950 364 David
2990 307 3232 364 Saulem
3263 306 3537 363 occidere
3563 306 3776 377 noluit,
3804 310 3865 364 et

433 411 850 482 ralipomenon
875 404 934 471 (Ι
958 402 1101 455 Par.
1135 400 1235 466 xu).
1270 401 1446 468 Ergo,
1478 403 1542 454 ut
1581 398 1811 453 dictum
1854 401 1943 453 est
1995 413 2094 452 su-

438 499 638 573 perius
663 494 737 548 de
769 490 905 546 viris
929 487 1123 547 Ceilae,
1157 487 1241 543 sic
1270 488 1581 559 etZiphcei,
1606 487 1709 559 qui
1744 487 1926 543 David
1953 503 2093 560 pro-

440 586 720 643 diderunt
743 580 904 649 Saul,
932 582 989 634 et
1040 592 1179 631 cum
1224 592 1297 632 eo
1354 581 1608 632 mortem
1663 577 1792 647 ejus
1823 576 2096 648 meditati

444 670 731 745 sunt-,Iqui
762 668 1178 738 interpretatur
1199 671 1561 735 gemmantes
1578 682 1683 721 seu
1701 667 2092 735 ﬂorescentes.

443 760 786 831 Signiﬁcant
808 754 1069 823 ludteos,
1092 752 1363 824 quicum
1393 753 1453 809 in
1485 769 1675 823 regno
1705 758 1945 809 torreno
1964 768 2095 823 ger-

442 850 668 905 minare
697 842 1079 916 appetebant,
1113 841 1277 905 apud
1324 842 1626 915 principes
1684 858 1828 897 suos
1878 847 2094 899 tracta-

439 939 586 994 bant
608 935 684 990 de
712 948 859 989 nece
886 930 1229 988 Salvatoris:
1253 930 1508 1003 qualiter
1535 947 1675 987 eum
1706 946 1812 1004 per
1833 932 2097 1004 discipu«

438 1028 565 1085 lum
596 1040 775 1080 suum
820 1021 1127 1095 proditum
1172 1022 1709 1092 apprehenderent,
1745 1027 1803 1078 et
1856 1022 2098 1095 praesidi

440 1116 514 1172 ad
547 1111 1021 1171 interﬁciendum
1056 1109 1357 1165 traderent
1399 1112 1636 1181 (Matth.
1679 1115 1861 1180 xxvr).
1912 1112 2098 1181 Signi_

439 1206 624 1262 ﬁcant
652 1203 829 1259 etiam
855 1205 913 1255 et
941 1198 1201 1272 perﬁdos
1224 1215 1521 1273 quosque,
1544 1201 1648 1272 qui
1678 1200 1827 1257 dum
1855 1217 2100 1275 prospe-

440 1311 510 1351 ra
532 1292 865 1366 requirunt,
897 1293 953 1346 et
983 1294 1368 1362 prosperatur
1384 1290 1466 1345 eis
1489 1305 1757 1362 praesens
1785 1292 2096 1348 smculum.

442 1383 609 1440 Unde
638 1382 794 1436 bene
818 1380 1238 1450 interpretatur
1276 1378 1678 1445 ﬂorescentes,
1704 1381 1952 1452 quando
1986 1384 2099 1438 Do-

441 1472 677 1527 minum
705 1469 999 1524 Christum
1023 1467 1084 1522 in
1109 1468 1398 1523 membris
1426 1467 1549 1523 suis
1575 1468 1914 1540 degentem,
1935 1471 2097 1543 apud

444 1562 767 1633 potestates
801 1556 1003 1613 saeculi
1027 1556 1209 1627 hujus
1234 1556 1520 1628 produnt.

1066 1702 1289 1757 CAPUT
1327 1703 1431 1756 XXI
1444 1703 1482 1755 V

520 1828 739 1885 Dehinc
769 1825 1037 1898 sequitur
1075 1824 1240 1897 quod
1281 1823 1341 1878 in
1389 1839 1591 1879 eremo
1641 1822 1910 1893 Engaddi
1956 1838 2097 1880 cum

446 1915 933 1992 persequendum
960 1914 1143 1969 David
1179 1912 1319 1969 Saul
1342 1917 1666 1986 appeteret,
1688 1914 1995 1983 ingressus
2011 1917 2101 1968 est

402 2028 407 2033 ι
446 2006 638 2063 David
665 2007 727 2060 in
759 2004 1136 2077 speluncam,
1167 2006 1224 2058 et
1271 2001 1354 2057 ibi
1395 2001 1639 2058 latebat.
1688 2002 1799 2058 Sed
1830 2018 1954 2069 rex,
1984 2002 2097 2057 im-

446 2094 702 2169 provisis
723 2097 1005 2165 exceptus
1032 2091 1281 2159 insidiis,
1300 2091 1363 2145 in
1387 2090 1503 2146 hoc
1521 2090 1669 2163 quid
1697 2092 1958 2147 innocuo
1973 2104 2099 2146 mo-

448 2185 703 2241 liebatur
732 2182 1039 2239 inciderat.
1072 2179 1368 2251 Scriptum
1399 2182 1490 2235 est
1525 2181 1717 2236 enim:
1753 2201 1780 2231 «
1810 2180 1921 2246 Qui
1953 2179 2101 2235 fodit

447 2275 678 2330 foveam
701 2270 972 2343 proximo
1021 2286 1154 2340 suo,
1184 2269 1312 2341 ipse
1361 2268 1581 2325 incidet
1634 2270 1695 2324 in
1726 2284 1861 2326 eam
1893 2270 2094 2337 (Prov.

448 2369 622 2425 xxvr).
649 2386 676 2412 ‹‹
709 2359 895 2416 David
922 2364 1122 2415 autem
1169 2358 1330 2414 bona
1360 2374 1469 2430 pro
1522 2358 1698 2415 malis
1742 2360 2096 2428 retribuens,

447 2452 757 2507 inimicum
807 2465 930 2505 non
973 2448 1276 2511 occidens,
1325 2448 1431 2503 sed
1458 2464 1573 2520 pro
1612 2448 1951 2503 testimonio
1981 2447 2098 2503 face

448 2540 510 2602 ti,
541 2555 711 2595 oram
741 2537 1057 2593 chlamidis
1082 2536 1260 2605 regiae
1288 2536 1561 2591 abstulit:
1594 2552 1733 2592 cum
1762 2535 1993 2591 facilius
2014 2551 2100 2591 es-

452 2632 538 2684 set
567 2631 881 2699 eXceptum
909 2624 1138 2679 insidiis
1166 2624 1579 2679 adversarium
1610 2625 1858 2697 perdere
1880 2625 2095 2696 magis,

449 2731 637 2789 quam
668 2714 889 2771 fallere.
918 2712 1071 2778 Quid
1095 2728 1238 2781 ergo
1282 2718 1370 2768 est
1420 2713 1584 2785 quod
1622 2714 1734 2769 iste
1778 2713 2014 2784 fugiens
2063 2730 2099 2771 a

448 2805 599 2861 facie
632 2803 792 2873 Saul,
819 2803 879 2858 in
909 2801 1195 2875 spelunca
1211 2800 1418 2857 latuit?
1445 2806 1635 2866 Quare
1657 2807 1856 2858 autem
1886 2802 2101 2860 latuit?

448 2895 566 2951 nisi
596 2898 662 2950 ut
710 2892 1105 2948 occultaretur
1156 2896 1212 2946 et
1243 2905 1364 2946 non
1394 2890 1776 2947 inveniretur.
1811 2892 1963 2958 Quid
2010 2897 2099 2949 est

450 2983 683 3052 contegi
710 2981 1018 3054 spelunca,
1052 2980 1165 3035 nisi
1209 2980 1442 3050 contegi
1476 2982 1674 3037 terra?
1707 2981 1817 3047 Qui
1849 2981 2008 3037 enim
2035 2982 2096 3037 in
2128 3017 2167 3072 Ο

450 3073 738 3146 spelunca
760 3076 866 3137 est,
894 3086 930 3126 a
959 3074 1114 3125 terra
1139 3069 1371 3138 tegitur,
1393 3083 1471 3125 ne
1491 3069 1785 3126 videatur.
1824 3072 2098 3127 Portabat

448 3167 645 3219 autem
680 3167 902 3218 terram
929 3163 1118 3221 lesus,
1159 3174 1403 3215 carnem
1451 3160 1673 3216 scilicet
1712 3175 1897 3233 quam
1928 3177 2095 3217 acce-

444 3257 615 3326 perat
638 3252 711 3307 de
739 3256 932 3307 terra:
966 3255 1023 3306 et
1044 3250 1102 3304 in
1137 3265 1209 3304 ea
1234 3264 1299 3305 se
1327 3248 1687 3319 occultabat,
1714 3264 1791 3305 ne
1827 3264 1862 3305 a
1880 3250 2098 3306 Judaeis

445 3341 810 3397 inveniretur
834 3343 1007 3395 Deus.
1045 3360 1074 3387 «
1122 3338 1177 3394 Si
1220 3338 1392 3393 enim
1443 3339 1884 3409 cognovissent,
1941 3353 2097 3395 nun-

446 3444 631 3502 quam
658 3427 977 3483 Dominum
1002 3425 1203 3495 gloriae
1224 3425 1655 3481 cruciﬁxissent
1673 3427 1732 3497 (Ι
1748 3428 1885 3483 Cor.
1919 3433 2097 3496 v1u).»

447 3517 639 3578 Quare
664 3530 805 3583 ergo
823 3515 1143 3570 Dominum
1170 3513 1372 3581 gloriae
1392 3527 1515 3568 non
1533 3512 1932 3570 invenerunt?
1951 3516 2102 3581 Quia

450 3604 739 3676 spelunca
768 3619 829 3658 se
858 3601 1183 3668 texerat,id
1208 3605 1298 3656 est
1324 3601 1518 3657 carnis
1543 3601 1951 3658 inﬁrmitatem
1963 3620 2100 3660 ocu-

448 3693 521 3748 lis
549 3690 899 3763 objiciebat:
929 3696 983 3745 et
1036 3691 1414 3761 majestatem
1462 3690 1804 3759 divinitatis,
1832 3693 2098 3765 corporis

446 3782 507 3837 in
532 3780 795 3849 tegmine
823 3784 1114 3851 tanquam
1146 3777 1443 3851 speluncae
1464 3778 1689 3843 abdito,
1721 3781 2095 3852 contegebat.

446 3870 532 3926 Illi
581 3885 722 3940 ergo
753 3884 875 3925 non
916 3872 1347 3938 cognoscentes
1376 3868 1563 3923 Deum
1617 3872 1909 3942 persecuti
1961 3876 2101 3927 sunt

444 3960 790 4027 hominem;
823 3973 932 4014 nec
986 3958 1139 4012 mori
1171 3957 1382 4029 potuit,
1431 3957 1545 4013 nisi
1573 3958 1634 4013 in
1664 3959 1908 4016 homine
1942 3977 1955 4015 :
1987 3976 2099 4016 nec

446 4049 711 4119 cruciﬁgi
732 4048 924 4120 potuit
942 4047 1055 4102 nisi
1080 4047 1139 4102 in
1162 4048 1403 4103 homine
1427 4066 1439 4104 :
1474 4049 1618 4122 quia
1646 4066 1756 4106 nec
1782 4052 1964 4107 teneri
1992 4068 2098 4123 po-

446 4138 572 4205 tuit,
597 4137 711 4193 nisi
742 4138 802 4192 in
833 4136 1095 4193 homine.
1130 4137 1422 4209 Opposuit
1449 4154 1591 4209 ergo
1616 4138 1774 4194 male
1822 4155 2097 4212 quaeren-

446 4227 606 4283 tibus
630 4231 872 4292 terram,
906 4227 1162 4282 servavit
1216 4226 1376 4282 male
1426 4228 1836 4300 quaerentibus
1883 4230 2091 4283 Deum.

2204 414 2338 452 cum
2374 398 2433 452 in
2472 398 2676 454 abdito
2708 398 3037 453 occultatus
3054 400 3228 452 antro
3248 395 3496 451 haberet
3518 396 3578 451 in
3606 402 3869 468 potestas

2206 491 2344 557 tem,
2379 504 2612 543 servare
2644 487 2841 560 potius
2872 502 3057 558 quam
3107 485 3379 542 occidere
3430 485 3663 541 maluit.
3698 489 3782 541 Ita
3808 491 3866 543 et

2206 576 2470 632 Christus
2501 576 2649 631 dum
2684 580 2837 631 esset
2868 576 2927 630 in
2957 575 3269 647 spelunca,
3315 574 3482 630 carni
3526 580 3869 646 persecute-

2205 681 2329 720 rem
2361 665 2657 738 populum
2683 665 2743 720 in
2773 669 3064 737 potestate
3093 663 3322 730 habuit,
3355 664 3412 719 et
3454 677 3579 719 non
3620 664 3862 720 occidit.

2208 754 2503 827 Scriptum
2554 754 2712 810 enim
2741 758 2867 809 erat
2919 753 2993 809 de
3019 753 3105 808 eis
3132 767 3238 824 per
3268 751 3633 825 prophetam
3662 771 3675 808 :
3711 775 3737 803 «
3785 757 3866 810 Ne

2206 843 2495 899 occideris
2542 860 2645 899 eos
2673 842 2910 915 (Ezech.
2944 843 3045 913 1x).
3081 863 3108 891 »
3142 842 3402 896 Tantum
3444 840 3708 913 denique
3756 844 3867 899 Das

2154 956 2157 963 ι
2205 932 2307 987 vid
2334 932 2737 989 summitatem
2766 931 3082 987 chlamidis
3112 930 3349 986 silenter
3377 930 3633 985 abscidit
3656 934 3754 987 :ut
3770 947 3867 987 oss

2210 1022 2491 1089 tenderet,
2532 1039 2639 1094 per
2684 1020 3061 1094 prophetiam
3093 1020 3391 1075 Christum
3447 1019 3687 1075 iudices
3738 1035 3866 1077 non

2208 1111 2519 1179 occidisse,
2549 1110 2653 1167 sed
2676 1111 2758 1165 eis
2788 1115 3020 1166 tantum
3050 1108 3216 1178 regni
3240 1108 3491 1179 gloriam
3522 1108 3863 1166 abstulisse.

2210 1200 2536 1255 Chlamidis
2564 1200 2722 1255 enim
2749 1199 3003 1255 abscisio
3028 1197 3198 1266 regni
3227 1202 3318 1253 est
3360 1198 3713 1270 amputatio.
3738 1198 3866 1257 Hoc

2209 1289 2388 1344 etiam
2410 1288 2527 1344 alio
2556 1289 2689 1344 loco
2719 1288 2877 1343 idem
2926 1287 3061 1343 Saul
3089 1303 3226 1342 cum
3257 1301 3364 1359 per
3390 1285 3863 1344 inobedientiam

2209 1383 2516 1450 peccasset
2544 1377 2821 1433 ostendit.
2874 1381 3019 1432 Nam
3053 1390 3193 1431 cum
3220 1374 3455 1430 veniam
3497 1381 3861 1448 precaretur,

2210 1472 2266 1523 et
2293 1472 2533 1536 rogaret
2565 1465 2900 1524 Samuelem
2934 1469 2997 1520 ut
3053 1469 3443 1520 reverteretur
3481 1480 3619 1519 cum
3652 1464 3755 1520 illo
3782 1464 3865 1521 ad

2209 1555 2574 1627 placandum
2603 1558 2810 1622 Deum,
2857 1561 2913 1610 et
2956 1554 3262 1623 noluisset,
3295 1559 3475 1625 atque
3506 1558 3868 1610 convertens

2127 1663 2171 1716 Β
2209 1645 2423 1700 faciem
2455 1661 2631 1700 suam
2663 1644 2872 1713 abiret,
2906 1643 3095 1698 tenuit
3148 1642 3287 1698 Saul
3342 1642 3630 1714 penulam
3687 1644 3866 1699 vesti-

2208 1735 2394 1789 menti
2416 1734 2569 1804 ejus,
2615 1738 2673 1789 et
2721 1733 2975 1806 disrupit
3003 1748 3161 1787 eam.
3194 1734 3260 1787 Et
3304 1730 3452 1787 dixit
3478 1732 3555 1787 ad
3585 1747 3728 1788 eum
3757 1734 3864 1790 Sa-

2208 1823 2407 1878 muel:
2444 1823 2702 1894 Disrupit
2729 1822 3020 1877 Dominus
3052 1836 3308 1891 regnum
3358 1820 3537 1876 Israel
3566 1820 3643 1876 de
3676 1837 3864 1878 manu

2208 1917 2309 1968 tua
2339 1912 2536 1979 hodie,
2562 1918 2618 1967 et
2638 1911 2807 1967 dabit
2834 1910 2980 1966 illud
3009 1911 3283 1982 proximo
3314 1915 3438 1978 tuo,
3478 1915 3535 1965 et
3562 1910 3867 1968 dividetur

2209 2000 2386 2056 Israel
2405 2001 2465 2056 in
2497 2001 2651 2056 duos
2680 1999 2960 2073 populos.
2996 2003 3147 2069 Ergo
3166 1998 3399 2055 lsraelis
3441 2014 3769 2071 personam
3800 2000 3864 2055 ﬁ-

2208 2090 2463 2160 gumtim
2499 2091 2744 2159 gerebat
2763 2106 2865 2145 rex
2895 2090 3023 2159 iste,
3055 2090 3198 2161 quia
3222 2088 3485 2161 populus
3523 2089 3864 2145 amissurus

2206 2184 2332 2235 erat
2386 2195 2663 2249 regnum,
2726 2179 2874 2234 dum
2934 2177 3313 2251 persequitur
3368 2177 3706 2234 Christum:
3751 2179 3861 2234 sed

2207 2268 2351 2341 quia
2377 2270 2533 2325 hanc
2560 2268 2915 2324 sententiam
2945 2266 3161 2323 diffuse
3219 2269 3498 2340 superius
3542 2271 3722 2341 prout
3757 2268 3862 2323 des

2208 2362 2398 2414 ctores
2427 2362 2852 2430 exposuerunt,
2884 2356 3266 2427 digessimus,
3291 2372 3455 2412 nunc
3486 2357 3741 2413 breviter
3768 2370 3856 2412 re-

2206 2447 2587 2520 plicabimus.
2613 2448 2798 2503 David
2828 2446 3309 2518 persecutionem
3337 2446 3527 2503 Saulis
3543 2445 3851 2501 declinans

2206 2537 2267 2592 in
2288 2537 2573 2608 spelunca
2598 2537 2806 2592 latuit:
2841 2535 3104 2591 similiter
3134 2541 3195 2590 et
3239 2536 3501 2592 Christus
3557 2535 3841 2589 Dominus

2206 2626 2575 2682 divinitatem
2611 2643 2784 2682 suam
2817 2627 2929 2681 sub
2961 2624 3250 2697 spelunca
3294 2626 3488 2681 carnis
3541 2623 3761 2692 celans,
3812 2640 3849 2679 a

2206 2716 2551 2772 Judaaorum
2579 2716 2865 2772 cordibus
2908 2715 3165 2771 recessit.
3224 2716 3363 2772 Saul
3409 2729 3541 2771 cum
3586 2720 3855 2782 ventrem

2205 2810 2507 2878 purgaret,
2536 2805 2806 2861 abscissa
2832 2803 3131 2860 chlamida
3159 2804 3590 2860 dehonestat“
3619 2809 3710 2859 est
3743 2822 3757 2859 :
3789 2804 3861 2857 si-

2206 2893 2419 2949 militer
2473 2899 2530 2950 et
2557 2894 2818 2966 populus
2848 2893 3215 2963 Judreorum,
3269 2898 3598 2965 postquam
3650 2892 3864 2963 nequi-

2206 2982 2350 3038 tiam
2371 2999 2553 3055 quam
2584 2986 2782 3038 mente
2813 2987 3235 3055 conceperant,
3255 2982 3314 3036 in
3337 2981 3632 3035 Christum
3663 2981 3866 3035 Domi-

2204 3088 2353 3127 num
2380 3072 2722 3128 effuderunt
2748 3072 3097 3127 clamantes:
3118 3068 3757 3137 «Cumiﬁge,omcitige
3785 3086 3797 3135 ;
3829 3090 3859 3117 η

2207 3161 2287 3216 ab
2306 3161 2659 3217 indumento
2688 3160 2830 3216 ﬁdei
2853 3166 2910 3216 et
2934 3157 3112 3229 regali
3138 3158 3429 3227 dignitate
3452 3161 3635 3229 atque
3658 3169 3866 3213 sacer:

2207 3249 2371 3305 dotio
2390 3250 2702 3324 exspoliati
2731 3254 2892 3317 sunt,
2928 3256 2987 3305 et
3024 3254 3223 3305 tamen
3258 3245 3445 3303 occisi
3488 3260 3615 3302 non
3666 3252 3812 3303 sunt
3846 3265 3861 3303 :

2207 3339 2313 3394 sed
2342 3340 2623 3396 reservati
2646 3356 2756 3413 pro
2805 3340 2909 3406 eis,
2939 3340 3043 3411 qui
3072 3338 3148 3393 de
3190 3336 3288 3392 illo
3334 3335 3562 3409 populo
3616 3328 3681 3391 in
3740 3337 3865 3393 ﬁne

2208 3429 2420 3483 mundi
2449 3430 2725 3485 credituri
2757 3434 2897 3484 sunt
2939 3428 3188 3485 Christo.
3226 3426 3403 3482 Aliter
3452 3428 3623 3496 juxta
3655 3440 3861 3481 mora-

2207 3516 2327 3573 lem
2359 3518 2858 3587 signiﬁcantiam:
2920 3517 3067 3590 quid
3118 3530 3225 3588 per
3258 3515 3516 3583 Saulem,
3548 3514 3665 3570 nisi
3715 3514 3860 3570 mali

2208 3608 2505 3665 rectores?
2536 3608 2681 3679 quid
2730 3623 2868 3663 vero
2892 3621 3000 3679 per
3028 3606 3235 3671 David,
3268 3605 3383 3660 nisi
3434 3605 3575 3661 boui
3633 3602 3851 3659 subditi

2208 3698 2600 3767 designantur
2623 3697 2650 3751 εἰ
2671 3697 2831 3753 Sauli
2860 3697 3017 3751 enim
3040 3701 3309 3751 ventrem
3330 3708 3589 3767 purgare
3615 3698 3701 3749 est
3716 3704 3850 3765 pra-

2208 3803 2317 3843 vos
2345 3787 2699 3859 praepositos
2728 3791 3084 3859 conceptam
3112 3786 3175 3840 in
3202 3784 3382 3840 corde
3411 3783 3723 3847 malitiam,
3754 3797 3854 3837 us-

2207 3892 2325 3949 que
2353 3875 2433 3932 ad
2462 3890 2711 3948 operam
2765 3874 2967 3930 miseri
3015 3874 3217 3930 odoris
3247 3874 3583 3939 extendere,
3616 3876 3676 3927 et
3699 3871 3860 3941 cogi-

2208 3970 2327 4021 tata
2350 3965 2515 4038 apud
2542 3980 2606 4021 se
2633 3964 2834 4033 noxia,
2862 3963 3032 4019 factis
3054 3962 3445 4019 exterioribus
3474 3960 3863 4033 eXsequendo

2208 4059 2565 4111 monstrare.
2601 4056 2869 4120 Quorum
2896 4051 3072 4117 facta,
3106 4052 3241 4107 licet
3284 4052 3400 4108 sint
3429 4051 3748 4116 teterrima,
3781 4049 3863 4105 ab

2206 4144 2537 4200 humilibus
2569 4142 2846 4210 subditis,
2871 4141 2989 4197 oris
3021 4140 3220 4210 gladio
3245 4140 3512 4196 ferienda
3542 4154 3667 4194 non
3699 4144 3860 4199 sunt.

2206 4233 2388 4289 etiam
2420 4248 2558 4287 cum
2579 4237 2734 4287 recte
2766 4229 3260 4303 reprehendenda
3297 4229 3661 4301 iudicantur.
3694 4229 3863 4285 Unde

446 4316 615 4387 Fugit
641 4329 784 4386 ergo
800 4316 1132 4372 secundum
1153 4330 1396 4372 carnem
1423 4316 1485 4371 in
1512 4316 1863 4388 speluncam
1885 4332 1921 4371 a
1944 4316 2095 4373 faeie
2123 4371 2168 4392 η
2209 4322 2397 4379 David
2426 4321 2595 4377 ferire
2627 4321 2856 4388 metuit,
2888 4320 3033 4392 quia
3059 4320 3208 4391 ipsre
3264 4318 3644 4375 subditorum
3690 4332 3864 4373 mens

444 4405 604 4473 Saul,
637 4405 783 4478 quia
798 4420 1014 4478 passus
1038 4412 1156 4462 est:
1183 4422 1373 4479 usque
1400 4405 1552 4460 adeo
1579 4421 1641 4460 se
1671 4404 1980 4461 occultans
2001 4408 2095 4461 Ju-

442 4495 588 4551 daeis
621 4499 685 4551 ut
724 4500 1074 4552 moreretur.
1106 4496 1218 4552 Sed
1251 4508 1439 4567 quare
1468 4508 1658 4563 usque
1712 4493 1791 4548 ad
1840 4498 2093 4550 mortem

350 4636 354 4641 ,
441 4584 627 4640 voluit
654 4598 783 4640 esse
812 4585 1046 4657 patiens
1072 4590 1138 4639 ut
1171 4583 1400 4652 fugeret
1443 4597 1479 4636 a
1526 4580 1675 4635 faeie
1707 4582 1847 4638 Saul
1874 4582 1935 4636 in
1963 4598 2094 4655 spe-

439 4673 682 4730 luncam
706 4675 734 4729 ?
766 4675 992 4729 Etenim
1016 4672 1302 4744 spelunca
1328 4668 1569 4723 inferior
1598 4682 1740 4741 pars
1790 4675 1958 4726 terrae
1983 4688 2091 4744 po-

440 4766 552 4818 test
579 4762 790 4834 accipi,
815 4767 872 4817 et
891 4766 1047 4818 certe
1072 4757 1237 4831 quod
1266 4757 1652 4814 manifestum
1683 4762 1740 4816 et
1762 4763 1975 4816 notum
2004 4766 2095 4819 est

2207 4417 2315 4483 tes,
2347 4411 2427 4467 ab
2456 4410 2624 4466 omni
2672 4426 2734 4466 se
2765 4414 2933 4483 peste
2963 4408 3411 4466 obtrectationis
3462 4407 3861 4475 abstinentes,

2204 4499 2663 4574 praepositorum
2693 4500 2882 4555 vitam
2933 4499 3101 4555 nullo
3130 4499 3351 4569 linguae
3401 4497 3604 4566 gladio
3646 4508 3869 4569 pereu-

2204 4586 2356 4643 tiunt
2387 4602 2401 4640 :
2433 4584 2610 4640 etiam
2643 4600 2783 4639 cum
2814 4583 2888 4639 de
2910 4583 3364 4656 imperfectione
3384 4582 3867 4654 reprehendunt.

2204 4675 2312 4742 Qui
2339 4680 2393 4731 et
2421 4674 2469 4730 si
2489 4673 2739 4747 quando
2768 4677 3012 4746 propter
3031 4674 3440 4729 inﬁrmitatem
3462 4688 3525 4727 se
3555 4670 3867 4728 abstinere

2203 4764 2299 4821 vix
2319 4770 2592 4838 possunt,
2615 4767 2680 4820 ut
2734 4767 3001 4820 extrema
3047 4762 3328 4831 quaedam
3355 4767 3535 4834 atque
3563 4761 3874 4819 exteriora

440 4851 744 4922 omnibus,
775 4865 997 4922 corpus
1025 4848 1154 4918 ejus
1182 4845 1243 4901 in
1271 4851 1665 4905 monumento
1692 4850 1956 4923 positum
1980 4855 2087 4920 est,
2198 4853 2658 4928 praepositorum
2684 4852 2846 4909 mala
2874 4851 3344 4925 reprehendant:
3383 4850 3491 4907 sed
3516 4854 3717 4907 tamen
3744 4849 3877 4907 hri-

440 4941 746 5014 quoderat
772 4938 1042 4995 excisum
1066 4935 1127 4991 in
1152 4940 1475 5007 petraJtoc
1500 4942 1705 4997 autem
1732 4953 2089 4998 monumen-

2197 4944 2412 5001 militer
2431 4943 2879 5017 colloquuntur,
2908 4941 3086 5014 quasi
3113 4955 3287 4996 oram
3334 4939 3657 4997 chlamidis‘
3683 4938 3876 4997 simi-

438 5034 564 5086 tum
595 5028 883 5102 spelunca
914 5028 1058 5089 erat,
1086 5039 1208 5096 quo
1240 5024 1387 5093 fugit
1424 5031 1626 5084 noster
1654 5030 1842 5085 David
1868 5046 1908 5085 a
1938 5030 2088 5086 facie
2194 5033 2326 5089 liter
2353 5032 2659 5089 incidunt:
2687 5031 2793 5103 qui
2821 5030 3111 5097 \idelicet,
3138 5029 3285 5085 dum
3315 5028 3577 5102 prtelatm
3596 5028 3880 5097 dignitas

441 5119 613 5176 Saul:
651 5116 855 5172 tandiu
904 5114 1066 5168 enim
1116 5114 1409 5184 persecuti
1461 5120 1600 5172 sunt
1654 5117 1822 5173 illum
1876 5118 2083 5187 ἰωῆωῂ
2196 5122 2237 5183 ti
2260 5122 2470 5177 saltem
2492 5121 2751 5176 innoxie
2781 5125 2839 5176 et
2871 5120 3122 5175 latenter
3146 5119 3442 5187 derogant
3487 5116 3663 5190 quasi
3693 5120 3881 5187 regis

436 5206 840 5279 quoadusque
870 5206 1190 5273 poneretur
1208 5202 1265 5256 in
1300 5202 1671 5275 speluncam.
1692 5206 1806 5261 Sed
1827 5206 1971 5277 quid
2000 5211 2090 5263 est
2197 5209 2557 5282 superpositi
2576 5213 2802 5265 vestem
2832 5208 3080 5264 foedant.
3117 5207 3233 5265 Sed
3260 5214 3458 5264 tamen
3476 5206 3553 5262 ad
3578 5208 3883 5282 semota!»

437 5293 605 5364 quod
638 5290 777 5347 Saul
804 5295 1149 5361 persecutor
1165 5291 1242 5347 ad
1258 5293 1642 5364 purgandum
1673 5299 1938 5350 ventrem
1958 5312 2088 5368 spe-
2195 5315 2292 5353 sos
2312 5298 2583 5369 redeunt,
2616 5313 2801 5370 seque
2831 5297 3377 5363 vehementissime,
3408 5295 3498 5352 vel
3525 5296 3602 5351 de
3631 5296 3885 5354 tenuis-

437 5380 679 5435 luncam
705 5378 1034 5447 ingreditur
1053 5382 1083 5436 ?
1102 5381 1217 5437 nisi
1245 5379 1410 5453 quod
1438 5380 1623 5437 Judaei
1675 5383 1736 5438 in
1787 5383 2082 5441 Christum
2193 5387 2346 5444 sima
2372 5387 2538 5444 verbi
2563 5386 2942 5453 laceratione,
2976 5385 3444 5458 reprehendunt.
3473 5384 3639 5440 Unde
3662 5388 3722 5440 et
3744 5384 3881 5443 be-

437 5472 789 5540 conceptam
820 5470 1035 5525 mentis
1066 5470 1377 5542 malitiam,
1429 5472 1607 5543 quasi
1648 5472 1897 5529 odorem
1954 5475 2082 5531 feti-
2190 5491 2266 5532 ne
2295 5476 2411 5531 illic
2434 5476 2724 5547 scriptum
2752 5478 2875 5529 est:

437 5558 585 5615 dum
625 5557 978 5616 emiserunt:
1008 5564 1066 5617 et
1112 5559 1369 5629 cogitata
1401 5561 1566 5633 apud
1592 5574 1653 5617 se
1680 5563 1880 5631 noxia,
1914 5564 2082 5620 factis
2263 5588 2291 5615 ς(
2311 5566 2451 5620 Post
2469 5565 2602 5620 haec
2620 5563 2803 5620 David
2826 5566 3117 5636 percussit
3139 5582 3242 5623 cor
3262 5581 3501 5635 suum,»
3518 5568 3631 5620 etc.
3662 5565 3880 5626 Facta

895 5649 1045 5708 dum
1093 5649 1389 5710 Christum
1445 5651 1766 5723 perimunt,
1809 5655 2113 5713 οεδοιιάθ-ςι
2188 5654 2414 5728 quippe
2428 5655 2887 5729 praepositorum
2903 5655 3025 5711 oris
3036 5655 3240 5725 gladio
3258 5654 3529 5712 ferienda
3544 5663 3875 5727 nuntiant,
