4130 6182
517 153 620 219 3ἱή

1625 144 1982 215 magnoin
2020 147 2470 216 LUXOVIENSIS
2507 155 2822 218 normam

3829 159 3934 216 32B

516 285 652 344 ch01
685 285 738 342 ei
759 281 1154 354 datur,Plialti
1175 281 1427 338 evadens
1445 278 2168 356 interpretaturzquando
2198 281 2245 334 Α
2274 282 2503 352 peccati
2554 285 2644 340 sui
2699 282 3012 354 nigredine
3068 285 3335 355 opertus,
3367 296 3526 354 saepe
3583 281 3662 338 ab
3717 281 3933 339 eodem

517 393 660 433 vero
690 374 804 447 ipsi
834 371 1116 437 aufertur,
1139 371 1466 437 Phaltihel,
1493 371 1550 426 id
1577 375 1669 426 est
1693 369 1955 426 evadens
1981 384 2018 424 a
2051 371 2168 424 Deo

521 465 733 522 dicitur
766 479 779 517 :
813 460 1086 518 videlicet
1111 460 1255 532 quia
1286 459 1607 516 custodivit
1634 476 1774 515 eum
1799 474 1875 514 ne
1904 461 2170 526 tangeret

517 570 674 623 eam,
704 568 780 607 ne
806 551 971 606 ﬁeret
998 554 1409 619 transgressor
1437 548 1603 620 legis.
1635 547 1799 605 Unde
1832 547 1965 602 licet
1995 546 2054 600 in
2081 561 2168 602 se-

517 641 842 716 quentibus
871 639 1121 708 legatur,
1153 638 1318 710 quod
1347 637 1471 693 ibat
1500 637 1705 703 Phalti,
1739 653 1877 692 cum
1929 634 2171 691 reduce-

519 737 680 790 retur
708 731 840 803 ipsa
884 727 957 784 ad
1011 726 1218 797 David,
1249 727 1494 800 plorans
1529 744 1542 782 :
1577 732 1786 799 postea
1815 731 2036 790 tamen,
2088 724 2172 778 in-

521 821 754 894 quiunt,
786 833 910 890 prae
941 816 1182 887 gaudio,
1215 832 1286 872 eo
1314 816 1481 888 quod
1508 815 1820 872 liberasset
1845 831 1986 869 eum
2017 815 2170 868 Deus

518 925 594 965 ne
635 911 903 978 tangeret
947 921 1105 970 eam,
1151 904 1485 960 exsultavit.
1519 905 1690 970 Quod
1743 903 1889 976 quia
1921 901 2170 958 assertio

514 997 862 1053 Judaeorum
895 994 1147 1060 videtur,
1175 1009 1296 1049 non
1328 993 1389 1048 in
1446 993 1728 1048 omnibus
1758 991 2172 1065 approbamus

521 1102 680 1157 eam,
712 1083 818 1140 sed
835 1082 1064 1154 judicio
1096 1081 1329 1138 lectoris
1358 1081 1776 1155 relinquimus.

1122 1208 1348 1264 CAPUT
1393 1209 1566 1263 XXVI.

591 1358 620 1385 ‹‹
659 1332 1193 1405 VeneruntZiphmi
1225 1333 1303 1388 ad
1336 1332 1474 1389 Saul
1495 1332 1792 1388 dicentes:
1818 1335 1964 1387 Ecce
1989 1331 2170 1388 David

521 1448 548 1476 ‹‹
590 1426 732 1482 latet
761 1423 926 1497 apud
970 1439 1100 1478 nos.
1135 1445 1162 1471 ››
1199 1421 1313 1478 Sed
1354 1422 1500 1494 quid
1546 1421 1902 1492 signiﬁcent,
1932 1419 2175 1476 abunde

521 1513 796 1587 superius
825 1512 1052 1568 dictum
1080 1515 1184 1567 est.
1220 1514 1368 1566 Nam
1416 1510 1526 1566 iter
1554 1509 2034 1566 demonstratum
2066 1512 2172 1575 est,

2278 370 2500 426 saeculo
2527 372 2799 429 inﬁrmus
2828 373 3270 444 despectusque
3299 369 3670 443 relinquitur,
3708 376 3774 428 ut
3797 388 3934 428 cum

2277 475 2348 514 eo
2375 475 2760 534 nequaquam
2793 476 3028 517 currere
3059 459 3274 526 valeat,
3303 459 3409 515 sed
3457 459 3681 516 fractus
3721 459 3934 517 adver-

2279 549 2449 604 sitate
2480 553 2798 622 torpescat.
2835 549 2950 607 Sed
2974 550 3137 605 hunc
3167 548 3356 605 David
3379 548 3627 619 invenit,
3657 549 3809 622 quia
3841 552 3940 606 Re-

2277 637 2557 710 demptor
2575 644 2776 695 noster
2794 637 3082 695 veraciter
3095 653 3283 694 manu
3306 637 3471 693 fortis
3491 653 3936 712 nonnunquam

2277 743 2432 798 quos
2459 727 2775 801 despectos
2799 744 2835 784 a
2861 727 3072 784 mundi
3103 727 3292 797 gloria
3318 727 3555 800 reperit,
3587 744 3706 784 suo
3740 743 3937 785 amore

2279 818 2588 887 convertit,
2616 817 2751 874 cibo
2776 818 2991 890 pascit,
3025 817 3169 890 quia
3215 815 3383 872 verbi
3414 817 3660 874 scientia
3709 818 3894 874 reﬁcit
3923 834 3936 872 :

2279 905 2498 961 ducem
2527 907 2750 963 itineris
2782 907 2962 977 eligit,
2995 907 3140 979 quia
3169 923 3348 962 suum
3378 907 3561 962 etiam
3591 906 3941 980 praedicato-

2281 1011 2408 1050 rem
2439 995 2596 1052 facit.
2647 999 2712 1053 Et
2740 997 2886 1070 quia
2915 995 3316 1052 Amalechitas
3361 998 3534 1068 sequi
3583 1011 3712 1052 non
3743 995 3936 1063 valuit,

2281 1083 2406 1140 dux
2438 1085 2619 1140 David
2641 1085 2892 1142 efﬁcitur
2918 1104 2931 1153 ;
2958 1085 3103 1158 quia
3132 1084 3182 1140 is
3205 1101 3389 1157 quem
3418 1084 3748 1155 indignum
3777 1100 3939 1142 mun-

2282 1174 2397 1229 dus
2438 1174 2717 1241 deseruit,
2748 1189 2871 1231 non
2904 1174 3101 1231 solum
3145 1189 3474 1230 conversus
3522 1174 3585 1230 in
3615 1191 3732 1232 sua
3762 1179 3937 1231 Deum

2283 1267 2481 1318 mente
2513 1263 2740 1336 recipit,
2766 1262 2870 1319 sed
2921 1262 3308 1336 praedicando
3337 1263 3500 1319 hunc
3542 1263 3726 1319 etiam
3756 1277 3938 1336 usque

2284 1351 2361 1407 ad
2393 1351 2586 1408 aliena
2617 1351 2800 1408 corda
2829 1351 3120 1424 perducit.
3158 1353 3286 1416 Quo
3339 1351 3613 1408 videlicet
3643 1352 3802 1408 duce
3831 1352 3936 1406 Da-

2283 1439 2385 1495 vid
2416 1440 2848 1496 Amalechitam
2893 1440 3311 1495 convivantem
3338 1439 3568 1496 invenit
3613 1445 3673 1497 et
3725 1439 3933 1498 exstin-

2284 1529 2409 1599 guit
2442 1546 2454 1583 :
2483 1529 2630 1601 quia
2680 1529 2826 1602 ipsis
2868 1529 3163 1585 Christum
3194 1528 3686 1602 praedicantibus,
3737 1527 3935 1586 mundi

518 1603 769 1694 quando
792 1603 952 1658 idem
979 1601 1161 1694 David
1191 1600 1426 1694 fugiet“?
1455 1616 1492 1656 ⁸
1520 1599 1673 1694 ac“?
1700 1598 1843 1694 sa“!
1872 1598 2175 1694 inivssus
2206 1640 2246 1694 Β
2283 1598 2549 1675 laetitiam
2580 1598 2844 1683 destruit,
2879 1635 3087 1674 eorum
3120 1598 3338 1674 scilicet
3366 1635 3521 1690 quos
3551 1621 3802 1676 comites
3837 1619 3934 1674 ha-

519 1698 608 1749 est
653 1693 713 1748 in
759 1695 955 1748 castra
982 1690 1158 1759 regis,
1193 1705 1331 1744 cum
1383 1687 1782 1745 dormientem
1828 1687 2172 1756 invenisset,

518 1797 641 1838 non
696 1779 1004 1854 percussit,
1037 1794 1161 1834 non
1218 1777 1453 1842 occidit,
1485 1777 1589 1833 sed
1644 1777 1838 1834 solam
1875 1775 2172 1843 lanceam,

519 1887 655 1944 quae
695 1873 821 1926 erat
849 1868 925 1924 ad
952 1872 1132 1940 caput
1158 1868 1287 1938 ejus
1329 1871 1387 1922 et
1416 1866 1715 1940 scyphum
1756 1864 1992 1924 sustulit
2040 1864 2176 1920 dor-

520 1957 845 2014 mientibus
875 1955 1124 2012 cunctis.

595 2069 622 2095 «
664 2049 949 2116 Egressus
969 2045 1045 2100 de
1075 2043 1285 2100 castris
1311 2042 1585 2098 transivit
1603 2042 1665 2098 in
1691 2057 1984 2098 cacumen
2005 2056 2177 2097 mon-

519 2157 547 2186 ‹‹
589 2135 682 2191 tis.
713 2158 741 2185 »
773 2133 923 2200 Quid
956 2149 1099 2202 ergo
1141 2137 1234 2188 est
1262 2133 1420 2188 hoc?
1447 2131 1862 2204 Sequebantur
1911 2145 2178 2203 namque

519 2224 814 2280 Christum
873 2222 1084 2289 Judaei,
1113 2222 1220 2278 sed
1277 2220 1697 2294 persequendo
1748 2219 2174 2275 dormiebant:

518 2314 663 2387 quia
708 2329 831 2370 non
877 2311 1207 2382 vigilabant
1234 2310 1414 2366 corde
1448 2328 1461 2365 :
1494 2309 1713 2366 duritia
1768 2309 1929 2366 enim
1981 2309 2179 2365 cordis

519 2402 882 2458 obdormitio
909 2406 1020 2456 est.
1054 2400 1366 2456 Dormiunt
1392 2400 1454 2454 in
1475 2399 1598 2455 vita
1625 2402 1826 2466 veteri,
1850 2414 1973 2453 non
2003 2397 2180 2466 evigi-

520 2491 648 2547 lant
685 2490 744 2544 in
792 2505 970 2544 nova.
1005 2488 1179 2543 Venit
1207 2487 1492 2555 Christus,
1523 2501 1646 2542 non
1675 2501 1778 2541 eos
1805 2485 2042 2555 occidit,
2075 2485 2181 2541 sed

521 2577 653 2634 tulit
681 2577 758 2632 ab
803 2577 887 2631 eis
931 2576 1228 2648 scyphum
1276 2591 1471 2647 aquae,
1503 2575 1562 2630 id
1593 2579 1680 2630 est
1727 2574 1980 2643 gratiam
2008 2573 2177 2644 legis.

521 2665 673 2721 Tulit
723 2669 994 2736 sceptum
1045 2663 1266 2732 regale,
1311 2663 1480 2734 regni
1535 2662 1755 2718 scilicet
1798 2668 2178 2735 potestatem,

522 2770 708 2828 quam
739 2769 850 2826 pro
881 2768 1106 2822 magno
1151 2751 1476 2820 habebant,
1508 2757 1562 2808 et
1592 2750 1753 2807 unde
1798 2767 1859 2806 se
1907 2758 2179 2824 protege-

521 2844 670 2900 bant
716 2842 1139 2914 temporaliter,
1173 2846 1231 2896 et
1277 2857 1464 2913 quam
1511 2841 1796 2896 adversus
1849 2844 2034 2896 Deum
2074 2858 2182 2913 per

521 2931 995 2988 incredulitatem
1028 2929 1335 3001 gerebant.
1384 2929 1604 2986 Deinde
1646 2929 1950 3000 ingressus
1993 2931 2182 2986 victor

525 3021 706 3077 David
739 3025 960 3086 noster,
994 3021 1053 3075 in
1085 3019 1294 3075 castris
1325 3034 1554 3075 eorum.
1586 3021 1650 3074 Et
1682 3034 1988 3089 regressus
2015 3023 2178 3075 tran-

525 3109 756 3166 scendit
785 3109 846 3164 in
877 3107 1254 3165 altitudinem
1283 3107 1505 3163 montis
1534 3107 1851 3164 caelorum.

1099 3232 1322 3287 CAPUT
1373 3230 1607 3286 XXVII.

593 3361 620 3386 «
665 3340 732 3392 Et
759 3336 1026 3391 ascendit
1057 3335 1243 3392 David
1265 3340 1323 3390 et
1351 3335 1460 3391 viri
1484 3336 1635 3406 ejus,
1667 3342 1724 3392 et
1753 3337 2016 3406 agebant
2034 3352 2183 3408 prae-

524 3447 555 3479 ‹
593 3425 706 3480 das
738 3424 812 3479 de
834 3423 1090 3489 Gessuri,
1125 3429 1181 3479 et
1209 3423 1284 3478 de
1315 3424 1464 3489 Gezi,
1486 3429 1543 3478 et
1572 3423 1646 3480 de
1673 3425 2073 3480 Amalechitis.
2110 3424 2180 3480 Hi

525 3538 551 3564 ‹‹
593 3513 755 3569 enim
812 3513 952 3585 pagi
1000 3511 1428 3568 habitabantur
1469 3514 1530 3567 in
1579 3518 1734 3569 terra
1763 3515 2110 3588 antiquitus.
2150 3537 2178 3564 »

525 3604 590 3660 Hi
621 3617 743 3659 non
774 3605 943 3657 erant
970 3600 1082 3655 sub
1112 3606 1399 3674 potestate
1423 3601 1622 3657 Achis.
1653 3603 1906 3659 Habitati
1931 3605 1992 3659 in
2027 3610 2181 3660 terra

523 3693 802 3748 dicuntur
829 3689 1176 3762 antiquitus,
1203 3689 1347 3762 quia
1375 3691 1558 3763 quieti
1607 3696 1663 3748 et
1689 3693 1882 3748 securi
1928 3692 2181 3749 habitati

523 3781 777 3850 fuerant,
810 3785 868 3836 et
897 3778 1118 3834 nullius
1159 3779 1346 3835 hostis
1396 3779 1854 3853 depredationes
1884 3781 2176 3856 perpessi.

878 3909 1070 3965 CAPP.
1121 3907 1346 3974 XXVIII,
1387 3907 1540 3963 XXIX
1578 3911 1636 3964 et
1671 3911 1817 3964 XXX.

593 4038 621 4066 ‹‹
664 4019 891 4071 Interea
943 4014 1178 4083 fugiens
1235 4013 1443 4085 David,
1497 4014 1646 4071 dum
1702 4020 1976 4088 pergeret
2040 4033 2181 4072 cum

517 4128 551 4174 ,‹‹
593 4105 769 4160 Achis
798 4119 938 4174 rege
974 4102 1454 4160 Philisthinorum
1488 4104 1547 4160 in
1580 4103 1856 4178 praelium
1887 4104 2180 4161 adversus

523 4218 549 4245 ‹‹
593 4194 792 4264 Israel,
823 4193 1198 4264 insurgentes
1230 4192 1611 4250 Amalechitaa
1659 4195 1957 4250 irruerunt
2006 4195 2066 4249 in
2100 4196 2178 4251 Si-

522 4307 550 4334 ‹‹
592 4284 774 4354 celeg.
811 4286 876 4340 Et
907 4282 1338 4339 succendentes
1368 4299 1524 4354 eam,
1553 4283 2006 4356 captivaverunt
2053 4299 2181 4340 om-

525 4399 554 4426 ‹‹
595 4375 698 4431 nia
724 4390 862 4447 quae
891 4377 1060 4429 erant
1108 4372 1295 4429 David
1323 4378 1383 4430 et
1421 4389 1746 4446 puerorum
1779 4372 1931 4440 ejus.
1963 4374 2176 4429 Rever-

521 4487 551 4521 ‹
593 4483 698 4522 sus
730 4479 872 4534 ergo
903 4463 1089 4519 David
1139 4463 1218 4520 ad
1276 4461 1725 4536 persequendos
1775 4461 2178 4520 Amalechitas

521 4580 548 4607 ‹‹
589 4554 815 4612 invenit
837 4554 1178 4626 Egyptium
1209 4568 1467 4625 puerum
1512 4552 1961 4615 lassescentem,
1993 4567 2178 4623 quem

521 4669 550 4696 «
588 4643 971 4702 Amalechitae
1044 4647 1339 4714 aegrotum
1411 4643 1475 4696 in
1530 4640 1736 4696 itinere
1789 4639 2174 4714 reliquerant.

521 4755 550 4790 ‹
591 4739 757 4792 Hunc
800 4738 1000 4791 autem
1048 4731 1235 4789 David
1281 4732 1589 4787 inventum
1643 4729 1778 4786 cibo
1817 4730 2038 4800 refecit,
2069 4731 2178 4788 du-

520 4845 548 4874 «
589 4839 840 4896 cemque
890 4823 983 4879 sui
1025 4821 1247 4878 itineris
1297 4818 1449 4874 fecit.
1511 4819 1722 4893 Sicque
1778 4821 2178 4878 Amalechitas

522 4935 550 4962 ‹‹
590 4914 964 4986 persequitur
1021 4911 1454 4985 epulantesque
1505 4910 1740 4983 reperit,
1791 4917 1849 4967 et
1904 4911 2175 4968 funditus

519 5024 549 5054 «
589 5003 882 5060 exstinxit.
911 5026 938 5054 »
965 4999 1348 5059 Amalechitae
1375 4998 1600 5072 quippe
1622 5003 1884 5070 populus
1910 5003 2176 5057 lambens

515 5096 828 5165 vocantur,
845 5093 1066 5165 quibus
1086 5091 1317 5146 mentes
1351 5088 1729 5146 saecularium
1759 5090 2174 5157 designantur,

515 5198 652 5254 quae
709 5187 944 5238 terrena
989 5183 1206 5235 cuncta
1257 5177 1582 5234 ambiendo
1636 5177 1810 5251 quasi
1873 5176 2173 5238 lambunt.

516 5271 664 5326 dum
706 5270 845 5327 solis
893 5265 1326 5340 temporalibus
1369 5266 1756 5324 delectantur.
1793 5266 1972 5331 Quasi
2012 5265 2175 5321 enim

515 5360 778 5432 populus
807 5357 1084 5414 lambens
1108 5356 1382 5429 pradam
1410 5355 1564 5425 fecit,
1597 5355 1744 5410 dum
1777 5359 2009 5409 terrena
2039 5353 2172 5410 dili-

517 5455 742 5518 gentes,
773 5447 943 5503 lucra
969 5446 1045 5502 de
1091 5444 1301 5501 alienis
1349 5443 1590 5501 damnis
1639 5447 2022 5514 exaggerant.
2057 5443 2172 5498 Sed

513 5539 660 5611 quid
693 5541 780 5592 est
818 5535 986 5605 quod
1025 5535 1334 5608 Egyptius
1375 5532 1756 5591 Amalechita:
1800 5548 1950 5606 puer
1992 5533 2052 5589 in
2084 5532 2174 5588 iti-

513 5642 654 5683 nere
684 5624 963 5682 assatur?
990 5622 1105 5681 nisi
1146 5625 1316 5698 quod
1339 5627 1575 5684 amator
1603 5623 1912 5697 prasentis
1942 5620 2167 5691 saeculi,

2207 4339 2254 4392 D

2285 1709 2425 1764 bere
2473 1708 2761 1781 despexit.
2805 1708 3048 1763 Ducenti
3097 1707 3178 1763 illi
3237 1707 3346 1764 viri
3376 1707 3482 1780 qui
3513 1707 3592 1763 ad
3623 1712 3933 1766 torrentem

2283 1797 2431 1853 lassi
2461 1814 2600 1852 cum
2623 1796 2870 1852 sarcinis
2891 1801 3030 1853 sunt
3055 1795 3262 1866 relicti,
3286 1795 3626 1866 signiﬁcant
3645 1797 3934 1870 quosdam

2287 1887 2559 1943 inﬁrmos
2591 1885 2882 1953 Ecclesiae,
2915 1885 3020 1958 qui
3050 1901 3191 1942 cum
3218 1885 3444 1941 cmteris
3466 1885 3834 1958 spiritalibus
3856 1884 3936 1940 vi.

2284 1977 2386 2043 ris,
2419 1977 2479 2031 in
2505 1975 2603 2032 via
2635 1975 2731 2031 Dei
2760 1991 2996 2031 currere
3023 1979 3366 2048 nequeunt:
3401 1975 3508 2031 sed
3533 1991 3740 2032 veram
3761 1974 3935 2032 ﬁdem

2285 2064 2619 2134 retinendo,
2650 2069 2830 2137 atque
2860 2081 2966 2137 per
3013 2065 3270 2121 activam
3299 2064 3487 2120 vitam
3535 2081 3691 2138 opus
3713 2065 3934 2122 bonum

2289 2154 2608 2222 servando,
2641 2169 2677 2209 a
2703 2153 3170 2209 clementissimo
3215 2153 3422 2220 David,
3453 2153 3570 2210 hoc
3600 2159 3688 2210 est
3717 2152 3933 2211 Christo

2287 2243 2562 2307 Domino,
2595 2242 2980 2298 beatitudinis
3010 2242 3332 2314 praemium
3358 2258 3498 2298 cum
3523 2242 3766 2316 reliquis
3806 2255 3933 2314 per-

2290 2331 2456 2396 fectis
2484 2331 2857 2404 praecipiunt.

2361 2442 2391 2476 ‹
2434 2421 2673 2478 Samuel
2725 2424 2998 2476 mortuus
3049 2425 3160 2488 est,
3218 2422 3496 2496 ﬂevitque
3549 2438 3683 2477 eum
3736 2418 3922 2476 omnis

2292 2532 2321 2560 ι(
2362 2509 2560 2574 Israel,
2593 2515 2649 2565 et
2693 2509 3055 2583 sepelierunt
3097 2527 3238 2567 eum
3262 2511 3324 2567 in
3355 2514 3534 2567 Rama
3561 2509 3706 2566 urbe
3735 2523 3856 2564 sua.
3888 2525 3917 2555 »

2290 2598 2572 2669 Superius
2601 2613 2866 2669 namque
2895 2596 3108 2653 dicitur
3139 2598 3405 2671 sepultus
3434 2597 3609 2653 fuisse
3659 2598 3720 2652 in
3747 2595 3925 2652 domo

2291 2702 2402 2742 sua
2429 2687 2489 2742 in
2521 2689 2732 2742 Rama.
2767 2689 2830 2741 In
2861 2686 3044 2741 domo
3072 2702 3203 2751 sua.
3229 2687 3291 2743 in
3329 2686 3552 2744 familia
3582 2685 3848 2742 videlicet
3874 2685 3933 2738 et

2291 2775 2646 2845 cognatione
2668 2791 2797 2831 sua.
2830 2775 3002 2841 Quod
3027 2775 3188 2832 enim
3203 2775 3300 2832 hic
3325 2781 3598 2832 mortuus
3620 2775 3827 2832 iterum
3844 2771 3932 2828 di-

2290 2865 2460 2934 citur,
2492 2869 2556 2920 ut
2589 2849 3071 2931 Hebraei'volunt,
3103 2865 3566 2922 resuscitationis
3604 2881 3731 2920 suae
3760 2876 3936 2920 causa

2289 2953 2594 3027 repetitur,
2628 2958 2691 3010 ut
2713 2958 2769 3009 et
2792 2954 3101 3010 damnatio
3126 2953 3333 3021 Saulis,
3365 2953 3469 3026 qui
3499 2953 3762 3025 peccatis
3786 2967 3938 3008 mor-

2291 3048 2431 3098 tuus
2461 3047 2607 3112 erat,
2635 3047 2693 3099 et
2737 3041 2939 3100 relicto
2990 3045 3107 3099 Deo
3134 3047 3337 3098 contra
3381 3041 3576 3112 legem
3608 3041 3935 3115 pythonem

2293 3131 2666 3198 consulebat,
2695 3132 2859 3203 justa
2902 3148 3030 3188 esse
3085 3129 3580 3188 manifestaretur.
3617 3130 3890 3204 Sequitur
3920 3144 3933 3183 :

2364 3244 2392 3271 ‹‹
2437 3224 2572 3278 Post
2601 3225 2854 3277 mortem
2883 3226 3086 3278 autem
3114 3219 3426 3287 Samuelis,
3448 3219 3796 3291 congregati
3815 3219 3936 3276 Phi-

2294 3334 2322 3361 ‹‹
2361 3310 2542 3366 listim
2573 3314 2780 3366 contra
2822 3309 3016 3376 Israel,
3049 3309 3489 3382 consuluntque
3536 3308 3852 3366 Dominum
3880 3314 3935 3365 et

2293 3422 2321 3450 «
2362 3415 2485 3455 non
2522 3397 2831 3471 respondit
2870 3399 2943 3461 ei,
2971 3414 3168 3471 neque
3196 3413 3304 3472 per
3333 3398 3589 3468 somnia,
3616 3413 3812 3471 neque
3833 3413 3934 3472 per

2293 3512 2321 3538 ‹‹
2362 3487 2720 3544 sacerdotes.
2754 3507 2784 3540 »
2817 3487 3108 3544 Hebraaus
3151 3487 3354 3552 habet,
3378 3502 3573 3560 neque
3593 3502 3699 3560 per
3723 3486 3933 3544 doctri-

2290 3591 2432 3631 nam
2460 3590 2656 3647 neque
2684 3590 2792 3648 per
2834 3574 3178 3647 prophetas.
3208 3574 3628 3648 Respondebat
3651 3574 3932 3629 Dominus

2289 3681 2397 3740 per
2429 3664 2685 3731 somnia,
2705 3665 2855 3721 sicut
2880 3664 3105 3721 Hebraei
3129 3669 3426 3732 asserunt,
3453 3679 3639 3736 eoque
3657 3662 3925 3734 jejunan-

2290 3755 2370 3811 do
2399 3757 2456 3810 et
2484 3753 2716 3810 orando
2754 3753 3089 3827 poscebant
3128 3753 3442 3810 oraculum
3493 3752 3606 3809 sibi
3633 3751 3760 3808 ﬁeri
3786 3750 3934 3808 divi-

2289 3860 2460 3910 num,
2491 3847 2549 3899 et
2581 3845 2733 3898 Deus
2779 3842 2893 3898 illis
2938 3857 3046 3915 per
3089 3842 3326 3899 somnia
3379 3841 3684 3898 revelabat
3705 3857 3779 3897 ea
3804 3856 3939 3914 qua;

2293 3933 2492 3990 futura
2540 3936 2744 3988 erant:
2771 3931 2937 4004 quod
2966 3931 3028 3987 in
3056 3931 3172 3988 hoc
3217 3931 3352 3988 loco
3397 3930 3644 3987 minime
3694 3929 3834 3988 Saul
3861 3929 3942 3988 fe-

2292 4023 2440 4079 cisse
2486 4021 2716 4092 legitur.
2774 4021 2887 4076 Per
2913 4020 3270 4091 doctrinam,
3319 4035 3428 4093 per
3474 4019 3676 4090 ephod
3704 4017 3939 4086 scilicet,

2291 4111 2458 4184 quod
2487 4109 2767 4166 sacerdos
2791 4107 2852 4164 in
2881 4113 3123 4181 pectore
3173 4108 3472 4182 portabat.
3505 4110 3708 4181 Neque
3737 4122 3845 4180 per
3889 4111 3946 4165 et

2291 4199 2640 4272 prophetas,
2686 4197 2831 4269 quia
2873 4197 2986 4254 illis
3029 4195 3806 4265 consulentibus,dominus
3844 4212 3948 4252 ne-

2291 4302 2605 4360 quaquam
2619 4285 3119 4358 respondebat.Hi
3134 4285 3442 4359 prophetae
3463 4284 3748 4341 dicuntur
3757 4283 3949 4341 fuisse

2290 4375 2567 4448 discipuli
2614 4375 2927 4446 Samuelis,
2959 4375 3181 4449 quibus
3223 4373 3724 4448 prophetantibus
3747 4374 3951 4446 junxit

2292 4481 2353 4522 se
2383 4463 2522 4521 Saul
2551 4468 2609 4520 et
2636 4463 3034 4537 prophetavit.

2360 4576 2389 4604 «
2432 4552 2717 4618 Quaesivit
2741 4557 2944 4609 autem
2977 4553 3118 4610 Saul
3143 4552 3582 4626 pythonissam,
3601 4567 3738 4624 quae
3765 4553 3954 4610 susei-

2288 4662 2320 4697 ‹
2357 4647 2510 4700 taret
2531 4642 2612 4698 illi
2645 4643 2982 4700 Samuelem
3007 4661 3021 4700 :
3051 4643 3370 4716 statimque
3398 4643 3737 4709 suscitatus,
3765 4641 3850 4698 ait
3868 4642 3953 4699 ad

2290 4751 2320 4785 ‹
2359 4747 2498 4788 eum
2531 4749 2544 4786 :
2578 4733 2771 4798 Quare
2801 4731 3143 4805 inquietasti
3171 4749 3268 4789 me
3297 4737 3363 4788 ut
3393 4732 3734 4798 suscitaret,
3767 4735 3885 4787 etc.
3919 4754 3950 4782 ιο

2290 4821 2580 4887 Quaeritur
2594 4821 2929 4878 secundum
2946 4821 3258 4878 historiam
3275 4826 3478 4878 utrum
3491 4819 3851 4894 pythonissa
3865 4819 3956 4893 ip-

2289 4927 2424 4967 sum
2453 4911 2812 4984 prophetam
2836 4910 2911 4966 de
2941 4910 3174 4967 inferno
3195 4909 3555 4981 evocaverit,
3578 4924 3654 4965 an
3677 4907 3955 4980 aliquam

2287 5000 2710 5070 imaginariam
2737 4999 3074 5056 illusionem
3095 4999 3331 5057 fallacia
3347 4999 3698 5055 daemonum
3725 4997 3956 5055 factam

2291 5088 2453 5145 Sauli
2468 5085 2818 5145 exhibuerit.
2837 5092 2914 5144 De
2931 5105 3053 5161 qua
3069 5088 3420 5162 quaestione,
3435 5088 3625 5144 beaten
3643 5087 3954 5144 memoriae

2287 5176 2652 5244 Augustinus
2667 5176 2987 5250 episcopus
2999 5178 3383 5251 Simpliciano
3394 5176 3819 5235 Mediolanensi
3836 5177 3960 5249 epi-

2291 5281 2476 5337 scopo
2505 5264 2588 5321 ita
2607 5265 2810 5320 scribit
2833 5283 2846 5320 :
2877 5267 3151 5340 Inquiris,
3175 5269 3451 5340 inquam,
3472 5272 3674 5322 utrum
3690 5267 3960 5339 potuerit

2286 5354 2590 5425 malignus
2607 5353 2845 5427 spiritus
2862 5357 3118 5414 excitare
3130 5358 3400 5414 animam
3416 5356 3551 5428 iusti
3563 5360 3638 5420 ,et
3654 5360 3960 5428 tanquam

2286 5444 2361 5499 de
2385 5442 2602 5499 abditis
2634 5448 3013 5502 mortuorum
3044 5446 3438 5520 receptaculis
3468 5461 3773 5511 revocare,
3804 5449 3862 5501 et
3895 5448 3962 5500 ut

2285 5531 2585 5589 videretur
2601 5537 2658 5590 et
2674 5532 3020 5606 loqueretur
3045 5553 3186 5593 cum
3206 5536 3366 5593 Saul.
3391 5539 3597 5592 Nonne
3620 5535 3828 5605 majus
3848 5533 3963 5589 mi-

2284 5620 2547 5680 randum
2573 5622 2666 5689 sit,
2684 5623 2851 5696 quod
2877 5628 3122 5683 satanas
3140 5625 3343 5698 ipsum
3366 5623 3690 5683 Dominum
3716 5637 3966 5681 assum.
