4130 6182
262 123 366 176 319

253 332 403 386 enim
434 329 623 386 modo
646 329 866 397 fecerit,
892 330 1113 387 factum
1145 337 1234 386 est
1258 349 1270 386 :
1295 332 1377 387 ita
1403 336 1464 386 ut
1487 328 1726 387 Samuel
1753 328 1902 383 exci-

250 424 487 487 taretur,
521 418 792 474 similiter
820 418 981 474 latet.
1011 420 1128 475 Nisi
1156 419 1305 476 forte
1325 420 1463 492 quis
1503 418 1718 474 dixerit
1765 417 1900 472 faci-

247 507 450 565 liorem
485 507 730 563 diabolo
772 507 952 563 fuisse
1008 508 1308 564 licentiam
1353 509 1431 565 ad
1465 507 1780 564 Dominum
1814 506 1899 561 vi-

247 615 410 664 vum,
442 597 611 654 unde
626 596 806 652 voluit
834 598 1288 665 assumendum,
1318 598 1494 654 etubi
1518 596 1706 653 voluit
1735 612 1900 651 cons~

249 685 609 755 tituendum,
636 701 818 757 quam
852 685 928 740 ad
962 687 1252 742 Samuelis
1280 687 1545 743 defuncti
1576 684 1898 758 spiritume

250 776 374 830 suis
404 775 652 830 sedibus
684 774 1020 830 excitatum.
1053 776 1223 841 Quod
1249 778 1295 832 si
1326 776 1471 832 illud
1499 777 1559 832 in
1579 774 1898 844 Evangelio

244 879 352 920 nos
381 864 519 920 ideo
545 863 884 926 conturbat,
908 865 1050 936 quia
1072 867 1221 920 Deus
1255 865 1440 921 volnit
1469 869 1647 938 atque
1677 863 1896 936 permi-

243 954 330 1021 sit,
362 953 528 1008 nulla
556 952 949 1007 diminutione
983 971 1106 1008 suae
1139 955 1446 1027 potestatis
1479 959 1535 1009 et
1573 952 1897 1008 divinitatis

246 1041 302 1097 id
324 1041 444 1097 fieri
465 1040 720 1097 sicutab
760 1041 899 1113 ipsis
936 1044 964 1095 J
975 1042 1163 1099 udznis
1187 1044 1577 1116 (quanquam
1602 1040 1896 1115 perversis

249 1134 412 1202 atque
438 1128 778 1186 immundis
798 1135 854 1185 et
873 1130 1028 1186 facta
1079 1131 1304 1187 diaboli
1330 1130 1700 1200 faventibus)
1731 1134 1787 1185 et
1817 1135 1895 1184 te-

253 1219 366 1275 neri
395 1236 454 1275 se
485 1225 542 1276 et
575 1218 808 1287 vinciri,
843 1223 899 1274 et
923 1219 1090 1274 illudi
1117 1225 1174 1275 et
1193 1219 1458 1289 crucifigi
1498 1225 1679 1292 atque
1721 1219 1895 1274 inter-

251 1307 344 1363 ﬁci
362 1326 572 1380 passus
597 1313 704 1364 est.
727 1311 792 1363 Et
815 1324 936 1364 non
959 1315 1052 1365 est
1069 1309 1404 1366 absurdum
1427 1309 1667 1366 credere
1693 1326 1766 1364 ex
1795 1308 1898 1364 ali-

263 1397 734 1470 quadispensatio
741 1413 814 1453 ne
825 1397 1038 1454 divina:
1054 1398 1375 1455 voluntatis
1388 1399 1752 1472 permissum
1767 1398 1903 1453 fuis-

272 1501 332 1540 se
358 1492 419 1541 ut
445 1501 559 1541 non
597 1487 806 1542 invitus
837 1502 947 1542 nec
979 1487 1310 1544 daunante
1340 1488 1577 1560 magica
1606 1487 1894 1560 potentia,

275 1575 371 1629 sed
453 1575 638 1630 volens
707 1580 887 1648 atque
970 1576 1393 1643 obtemperans
1466 1577 1698 1634 occulta
1772 1576 1894 1631 dis-
1943 1593 1982 1646 Β

264 1664 590 1734 pensatione
626 1664 746 1730 Dei,
791 1681 928 1737 qua:
958 1666 1374 1738 pythonissam
1422 1667 1586 1722 illam
1627 1668 1894 1724 Saulem-

254 1763 360 1818 que
383 1749 670 1820 latebant,
716 1753 956 1825 spiritus
1002 1755 1291 1828 proferret
1335 1757 1526 1812 sancti
1575 1756 1891 1823 Samuelis,

246 1852 416 1908 seque
436 1840 780 1896 ostenderet
812 1843 1150 1914 aspectibus
1171 1844 1330 1914 regis
1364 1845 1569 1901 divina
1601 1843 1896 1901 sententia

237 1928 497 1997 perituri.
518 1933 884 2002 Quanquam
906 1932 966 1987 in
988 1934 1100 1989 hoc
1116 1933 1272 1990 facto
1289 1940 1485 2007 potest
1506 1935 1716 1991 adesse
1739 1934 1894 1990 alius

233 2015 462 2073 facilior
492 2019 850 2090 intellectus,
886 2027 950 2076 ut
978 2037 1098 2077 non
1130 2040 1267 2079 vere
1301 2024 1569 2096 spiritum
1605 2024 1896 2081 Samuelis

227 2107 566 2162 excitatum
623 2125 658 2163 a
709 2109 912 2181 requie
944 2127 1053 2167 sua
1095 2112 1440 2177 credamus,
1489 2113 1596 2168 sed
1653 2113 1895 2186 aliquod

220 2193 614 2264 phantasma
641 2201 696 2249 et
720 2196 1139 2266 imaginariam
1165 2200 1510 2256 illusionem
1526 2201 1751 2257 diaboli
1781 2219 1900 2257 ma-

215 2283 698 2339 chinationibus
719 2285 958 2351 factam,
1012 2305 1196 2359 quam
1238 2296 1556 2363 propterea
1603 2293 1897 2364 Scriptura

215 2371 488 2427 nomine
527 2373 823 2427 Samuelis
849 2375 1129 2446 appellat,
1169 2377 1314 2448 quia
1365 2379 1551 2434 solent
1601 2380 1892 2449 imagines

218 2476 440 2517 earum
497 2476 700 2516 rerum
744 2465 1091 2520 nominibus
1117 2467 1423 2538 appellari,
1453 2485 1708 2541 quarum
1746 2470 1892 2526 ima-

224 2551 392 2620 gines
423 2555 593 2605 sunt.
631 2551 793 2608 Sicut
823 2555 1030 2610 omnia
1057 2571 1190 2626 quae
1217 2557 1542 2627 pinguntur
1571 2564 1748 2631 atque
1781 2561 1892 2615 tin-

225 2645 473 2709 guntur,
509 2655 722 2696 earum
751 2658 949 2697 rerum
976 2661 1233 2716 quarum
1262 2646 1555 2717 imagines
1588 2654 1747 2720 sunt,
1780 2665 1890 2705 no-

229 2728 493 2784 minibus
533 2729 934 2801 appellantur.
997 2733 1154 2789 Sicut
1197 2736 1457 2792 hominis
1489 2738 1720 2809 pictura
1750 2756 1891 2795 cum

230 2818 504 2882 cernitur,
537 2821 853 2891 proprium
887 2824 1170 2896 quodque
1220 2841 1444 2882 nomen
1474 2827 1891 2883 incunctanter

232 2907 564 2962 adhibetur.
602 2909 920 2970 Etdicitur.
943 2911 1036 2965 ille
1060 2913 1260 2969 Cicero
1283 2920 1392 2978 est.
1429 2915 1524 2971 ille
1553 2916 1884 3006 Sallustius,
1932 2950 1972 3006 ρ

235 2993 322 3048 ille
352 2995 628 3061 Achilles,
675 2997 780 3051 iste
813 2999 1038 3065 Hector,
1074 3001 1189 3057 hoc
1235 3002 1463 3059 flumen
1497 3004 1732 3072 Simois,
1786 3004 1888 3060 illa

239 3082 426 3138 Roma
455 3103 468 3138 :
501 3101 642 3140 cum
673 3087 835 3142 aliud
867 3088 1009 3143 nihil
1057 3097 1218 3156 sunt,
1248 3109 1436 3164 quam
1481 3094 1652 3164 pictae
1685 3094 1892 3163 imagi-

247 3185 371 3225 nes.
396 3173 562 3228 Unde
592 3175 985 3232 etCherubim
1012 3195 1151 3234 cum
1184 3180 1302 3236 sint
1322 3181 1590 3237 caelestes
1625 3183 1888 3250 virtutes,

259 3257 381 3311 ﬁcti
406 3263 594 3315 tamen
620 3278 688 3317 ex
725 3265 992 3331 metallo,
1046 3283 1170 3339 quo
1202 3268 1516 3341 imperavit
1569 3272 1720 3324 Deus
1750 3270 1891 3341 poni

271 3361 442 3416 super
486 3365 673 3406 arcam
697 3356 1048 3419 testamenti,
1105 3373 1343 3426 magnae
1372 3359 1454 3414 rei
1485 3359 1888 3428 significanda;

271 3436 464 3503 gratia,
490 3453 606 3494 non
632 3441 781 3498 aliud
805 3461 994 3517 quam
1023 3446 1365 3518 Cherubim,
1389 3448 1489 3505 illa
1510 3466 1752 3523 quoque
1782 3452 1886 3518 ﬁg-

259 3531 466 3594 menta,
499 3530 878 3588 vocabantur.
903 3537 1241 3608 lterumque
1269 3536 1416 3593 dum
1438 3540 1696 3613 quisque
1728 3543 1886 3599 videt

247 3615 540 3672 somnium
566 3634 687 3675 non
713 3621 1022 3678 dicitzvidi
1039 3623 1364 3695 imaginem
1395 3630 1728 3698 Augustini,
1780 3634 1885 3688 sed

243 3701 365 3757 vidi
383 3707 795 3776 Augustinum,
816 3727 956 3767 cum
996 3728 1066 3767 eo
1083 3717 1350 3786 tempore
1391 3732 1512 3788 quo
1525 3718 1747 3792 aliquid
1773 3721 1883 3776 tale

240 3789 447 3865 aliquis
465 3795 617 3852 vidit
632 3797 938 3867 ignoraret
963 3801 1079 3856 hoc
1095 3805 1480 3872 Augustinus.
1509 3789 1700 3880 Usque
1733 3810 1884 3866 adeo

231 3882 621 3940 manifestum
653 3891 742 3942 est
770 3903 892 3942 non
924 3889 1088 3962 ipsos
1113 3891 1408 3961 homines,
1455 3895 1559 3951 sed
1589 3897 1884 3968 imagines

227 3986 434 4029 eorum
466 3973 676 4031 videri.
714 3978 781 4032 Et
819 3977 1048 4033 Pharao
1077 3980 1274 4053 spicas
1309 3998 1370 4038 se
1399 3983 1545 4040 dixit
1572 3987 1794 4042 vidisse
1827 3988 1886 4043 in

225 4063 480 4118 somniis
510 4068 569 4118 et
597 4063 810 4134 boves,
840 4081 964 4122 non
997 4068 1297 4141 spicarum
1327 4077 1431 4128 aut
1459 4073 1645 4130 boum
1677 4076 1889 4147 imagi-

223 4151 669 4223 nes(Gen.xu).
692 4153 748 4210 Si
779 4153 956 4223 igitur
998 4163 1234 4214 constat
1260 4158 1509 4234 liquido,
1541 4165 1888 4222 nominibus

222 4254 422 4296 earum
450 4256 660 4296 rerum
677 4257 936 4314 quarum
948 4244 1241 4316 imagines
1258 4255 1395 4306 sunt
1411 4253 1655 4307 easdem
1675 4254 1885 4326 imagi-

1277 120 1531 174 ENARR.
1564 118 1631 172 ΙΝ
1666 111 1918 170 LIBROS
1950 114 2208 178 REGUM.
2241 158 2308 167 —
2333 129 2400 184 lN
2435 131 2562 186 LIB.
2594 135 2632 187 Ι.

254 243 384 314 psit.
422 246 482 298 et
507 239 829 309 constituit
865 257 1045 314 super
1077 241 1326 314 pinnam
1379 240 1634 313 templi?
1656 235 1981 305 QuolibetA

3561 151 3665 204 330

2007 294 2313 390 spiritibus
2344 303 2559 360 talibus
2582 305 2810 379 aliquid
2827 308 3206 370 divinatloms
3233 317 3547 390 impertiat,
3584 328 3643 380 et

2006 385 2173 454 quod
2197 391 2451 450 audiunt
2479 395 2556 450 ab
2587 397 2836 468 angelis,
2861 405 3264 471 praenuntient
3292 385 3659 471 hominibus.

2006 473 2259 533 Tantum
2297 486 2497 538 autem
2530 485 2802 552 audiunt,
2827 494 3127 559 quantum
3157 496 3430 552 omnium
3469 501 3663 557 Domi-

2006 575 2120 663 nus
2137 570 2316 638 atque
2339 571 2681 628 moderator
2687 575 2861 643 jubet
2877 577 2970 633 vel
2991 580 3144 636 sinit.
3169 581 3337 639 Unde
3359 585 3536 644 etiam
3560 605 3667 663 py-

2006 651 2279 745 thonissa
2294 658 2354 713 in
2373 661 2616 717 Actibus
2640 666 3049 735 apostolorum
3072 671 3228 740 (cap.
3247 675 3362 745 xw)
3379 651 3663 736 attestan-

2007 742 2060 794 ιθ
2086 743 2264 800 Paulo
2287 749 2581 818 apostolo,
2609 756 2664 806 et
2690 755 3056 823 evangelista
3095 742 3513 822 conatur'esse.
3535 768 3664 824 Mis-

2007 835 2142 886 cent
2171 837 2369 890 tamen
2401 837 2494 892 isti
2523 837 2812 911 fallacias,
2839 848 2896 898 et
2920 861 3131 902 verum
3161 850 3328 920 quod
3355 868 3529 910 nosse
3554 871 3663 929 po-

2007 922 2266 992 tuerunt,
2297 941 2418 979 non
2449 925 2705 982 docendi
2735 931 2947 1001 magis,
2971 949 3158 1005 quam
3189 937 3525 1012 decipiendi
3547 922 3664 1001 tine

2008 1013 2428 1082 pronuntiant:
2458 1021 2515 1070 et
2542 1015 2688 1072 forte
2720 1019 2833 1074 hoc
2860 1026 2948 1076 est
2976 1024 3143 1094 quod
3175 1041 3311 1082 cum
3339 1030 3439 1086 illa
3462 1032 3664 1103 imago

2009 1099 2303 1155 Samuelis
2322 1102 2556 1158 Saulem
2568 1105 2917 1177 praedicaret
2930 1112 3306 1177 moriturum,
3327 1099 3664 1178 dixitetiam

2008 1203 2213 1244 secum
2239 1207 2370 1245 esse
2400 1192 2686 1250 futurum.
2722 1197 2888 1261 Quod
2929 1200 3131 1273 utique
3159 1202 3377 1262 falsum
3407 1215 3513 1265 est.
3546 1213 3664 1268 Ma-

2008 1291 2129 1344 gno
2149 1279 2374 1352 quippe
2396 1281 2704 1339 intervallo
2731 1291 2865 1357 post
2880 1294 3138 1346 mortem
3170 1298 3436 1365 separari
3464 1297 3663 1355 bonos

2007 1363 2067 1418 in
2094 1367 2411 1434 Evangelio
2436 1368 2688 1439 legimus
2713 1374 2874 1443 (Luc.
2905 1378 3020 1449 xw)
3051 1395 3063 1434 :
3101 1363 3253 1436 cuni
3272 1382 3423 1439 inter
3454 1401 3661 1459 super-

2007 1452 2157 1508 bum
2179 1453 2344 1510 illum
2375 1457 2616 1514 divitem
2649 1477 2786 1517 cum
2805 1464 2934 1533 jam
2965 1469 3132 1540 apud
3160 1469 3380 1528 inferos
3408 1452 3664 1532 tormen-

2009 1547 2070 1598 ta
2090 1550 2409 1616 pateretur,
2459 1552 2515 1603 et
2560 1548 2722 1605 illum
2757 1553 2860 1624 qui
2892 1555 2971 1610 ad
3001 1557 3130 1628 ejus
3157 1561 3414 1631 januam
3441 1564 3666 1622 ulcero-

2011 1648 2112 1686 sus
2129 1632 2388 1702 jacebat,
2411 1635 2539 1706 jam
2562 1637 2620 1693 in
2645 1642 2912 1712 requiem
2935 1647 3345 1721 constitutum,
3369 1669 3661 1723 magnum

2009 1720 2194 1774 chaos
2222 1720 2593 1794 interjectum
2624 1743 2752 1784 esse
2787 1735 3049 1788 testatur.
3105 1741 3220 1792 Aut
3265 1720 3663 1815 sipropterea

2010 1811 2249 1866 Samuel
2279 1813 2329 1868 ei
2360 1813 2524 1876 dixit.
2558 1833 2794 1874 mecum
2820 1821 2955 1890 eris,
2976 1829 3181 1881 utnon
3205 1828 3280 1882 ad
3312 1811 3661 1901 qualitatem

2006 1898 2314 1968 felicitatis,
2344 1902 2525 1958 sedad
2547 1922 2753 1976 parem
2776 1911 3180 1971 conditionem
3208 1898 3416 1973 mortis
3449 1923 3664 1980 refera-

2006 1994 2099 2044 tur
2123 2007 2135 2043 :
2166 1991 2331 2062 quod
2354 1997 2599 2065 uterque
2620 1995 2803 2052 homo
2834 2000 3008 2057 fuerit
3031 2010 3088 2059 et
3113 2011 3360 2078 uterque
3387 2011 3541 2066 mori
3559 2027 3662 2082 po-

2006 2079 2198 2148 tuerit,
2221 2079 2470 2153 jamque
2492 2089 2818 2152 mortuum,
2855 2096 3108 2146 mortem
3145 2093 3275 2149 vivo
3303 2079 3662 2167 praenuntia-

2004 2168 2126 2223 bat.
2162 2169 2505 2226 Secundum
2533 2178 2853 2247 utrumque
2883 2177 3063 2246 igitur
3091 2181 3455 2240 intellectum
3480 2186 3663 2244 habe-

2001 2274 2064 2314 re
2095 2257 2318 2313 exitum
2347 2259 2476 2315 haec
2505 2259 2677 2317 lectio
2707 2271 2921 2336 potest,
2963 2269 3066 2339 qui
3096 2285 3217 2326 nou
3251 2273 3324 2328 sit
3354 2282 3564 2332 contra
3594 2277 3660 2332 ﬁ-

2001 2347 2162 2403 dem.
2198 2348 2315 2403 Nisi
2342 2348 2491 2405 forte
2521 2351 2894 2422 profundiori
2919 2355 3302 2430 inquisitione
3327 2364 3662 2422 inveniatur

2004 2437 2083 2493 ad
2097 2437 2416 2509 liquidum,
2439 2439 2535 2494 vel
2561 2456 2737 2512 posse
2752 2443 2844 2498 vel
2873 2461 2994 2502 non
3026 2464 3229 2520 posse,
3259 2454 3526 2511 animam
3546 2457 3658 2512 hu-

2002 2541 2270 2593 manam,
2304 2543 2442 2582 cum
2463 2543 2535 2583 ex
2555 2529 2670 2584 hac
2695 2531 2810 2587 vita
2835 2536 3200 2610 migraverit,
3232 2544 3482 2612 magicis
3535 2562 3660 2602 car-

2003 2614 2269 2670 minibus
2313 2617 2570 2681 evocari,
2603 2624 2659 2674 et
2688 2621 2962 2680 vivorum
2994 2643 3286 2700 apparere
3330 2637 3659 2706 conspecti-

2001 2703 2136 2772 bus,
2169 2704 2348 2760 etiam
2370 2707 2636 2778 corporis
2668 2707 3031 2772 lineamenta
3061 2723 3414 2790 gestantem,
3447 2703 3512 2779 ut
3535 2740 3656 2780 non

1999 3059 2300 3130 mysteriis
2343 3077 2595 3117 summa:
2625 3062 2772 3132 legis
2803 3067 3226 3141 obtemperans
3263 3091 3275 3127 :
3309 3079 3372 3128 ut
3428 3076 3476 3130 si
3529 3077 3655 3131 tieri

1996 3163 2119 3203 non
2148 3163 2328 3220 posse
2360 3149 2655 3221 claruerit,
2692 3159 2755 3208 ut
2784 3171 2906 3210 non
2939 3161 3187 3229 uterque
3228 3176 3443 3215 sensus
3472 3162 3655 3234 hujus

2004 3237 2319 3310 Scriptura:
2373 3239 2722 3297 tractatione
2746 3243 3116 3314 admittatur,
3145 3247 3251 3303 sed
3272 3248 3372 3304 illo
3389 3251 3652 3321 excluso,

1996 3325 2353 3396 imaginaria
2384 3327 2707 3386 similitudo
2741 3333 3050 3405 Samuelis,
3072 3335 3369 3395 diabolico
3394 3340 3511 3398 ritu
3537 3341 3652 3411 fac,

1997 3421 2056 3473 ta
2087 3416 2464 3486 intelligatur.
2502 3419 2615 3475 Sed
2636 3423 2928 3494 quoniam
2952 3425 3078 3483 sive
3101 3427 3250 3485 illud
3296 3431 3424 3487 ﬁeri
3443 3433 3652 3506 possit,

1994 3508 2118 3562 sive
2149 3521 2270 3561 non
2302 3509 2509 3579 possit,
2544 3514 2744 3567 tamen
2765 3513 3003 3571 fallacia
3037 3519 3268 3575 Satanae
3301 3526 3479 3594 atque
3508 3523 3655 3581 ima-

1993 3595 2203 3665 ginum
2245 3595 2725 3656 simulandarum
2783 3603 2997 3660 callida
3028 3609 3321 3680 operatio,
3353 3610 3625 3685 decipien

1992 3683 2086 3738 dis
2140 3683 2416 3739 sensibus
2455 3685 2737 3744 humanis
2782 3691 3166 3752 multiformis
3215 3683 3506 3767 invigilat:
3549 3705 3654 3762 Ta-

1992 3772 2252 3828 cendum
2290 3788 2452 3827 nunc
2497 3775 2743 3846 quidem
2774 3795 2847 3834 ne
2891 3781 3377 3853 inquisitionibus
3400 3788 3652 3857 diligen-

1992 3861 2241 3919 tioribus
2256 3863 2737 3935 prtescribamus,
2755 3870 2860 3924 sed
2883 3871 3080 3942 potius
3104 3875 3512 3933 existimemus
3537 3879 3652 3936 tale
3716 3880 3720 3882 ’

1996 3949 2222 4021 aliquid
2252 3949 2476 4006 factum
2518 3954 2786 4025 maligno
2818 3959 3030 4030 spiritu
3082 3964 3451 4035 pythonissa:
3497 3967 3652 4025 illius

1997 4039 2343 4096 ministerio.
2377 4057 2565 4113 quam
2595 4043 2698 4099 diu
2733 4047 2904 4103 nobis
2936 4049 3162 4124 aliquid
3189 4055 3451 4129 amplius
3476 4074 3652 4118 exco-

1999 4132 2204 4201 gitare,
2257 4136 2434 4204 atque
2465 4134 2760 4206 explicare
2791 4154 2912 4196 non
2944 4141 3140 4199 datur.
3175 4148 3305 4202 Haec
3351 4155 3490 4207 sunt
3517 4168 3654 4225 quas

1999 4225 2140 4276 tunc
2171 4221 2246 4276 de
2272 4222 2632 4294 pythonissa
2665 4231 2721 4282 et
2773 4230 3045 4288 Samuele
3102 4235 3341 4309 scripsit
3382 4221 3653 4298 beati—ssi-

219 4343 320 4384 nes
341 4329 677 4403 appellari,
696 4301 833 4396 ἰιοη
862 4301 1203 4391 mirumuest
1925 4301 1968 4354 Β
2000 4326 2137 4413 "fus
2175 4312 2596 4413 _Al,]3ustifmsﬁ
2641 4316 2755 4413 Sed
2805 4321 2952 4413 H‘Uia
2984 4322 3129 4413 “hoc
3159 4341 3346 4395 genus
3405 4331 3653 4398 ωδείοεε

221 4418 570 4476 Samuelem
588 4419 783 4474 visum
804 4437 818 4476 :
838 4421 1015 4478 etiam
1039 4423 1085 4478 si
1099 4424 1460 4497 forteimago
1477 4431 1765 4487 Samuelis
1787 4450 1890 4507 ap-

221 4509 414 4578 paruit
471 4523 585 4580 per
605 4509 744 4565 ﬁcta
766 4511 1275 4587 machinamenta,
1299 4517 1428 4587 ejus
1450 4518 1552 4590 qui
1580 4523 1893 4593 transﬁgu-

220 4610 354 4652 rans
369 4615 441 4653 se
467 4597 927 4669 velutangelum
945 4601 1114 4671 lucis,
1129 4608 1185 4658 et
1203 4604 1508 4662 ministros
1527 4625 1668 4664 suos
1685 4612 1894 4668 subor-

223 4690 319 4739 nat
336 4685 838 4742 velutministros
850 4689 870 4759 j
883 4691 1110 4746 ustitize.
1125 4694 1254 4748 Jam
1271 4709 1411 4749 vero
1429 4695 1476 4750 si
1496 4696 1664 4768 illud,
1679 4699 1892 4774 inquit,

223 4787 328 4828 vos
354 4778 592 4839 movet,
615 4777 947 4847 quomodo,
977 4795 1013 4834 a
1034 4779 1300 4850 maligno
1329 4785 1536 4856 spiritu
1566 4788 1725 4843 Sauli
1750 4806 1897 4861 prae-

221 4858 377 4918 dicta
417 4867 561 4918 sunt
589 4867 787 4935 potest
826 4871 882 4922 et
913 4865 1060 4923 illud
1085 4870 1305 4926 mirum
1354 4873 1561 4945 videri,
1584 4858 1894 4948 quomodo

225 4945 536 5007 daemones
561 4959 948 5022 agnoverunt
991 4958 1290 5016 Christum
1335 4978 1519 5034 quem
1554 4945 1745 5022 Judaei
1773 4985 1898 5024 non

236 5039 658 5104 agnoscebant.
669 5044 818 5098 Cum
828 5044 986 5100 enim
1006 5046 1132 5102 vult
1145 5050 1296 5104 Deus
1311 5051 1488 5107 etiam
1507 5053 1775 5112 infirmos
1789 5059 1898 5131 spi-

233 5122 377 5181 ritus
405 5127 609 5203 aliqua
624 5147 766 5188 vera
779 5148 1162 5207 cognoscere,
1193 5141 1544 5212 temporalia
1582 5122 1894 5224 duntaxat,

228 5212 306 5268 ad
321 5214 497 5274 istam
512 5220 945 5279 mortalitatem
965 5226 1342 5297 pertinentia,
1386 5230 1559 5288 facile
1584 5240 1676 5290 est
1692 5242 1747 5291 et
1772 5212 1894 5294 non

217 5301 656 5379 incongruum,
709 5315 773 5365 ut
820 5316 1204 5385 omnipotens
1247 5322 1303 5374 et
1325 5319 1526 5389 justus
1577 5324 1654 5379 ad
1685 5341 1894 5384 eorum

208 5408 466 5464 penam
492 5397 723 5471 quibus
748 5399 857 5456 ista
887 5403 1310 5474 praedicantur,
1338 5408 1356 5479 (
1379 5415 1441 5464 ut
1472 5411 1700 5468 malum
1727 5417 1890 5487 quod

211 5483 292 5537 eis
311 5484 627 5552 imminet,
654 5493 981 5561 antequam
1013 5493 1235 5561 veniat,
1259 5503 1728 5568 praenoscendos
1747 5483 1895 5576 pati-

206 5575 418 5648 antur)
426 5575 680 5633 occultu
693 5583 1426 5662 apparatumysteriorum
1439 5575 1894 5660 suorum,etiam

867 5662 1115 5728 Ρλταὸῐ.
1157 5667 1315 5728 CXV.

2000 4398 2331 4469 phantasia
2353 4402 2563 4458 crebro
2584 4406 2644 4460 in
2663 4405 2777 4462 hoc
2802 4407 2956 4466 libro
2980 4411 3200 4485 ligitur,
3225 4417 3549 4473 dicendum
3566 4423 3658 4473 est

2001 4487 2162 4542 unde
2188 4504 2407 4545 nomen
2428 4495 2740 4565 acceperit:
2767 4500 3039 4553 nonnulli
3061 4502 3220 4556 enim
3245 4504 3323 4558 ab
3344 4505 3656 4575 Appolline

2004 4575 2212 4646 Pythio
2242 4583 2545 4648 repertum
2578 4587 2759 4654 atque
2789 4584 2866 4639 ab
2899 4586 3028 4655 ejus
3061 4589 3419 4655 cognomine
3448 4591 3530 4643 sic
3574 4591 3660 4645 di-

2004 4670 2146 4718 cunt
2198 4679 2328 4719 esse
2386 4675 2691 4725 vocatum.
2727 4672 2839 4726 Sed
2871 4677 2925 4728 et
2955 4673 3272 4729 Hebraeum
3303 4691 3550 4748 nomen,
3575 4680 3662 4734 in-

2003 4752 2238 4823 quiunt,
2263 4756 2537 4821 congruit
2564 4774 2576 4810 :
2607 4758 2875 4828 Pythona
2897 4760 3221 4835 abissi(sz'c)
3246 4764 3471 4839 dicunt,
3500 4768 3662 4826 unde

2004 4846 2062 4895 et
2077 4839 2498 4910 pythonissam
2510 4848 2566 4898 et
2587 4846 2884 4914 pythones
2897 4847 3219 4920 legendum
3237 4860 3468 4927 putant.
3489 4859 3664 4926 Quod

2007 4933 2064 4984 et
2079 4943 2192 4985 nos
2209 4927 2521 4999 diligenter
2535 4931 2958 5004 investigantes
2978 4939 3134 4997 sicin
3155 4945 3442 5019 antiquis,
3460 4948 3584 5006 imo
3609 4956 3667 5008 et

2008 5017 2315 5074 modernis
2331 5018 2739 5078 voluminibus
2755 5027 3039 5100 scriptum
3054 5017 3409 5106 reperimus.
3429 5039 3542 5096 Alii
3570 5057 3667 5096 ve-

2005 5113 2403 5200 roaserpente
2415 5111 2520 5184 qui
2533 5113 2763 5186 python
2776 5115 2970 5174 dictus
2993 5124 3100 5193 est,
3116 5123 3190 5179 de
3215 5126 3386 5196 cujus
3408 5129 3559 5200 pelle
3583 5130 3668 5186 di-

2006 5195 2316 5266 vinabant,
2341 5195 2568 5255 dictum
2587 5205 2880 5267 asserunt,
2919 5204 3077 5261 unde
3100 5212 3157 5263 et
3176 5195 3595 5282 pythonissam
3612 5221 3670 5272 et

2003 5287 2302 5358 pythones
2318 5285 2543 5357 legunt.
2566 5289 2737 5354 Quod
2758 5307 2870 5346 nos
2899 5293 3145 5352 arbitrio
3156 5300 3468 5372 prudentis
3491 5301 3673 5360 lecto-

2003 5376 2084 5429 ris
2098 5375 2748 5450 derelinquimus,quid
2764 5382 2958 5452 magis
2969 5382 3183 5455 eligere
3204 5388 3513 5460 placuerit.
3535 5393 3669 5447 Haec

2003 5463 2165 5517 enim
2191 5465 2480 5521 sententia
2497 5466 2668 5536 juxta
2689 5468 3000 5527 historiam
3025 5477 3311 5549 superiori
3365 5481 3669 5535 sententiae

2009 5560 2346 5632 postposita
2397 5569 2503 5621 est.
2537 5567 2710 5631 Quod
2741 5584 2852 5624 nos
2897 5569 3032 5626 ideo
3064 5571 3337 5643 facimus,
3386 5581 3448 5631 ut
3479 5580 3667 5630 totum
