4130 6182
504 189 608 243 33f

1562 180 1992 238 ΑΝρΕιθωΝΙ
2008 172 2474 239 mes
2504 183 2821 240 MONACHI

3827 194 3937 247 932

502 308 579 367 de
616 310 791 369 Saule
825 312 884 370 et
903 307 1264 386 pythonissa
1291 305 1514 380 pariter
1542 304 1855 376 negotium
1881 320 2151 379 compre-
2181 310 2226 363 Α
2266 306 2492 362 mestici
2512 307 2642 377 ejus
2673 308 3042 379 intelligendi
3065 311 3223 363 sunt.
3252 308 3318 364 Hi
3348 310 3466 365 tres
3494 308 3603 366 ﬁlii
3627 312 3773 368 Saul
3794 328 3936 371 cum

502 400 865 457 hendamus.

1112 539 1339 595 CAPUT
1375 536 1562 594 XXXI.

573 689 601 719 κ
640 666 823 739 Igitur
851 666 1057 723 exorto
1083 662 1323 737 proelio,
1352 666 1784 736 percusserunt
1806 662 2155 719 Philisthiim

502 778 531 807 ‹‹
575 754 759 813 Israel
778 754 958 827 plaga
1014 769 1262 824 magna,
1317 757 1788 825 corrueruntque
1841 752 1903 808 in
1946 751 2155 825 proelio

500 868 528 894 «
572 844 706 903 Saul
730 847 787 899 et
812 842 1125 909 Jonathas,
1151 846 1325 909 »etc.,
1358 858 1675 916 usquequo
1710 840 1808 907 ait,
1845 863 1872 889 «
1896 846 1951 898 et
1982 841 2156 897 armi-

498 956 527 984 α
551 933 795 1005 gerejus
822 932 947 1006 ipse
978 931 1201 989 corruit
1236 947 1416 1003 super
1428 930 1698 1002 gladium
1714 934 2153 1000 suum,etmor-

498 1046 526 1075 ‹‹
566 1027 706 1081 tuus
761 1026 849 1078 est
878 1038 1016 1078 cum
1047 1037 1138 1077 eo.
1190 1043 1219 1070 »
1270 1021 1650 1090 Armigerum
1687 1020 1869 1075 istum
1929 1019 2155 1077 Hebraei

498 1110 1013 1183 Doegldumaeum
1059 1110 1267 1166 dicunt
1317 1108 1521 1178 fuisse,
1556 1108 1659 1185 qui
1709 1124 1959 1165 cernens
2016 1108 2157 1165 Saul

495 1206 827 1269 mortuum,
858 1198 1125 1273 seipsum
1153 1197 1233 1254 ob
1263 1202 1491 1255 metum
1524 1197 1710 1254 David
1742 1196 2063 1253 interemit.

567 1315 595 1343 ‹‹
627 1294 885 1349 Mortuus
931 1293 1016 1346 est
1048 1287 1187 1346 Saul
1216 1292 1272 1344 et
1308 1292 1423 1344 tres
1460 1287 1563 1343 ﬁlii
1605 1287 1734 1358 ejus
1790 1291 1847 1343 et
1898 1286 2157 1356 armiger

498 1404 527 1432 ‹‹
564 1380 720 1439 illius
749 1383 805 1436 et
860 1377 1124 1437 universi
1168 1376 1277 1433 viri
1305 1377 1454 1449 ejus.
1493 1398 1521 1425 »
1557 1376 1673 1433 Viri
1699 1376 1812 1444 isti,
1845 1376 2017 1449 pueri
2057 1375 2162 1431 do-

2265 411 2337 451 eo
2369 394 2656 453 interfecti
2677 402 2835 466 sunt,
2865 400 3176 468 Jonathas,
3208 398 3548 467 Abinadab,
3575 401 3935 473 qirietJesui

2265 489 2322 541 et
2350 484 2689 542 Melchisua.
2722 487 2985 544 [sboseth
3009 492 3211 544 autem
3259 487 3426 543 domi
3456 494 3600 557 erat,
3634 491 3742 563 qui
3771 506 3937 548 anno

2264 589 2387 646 quo
2422 574 2563 630 Saul
2592 591 2695 630 rex
2725 576 3080 633 constitutus
3123 581 3231 643 est,
3278 581 3456 632 natus
3487 578 3669 634 fuisse
3693 580 3927 650 dicitur,

2264 663 2369 734 qui
2397 664 2578 719 etiam
2596 664 2999 737 quadraginta
3024 681 3323 721 annorum
3345 664 3531 723 fuisse
3551 667 3772 738 legitur
3793 682 3927 726 cum

2262 766 2512 821 regnare
2529 753 2825 825 coepisset.
2852 754 3017 810 Unde
3034 754 3332 825 colligitur
3342 755 3482 811 Saul
3525 758 3931 830 quadraginta

2266 841 2440 896 annis
2470 857 2777 911 regnasse.
2810 843 3213 921 Quaerendum
3261 859 3369 899 cur
3413 845 3557 901 alibi
3582 845 3826 917 legatur
3848 850 3933 903 Je-

2266 930 2377 1000 sui,
2403 935 2460 986 et
2497 931 2640 1011 alibi
2677 931 3041 987 Abinadab:
3090 932 3248 987 Jesui
3289 933 3449 989 enim
3504 935 3931 1008 interpretatur

2266 1022 2538 1092 aequalis.
2569 1020 2842 1092 rEqualis
2865 1020 3001 1077 ideo
3020 1020 3254 1091 dicitur,
3286 1022 3433 1094 quia
3451 1024 3709 1096 aequalis
3740 1025 3927 1081 meriti

2264 1108 2447 1164 fuisse
2471 1125 2610 1164 cum
2632 1114 2799 1181 patre
2824 1108 2929 1164 ﬁlii
2959 1115 3389 1166 memorantur.
3413 1111 3741 1170 Abinadab
3762 1113 3925 1170 inter-

2264 1201 2530 1270 pretatur
2552 1202 2734 1267 pater
2759 1213 2921 1254 meus
2972 1204 3196 1268 sponte.
3251 1200 3472 1271 Sponte
3531 1192 3764 1259 etenim
3819 1216 3923 1259 sua

2266 1291 2436 1359 pater
2465 1286 2594 1357 ejus
2642 1286 2785 1342 Saul
2811 1286 2974 1342 male
3013 1287 3252 1358 agendo
3282 1288 3617 1362 acquisivit,
3650 1296 3723 1349 ut
3743 1291 3925 1349 taliter

2268 1391 2392 1432 una
2420 1392 2560 1432 cum
2591 1374 2725 1431 ﬁliis
2769 1376 3182 1448 perimeretur.

1558 1667 1672 1756 IN
1761 1666 2195 1754 LIBRUM
2254 1665 2867 1760 SECUNDUM.

1121 1957 1518 2013 PR/EFATIO.

561 2067 1092 2141 Verum,quoniam
1105 2065 1339 2121 favente
1352 2063 1556 2119 divina
1573 2062 2142 2135 gratia,quanquam

489 2158 754 2215 fortassis
774 2157 1029 2223 indocte,
1050 2154 1315 2228 primum
1332 2152 1553 2208 librum
1574 2152 1676 2223 huj
1690 2151 2028 2206 ushistorias
2050 2151 2140 2206 di-

489 2249 805 2320 gessimus,
836 2251 893 2302 et
918 2244 1090 2319 quasi
1107 2244 1391 2299 unionem
1422 2240 1700 2314 spiritalis
1744 2240 2141 2309 intelligentiae

487 2336 944 2415 quodammodo
964 2336 1025 2391 in
1074 2331 1383 2390 conchulis
1434 2331 1638 2395 maris,
1668 2331 1849 2399 hujus
1868 2329 2143 2385 videlicet

484 2428 809 2486 voluminis
862 2426 1214 2491 latitantem,
1236 2421 1397 2477 velut
1417 2421 1537 2477 alta
1558 2420 1775 2492 pelagi,
1805 2419 1977 2473 lintre
2003 2435 2142 2474 nos-

486 2522 590 2573 trae
618 2514 1109 2585 investigationis,
1138 2509 1575 2578 immergendo,
1602 2508 1675 2563 ad
1695 2508 1895 2587 lucem
1920 2507 2138 2579 produ-

484 2605 704 2662 ximus.
736 2609 801 2659 ln
826 2618 952 2675 quo
982 2599 1228 2674 quidem
1255 2596 1720 2665 evidentissima,
1752 2600 1954 2669 utpote
1985 2612 2137 2668 prte-

485 2692 833 2762 libavimus,
878 2688 1215 2745 immutatio
1270 2684 1592 2742 sacerdotii
1639 2684 2005 2751 Judzeorum,
2067 2701 2138 2740 ac

485 2781 746 2856 repulsio
766 2782 1100 2854 Synagogae
1126 2777 1189 2832 in
1217 2790 1426 2831 verum
1473 2774 1681 2831 Christi
1713 2773 2133 2841 sacerdotium,

487 2872 546 2925 et
580 2865 847 2924 collectio
878 2866 1094 2919 sanctae
1127 2859 1401 2916 Ecclesiae
1441 2875 1513 2914 ex
1556 2857 1854 2926 gentibus,
1899 2859 2136 2930 aliaque

484 2956 746 3031 plurima
776 2955 1152 3011 sacramenta
1172 2965 1307 3022 quas
1330 2948 1442 3003 sub
1473 2946 1896 3015 allegoriarum
1926 2947 2134 3017 ﬁguris

485 3045 773 3103 contineri
801 3041 1396 3117 probavimus.Nunc
1416 3037 1547 3110 ipso
1575 3037 1896 3108 aspirante,
1926 3036 1985 3092 in
2013 3053 2137 3109 quo

485 3138 624 3192 sunt
647 3151 858 3191 omnes
887 3130 1156 3189 thesauri
1208 3127 1516 3201 sapientiae
1546 3130 1602 3182 et
1642 3127 1901 3182 scientias
1932 3142 2135 3182 recon-

483 3226 610 3297 diti,
655 3223 990 3281 secundum
1019 3219 1243 3276 librum
1286 3216 1535 3290 praefata
1562 3216 1821 3271 historiae
1866 3216 2136 3287 aggredi-

483 3332 638 3380 mur,
673 3316 727 3370 et
764 3310 1017 3384 limpida
1049 3307 1260 3364 Christi
1292 3304 1682 3378 Ecclesiieque
1737 3305 2001 3377 pandere
2050 3322 2139 3361 sa-
2165 3311 2205 3363 C

483 3408 793 3461 cramenta
818 3398 1196 3457 conabimur.
1228 3398 1293 3451 Et
1320 3395 1369 3449 si
1396 3410 1469 3450 ex
1521 3397 1684 3449 tanta
1730 3393 2135 3466 profunditate

486 3509 704 3551 aurum
732 3490 1063 3564 producere
1121 3485 1199 3542 ad
1228 3485 1425 3540 lucem
1475 3499 1597 3538 non
1628 3500 1952 3555 possumus
1988 3485 2135 3557 opti-

482 3598 674 3649 mum,
700 3584 803 3636 aut
831 3575 1265 3635 carbunculum
1292 3590 1359 3630 ex
1391 3573 1606 3628 Phison
1630 3572 1812 3628 fluvio
1853 3588 1974 3628 non
2001 3573 2133 3645 qui-

482 3689 621 3728 mus
648 3668 1011 3734 abstrahere,
1038 3664 1301 3737 lapidem
1318 3660 1734 3733 magniﬁcum,
1758 3659 1967 3716 saltem
1989 3677 2137 3734 quo-

481 3778 600 3835 que
624 3758 1017 3829 margaritum
1058 3753 1292 3825 fulgens
1340 3751 1647 3825 possimus
1697 3749 2009 3806 exhaurire
2058 3750 2137 3806 de

480 3850 730 3922 gurgite.
762 3850 876 3903 Aut
902 3846 951 3901 si
981 3844 1161 3901 etiam
1192 3859 1264 3898 ex
1295 3840 1549 3911 gemmis
1578 3839 1968 3895 renitentibus
2009 3856 2131 3895 non

476 3939 744 3997 valemus
787 3936 1082 4010 optimam
1136 3930 1428 3988 fabricare
1472 3944 1781 3997 coronam,
1833 3928 2131 4002 quodam-

476 4028 661 4086 modo
689 4043 761 4083 ex
803 4025 1053 4082 ﬂoribus
1088 4019 1449 4079 amoenitatis
1479 4018 1822 4074 divinarum
1869 4018 2131 4091 Scriptu-

475 4133 681 4175 rarum
711 4114 1076 4170 tentabimus
1124 4123 1488 4182 componere
1549 4110 1726 4176 serta,
1758 4122 1835 4162 ne
1887 4122 1959 4160 ex
1987 4121 2134 4178 pau-

475 4209 703 4280 pertate
727 4203 949 4275 ingenii
973 4202 1243 4271 ingratus
1272 4197 1481 4254 videar
1511 4213 1547 4252 a
1578 4195 1853 4260 Domino,
1886 4194 1989 4249 sed
2020 4210 2130 4267 po-

475 4296 592 4352 tius
623 4310 733 4350 sua
763 4291 1095 4357 clementia,
1116 4288 1264 4345 dum
1282 4288 1470 4344 cernit
1495 4285 1783 4351 studium,
1830 4284 2133 4353 adaugeat

472 4386 631 4441 vires
668 4384 730 4440 in
754 4380 1041 4457 pondere,
1071 4395 1146 4435 ne
1176 4378 1398 4435 fractus
1445 4375 1716 4432 inveniar
1762 4388 2129 4446 pressusque

472 4474 632 4533 mole
656 4478 834 4533 tantae
864 4468 1315 4543 magnitudinis.
1340 4470 1490 4524 Nam
1517 4463 1787 4537 sequitur
1816 4479 1830 4518 :

1038 4599 1265 4655 CAPUT
1303 4593 1590 4651 PRIMUM.

540 4752 568 4781 ‹‹
607 4728 852 4785 Factum
901 4730 990 4782 est
1026 4727 1230 4781 autem
1298 4723 1624 4793 postquam
1697 4718 1976 4773 mortuus
2031 4719 2126 4771 est

468 4842 496 4870 «
541 4818 701 4885 Saul,
734 4822 799 4874 ut
846 4814 1033 4873 David
1061 4813 1451 4870 reverteretur
1493 4824 1529 4865 a
1581 4806 1742 4863 caede
1771 4804 2030 4872 Amelec,
2067 4808 2131 4862 et

468 4931 496 4960 «
536 4912 809 4965 maneret
831 4906 893 4962 in
914 4904 1141 4973 Siceleg
1166 4902 1322 4958 duos
1362 4899 1511 4955 dies.
1546 4898 1609 4954 In
1655 4897 1751 4953 die
1783 4900 1983 4954 autem
2014 4901 2125 4953 ter-

464 5020 493 5051 ‹‹
536 4998 636 5068 tio,
692 4994 977 5071 apparuit
1039 4993 1225 5048 homo
1288 4988 1701 5055 Amelechites,
1751 4986 2000 5043 veniens
2047 4986 2123 5041 de

463 5110 492 5140 «
534 5087 740 5145 castris
795 5083 954 5151 Saul,
990 5103 1018 5133 »
1076 5083 1131 5135 et
1184 5077 1436 5150 reliqua.
1498 5077 1692 5132 Homo
1751 5076 1861 5130 iste
1907 5073 2013 5145 qui
2043 5073 2123 5128 ad

457 5177 650 5235 David
697 5176 960 5241 veniens,
1023 5172 1279 5226 mortem
1330 5164 1522 5221 Saulis
1567 5164 1963 5228 nuntiaverat,
2016 5162 2122 5232 qui

459 5268 643 5324 etiam
684 5262 1001 5329 mentiens,
1086 5257 1228 5315 Saul
1298 5253 1661 5311 interfecisse
1738 5268 1800 5308 se
1848 5251 2116 5306 dixerat:

456 5353 788 5430 prtesertim
825 5367 964 5407 cum
1022 5345 1300 5421 superius
1385 5344 1618 5413 legatur
1668 5340 1913 5398 irruisse
1980 5339 2120 5396 Saul

456 5458 637 5517 super
663 5440 931 5513 gladium
962 5453 1162 5506 suum,
1197 5439 1253 5491 et
1282 5438 1561 5491 mortuus
1593 5448 1747 5499 esse,
1778 5431 1911 5504 ipse
1943 5434 1999 5486 et
2027 5446 2119 5485 ar-

455 5535 647 5607 miger
696 5531 848 5603 ejus,
906 5529 968 5585 in
1020 5530 1225 5584 monte
1311 5523 1548 5582 Gelboe.
1629 5522 1738 5589 Qui
1796 5525 2116 5595 propterea

455 5646 494 5687 a
583 5622 771 5684 David
833 5619 1086 5677 interﬁci
1176 5618 1386 5691 jussus
1456 5617 1561 5683 est,
1659 5630 1730 5670 eo
1804 5612 1973 5686 quod
2030 5612 2119 5668 di-

454 5716 606 5774 xerit
669 5730 733 5771 se
818 5709 1204 5783 interfecisse,
1285 5711 1342 5765 et
1403 5721 1529 5764 non
1616 5703 1919 5762 timuissse
1984 5702 2116 5760 mit-

2171 1954 2215 2006 B
2251 1957 2371 2010 tere
2391 1969 2645 2010 manum
2667 1970 2844 2010 suam
2865 1954 2927 2011 in
2947 1954 3244 2012 Christum
3263 1955 3517 2025 Domini,
3537 1957 3644 2031 qui
3663 1962 3724 2016 et
3742 1964 3912 2017 Ama-

2250 2042 2491 2098 lechites
2519 2042 2712 2123 dictus
2741 2048 2849 2098 est.
2883 2043 3130 2108 Hebraei,
3157 2049 3333 2117 prout
3354 2044 3416 2101 in
3443 2046 3717 2119 quodam
3745 2048 3909 2106 volu-

2250 2131 2410 2187 mine
2439 2132 2576 2202 legi,
2604 2132 2794 2187 ﬁlium
2809 2134 2972 2202 Doeg
2990 2132 3234 2188 Idumaei
3251 2133 3493 2190 tradunt
3515 2135 3718 2193 fuisse.
3738 2142 3908 2194 Ama-

2248 2220 2494 2276 lechites
2517 2221 2675 2277 enim
2701 2226 2757 2277 et
2787 2222 3089 2277 Idumieus
3119 2238 3309 2279 unum
3338 2229 3497 2287 sunt,
3528 2226 3678 2283 sicut
3699 2226 3903 2301 reperi,

2249 2310 2393 2381 quia
2448 2309 2607 2366 ﬁlius
2649 2311 3085 2383 primogenitus
3132 2314 3292 2367 Esau
3332 2313 3438 2385 qui
3468 2318 3525 2371 et
3555 2315 3762 2383 Edom,
3794 2314 3902 2371 Eli-

2248 2401 2410 2472 phax
2459 2400 2586 2469 fuit,
2639 2404 2696 2456 et
2751 2401 2933 2472 hujus
2962 2400 3119 2456 ﬁlius
3171 2401 3414 2459 Amalec
3461 2405 3693 2461 exstitit.
3743 2403 3896 2462 Unde

2248 2487 2532 2544 diadema
2584 2494 2641 2545 et
2688 2489 2920 2545 armilla
2972 2506 3107 2561 quae
3163 2491 3350 2547 David
3399 2491 3617 2558 detulit,
3651 2508 3687 2547 a
3732 2496 3889 2564 patre

2248 2579 2410 2646 Doeg
2439 2578 2864 2634 commendata
2891 2578 3014 2635 ﬁlio
3063 2578 3267 2649 fuisse,
3311 2580 3575 2637 nonnulli
3625 2580 3890 2637 Hebrieo-

2246 2683 2382 2721 rum
2420 2666 2751 2738 perhibent.
2805 2667 2989 2738 Unde,
3022 2668 3276 2741 inquint,
3329 2686 3451 2727 non
3476 2686 3607 2726 esse
3653 2671 3896 2727 creden-

2246 2755 2397 2811 dum
2423 2762 2487 2812 ut
2515 2756 2656 2813 Saul
2685 2774 2819 2814 eam
2849 2758 2910 2813 in
2943 2758 3214 2830 praelium
3246 2759 3575 2829 detulisset,
3606 2760 3715 2817 sed
3743 2760 3903 2831 Doeg

2247 2846 2444 2902 amico
2476 2863 2585 2903 suo
2617 2847 3167 2915 commendaverat,
3194 2865 3230 2905 a
3260 2866 3383 2922 quo
3416 2850 3542 2924 ipse
3574 2854 3898 2924 acceperat.

2245 2939 2318 2991 At
2346 2952 2506 3003 vero,
2548 2935 2596 2991 si
2652 2937 2747 2991 cui
2801 2936 3082 2993 credibile
3140 2937 3386 3007 videtur,
3433 2940 3599 3011 quod
3650 2940 3789 2996 Saul
3842 2939 3908 2996 in

2245 3024 2524 3097 praelium
2555 3024 2885 3092 detulisset,
2910 3031 2967 3081 et
2997 3041 3033 3082 a
3058 3025 3245 3099 capite
3275 3026 3428 3096 ejus,
3453 3042 3524 3081 eo
3554 3033 3817 3098 mortuo,
3842 3033 3907 3084 et

2246 3130 2282 3169 a
2311 3113 2574 3169 brachiis
2602 3114 2968 3185 abstulisset,
2999 3119 3056 3172 et
3098 3114 3281 3171 David
3324 3131 3508 3171 causa
3534 3115 3906 3173 adulationis

2246 3207 2302 3258 et
2327 3203 2529 3271 gratias
2556 3203 2881 3273 detulisset,
2904 3220 3029 3260 non
3056 3204 3428 3274 refragamus
3459 3221 3530 3260 ac
3554 3204 3907 3262 inhibemus

2246 3292 2351 3347 sed
2380 3292 2578 3365 potius
2606 3309 2717 3349 suo
2751 3293 2993 3350 arbitrio
3022 3292 3513 3366 derelinquimus.
3555 3293 3672 3350 Sed
3711 3294 3905 3352 altiori

2242 3380 2545 3437 intellectu
2580 3387 2934 3454 reputamus
2989 3382 3158 3455 quod
3186 3387 3274 3439 est
3303 3383 3472 3456 quod
3521 3383 3617 3439 ille
3665 3384 3902 3441 Amale-

2245 3470 2450 3539 chites,
2483 3470 2586 3542 qui
2610 3470 2783 3526 ﬁnxit
2812 3486 3017 3526 coram
3064 3471 3251 3527 David
3320 3470 3460 3527 Saul
3490 3487 3691 3542 regem
3723 3473 3899 3529 inter-

2244 3557 2473 3625 fecisse,
2508 3558 2587 3614 ab
2617 3574 2688 3615 eo
2734 3559 2975 3615 ultionis
3031 3576 3278 3633 poenam
3309 3559 3596 3617 multatus
3653 3563 3891 3633 accepit.

2241 3645 2356 3700 nisi
2410 3646 2576 3718 quod
2626 3647 2824 3702 omnis
2876 3647 2982 3720 qui
3044 3648 3323 3720 proximo
3363 3664 3476 3704 suo
3524 3649 3891 3706 machinatur

2241 3733 2493 3802 malum,
2524 3733 2621 3790 vel
2648 3734 2723 3790 de
2753 3736 2883 3807 ejus
2914 3735 3137 3805 gaudet
3160 3736 3419 3804 interitu,
3444 3738 3623 3810 justas
3647 3737 3892 3794 retribu-

2241 3823 2416 3878 tionis
2469 3840 2715 3897 pcenam
2769 3840 2807 3882 a
2859 3841 3122 3897 superno
3168 3825 3373 3897 judice
3403 3827 3646 3900 recipiet
3674 3828 3901 3886 ‘IJuxta

2239 3911 2389 3968 illud
2416 3914 2581 3986 quod
2612 3914 2898 3986 scriptum
2928 3918 3019 3969 est
3050 3931 3062 3969 :
3099 3936 3127 3963 ‹‹
3181 3915 3387 3971 Omnis
3420 3916 3581 3973 enim
3618 3918 3722 3989 qui
3750 3916 3901 3974 fodit

2239 4002 2480 4059 foveam
2506 4003 2727 4059 incidet
2753 4003 2817 4059 in
2872 4003 3037 4060 illam
3090 4005 3293 4075 (Prov.
3349 4022 3531 4073 xxvr;
3562 4006 3754 4061 Eccli.
3812 4006 3896 4078 x).

2240 4094 2307 4148 Et
2359 4092 2463 4166 qui
2496 4093 2854 4166 percusserit
2909 4092 3111 4162 gladio
3162 4093 3379 4166 peribit
3436 4094 3671 4165 (Matth.
3731 4098 3835 4163 v1).
3871 4117 3900 4146 ››

2240 4182 2305 4236 Et
2333 4181 2544 4236 iterum
2576 4199 2588 4237 :
2625 4201 2652 4233 ‹‹
2686 4183 2762 4237 Os
2807 4181 2973 4254 quod
3023 4182 3311 4238 mentitur
3362 4182 3579 4239 occidit
3623 4183 3902 4241 animam

2240 4270 2403 4340 (Sap.
2439 4271 2549 4341 1).»
2579 4270 2677 4325 llis
2706 4270 2976 4343 expletis,
3010 4270 3276 4343 sequitur
3303 4271 3551 4329 historia
3600 4271 3749 4345 quid
3780 4275 3901 4329 Da-

2235 4357 2338 4414 vid
2367 4359 2566 4428 egerit.
2593 4358 2683 4415 Ait
2712 4358 2911 4415 enim:

2308 4469 2337 4496 «
2360 4447 2590 4504 Planxit
2604 4452 2803 4504 autem
2822 4447 3010 4505 David
3030 4448 3339 4521 planctum
3364 4449 3786 4521 hujuscemodi
3799 4468 3907 4508 su-

2237 4557 2266 4584 «
2297 4552 2405 4609 per
2436 4535 2574 4593 Saul
2596 4542 2653 4593 et
2677 4552 2856 4609 super
2886 4537 3207 4595 Jonatham
3234 4536 3428 4594 ﬁlium
3457 4538 3609 4610 ejus.
3653 4541 3720 4594 Et
3745 4554 3905 4612 prae-

2152 4667 2198 4720 D
2238 4649 2266 4677 «
2291 4626 2443 4700 cepit
2472 4630 2537 4683 ut
2564 4626 2847 4720 docerent
2866 4626 3021 4720 ﬁlios
3045 4630 3075 4683 J
3081 4628 3203 4684 uda
3232 4643 3501 4720 carmen,
3537 4628 3688 4720 sicut
3713 4629 3908 4703 scrip-

2236 4739 2264 4767 «
2297 4721 2426 4773 tum
2455 4720 2548 4773 est
2598 4717 2659 4772 in
2689 4715 2841 4773 libro
2866 4717 3191 4789 justorum,
3226 4737 3257 4770 ›
3277 4722 3391 4775 etc.
3441 4718 3507 4774 In
3538 4718 3783 4776 Hebraao
3840 4724 3907 4775 et

2230 4807 2295 4865 in
2341 4806 2494 4864 veris
2525 4806 2968 4880 exemplaribus
3011 4823 3133 4863 non
3181 4807 3438 4863 habetur
3490 4823 3732 4865 carnem
3782 4808 3907 4866 sed

2232 4916 2461 4968 arcum,
2522 4897 2687 4972 quod
2746 4897 2963 4954 nostris
3010 4896 3357 4952 doctoribus
3388 4897 3532 4954 item
3565 4898 3779 4955 melius
3809 4898 3904 4954 vi-

2230 4990 2421 5047 detur.
2456 4993 2605 5047 Nam
2644 4988 2810 5062 quod
2841 4988 3126 5060 scriptum
3155 4992 3262 5055 est,
3296 4988 3589 5060 quoniam
3641 4988 3901 5062 plange-

2228 5079 2331 5135 bat
2352 5078 2692 5134 interfectos
2722 5076 2861 5132 Saul
2887 5081 2945 5132 et
2988 5076 3311 5133 Ionatham
3344 5098 3373 5127 «
3395 5081 3455 5156 et
3496 5077 3781 5151 praecepit
3832 5083 3901 5135 ut

2229 5167 2513 5223 docerent
2538 5165 2693 5221 ﬁlios
2721 5165 2876 5221 Juda
2921 5182 3150 5233 arcum,
3179 5166 3363 5233 »,hoc
3389 5165 3525 5223 ideo
3582 5167 3719 5223 fecit
3745 5167 3909 5240 quia.

2226 5254 2599 5310 Philisthaaos
2628 5254 2944 5324 sagittariis
2972 5254 3285 5312 abundare
3303 5256 3434 5328 jam
3464 5260 3745 5314 noverat.
3767 5255 3897 5313 Ali-

2226 5348 2349 5401 ter:
2386 5366 2413 5394 «
2439 5342 2721 5417 Praecepit
2759 5343 2943 5398 David
2975 5348 3040 5400 ut
3090 5344 3378 5401 docerent
3421 5344 3578 5401 ﬁlios
3605 5344 3762 5402 Juda
3792 5361 3898 5402 ar-

2226 5451 2386 5503 cum,
2412 5455 2440 5482 ››
2494 5433 2609 5489 hoc
2654 5436 2744 5487 est
2800 5436 2863 5488 ut
2917 5448 3088 5503 reges
3167 5433 3325 5492 Juda
3391 5433 3679 5491 docerent
3731 5433 3903 5492 forti-

2222 5518 2513 5585 tudinem,
2570 5516 2788 5573 scilicet
2838 5522 2900 5574 ut
2956 5517 3135 5600 fortes
3208 5523 3265 5575 et
3310 5518 3517 5576 intenti
3566 5524 3768 5576 essent
3829 5521 3903 5577 in

2223 5609 2433 5665 timore
2519 5605 2772 5677 Domini,
2844 5612 2900 5664 et
2956 5607 3016 5665 in
3066 5608 3381 5682 praeceptis
3440 5608 3588 5664 Dei:
3650 5624 3726 5665 ne
3780 5625 3899 5681 per

2221 5696 2689 5757 inobedientiam
2774 5714 2813 5754 a
2860 5696 3220 5756 fortitudine.
3277 5701 3337 5755 et
3383 5696 3594 5754 timore
3646 5698 3896 5756 Domini
