4130 6182
263 230 363 295 333

1283 224 1536 292 ENARR.
1568 222 1637 291 rs
1662 220 1909 291 annos
1941 226 2281 295 nE‘GUM.—
2304 226 2369 295 tu
2402 226 2529 295 Lis.
2563 241 2624 294 ιι.

3552 236 3656 302 334

262 362 402 417 sicut
434 349 577 416 Saul
598 342 961 414 resederunt
975 378 985 413 :
1020 363 1077 414 et
1101 368 1171 414 eo
1203 356 1385 415 modo
1412 372 1537 441 quo,
1564 342 1658 415 ille
1708 358 1897 431 peri‘e-
1926 362 1975 417 Α
2010 376 2165 431 rum,
2197 361 2311 418 hoc
2334 358 2424 419 est
2443 364 2901 419 immundorum
2929 363 3244 436 spirituum
3272 376 3383 439 per
3421 367 3655 441 quodli-

255 447 359 521 rat,
390 449 671 522 perirent,
732 452 791 501 et
821 448 979 502 unde
1023 447 1163 503 Saul
1209 449 1471 504 maxime
1520 438 1739 503 borum
1771 447 1897 504 icti-

254 539 361 594 bus
392 532 665 611 perierai.
698 526 976 591 eamdem
1000 528 1265 592 bellandi
1297 534 1507 605 artem,
1542 540 1598 592 et
1626 535 1721 591 sui
1752 532 1899 591 mill-

255 632 339 683 tes
368 618 443 682 ad
478 616 871 681 revincendos
898 624 1522 692 eos,discerer.t.0uod
1546 638 1687 680 vero
1714 623 1904 696 sequi-

258 720 350 772 tur
382 738 411 765 ι(
446 715 597 769 sicut
626 714 908 785 scriptum
933 716 1021 768 est
1046 713 1107 767 in
1140 713 1291 769 libro
1320 715 1640 785 justorum,
1664 713 1903 785 nipsum'

255 794 476 860 librum
494 798 669 875 hodie
696 818 1219 874 nusquam,neque
1248 802 1412 874 apud
1428 802 1593 875 ipsos
1622 798 1903 857 Hebraeos

255 892 499 948 inveniri
530 898 731 964 posse,
746 895 1124 969 asseverant:
1156 891 1305 969 sicut
1328 907 1437 947 nec
1466 882 1683 946 librum
1717 884 1902 969 bello-

254 1000 379 1039 rum
417 978 675 1048 Domini,
707 981 877 1052 cujus
920 980 979 1035 in
1030 966 1182 1035 libro
1236 968 1629 1035 NumerOrum
1681 966 1905 1035 mentio

256 1070 352 1137 est,
371 1088 571 1145 neque
596 1071 865 1126 carmina
891 1069 1447 1142 Salomonis.neque
1470 1068 1911 1142 disputationes

260 1162 379 1233 ejus
409 1160 891 1233 sapientissimas
921 1159 992 1214 de
1046 1158 1348 1227 lignorttm
1408 1162 1644 1226 natura,
1695 1148 1907 1213 herba-

260 1249 821 1324 rumque‘omnium,
850 1252 1233 1320 totorumque
1256 1250 1689 1318 jumentorum,
1742 1242 1907 1302 volu-

265 1343 442 1409 crum,
470 1338 789 1413 reptilium,
822 1342 877 1392 et
903 1334 1281 1409 pisciun1.Vel
1313 1334 1477 1410 quod
1506 1337 1567 1392 in
1596 1334 1749 1391 libro
1768 1338 1903 1391 Ver-

266 1428 472 1484 borum
511 1427 741 1482 dicitur.
778 1426 1026 1498 Reliqua
1078 1442 1221 1480 vero
1274 1442 1523 1497 operum
1566 1422 1911 1481 Salomonis

279 1517 533 1588 priorum
560 1521 611 1571 et
636 1515 1126 1576 novissimorum,
1162 1515 1382 1586 scripta
1428 1517 1565 1568 sunt
1595 1513 1655 1567 in
1704 1510 1905 1566 verbis

284 1602 493 1660 Nathan
513 1604 832 1676 prophetae,
861 1609 916 1659 et
945 1604 1008 1659 in
1035 1598 1199 1659 libris
1233 1603 1391 1658 Abiae
1426 1601 1702 1668 Silonitis,
1734 1600 1794 1655 in
1823 1600 1907 1656 vi-

2005 448 2106 504 bet
2124 450 2333 507 vitium
2361 452 2613 525 decepti,
2646 452 3076 509 succumbant:
3112 458 3168 509 et
3199 454 3260 510 in
3284 460 3573 528 perpetuo
3594 457 3655 514 in

2006 540 2261 595 mortem
2292 541 2508 597 animae
2539 541 2998 615 irreparabihter
3027 540 3279 599 cadant:
3304 558 3331 594 ‹‹
3352 544 3534 601 Nolite
3551 561 3656 601 an-

2006 626 2281 683 nuntiare
2313 628 2373 684 in
2405 626 2571 697 Geth,
2608 655 2633 680 ››
2666 636 2773 685 etc.
2829 630 2993 698 Geth,
3053 644 3190 703 qua:
3236 631 3661 704 interpretatur

2009 712 2299 783 torcular,
2318 718 2611 787 significat
2633 723 2924 775 terrenam
2959 719 3320 776 Hierusalem
3340 718 3657 793 civitatem,

2009 818 2143 875 quae
2170 805 2385 861 occidit
2416 808 2763 880 prophetas,
2792 812 2847 863 et
2875 807 3168 882 lapidavit
3197 822 3299 865 eos
3330 811 3433 882 qui
3459 810 3539 867 ad
3566 812 3658 884 ip-

2011 906 2141 947 sam
2174 894 2337 949 missi
2371 894 2607 951 fuerant
2638 894 2879 962 (Ma/th.
2922 897 3292 969 xxm).Cujus
3326 897 3578 969 civibus,
3594 899 3657 956 id

2011 986 2101 1037 est
2122 978 2347 1037 inducis
2380 983 2728 1052 incredulis,
2761 996 2933 1039 mors
2972 976 3202 1041 Domini
3224 990 3404 1060 atque
3433 990 3662 1044 sancto-

2009 1086 2145 1125 rum
2176 1070 2585 1143 apostolorum
2616 1072 2674 1127 in
2705 1072 2970 1129 derisum
2998 1073 3144 1129 fuit:
3172 1079 3230 1131 et
3257 1075 3339 1131 ob'
3371 1075 3485 1132 hoc
3509 1090 3661 1149 prae-

2009 1156 2226 1230 cipitur
2255 1168 2291 1214 a
2322 1162 2461 1216 vero
2495 1161 2699 1229 David,
2743 1162 2977 1218 Christo
2997 1160 3271 1219 videlicet
3295 1165 3568 1231 Domino,
3599 1166 3665 1221 ut

2010 1248 2215 1320 passio
2237 1248 2367 1319 ejus
2398 1264 2503 1322 per
2521 1246 2893 1322 evangelicos
2926 1251 3464 1323 praedicatores,eis
3494 1255 3666 1309 mini-

2010 1351 2108 1390 me
2125 1334 2339 1392 debeat
2365 1352 2437 1393 an
2449 1340 2725 1395 nuntiari:
2746 1339 2849 1412 qui
2872 1339 3247 1396 insultatores
3264 1342 3457 1397 crucis
3475 1342 3666 1399 Chris-

2010 1424 2051 1480 ti
2081 1424 2421 1481 maluerunt
2447 1441 2579 1481 esse
2613 1443 2798 1499 quam
2829 1434 3225 1485 veneratores.
3262 1430 3573 1502 Sequitur:

2084 1534 2113 1561 «
2147 1512 2210 1569 Et
2242 1514 2322 1570 ait
2356 1516 2537 1570 David
2566 1534 2576 1571 :
2606 1519 2826 1573 Montes
2858 1517 3221 1586 Gelboe,nee
3249 1532 3366 1586 ros,
3390 1534 3500 1574 nec
3532 1517 3667 1591 plu:

2011 1625 2037 1651 ‹‹
2072 1603 2168 1659 via
2198 1604 2392 1660 veniat
2418 1620 2597 1677 super
2624 1622 2754 1675 vos,
2776 1629 2800 1655 n
2814 1611 2870 1663 et
2898 1607 3149 1681 reliqua.
3180 1608 3427 1681 Propter
3456 1618 3666 1666 casum

283 1695 430 1749 sione
456 1709 689 1767 quoque
719 1694 913 1749 Jaddo
942 1694 1197 1749 videntis
1229 1701 1434 1749 contra
1486 1690 1805 1748 Jeroboam
1839 1689 1906 1745 ﬁ-
1933 1714 1974 1768 Β
2012 1691 2273 1760 fortium,
2306 1697 2362 1748 et
2392 1695 2628 1750 ruinam
2659 1696 2868 1768 populi
2897 1698 3008 1766 sui,
3043 1697 3217 1770 quasi
3237 1694 3560 1768 indignans
3583 1696 3667 1755 lo-

268 1782 395 1838 lium
423 1784 633 1855 Nubat,
691 1789 747 1840 et
778 1784 966 1840 multa
1010 1784 1360 1855 hujusmodi
1404 1780 1733 1849 volumina,
1767 1796 1903 1854 quae

258 1872 546 1946 Scriptura
575 1875 824 1947 quidem
851 1873 1032 1929 fuisse
1059 1874 1293 1946 probat,
1322 1864 1426 1929 sed
1456 1872 1633 1928 hodie
1673 1874 1906 1927 constat

249 1977 364 2017 non
382 1979 536 2020 esse.
560 1965 806 2020 V’astata
827 1979 1089 2035 namque
1104 1979 1138 2017 a
1164 1962 1455 2019 Chaldaeis
1473 1962 1699 2027 Judzea,
1724 1961 1904 2017 etiam

246 2044 612 2108 bibliotheca
668 2056 804 2126 quae
835 2056 921 2107 est
967 2051 1293 2124 antiquitus
1338 2056 1721 2121 congregata,
1754 2050 1905 2105 inter

242 2130 395 2197 alias
420 2143 754 2215 provinciae
786 2159 951 2215 opes,
982 2140 1182 2196 hostili
1213 2139 1348 2209 igne
1398 2144 1753 2212 consumpta
1792 2144 1899 2203 est,

236 2245 307 2285 ex
338 2247 475 2303 qua
523 2230 709 2304 pauci
739 2232 841 2301 qui
869 2245 1029 2285 nunc
1068 2230 1130 2284 in
1163 2234 1370 2284 sancta
1403 2229 1702 2300 Scriptura
1729 2228 1907 2284 conti-

226 2313 656 2388 nenturlibri,
686 2318 1075 2391 postmodum
1124 2321 1279 2373 Ezrae
1328 2318 1629 2391 pontiﬁcis
1662 2323 1717 2374 et
1768 2335 1904 2391 pro-

223 2408 448 2480 phetae
481 2412 626 2463 sunt
652 2405 939 2463 industria
960 2406 1288 2463 restaurati.
1321 2400 1484 2463 Unde
1505 2407 1783 2479 scriptum
1816 2409 1907 2464 est

228 2497 303 2552 de
334 2512 451 2551 eo:
490 2518 521 2545 «
542 2495 830 2551 Ascendit
848 2499 1015 2551 Ezras
1041 2495 1115 2551 de
1134 2488 1449 2568 Babylone,
1483 2501 1536 2551 et
1560 2495 1683 2569 ipse
1710 2496 1903 2553 scriba

229 2584 412 2640 velox
444 2583 509 2639 in
540 2582 678 2652 lege
701 2583 885 2655 Moysi
917 2585 978 2648 (Ι
988 2582 1165 2638 Esdr.
1206 2589 1321 2641 vn).
1360 2606 1385 2633 ››
1412 2580 1587 2639 Velox
1609 2570 1898 2655 videlicet,

236 2674 376 2745 quia
399 2671 819 2745 promptiores
838 2672 1161 2727 litterarum
1181 2672 1624 2745 figuras,quam
1653 2677 1900 2729 eatenus

240 2762 470 2817 Hebraei
497 2760 837 2827 habebant,
870 2762 1103 2833 reperit.
1134 2754 1197 2816 Et
1221 2765 1278 2815 in
1314 2761 1565 2833 epistola
1596 2763 1751 2833 regis
1772 2766 1905 2818 Per?

238 2868 442 2906 sarum
470 2850 718 2919 legitur:
745 2868 774 2902 α
792 2852 1137 2905 ArtaXerxes
1164 2866 1264 2904 rex
1288 2867 1498 2921 regum
1529 2853 1683 2907 Ezraa
1708 2866 1904 2908 sacer-

240 2940 379 3007 doti,
415 2940 629 2996 scribae
671 2938 820 3008 legis
876 2938 972 2994 Dei
1003 2940 1131 2994 caeli
1180 2939 1528 2996 doctissimo
1562 2926 1837 2996 salutem.
1870 2964 1898 2991 ››

2011 1781 2212 1853 quitur
2249 1780 2328 1837 ad
2374 1781 2574 1855 ipsum
2598 1783 2798 1840 locum
2827 1782 3271 1859 interfectionis,
3303 1786 3666 1844 abominans

2010 1867 2234 1924 factum
2266 1868 2432 1941 quod
2464 1871 2525 1925 in
2581 1888 2651 1927 eo
2703 1866 2893 1929 fuerat
2925 1880 3181 1945 gestum,
3235 1874 3389 1931 sicut
3423 1874 3666 1931 cuidam

2008 1956 2260 2025 videtur,
2309 1963 2508 2016 tamen
2536 1975 2659 2017 non
2682 1961 2807 2018 sine
2836 1964 3122 2036 mysterio
3152 1963 3560 2037 praas’agandi,
3593 1964 3664 2019 si-

2011 2049 2109 2103 cut
2139 2046 2321 2120 paulo
2364 2053 2501 2123 post
2549 2050 2915 2120 ostendetur,
2967 2052 3148 2109 beato
3186 2066 3352 2127 papa
3383 2052 3665 2122 Gregorio

2009 2136 2383 2209 propalante.

2083 2249 2110 2276 «
2147 2228 2368 2296 Sagitta
2395 2229 2662 2283 Jonathae
2696 2241 3010 2301 nunquam
3048 2228 3193 2285 abiit
3221 2231 3572 2296 retrOrsum,
3608 2225 3671 2285 et

2011 2337 2039 2364 ‹‹
2073 2312 2307 2384 gladius
2339 2315 2478 2371 Saul
2503 2331 2624 2371 non
2658 2321 2746 2373 est
2792 2328 3063 2372 reversus
3092 2316 3307 2375 inanis.
3335 2341 3363 2368 »
3399 2317 3514 2374 Hoc
3537 2312 3671 2373 vult

2011 2404 2338 2471 insinuare,
2368 2405 2535 2477 quod
2565 2404 2856 2461 Jonathas
2881 2411 2937 2462 et
2967 2405 3104 2463 Saul
3135 2406 3505 2480 temporibus
3539 2406 3665 2462 Suis

2010 2490 2453 2549 bellicosissimi
2483 2502 2537 2549 et
2558 2493 2864 2551 fortissimi
2891 2492 3105 2552 fuerint
3125 2495 3183 2552 in
3214 2495 3455 2569 przeliis.

2086 2598 2118 2630 ‹(
2144 2582 2283 2639 Saul
2316 2587 2371 2638 et
2416 2585 2705 2640 Jonathas
2760 2584 3051 2641 amabiles
3099 2587 3155 2642 et
3210 2585 3412 2642 decori
3454 2583 3515 2641 in
3544 2584 3666 2643 vita

2011 2692 2041 2719 «
2074 2676 2201 2738 sua,
2236 2672 2295 2727 in
2346 2677 2535 2728 morte
2566 2689 2809 2747 quoque
2866 2690 2989 2731 non
3035 2678 3173 2731 sunt
3200 2674 3394 2731 divisi.
3434 2673 3666 2749 Aquilis

2016 2779 2044 2813 ι
2074 2760 2418 2827 velociores,
2450 2761 2726 2817 leonibus
2754 2760 3043 2819 fortiores.
3073 2786 3099 2812 ››
3133 2762 3361 2820 Laudat
3381 2761 3662 2820 decorem

2013 2848 2239 2916 formae,
2270 2848 2474 2908 laudat
2505 2856 2559 2907 et
2613 2853 3015 2909 constantiam
3054 2853 3270 2910 animi:
3322 2851 3662 2925 adjungens

2010 2956 2116 3013 per
2145 2938 2537 3013 hyperbolem
2565 2947 2824 3016 tropum,
2862 2943 3312 3000 similitudinem
3338 2943 3553 3015 aquilae
3580 2947 3664 3000 at-

244 3030 384 3084 Sunt
414 3034 618 3084 tamen
652 3029 758 3101 qui
782 3028 1004 3095 dicunt,
1026 3030 1187 3085 hunc
1215 3027 1760 3116 librumjustorum
1808 3029 1899 3086 in-
1932 3063 1977 3116 ο
2011 3046 2128 3102 que
2149 3029 2358 3086 leonis.

250 3117 420 3189 telligi
450 3118 670 3174 debere
700 3118 902 3190 ipsum
931 3116 1151 3173 librum
1182 3114 1434 3185 Regum,
1464 3119 1569 3174 ubi
1592 3120 1902 3175 continen-

257 3212 346 3262 tur
374 3200 673 3281 prOphette
710 3208 886 3279 juxti,
945 3206 1185 3264 Samuel
1214 3196 1511 3274 videlicet,
1544 3210 1667 3265 Gad
1704 3216 1759 3265 et
1791 3214 1901 3266 Na-

265 3294 426 3361 than,
452 3296 513 3350 in
540 3314 656 3368 quo
706 3297 996 3369 scriptum
1020 3302 1126 3363 est,
1159 3296 1414 3368 qualiter
1446 3292 1587 3352 Saul
1619 3298 1901 3353 recedens

276 3397 312 3435 a
330 3382 531 3438 timore
548 3385 645 3439 bei
670 3402 768 3457 per
792 3385 1264 3441 inobedientiam
1297 3401 1472 3441 suam
1494 3384 1685 3457 periit.

352 3490 381 3523 ‹
412 3472 608 3545 lnclyti
631 3475 720 3543 tui,
756 3475 953 3537 lsrael,
987 3492 1168 3548 super
1193 3481 1427 3531 montes
1462 3480 1590 3532 tuos
1612 3474 1879 3533 interfeci

278 3582 305 3607 «
338 3566 484 3616 sunt.
510 3587 538 3612 υ
566 3567 623 3619 in
666 3565 909 3621 Hebraeo
962 3564 1239 3633 habetur,
1292 3581 1471 3637 super
1510 3564 1742 3622 excelsa
1773 3570 1895 3638 tua,

265 3654 319 3706 et
342 3658 423 3707 est
448 3669 685 3709 sensus:
721 3657 763 3711 Ο
798 3654 965 3724 Saul,
1014 3664 1192 3727 stiper
1239 3648 1471 3712 excelsa
1506 3662 1625 3727 tua,
1655 3655 1898 3726 gloriosi

257 3740 429 3797 Israel
444 3741 727 3798 interfecti
750 3748 923 3798 sunt:
953 3743 1097 3815 quia
1122 3744 1181 3798 in
1204 3748 1448 3817 peccato
1476 3743 1895 3801 inobedientia:

258 3834 387 3899 ture,
420 3848 538 3888 una
588 3838 787 3889 tecum
830 3832 1150 3905 perierunt.
1183 3822 1586 3891 lnobedientia
1630 3836 1895 3908 namque

242 3936 353 3994 pro
382 3922 578 3990 idolis,
609 3923 674 3978 id
698 3927 787 3979 est
816 3922 1083 3985 excelsis,
1114 3928 1388 3995 reputata
1418 3923 1694 3995 est,sicut
1721 3923 1893 3980 estil-

238 4008 343 4065 lud
380 4011 442 4067 in
475 4011 632 4068 libro
662 4011 984 4068 Samuelis:
1022 4031 1049 4063 ι
1080 4011 1290 4067 melior
1320 4017 1407 4069 est
1426 4010 1582 4068 enim
1616 4012 1899 4069 obedien-

236 4099 315 4156 tia
339 4117 535 4173 quam
563 4100 852 4156 victimae:
879 4106 937 4157 et
963 4100 1301 4157 auscultare
1328 4102 1542 4172 magis,
1589 4118 1777 4174 quam
1807 4102 1895 4157 oi-

232 4188 382 4246 ferre
407 4189 658 4262 adipem
691 4189 945 4245 arietum
975 4186 1035 4260 (Ῑ
1048 4192 1191 4261 Reg.
1216 4190 1370 4255 κὴ.»
1403 4190 1698 4256 Quoniam
1722 4191 1897 4262 quasi

230 4284 557 4350 peccatum
587 4277 884 4335 ariolandi
905 4283 992 4334 est
1017 4294 1376 4352 repugnare,
1410 4284 1467 4335 et
1494 4280 1669 4352 quasi
1702 4270 1895 4336 scelus

230 4367 611 4435 idololatriae,
638 4366 797 4423 nolle
830 4367 1230 4439 acquiescere.
1261 4367 1375 4424 Sed
1402 4368 1569 4440 quod
1599 4369 1711 4425 ait:

297 4481 326 4509 «
353 4457 553 4515 Nolite
593 4456 952 4513 annuntiare
982 4456 1045 4512 in
1075 4457 1240 4526 Geth,
1282 4472 1478 4529 neque
1530 4452 1893 4513 annuntietis

232 4568 257 4595 α
286 4547 347 4604 in
376 4545 670 4618 compitis
712 4545 1043 4617 Ascalonis,
1074 4566 1102 4594 ››
1144 4549 1277 4614 etc.,
1308 4544 1735 4618 obstupescens
1764 4562 1899 4620 pro-

232 4638 407 4709 pheta
430 4635 738 4707 ingemuit
758 4624 1142 4691 subitaneum
1166 4651 1375 4691 casum
1402 4635 1747 4709 principum
1793 4652 1898 4710 po-

232 4726 348 4796 puli
382 4725 507 4793 sui,
539 4729 600 4781 et
626 4723 907 4797 prohibet
929 4740 1005 4780 ne
1035 4723 1191 4780 ullus
1239 4723 1486 4779 lactetur
1516 4724 1577 4780 in
1602 4724 1697 4781 tali
1730 4741 1894 4793 casu,

231 4828 427 4887 neque
469 4813 638 4870 fama
666 4813 782 4869 hoc
813 4806 1079 4883 divulget
1103 4813 1165 4868 in
1191 4812 1453 4869 civitates
1483 4808 1888 4870 inimicorum.

232 4904 377 4959 Geth
437 4905 604 4959 enim
656 4907 714 4959 et
771 4901 1052 4969 Ascalon,
1120 4903 1300 4957 urbes
1355 4905 1492 4957 sunt
1558 4900 1898 4975 Allophylo-

234 5006 393 5046 rum.
444 4992 747 5049 Hactenus
806 4988 1143 5061 historiam,
1183 5006 1344 5047 nunc
1393 4990 1540 5063 quid
1580 4991 1897 5062 allegorice

241 5078 547 5150 signiﬁcet,
628 5080 1094 5152 subjungamus.
1173 5079 1264 5135 Ait
1341 5095 1668 5153 namque:
1741 5102 1768 5131 «
1833 5081 1898 5136 Et

246 5169 520 5243 praecepit
544 5170 738 5227 David
789 5172 855 5225 ut
883 5167 1166 5225 docerent
1197 5166 1350 5223 ﬁlios
1379 5168 1557 5237 Juda,
1594 5193 1621 5219 »
1670 5173 1727 5225 et
1770 5168 1899 5225 reli-

238 5272 380 5329 qua.
408 5259 529 5316 Filii
580 5258 740 5316 Juda
766 5254 1175 5329 intelliguntur
1224 5255 1428 5327 ﬁdeles
1478 5259 1541 5314 in
1594 5254 1883 5325 Ecclesia,

236 5346 549 5407 Christum
578 5349 904 5406 Dominum
940 5348 1279 5417 conﬁtentes
1304 5365 1315 5403 :
1340 5347 1415 5403 de
1462 5346 1686 5421 quibus
1716 5363 1895 5403 verus

224 5437 442 5505 David,
468 5438 533 5495 id
562 5444 654 5496 est
701 5454 893 5495 manu
920 5436 1086 5492 fortis
1133 5437 1443 5505 Dominus,
1477 5436 1783 5510 praecepit,
1831 5438 1895 5492 ut

224 5542 373 5585 arcu
404 5513 628 5585 divinae
658 5525 1060 5597 intelligentiae
1092 5527 1207 5581 sint
1228 5526 1471 5584 muniti:
1506 5543 1581 5583 ne
1607 5529 1711 5583 aut
1728 5525 1895 5597 igno-

222 5619 437 5675 rantiae
478 5619 746 5675 czecitate
795 5615 1046 5688 decepti,
1079 5617 1141 5672 in
1200 5615 1502 5687 impietate
1557 5618 1894 5685 ruant,‘aut

226 5714 386 5765 certe
414 5707 625 5781 ignavi
654 5724 728 5764 ac
753 5703 1026 5762 dissoluti
1045 5704 1106 5761 in
1126 5708 1450 5777 conspectu
1470 5703 1736 5760 hostium
1760 5718 1894 5759 suo-

2083 3142 2107 3168 ‹‹
2146 3116 2295 3175 Filiae
2319 3119 2517 3186 Israel,
2553 3135 2732 3192 super
2761 3119 2897 3175 Saul
2930 3118 3081 3187 ﬂete,
3110 3119 3215 3192 qui
3236 3118 3528 3175 vestiebat
3555 3134 3660 3173 vos

2009 3228 2039 3262 ‹
2062 3209 2306 3264 coccino
2330 3206 2391 3263 in
2422 3206 2668 3282 deliciis,
2701 3208 2804 3280 qui
2833 3206 3138 3280 praebebat
3165 3210 3522 3263 ornamenta
3550 3210 3658 3262 au-

2012 3320 2037 3346 ‹‹
2068 3314 2170 3354 rea
2208 3292 2388 3353 cultui
2415 3301 2629 3351 vestro.
2658 3317 2685 3345 ››
2719 3292 2996 3351 Videlicet
3022 3298 3080 3352 et
3132 3293 3208 3351 de
3266 3292 3485 3368 praedis
3522 3292 3660 3350 hos-

2010 3387 2157 3442 tium
2188 3403 2344 3459 quas
2379 3385 2616 3457 agebat.

2079 3499 2105 3526 ‹‹
2142 3477 2457 3543 Quomodo
2510 3472 2851 3532 ceciderunt
2895 3472 3077 3531 fortes
3109 3474 3169 3531 in
3198 3473 3405 3548 praelio
3428 3474 3455 3530 ’ἶ
3489 3498 3517 3525 ››
3553 3474 3658 3533 Su-

2004 3566 2289 3623 bauditur
2316 3566 2379 3622 in
2408 3570 2654 3640 peccato
2673 3583 2804 3622 suo.
2840 3588 2867 3615 ‹‹
2890 3565 3179 3621 Jonathas
3206 3568 3264 3622 et
3289 3563 3447 3632 Saul,
3480 3563 3542 3621 in
3561 3581 3660 3621 ex-

2008 3652 2182 3712 celsis
2214 3656 2326 3711 tuis
2375 3657 2611 3712 occisus
2661 3673 2743 3722 es,
2778 3673 2805 3707 ι
2842 3654 2993 3711 sicut
3044 3653 3318 3727 superius
3367 3654 3653 3710 diximus.

2006 3745 2166 3812 Ideo,
2200 3762 2236 3801 ο
2270 3744 2410 3802 Saul
2440 3748 2495 3800 et
2517 3744 2844 3815 Jonathan,
2875 3766 2902 3793 «ς
2934 3743 2996 3798 in
3028 3742 3278 3799 excelsis
3306 3743 3440 3809 tuis,
3476 3766 3505 3794 ››
3541 3742 3658 3800 hoc

2004 3838 2092 3891 est
2118 3834 2181 3889 in
2210 3838 2457 3905 peccato
2481 3832 2898 3888 inobedientim
2930 3836 3045 3887 tua;
3084 3831 3337 3900 occisus,
3370 3830 3659 3886 subaudi-

2005 3926 2100 3979 tur
2139 3939 2213 3978 es.
2242 3923 2386 3977 Ecce
2415 3921 2744 3977 historiam.
2779 3921 3070 3975 Caeterum
3105 3916 3485 3991 spiritualitcr
3508 3917 3658 3991 quid

2004 4015 2112 4078 est,
2140 4009 2305 4083 quod
2330 4009 2519 4065 David
2554 4009 2655 4083 qui
2680 4006 3142 4064 retribuentibus
3186 4005 3348 4064 mala
3377 4023 3501 4064 non
3530 4003 3659 4063 red-

2005 4100 2175 4168 didit,
2204 4117 2343 4155 cum
2387 4098 2527 4155 Saul
2555 4104 2611 4155 et
2638 4096 2935 4154 Jonathan
2988 4096 3146 4154 bello
3207 4098 3655 4167 occumberent,

2005 4190 2223 4246 Gelboe
2251 4184 2556 4245 montibus
2581 4186 2900 4258 maledicit,
2934 4186 3169 4244 dicens:
3206 4209 3235 4237 «
3264 4189 3486 4246 Montes
3526 4184 3656 4243 Gel-

2002 4280 2139 4346 boe,
2167 4278 2379 4353 inquit,
2419 4294 2529 4335 nec
2559 4294 2683 4349 ros,
2740 4294 2851 4334 nec
2903 4276 3125 4352 pluvia,
3182 4277 3425 4335 veniant
3477 4292 3659 4350 super

2006 4386 2132 4425 vos.
2151 4372 2349 4441 Neque
2381 4367 2497 4424 sint
2528 4368 2655 4438 agri
2686 4366 3083 4440 primitiarum
3108 4367 3250 4441 quia
3273 4365 3358 4424 ibi
3389 4366 3669 4438 abjectus‘

2006 4462 2094 4514 est
2122 4454 2368 4530 clypeus
2399 4456 2661 4525 fortium,
2689 4456 2935 4529 clypeus
2955 4455 3114 4525 Saul,
3147 4456 3326 4529 quasi
3350 4471 3474 4513 non
3503 4455 3662 4510 esset

2006 4551 2222 4602 unctus
2243 4542 2433 4603 oleo.»
2459 4545 2613 4612 Quid
2643 4550 2786 4616 ergo
2831 4549 3067 4601 montes
3090 4538 3496 4610 Gelboe,'Saul
3533 4554 3660 4593 mo-

2002 4634 2206 4705 riente,
2241 4630 2639 4708 deliquerunt,
2691 4637 2988 4707 quatenus
3031 4630 3093 4685 in
3136 4629 3220 4684 eis
3245 4642 3358 4682 nec
3405 4642 3505 4681 ros
3546 4640 3659 4680 nec

2000 4723 2207 4797 pluvia
2232 4723 2490 4793 caderet,
2522 4727 2577 4778 et
2608 4722 2686 4778 ab
2719 4721 2883 4776 omni
2913 4734 3015 4774 eos
3031 4713 3339 4771 viriditatis
3369 4712 3655 4785 germine,

2008 4811 2312 4867 sentcntiae
2349 4826 2569 4875 sermo,
2601 4806 2878 4864 siccaret?
2912 4804 3025 4860 Sed
3066 4802 3209 4875 quia
3236 4801 3456 4859 Gelboe
3486 4802 3660 4859 inter-

2006 4902 2272 4973 pretatur
2294 4898 2599 4962 decursus,
2630 4911 2738 4968 per
2765 4890 2905 4951 Saul
2926 4894 3127 4948 autem
3150 4894 3400 4948 unctum
3427 4892 3485 4949 et
3505 4908 3662 4950 mor-

2006 4994 2201 5054 tuum,
2236 5001 2402 5041 mors
2425 4985 2611 5041 nostri
2638 4978 2967 5041 Mediatoris
2995 4980 3366 5056 exprimitur,
3391 4999 3515 5040 non
3543 4983 3658 5040 im-

2007 5076 2216 5135 merito
2264 5091 2371 5151 per
2419 5072 2636 5130 Gelboe
2692 5076 2947 5143 montes,
3005 5072 3268 5147 superba
3312 5072 3661 5130 Iudaeorum

2006 5166 2193 5225 corda
2222 5165 2557 5236 signantur,
2585 5180 2721 5237 quas
2752 5165 2897 5218 dum
2928 5162 2990 5218 in
3019 5162 3201 5234 hujus
3241 5162 3455 5219 mundi
3501 5160 3662 5219 desi-

2005 5256 2184 5313 deriis
2210 5250 2484 5311 deﬂuunt
2502 5253 2564 5308 in
2591 5251 2896 5322 Christi,id
2915 5255 3007 5308 est
3023 5250 3205 5320 uncti,
3230 5268 3291 5307 se
3312 5254 3502 5307 morte
3528 5251 3663 5306 mis-

2006 5350 2274 5402 cuerunt.
2293 5346 2359 5400 Et
2386 5341 2529 5416 quia
2558 5342 2619 5398 in
2645 5341 2728 5398 eis
2755 5346 2973 5397 unctus
2998 5357 3103 5396 rex
3127 5339 3514 5414 corporaliter
3537 5354 3663 5396 mo-

2003 5435 2169 5500 ritur,
2199 5431 2315 5506 ipsi
2344 5430 2422 5488 ab
2453 5430 2621 5487 omni
2650 5430 2859 5501 gratite
2886 5445 3016 5486 rore
3048 5428 3365 5485 siccantur.
3400 5430 3479 5484 De
3528 5427 3662 5500 qui-

2003 5523 2119 5580 bus
2152 5524 2208 5579 et
2236 5523 2388 5578 bene
2414 5520 2661 5577 dicitur:
2693 5540 2721 5570 «
2750 5518 2889 5589 Agri
2922 5517 3322 5591 primitiarum
3365 5532 3494 5573 esse
3540 5518 3663 5571 rion

2004 5614 2338 5685 possunt.»
2393 5609 2675 5681 Superbus
2707 5607 2930 5681 quippe
2978 5607 3367 5663 Hebraeorum
3412 5607 3661 5685 mentes,

2005 5682 2340 5775 primitivos
2376 5697 2605 5753 fructus
2625 5711 2749 5752 non
2772 5693 2987 5764 ferunt,
3003 5695 3147 5767 quia
3170 5693 3231 5749 in
3253 5682 3663 5759 Redemptoris
