4130 6182
460 208 563 258 3&3

1547 198 1902 254 ANGELOMI
1944 188 2409 250 LUXOVIENSIS
2446 184 2757 244 MONACHJ

3787 181 3889 235 336

462 327 748 391 adventu,
780 343 849 381 ex
877 329 1041 397 parte
1070 324 1357 389 maxima,
1376 322 1437 378 in
1468 321 1717 394 perﬁdia
1736 320 2115 375 remanentes
2147 318 2194 369 A
2230 331 2259 364 ‹
2292 315 2357 367 ut
2381 313 2657 381 regnaret
2705 322 2886 379 super
2916 305 3168 361 domum
3200 301 3378 358 Juda.
3414 324 3442 351 ››
3485 302 3735 397 lingunt
3782 299 3889 397 viri

460 415 798 488 primordia
827 412 968 467 ﬁdei
1018 412 1191 484 sequi
1250 411 1814 467 noluerunt.Sancta
1854 421 2117 478 namque

468 504 725 559 Eeclesia
749 501 807 555 in
840 500 1112 572 primitiis
1136 499 1283 567 suis,
1333 498 1712 555 multitudine
1742 496 2009 567 gentium
2039 494 2119 549 fe-

464 592 746 655 cundata,
774 589 874 644 vix
903 588 963 643 in
986 588 1197 643 mundi
1227 589 1367 654 ﬁne,
1386 588 1623 644 Judzeos
1653 603 1806 659 quos
1834 583 2122 641 invenerit

462 678 731 749 suscipit,
768 682 826 731 et
855 681 1119 730 extrema
1167 675 1471 744 colligens,
1516 691 1619 730 cos
1656 672 1832 746 quasi
1858 688 1967 745 pro
1993 670 2121 726 reli-

461 768 617 839 quiis
651 767 850 835 fruges
883 765 1068 837 ponit.
1106 766 1183 821 De
1240 765 1465 837 quibus
1524 764 1812 819 nimirum
1858 760 2119 833 reliquiis

462 856 649 910 Isaias
682 854 823 909 dicit
852 872 863 908 :
902 876 929 902 «
985 853 1039 909 Si
1072 853 1247 909 fuerit
1274 869 1563 909 numerus
1612 852 1877 908 ﬁliorum
1938 847 2122 905 Israel

459 943 634 1015 quasi
666 959 851 998 arena
892 942 1098 1007 maris,
1156 942 1422 1015 reliquiis
1456 942 1637 997 salvae
1680 942 1825 997 ﬁent
1872 941 2014 1008 (Isa.
2045 950 2119 1000 x;

458 1033 623 1086 Rom.
662 1031 799 1100 1x).»
819 1031 1082 1085 Possunt
1108 1046 1371 1102 namque
1401 1030 1622 1085 idcirco
1644 1028 1861 1085 Gelboe
1884 1030 2121 1083 montes

459 1136 559 1175 ore
596 1120 901 1192 propheta.
941 1118 1239 1189 maledici,
1268 1119 1492 1175 utdum
1526 1120 1751 1174 fructus
1776 1131 2121 1173 exarescen-

460 1213 515 1264 te
575 1214 729 1264 terra
781 1208 1053 1277 moritur,
1107 1223 1485 1279 possessores
1550 1214 1737 1275 terrae,
1806 1204 2122 1261 sterilitatis

466 1297 696 1352 damno
727 1297 1032 1363 feriantur,
1061 1301 1359 1369 quatenus
1392 1296 1502 1369 ipsi
1545 1293 1973 1351 meledictionis
1994 1308 2123 1348 sen-

466 1386 714 1441 tentiam
746 1385 1100 1456 acciperent,
1130 1385 1231 1457 qui
1256 1385 1419 1457 apud
1442 1401 1501 1440 se
1535 1388 1786 1439 mortem
1803 1383 1959 1454 regis
1989 1397 2120 1436 sus-

462 1475 678 1545 cipere,
730 1473 1039 1545 iniquitate
1070 1490 1178 1529 sua
1204 1475 1492 1543 exigente,
1529 1473 1904 1528 meruissent.
1944 1470 2124 1526 Aliter

476 1578 618 1617 vero
654 1562 833 1617 David
868 1561 925 1617 in
959 1578 1222 1634 persona
1260 1567 1605 1618 sanctorum
1636 1560 1909 1634 deplorat
1938 1575 2121 1631 quos-

2224 399 2378 456 Juda
2401 399 2590 455 David
2619 399 2680 453 in
2710 412 2936 467 regem,
2964 400 3025 449 ut
3053 396 3260 463 regnet
3288 407 3468 464 super
3487 389 3750 445 domum
3792 392 3888 445 Ju-

2224 489 2322 555 da,
2355 487 2498 561 quia
2516 486 2792 559 superbis
2811 502 2881 541 ac
2900 480 3414 554 contemptoribus
3440 479 3887 551 spernentibus-

2224 593 2343 651 que
2370 576 2623 646 gratiam
2653 574 2749 631 Dei
2780 572 3038 642 abolitis,
3070 570 3240 628 electi
3267 568 3495 642 quique
3523 567 3696 623 bona
3726 566 3887 624 fama

2228 681 2410 721 sacrae
2439 662 2899 738 praedicationis,
2918 665 2975 717 et
3002 661 3287 715 virtutum
3319 656 3540 725 studio,
3567 656 3681 712 rite
3710 655 3886 712 conﬁ-

2226 757 2423 810 tentur
2451 752 2749 809 Christum
2772 767 2901 806 esse
2921 765 3124 819 regem
3146 747 3207 803 in
3234 745 3515 801 universo
3542 744 3886 818 populo.Ac

2224 841 2429 915 ipsum
2459 856 2608 906 esse,
2637 840 2734 895 cui
2782 863 2809 890 «
2864 837 3062 894 omnis
3112 839 3377 909 potestas
3429 850 3467 889 a
3524 836 3699 890 Patre
3751 833 3885 889 data

2225 936 2316 987 est
2333 931 2394 987 in
2427 930 2577 987 caelo
2603 934 2661 986 et
2682 929 2747 985 in
2776 934 2952 997 terra,
2977 932 3041 983 ut
3067 926 3129 982 in
3152 924 3394 981 nomine
3422 926 3561 979 Jesu
3589 939 3777 980 omne
3795 939 3882 993 ge-

2226 1036 2312 1076 nu
2388 1018 2684 1091 ﬂectatur,
2754 1017 3106 1084 caelestium,
3165 1014 3532 1070 terrestrium
3589 1018 3653 1069 et
3720 1013 3883 1069 infer-

2226 1125 2467 1179 norum,
2534 1108 2827 1179 (Philipp.
2896 1108 2978 1173 ιι).
3045 1124 3075 1158 ›
3142 1104 3320 1160 Aliter
3370 1119 3383 1157 :
3444 1105 3580 1158 Post
3635 1106 3879 1158 mortem

2227 1196 2418 1253 Saulis
2443 1196 2687 1267 ungitur
2714 1194 2922 1264 David,
2954 1198 3011 1250 et
3058 1196 3287 1264 regnat,
3345 1190 3749 1263 transiertque
3790 1206 3876 1246 ar-

2229 1302 2363 1343 cam
2390 1285 2747 1343 Testamenti
2775 1284 2834 1340 in
2863 1283 3164 1339 civitatem
3219 1296 3431 1337 suam:
3484 1280 3642 1335 sicut
3689 1280 3749 1335 in
3799 1295 3879 1335 se-

2227 1373 2554 1448 quentibus
2579 1372 2814 1442 legitur,
2841 1371 2915 1427 de
2942 1387 3066 1444 qua
3108 1370 3168 1425 in
3225 1384 3338 1424 suo
3372 1367 3507 1424 loco
3538 1367 3755 1424 dicturi
3784 1384 3875 1423 su-

2230 1481 2389 1519 mus.
2418 1462 2604 1518 Simili
2634 1478 2878 1535 quoque
2905 1460 3091 1517 modo
3121 1462 3259 1532 post
3302 1457 3695 1514 abolitionem
3719 1456 3874 1527 regni

2230 1552 2669 1618 Judteorum,et
2698 1549 3011 1607 sacerdotii
3035 1547 3456 1613 cessationem,
3480 1563 3655 1603 verus
3681 1545 3870 1613 David,

472 1649 615 1705 dam
646 1651 719 1705 de
748 1650 1024 1716 Ecclesia,
1058 1650 1161 1723 qui
1205 1666 1311 1723 per
1341 1650 1689 1722 superbiam
1742 1653 2005 1716 ruentes,
2040 1650 2124 1702 at-
2151 1664 2191 1718 Β
2230 1642 2289 1697 id
2312 1647 2401 1698 est
2430 1641 2696 1699 Christus
2722 1640 2782 1696 in
2827 1638 3088 1696 Ecclesia
3119 1654 3249 1703 sua,
3299 1652 3486 1708 quam
3514 1652 3586 1691 ex
3609 1636 3869 1707 gentibus

462 1753 579 1810 que
608 1755 746 1794 cum
774 1738 1138 1804 labentibus,
1157 1740 1291 1795 vitae
1303 1739 1612 1813 praesentis
1634 1737 1896 1793 stadium
1916 1737 2123 1793 decur-

460 1831 683 1896 rentes,
719 1826 797 1882 ab
834 1827 1083 1899 spiritali
1126 1828 1258 1883 luce
1290 1827 1525 1895 seclusi,
1578 1827 1875 1890 lubricati,
1922 1826 1985 1882 id
2034 1829 2125 1882 est

465 1915 749 1970 excaecati
794 1920 971 1970 sunt:
1029 1916 1134 1989 qui
1164 1922 1571 1989 repugnantes
1600 1914 2005 1982 daemonibus,
2036 1912 2122 1969 1a-

398 2031 409 2041 -
462 2002 693 2057 buntur
718 2004 777 2058 in
806 2004 1027 2059 saeculo
1048 2022 1060 2059 :
1080 2005 1247 2077 quod
1269 2004 1670 2061 estlubricum
1701 2003 1941 2076 (Gelboe
1963 2002 2123 2058 enim

459 2096 714 2157 montes,
745 2092 973 2148 lubrici
998 2092 1820 2166 interpretantur,secundum
1849 2093 2005 2148 hanc
2033 2092 2123 2147 in-

468 2178 902 2251 telligentiam),
929 2186 987 2236 et
1012 2197 1183 2253 spem
1213 2181 1682 2254 recuperationis
1699 2166 2123 2237 sute‘omitten-

459 2272 570 2336 tes,
602 2268 854 2340 proprio
882 2285 1193 2337 mucrone,
1224 2269 1643 2343 desperatione
1690 2269 1965 2326 videlicet
1987 2284 2121 2341 per-

459 2355 693 2411 niciosa
724 2356 1018 2413 evadendi
1043 2358 1278 2414 hostem
1309 2359 2004 2432 antiquum,semetipsos
2031 2357 2121 2412 in-

459 2446 789 2501 terﬁciunt:
823 2446 973 2501 sicut
1005 2447 1141 2503 Saul
1165 2447 1396 2503 irruens
1430 2465 1610 2518 super
1643 2446 1911 2517 gladium
1943 2463 2120 2501 suum

461 2538 736 2587 mortuus
762 2538 867 2589 est.
899 2535 1081 2605 Cujus
1107 2536 1190 2591 rei
1223 2535 1566 2593 Philisthtei.
1599 2537 1714 2591 hoc
1763 2540 1849 2591 est
1874 2534 2122 2605 maligni

465 2620 727 2691 spiritus,
759 2621 834 2676 de
856 2623 1178 2678 interfectis
1214 2623 1411 2697 spolia
1441 2625 1725 2680 virtutum
1757 2623 2117 2690 auferentes,

459 2708 717 2780 propriae
750 2709 1078 2765 fortitudini
1099 2711 1407 2766 ascribunt
1436 2712 1767 2777 victoriam,
1800 2728 1934 2784 quae
1959 2712 2123 2783 justa

462 2797 859 2870 permissioue
891 2798 1091 2863 Dei,in
1126 2799 1341 2855 talibus
1372 2800 1588 2856 evenit.
1624 2800 1735 2857 Sed
1767 2800 1952 2857 David
1983 2816 2121 2855 nos-

460 2888 568 2951 ter,
596 2886 657 2940 in
685 2886 994 2954 membris,
1026 2888 1141 2943 hoc
1168 2893 1256 2943 est
1282 2888 1343 2943 in
1374 2888 1572 2944 electis
1605 2894 1661 2945 et
1689 2889 1910 2945 sanctis
1954 2888 2118 2958 viris,

463 2976 870 3031 corruentium
898 2993 1112 3032 casum
1145 2977 1363 3047 gemit:
1394 2993 1502 3033 nec
1562 2978 1792 3035 laetatur
1835 2978 1895 3033 iu
1930 2978 2121 3050 perdi-
2150 3019 2190 3074 Ο

457 3061 616 3118 tione
648 3064 1050 3130 morientium,
1078 3066 1183 3121 sed
1214 3065 1585 3135 contradicit,
1608 3070 1669 3122 ut
1692 3066 1941 3122 urbibus
1966 3066 2120 3122 Allo-

456 3146 807 3218 phylorum,
843 3148 975 3204 talis
998 3148 1172 3205 fama
1202 3150 1576 3222 praedicetur,
1608 3151 1720 3206 hoc
1742 3155 1831 3207 est
1850 3151 2123 3223 praecipit

455 3234 759 3307 ﬁdelibus,
789 3242 855 3292 ut
885 3243 1056 3294 caute
1085 3254 1149 3294 se
1170 3239 1532 3305 custodiant,
1559 3246 1614 3294 et
1645 3245 1811 3296 scuto
1837 3240 1977 3295 ﬁdei
2008 3257 2120 3296 un-

456 3322 637 3396 dique
685 3342 746 3381 se
770 3328 1067 3392 muniant,
1095 3328 1289 3383 induti
1315 3328 1499 3384 lorica
1537 3329 1801 3398 justitize,
1832 3330 2121 3385 habentes

459 3410 704 3478 galeam
736 3413 963 3482 salutis,
996 3420 1053 3469 et
1104 3415 1370 3482 gladium
1402 3416 1662 3488 spiritus,
1695 3417 1810 3472 hoc
1859 3424 1946 3473 est
2000 3434 2123 3473 ver-

455 3499 607 3553 bum
664 3502 788 3566 Dei,
818 3502 1192 3557 adversariis
1224 3505 1346 3558 suis
1376 3505 1677 3574 resistant,
1706 3522 1780 3560 ne
1805 3507 1951 3562 forte
1980 3507 2121 3561 ulte-

456 3585 579 3641 rius
606 3587 1006 3658 ignominiose
1036 3591 1318 3663 superati,
1348 3592 1639 3662 gaudium
1687 3593 1942 3649 inimicis
1999 3596 2121 3649 suis

458 3674 699 3731 faciant.

1137 3766 1361 3824 CAPUT
1396 3770 1456 3823 ll.

531 3876 558 3901 «
586 3853 866 3910 Ascendit
897 3871 1039 3927 ergo
1072 3856 1255 3912 David
1277 3861 1334 3914 et
1364 3857 1499 3914 duae
1534 3874 1750 3914 uxores
1784 3859 1915 3930 ejus
1944 3859 2119 3915 Achi-

465 3962 493 3989 «
524 3957 707 3998 noam
736 3944 1087 4014 Jezraelites,
1114 3951 1171 4001 et
1193 3946 1427 4018 Abigail
1455 3964 1607 4003 uxor
1635 3947 1824 4003 Nabal
1840 3949 2116 4018 Carmeli,

461 4053 489 4081 «
514 4032 620 4087 sed
654 4037 713 4087 et
747 4033 907 4089 viros
960 4034 1065 4106 qui
1091 4041 1262 4091 erant
1291 4054 1430 4092 cum
1464 4053 1556 4105 eo,
1588 4037 1759 4093 duxit
1788 4038 1974 4094 David
2004 4039 2121 4095 sin-

459 4141 488 4167 ‹‹
522 4120 698 4188 gulos
726 4138 863 4177 cum
892 4122 1078 4179 domo
1125 4140 1235 4180 sua
1289 4131 1344 4180 et
1386 4131 1741 4182 manserunt
1774 4127 1836 4182 in
1882 4127 2120 4200 oppidis

461 4225 491 4258 ‹
518 4206 780 4262 Hebron.
807 4230 835 4257 »
858 4213 1155 4265 Ascensus
1183 4212 1291 4267 iste
1328 4213 1515 4268 David
1547 4229 1687 4269 cum
1716 4213 1956 4270 duabus
1980 4231 2120 4271 uxo-

452 4295 622 4351 ribus
655 4296 779 4351 suis
807 4296 868 4351 in
893 4297 1131 4353 Hebron
1165 4299 1462 4369 signiﬁcat
1483 4304 1942 4359 convocationes
1971 4304 2115 4363 dua-

2230 1731 2424 1802 elegit,
2448 1746 2704 1801 regnum
2730 1728 2986 1801 accepit:
3046 1733 3104 1784 et
3132 1742 3337 1783 arcam
3367 1724 3731 1787 Testamenti,
3756 1723 3864 1779 hoc

2230 1825 2323 1877 est
2343 1836 2582 1877 sacram
2615 1819 3002 1893 Scripturam,
3035 1817 3096 1872 in
3113 1814 3464 1884 Ecclesiam,
3489 1829 3617 1886 quae
3643 1812 3855 1882 ejusest

2230 1908 2469 1976 domus,
2502 1908 2816 1964 transtulit.

2302 2020 2330 2047 ‹‹
2358 2000 2423 2053 Et
2451 1996 2791 2053 nuntiatum
2825 1999 2913 2051 est
2935 1992 3113 2050 David
3137 1991 3305 2066 quod
3328 1991 3437 2047 viri
3454 1988 3624 2047 Jabes
3649 1986 3855 2045 Galaad

2231 2108 2258 2135 «
2294 2085 2645 2159 sepelissent
2675 2084 2836 2149 Saul,
2865 2105 2893 2133 »
2921 2088 2979 2139 et
3001 2081 3250 2155 reliqua.
3298 2083 3418 2136 Hoc
3439 2078 3667 2152 plenius
3691 2076 3750 2132 in
3767 2079 3861 2132 Pa-

2227 2174 2647 2248 ralipomenon
2672 2172 2825 2228 libro
2850 2169 3162 2244 quomodo
3193 2173 3427 2239 gestum
3472 2166 3547 2222 sit
3587 2169 3858 2222 narratur.

2231 2287 2259 2315 «
2294 2264 2443 2319 Cum
2481 2262 2809 2328 audissent,
2838 2258 3050 2333 inquit,
3083 2257 3189 2313 viri
3215 2257 3396 2313 Jabes
3429 2252 3860 2325 Galaad,omnia

2231 2353 2452 2410 scilicet
2477 2368 2614 2425 quea
2662 2349 3012 2407 Philisthiim
3043 2348 3308 2404 fecerant
3337 2361 3521 2418 super
3552 2344 3709 2412 Saul,
3738 2358 3859 2400 con-

2231 2444 2616 2498 surrexeunt
2660 2438 2879 2509 singuli
2926 2437 3191 2493 virorum
3223 2435 3485 2506 fortium,
3518 2439 3577 2491 et
3625 2433 3855 2490 tulerunt

2229 2533 2528 2589 cadavera
2551 2530 2691 2586 Saul
2716 2534 2773 2585 et
2800 2529 3059 2585 ﬁliorum
3089 2527 3241 2599 ejus,
3264 2526 3705 2599 attuleruntque
3727 2521 3852 2579 eain

2228 2621 2428 2691 Jabes,
2457 2624 2515 2675 et
2563 2618 2924 2692 sepelierunt
2951 2633 3090 2673 ossa
3119 2632 3328 2672 eorum
3358 2615 3565 2671 subter
3592 2627 3858 2688 quercum

2230 2728 2366 2784 quae
2396 2714 2527 2765 erat
2562 2709 2620 2765 in
2642 2708 2841 2777 Jabes,
2871 2712 2927 2763 et
2964 2707 3392 2777 jejunaverunt
3418 2710 3645 2779 septem
3670 2702 3862 2760 diebus

2229 2800 2289 2871 (Ι
2304 2800 2519 2857 Paral.
2548 2803 2654 2856 iv).
2689 2820 2717 2847 »
2740 2800 3000 2854 Mortuus
3021 2800 3111 2851 est
3139 2810 3283 2866 ergo
3310 2793 3454 2850 Saul
3482 2799 3721 2868 propter
3764 2790 3861 2847 ini.

2228 2888 2485 2961 quitates
2517 2902 2659 2942 suas
2683 2901 2755 2941 eo
2778 2884 2944 2957 quod
2974 2883 3399 2956 praevaricatus
3426 2883 3502 2939 sit
3526 2881 3860 2938 mandatum

2230 2976 2459 3033 Domini
2492 2975 2657 3049 quod
2688 2977 3072 3047 praeceperat,
3097 2978 3155 3029 et
3175 2988 3297 3029 non
3320 2972 3660 3029 custodierit
3677 2968 3811 3025 illud
3841 2985 3854 3019 :

2231 3065 2337 3121 sed
2377 3065 2626 3138 insuper
2673 3063 2853 3120 etiam
2882 3062 3300 3136 pythonissam
3347 3059 3710 3126 consuluerit,
3749 3070 3850 3111 nec

2232 3158 2574 3228 speraverat
2603 3154 2664 3209 in
2688 3152 2941 3209 Domino
2968 3170 2980 3207 :
3014 3155 3259 3223 prapter
3297 3150 3462 3223 quod
3512 3154 3564 3207 et
3589 3144 3852 3204 interfecit

2231 3261 2391 3310 eum,
2420 3249 2477 3300 et
2507 3241 2805 3300 transtulit
2832 3256 3087 3311 regnum
3141 3240 3273 3312 ejus
3327 3241 3405 3296 ad
3449 3238 3630 3296 David
3680 3235 3853 3292 ﬁlium

2231 3329 2527 3396 lsai.Quid
2549 3336 2644 3387 est
2671 3330 2839 3403 quod
2869 3329 3013 3385 viris
3043 3328 3224 3385 Jabes
3265 3327 3488 3384 Galaad
3535 3323 3720 3383 David
3746 3337 3865 3393 gra-

2233 3419 2311 3473 tia
2336 3418 2530 3488 refert,
2558 3436 2628 3474 eo
2644 3419 2811 3491 quod
2841 3418 3201 3491 sepelierunt
3213 3432 3353 3474 ossa
3378 3413 3516 3470 Saul
3541 3420 3598 3469 et
3616 3413 3867 3468 ﬁliorum

2231 3507 2362 3576 ejus
2382 3507 2410 3562 ?
2441 3506 2554 3561 nisi
2589 3506 2755 3579 quod
2810 3505 3187 3580 Redemptori
3232 3508 3432 3560 nostro
3460 3499 3725 3556 multum
3755 3500 3867 3574 pla-

2230 3597 2341 3661 cet,
2372 3594 2623 3666 quando
2653 3594 2791 3666 quis
2824 3592 3015 3666 prava
3057 3608 3240 3666 opera
3291 3589 3595 3646 malorum
3655 3589 3757 3662 qui
3805 3587 3861 3641 in

2228 3682 2489 3755 peccatis
2520 3682 2645 3738 suis
2676 3683 2898 3739 mortui
2943 3686 3099 3749 sunt,
3151 3680 3457 3747 oblivioni,
3522 3673 3853 3735 damnando

2231 3771 2425 3837 tradit,
2446 3788 2555 3828 nec
2578 3789 2648 3828 ea
2662 3773 2895 3828 actione
2916 3772 3200 3838 imitatur,
3230 3786 3365 3844 qua:
3393 3768 3502 3826 scit
3525 3772 3640 3825 Deo
3672 3762 3858 3838 displi-

2228 3861 2459 3931 cuisse;
2495 3863 2603 3919 sed
2633 3863 2828 3933 magis
2857 3878 2929 3919 ea
2954 3862 3130 3933 elegit
3170 3860 3465 3924 facienda,
3499 3875 3634 3933 quae
3680 3869 3864 3914 recor-

2227 3951 2406 4007 datur
2441 3953 2755 4009 Dominum
2779 3954 2839 4008 in
2866 3951 3169 4008 mandatis
3191 3950 3452 4007 dedisse.

2300 4063 2328 4091 α
2358 4041 2561 4097 Abner
2581 4046 2781 4098 autem
2798 4040 2955 4096 ﬁlius
2979 4044 3089 4097 Ner
3104 4040 3385 4113 princeps
3403 4036 3697 4095 exercitus
3717 4033 3869 4101 Saul,

2227 4151 2255 4177 «
2292 4129 2422 4186 tulit
2451 4129 2721 4186 lsboseth
2745 4129 2935 4185 ﬁlium
2982 4128 3141 4190 Saul,
3175 4134 3234 4184 et
3280 4125 3683 4184 circumduxit
3739 4140 3872 4182 eum

2227 4239 2255 4267 ‹‹
2292 4232 2400 4289 per
2427 4223 2642 4284 castra,
2662 4232 2987 4290 regemque
3003 4215 3306 4272 constituit
3341 4229 3524 4287 super
3543 4212 3794 4277 Galaad,
3822 4215 3875 4268 et

2228 4329 2254 4356 ‹‹
2294 4321 2475 4379 super
2503 4305 2822 4376 Gessuri,et
2849 4321 3027 4378 super
3049 4303 3287 4373 Jezrael,
3317 4308 3376 4360 et
3397 4318 3579 4376 super
3596 4303 3875 4377 Ephram,

452 4402 588 4442 rum
641 4381 909 4457 plebium
959 4385 1022 4441 in
1068 4387 1392 4444 Ecclesiam
1449 4390 1831 4447 catholicam.
1878 4392 2115 4449 Hebron
2149 4366 2193 4420 Β
2228 4417 2255 4446 ι(
2288 4399 2346 4451 et
2368 4366 2557 4467 super
2584 4366 3803 4467 Benjamin:etsuperlsrae1ubivergum.
3850 4412 3875 4440 ››

452 4475 611 4532 enim
648 4475 1066 4549 interpretatur
1091 4478 1460 4547 conjugium,
1493 4479 1722 4535 ethene
1754 4479 1884 4536 sola
1908 4487 2116 4540 sancta

452 4566 712 4623 Ecclesia
773 4566 1122 4639 conjugium
1164 4566 1529 4624 nominatur.
1588 4569 1723 4625 Sola
1781 4575 1838 4627 et
1879 4587 2002 4628 una
2026 4577 2114 4630 est

452 4673 679 4728 sponsa
711 4656 983 4713 videlicet
1013 4656 1269 4713 caelestis
1290 4657 1469 4729 regis,
1502 4658 1577 4715 de
1616 4676 1741 4733 qua
1770 4660 1831 4716 in
1856 4661 2112 4718 Canticis

449 4747 819 4803 canticorum
848 4747 1093 4803 dicitur:
1147 4766 1177 4800 ‹
1209 4747 1530 4818 Sexaginta
1596 4754 1736 4805 sunt
1778 4750 2020 4820 reginae,
2054 4756 2112 4809 et

450 4834 753 4899 octoginta
773 4837 1211 4907 concubinte,et
1235 4837 1819 4896 adolescentularum
1848 4858 2109 4914 quarum

449 4930 572 4969 non
604 4923 695 4971 est
722 4936 1029 4976 numerus.
1066 4947 1094 4973 ››
1127 4927 1254 4981 Una
1277 4931 1364 4982 est
1393 4927 1678 4984 columba
1706 4946 1861 4996 mea,
1889 4930 2110 5003 perfec-

452 5006 511 5055 ta
540 5019 697 5067 mea,
730 5021 853 5061 una
886 5014 973 5062 est
998 5010 1208 5064 matris
1253 5029 1395 5080 suae,
1439 5015 1625 5071 electa
1656 5018 1923 5084 genitrici
1957 5034 2104 5074 sua).

450 5087 591 5143 Illuc
621 5088 1002 5148 duxitDavid
1033 5094 1303 5163 singulos
1350 5099 1509 5155 viros
1539 5118 1678 5157 cum
1726 5103 1909 5159 domo
1962 5120 2102 5159 sua:

448 5176 593 5249 quia
642 5180 1069 5253 unusquisque
1125 5183 1417 5251 ﬁdelium,
1449 5188 1510 5243 in
1542 5188 1706 5243 illam
1757 5192 2102 5247 societatem

2226 4488 2291 4541 1n
2324 4483 2575 4540 Hebraeo
2599 4484 2873 4551 habetur,
2890 4508 2918 4535 ‹‹
2943 4483 3278 4540 transduxit
3306 4498 3447 4538 eum
3476 4482 3535 4537 in
3559 4481 3879 4549 Manaim,»

2224 4589 2360 4647 qua:
2389 4572 2811 4646 interpretatur
2840 4580 3062 4631 castra.
3101 4570 3458 4629 Transduxit
3480 4586 3649 4640 eum,
3677 4569 3879 4627 intelli-

2224 4661 2488 4732 gendum
2513 4666 2623 4729 est,
2657 4662 2812 4718 ultra
2838 4662 3164 4719 Jordanem
3191 4665 3280 4716 :et
3302 4659 3366 4716 in
3395 4658 3658 4717 Manaim
3679 4672 3879 4731 regem

2221 4769 2362 4809 eum
2392 4753 2789 4820 constituisse,
2839 4768 3019 4826 super
3049 4750 3293 4819 Galaad,
3322 4754 3381 4806 et
3405 4764 3586 4822 super
3616 4748 3876 4807 Gessuri.

2220 4842 2481 4899 Hebraeis
2509 4842 2738 4915 Assuri,
2770 4842 2830 4898 id
2868 4847 2957 4899 est
2985 4855 3166 4914 super
3196 4839 3418 4896 tribum
3444 4840 3612 4894 Aser.

2292 4954 2319 4985 ‹‹
2358 4934 2494 4990 Sola
2524 4937 2726 4990 autem
2770 4931 2990 4988 domus
3017 4929 3175 4985 Juda
3204 4926 3571 5001 sequebatur
3598 4926 3818 4984 David.
3849 4944 3879 4978 ›

2218 5021 2374 5086 Quid
2398 5026 2599 5077 autem
2615 5027 2705 5078 est
2722 5021 2891 5095 quod
2918 5019 3080 5076 ﬁlius
3109 5017 3251 5075 Saul
3280 5016 3880 5088 lsboseth,quiinter-

2215 5112 2485 5181 pretatur
2514 5112 2609 5165 vir
2637 5112 3026 5181 confusionis:
3049 5108 3248 5164 Abner
3281 5106 3633 5171 auxiliante,
3656 5108 3767 5180 qui
3791 5107 3878 5163 in-

2212 5200 2570 5267 terpretatur
2593 5200 2792 5267 patris
2839 5201 3111 5263 lucerna,
3159 5213 3263 5253 rex
3293 5194 3680 5252 constituitur
3699 5211 3880 5269 super

446 5279 554 5355 ΡΨ
575 5264 1062 5355 ΡΓδξάίεδίίοηοω
1088 5272 1408 5341 Ενειηεριίὶ,
1428 5280 1845 5331 convocatur.«
1873 5281 1999 5332 Non
2016 5283 2104 5334 est
2210 5264 2390 5339 Israel
2422 5264 2767 5340 universum
2794 5301 2807 5340 :
2838 5289 2895 5341 et
2919 5286 3141 5342 domus
3170 5284 3327 5340 Juda
3346 5283 3476 5341 sola
3507 5264 3881 5355 sequebatur

448 5352 529 5410 ibi
561 5353 858 5411 distinctio
884 5356 1099 5425 Judaei,
1134 5363 1192 5415 et
1238 5362 1440 5429 Graeci,
1481 5362 1723 5419 barbari
1749 5368 1806 5420 et
1842 5366 2096 5437 Scythae,

448 5442 602 5498 servi
632 5447 689 5497 et
727 5443 917 5515 liberi,
963 5445 1070 5502 sed
1102 5448 1308 5505 omnia
1360 5453 1418 5504 et
1470 5451 1531 5505 in
1587 5450 1871 5508 omnibus
1902 5454 2096 5511 Chris-

446 5534 627 5587 tus)»

519 5643 548 5670 ‹‹
583 5623 993 5695 Veneruntque
1023 5623 1131 5681 viri
1159 5624 1313 5684 Juda
1359 5631 1418 5685 et
1443 5633 1743 5687 unxerunt
1770 5629 1852 5688 ibi
1887 5633 2089 5706 David,

2209 5372 2563 5429 David?nisi
2590 5373 2755 5446 quod
2785 5374 2928 5430 solis
2971 5373 3380 5443 credentibus,
3429 5377 3487 5429 et
3514 5388 3655 5429 vere
3692 5378 3879 5430 Deum

2205 5461 2741 5531 conﬁtentibus,ex
2770 5462 2953 5536 priori
2974 5462 3222 5536 populo,
3249 5462 3431 5519 David
3462 5467 3747 5519 nostrum
3769 5465 3879 5518 Do-

2204 5548 2440 5605 minum
2465 5549 2739 5607 videlicet
2758 5557 2816 5608 et
2838 5552 3204 5609 Salvatorem
3226 5551 3641 5624 sequentibus,
3676 5552 3743 5607 in
3766 5567 3878 5607 ca:-

2201 5637 2342 5695 teris
2365 5638 2563 5697 adhuc
2579 5655 2743 5698 error
2763 5640 3132 5700 confusionis
3150 5647 3384 5716 regnat,
3409 5639 3657 5698 diabolo
3706 5641 3875 5698 insti-
