4130 6182
275 207 371 262 337

1258 199 1507 255 ENARR.
1551 197 1617 252 IN
1660 193 1910 250 LIBROS
1948 194 2206 250 REGUM.
2248 225 2315 234 —
2356 195 2422 250 IN
2465 195 2594 252 LIB.
2638 197 2707 251 II.

3589 203 3695 259 338

274 330 462 399 gante,
494 323 604 396 qui
649 338 813 394 saepe
854 338 917 378 se
950 321 1330 393 transﬁgurat
1358 321 1421 376 in
1450 318 1734 389 angelum
1761 316 1930 372 lucis.
1968 319 2013 371 Α
2050 317 2149 373 Hic
2180 322 2380 375 autem
2430 325 2555 376 erat
2599 324 2805 376 contra
2836 320 3055 388 Abner,
3081 323 3431 380 constitutus
3474 324 3695 381 militiae

337 438 362 464 «
405 417 473 470 Et
499 412 612 468 fuit
638 427 933 466 numerus
955 410 1186 466 dierum
1217 427 1376 483 quos
1406 410 1819 465 commoratus
1844 407 1938 461 est

269 527 297 555 ε
333 502 546 571 David,
576 500 883 573 imperans
909 500 970 555 in
1017 499 1258 555 Hebron
1287 514 1470 571 super
1508 497 1731 553 domus
1758 493 1931 560 Juda,

268 617 295 646 κ
336 598 572 666 septem
626 603 924 645 annorum
976 593 1034 645 et
1080 604 1185 644 sex
1214 587 1540 644 mensium.
1579 605 1609 637 ›
1668 587 1733 640 Et
1779 583 1931 639 bene

268 681 457 739 David
509 684 737 751 septem
776 678 953 733 annis
985 682 1043 734 et
1078 694 1182 733 sex
1224 676 1537 732 mensibus
1566 672 1843 745 regnavit
1870 672 1931 727 in

273 770 510 827 Hebron
564 767 665 839 qui
722 765 1141 838 interpretatur
1202 767 1575 835 cunjugz’um,
1628 767 1693 817 ut
1748 775 1933 831 supra

271 857 670 926 diximus,aut
700 854 842 909 visio
863 855 1255 924 sempiterna:
1275 852 1421 925 quia
1440 850 1707 908 Salvator
1733 850 1934 903 noster

268 944 326 1001 in
357 943 621 1001 Ecclesia
650 941 964 1009 catholica,
994 957 1131 1014 quae
1160 945 1218 997 et
1248 956 1482 1013 sponsa
1511 940 1642 1010 ejus
1674 941 1782 1003 est,
1824 950 1933 1009 per

268 1049 442 1090 omne
471 1039 718 1105 tempus
746 1030 913 1087 istius
942 1031 1099 1100 vitae,
1118 1029 1282 1103 quod
1315 1028 1553 1085 senario
1570 1027 1804 1082 dierum
1824 1039 1931 1079 nu-
1971 1048 1979 1055 -

268 1138 427 1178 mero
479 1119 762 1185 decurrit,
811 1124 1061 1189 regnat:
1097 1117 1442 1174 secundum
1495 1115 1670 1182 illud,
1722 1135 1750 1164 «ι
1784 1115 1928 1169 Ecce

271 1226 394 1281 ego,
416 1209 633 1283 inquit,
663 1207 976 1264 vobiscum
1005 1223 1139 1263 sum
1168 1205 1456 1263 omnibus
1485 1204 1701 1261 diebus
1732 1216 1927 1274 usque

277 1300 347 1355 ad
390 1296 978 1355 consummationem
1024 1294 1225 1351 saeculi
1267 1294 1511 1365 (Matth.
1550 1295 1778 1357 xxviii),
1817 1312 1844 1339 »
1871 1292 1929 1346 et

276 1393 406 1460 post
446 1386 845 1460 expletionem
889 1384 1104 1441 senarii
1135 1383 1393 1450 numeri,
1438 1384 1552 1438 hoc
1580 1384 1670 1435 est
1699 1377 1926 1451 perfec-

284 1475 499 1530 tionem
522 1473 659 1529 boni
688 1473 910 1546 operis,
943 1488 1156 1528 omnes
1187 1471 1406 1527 electos
1429 1484 1570 1524 suos
1593 1467 1672 1524 ad
1703 1465 1926 1522 sabba-

294 1566 417 1617 tum
440 1579 652 1627 verum,
678 1562 742 1618 id
774 1566 864 1617 est
888 1561 966 1618 ad
990 1561 1257 1634 requiem
1292 1557 1747 1630 sempiternam,
1795 1568 1926 1627 per-

298 1650 473 1720 ducet,
497 1651 588 1706 ubi
614 1657 669 1707 et
687 1650 1070 1725 perfruentur
1100 1649 1202 1706 Dei
1231 1649 1461 1704 visione
1488 1648 1801 1719 perpetua.
1832 1645 1926 1702 Est

286 1745 465 1796 autem
493 1740 732 1796 Hebron
761 1739 963 1796 civitas
989 1739 1050 1794 in
1081 1738 1238 1795 tribu
1255 1736 1578 1808 Juda,qua*.
1610 1731 1926 1807 quondam

277 1829 593 1886 vocabatur
624 1830 840 1893 Arbae,
869 1828 1005 1885 licet
1049 1828 1202 1885 male
1232 1829 1294 1884 in
1343 1826 1559 1884 Graecis
1608 1820 1925 1879 codicibus

268 1917 516 1975 habetur
557 1918 777 1974 Arboe.
808 1919 1093 1990 Corrupte
1117 1918 1297 1988 igitur
1346 1915 1408 1971 in
1438 1912 1659 1971 nostris
1697 1909 1924 1967 codici-

259 2005 375 2062 bus
401 2008 599 2064 Arboe
618 2006 914 2077 scribitur,
933 2023 1072 2062 cum
1092 2007 1153 2062 in
1177 2005 1437 2062 Hebraeis
1452 2004 1686 2074 legatur
1706 1999 1926 2074 Arbae,

257 2093 316 2149 id
346 2102 439 2151 est
484 2101 772 2169 quatuor,
817 2112 889 2151 ex
928 2111 1000 2151 eo
1037 2095 1206 2167 quod
1252 2094 1339 2150 ibi
1385 2098 1503 2149 tres
1545 2089 1924 2164 patriarchae.

251 2184 596 2250 Abraham,
630 2189 816 2254 Isaac,
844 2188 900 2239 et
946 2184 1134 2240 Jacob
1183 2182 1402 2255 sepulti
1450 2185 1611 2247 sunt,
1641 2184 1699 2234 et
1736 2177 1925 2232 Adam

245 2288 561 2343 magnus,
583 2276 650 2326 ut
673 2272 735 2326 in
754 2272 961 2327 Genesi
978 2272 1132 2328 libro
1162 2272 1453 2344 scriptum
1478 2273 1585 2324 est.
1605 2267 1762 2323 Licet
1789 2281 1925 2321 eum

243 2359 527 2434 quidam
559 2359 868 2415 conditum
896 2360 959 2415 in
1006 2360 1142 2416 loco
1197 2358 1481 2417 Calvariae
1532 2355 1919 2429 suspicentur,

243 2447 435 2522 quod
462 2447 689 2504 falsum
733 2453 841 2504 est.
871 2449 1006 2504 Haec
1048 2452 1137 2505 est
1180 2452 1381 2504 autem
1434 2446 1643 2502 eadem
1686 2442 1920 2498 Hebron

244 2537 402 2593 olim
456 2535 814 2608 metropolis
872 2536 1375 2601 Philisthinorum,
1409 2542 1465 2591 et
1508 2530 1920 2589 habitaculum

249 2626 601 2696 gigantum,
635 2638 1011 2696 regnumque
1038 2630 1246 2696 postea
1269 2623 1449 2680 David
1469 2622 1528 2677 in
1559 2621 1715 2676 tribu
1742 2619 1918 2683 Iuda,

253 2714 468 2770 civitas
499 2712 908 2780 sacerdotalis,
954 2718 1012 2769 et
1038 2712 1444 2784 fugitivorum.
1480 2712 1662 2767 Distat
1686 2709 1765 2765 ad
1790 2724 1919 2764 me-

254 2803 558 2859 ridianam
585 2801 834 2873 plagam
864 2800 943 2856 ab
992 2801 1113 2857 Elia
1143 2800 1404 2857 millibus
1442 2800 1671 2855 circiter
1709 2797 1919 2868 viginti

257 2890 523 2960 duobus,
551 2888 659 2944 ubi
685 2896 745 2944 et
770 2905 1028 2961 quercus
1055 2889 1380 2955 Abraham,
1405 2905 1538 2961 quae
1559 2891 1616 2943 et
1632 2885 1915 2953 Mambre,

258 2995 449 3052 usque
468 2979 547 3034 ad
562 2978 890 3033 Constantii
909 2978 1065 3047 regis
1093 2978 1413 3051 imperium
1439 2974 1915 3041 monstrabatur,

263 3073 320 3122 et
378 3065 775 3123 mausolaaum
835 3066 966 3137 ejus
1022 3068 1083 3122 in
1131 3066 1589 3138 praesentiarum
1635 3062 1913 3119 cernitur.

271 3158 531 3228 Cumque
560 3173 597 3212 a
652 3158 872 3211 nostris
901 3155 1127 3211 ibidem
1157 3155 1419 3211 Ecclesia
1443 3155 1572 3225 jam
1616 3157 1919 3209 exstructa

278 3244 370 3309 sit,
391 3244 452 3299 in
468 3245 706 3301 circuitu
736 3261 774 3301 a
797 3247 1025 3301 cunctis
1043 3245 1347 3315 gentibus,
1371 3241 1729 3298 Terebenthi
1754 3241 1919 3296 locus

289 3332 676 3402 superstitione
721 3333 954 3403 colitur,
1000 3349 1072 3389 eo
1124 3332 1292 3405 quod
1342 3331 1458 3386 sub
1488 3348 1560 3387 ea
1614 3329 1917 3384 Abraham

299 3417 531 3487 angelos
584 3421 881 3491 quondam
906 3421 1171 3494 hospitio
1217 3420 1560 3492 susceperit.
1593 3422 1722 3474 Haec
1776 3432 1916 3487 ergo

295 3505 541 3577 primum
582 3510 784 3581 Arbae,
814 3515 1028 3584 postea
1084 3509 1320 3566 Hebron
1370 3508 1450 3565 ab
1506 3523 1628 3563 uno
1655 3507 1916 3564 ﬁliorum

290 3594 457 3651 Caleb
482 3599 675 3654 sortita
702 3599 1068 3655 vocabulum
1116 3603 1220 3654 est.
1258 3601 1407 3669 Lege
1444 3598 1628 3652 Verba
1657 3597 1913 3653 dierum.

276 3683 515 3741 Condita
569 3692 657 3742 est
710 3692 912 3743 autem
967 3692 1104 3743 ante
1165 3692 1392 3759 septem
1452 3701 1665 3757 annos,
1726 3691 1914 3758 quain

274 3772 522 3830 Tamnes
555 3776 668 3830 ubs
698 3776 942 3849 [Egypti
971 3776 1344 3831 conderetur.

336 3884 366 3911 «ί
404 3865 685 3935 Egressus
715 3870 803 3920 cst
829 3865 1028 3920 Abner
1054 3864 1213 3920 ﬁlius
1243 3868 1371 3926 Ner,
1405 3867 1461 3919 et
1488 3863 1659 3937 pueri
1689 3864 1914 3936 Joseph

261 3973 289 4001 «
330 3951 432 4007 ﬁlii
461 3952 624 4021 Saul,
647 3953 722 4008 de
752 3953 965 4009 castris
992 3953 1055 4008 in
1086 3953 1353 4014 Gabaon,
1376 3955 1554 4008 Porro
1579 3952 1732 4008 Joab
1754 3952 1912 4008 ﬁlius

257 4062 286 4089 σε
327 4042 569 4110 Sarvize,
601 4048 662 4099 et
689 4042 858 4115 pueri
892 4042 1071 4098 David
1121 4042 1346 4111 egressi
1369 4046 1529 4105 sunt,
1562 4048 1621 4097 et
1638 4057 1912 4096 occurre-

252 4154 280 4181 ι(
324 4138 469 4187 runt
526 4132 617 4187 eis
668 4133 842 4203 juxta
892 4132 1188 4205 piscinam
1246 4130 1515 4187 Gabaon.
1564 4134 1631 4186 Et
1675 4146 1815 4185 cum
1852 4130 1914 4186 in

249 4239 278 4274 ‹
316 4238 515 4279 unum
548 4222 986 4291 convenissent,
1012 4238 1044 4277 e
1091 4223 1335 4291 regione
1380 4222 1698 4277 sederunt:
1752 4221 1812 4277 hi
1842 4237 1915 4277 ex

249 4332 276 4359 ιι
316 4328 444 4368 una
504 4316 681 4384 parte
732 4311 995 4385 piscinae,
1046 4316 1101 4366 et
1158 4310 1240 4366 illi
1288 4326 1361 4365 ex
1405 4310 1611 4365 altera.
1645 4309 1914 4382 Dixitque

252 4423 277 4449 α
314 4402 525 4457 Abner
556 4401 636 4456 ad
656 4400 836 4456 Joab:
875 4402 1133 4469 Surgant
1161 4399 1352 4472 pueri,
1385 4404 1441 4454 et
1470 4398 1681 4454 ludant
1709 4413 1912 4454 coram

250 4513 277 4538 «
314 4490 520 4547 nobis.
563 4492 627 4545 Et
656 4488 967 4560 respondit
991 4488 1179 4544 Joab:
1216 4490 1492 4556 Surgant.
1529 4488 1918 4543 Surrexerunt

252 4600 278 4625 «
315 4596 487 4649 ergo,
524 4582 590 4634 et
618 4578 983 4633 transierunt
1012 4592 1264 4633 numero
1294 4576 1613 4631 duodecim
1643 4576 1719 4631 de
1769 4579 1915 4633 Ben-

254 4692 277 4716 ιι
310 4669 536 4739 jamin,
576 4683 652 4723 ex
684 4673 851 4740 parte
885 4666 1156 4723 lsboseth
1181 4665 1284 4721 ﬁlii
1311 4665 1482 4741 Sauli:
1516 4670 1574 4721 et
1595 4665 1918 4722 duodecim

258 4780 282 4806 α
318 4760 392 4814 de
444 4757 659 4832 pueris
703 4757 908 4812 David.
957 4756 1466 4830 Apprehensoque
1504 4755 1919 4828 unusquisque

258 4869 287 4896 α
322 4851 521 4922 capite
571 4847 877 4919 comparis
926 4848 1037 4913 sui,
1088 4846 1280 4902 diﬁxit
1324 4846 1592 4915 gladium
1649 4845 1709 4901 in
1760 4844 1918 4900 latus

262 4958 290 4983 α
333 4936 647 5002 contrarii,
675 4944 733 4992 et
780 4936 1121 4992 ceciderunt
1175 4935 1371 4991 simul.
1407 4937 1811 5006 Vocatumque
1837 4938 1926 4989 est

268 5047 298 5072 ιι
339 5041 555 5083 nomen
593 5026 710 5082 loci
742 5024 920 5095 illius,
954 5040 1097 5094 ager
1124 5025 1513 5080 robustorum
1560 5024 1619 5078 in
1648 5023 1922 5084 Gabaon.

280 5136 308 5159 ιι
348 5115 411 5167 Et
461 5125 657 5172 ortum
708 5120 799 5171 est
848 5115 1074 5171 bellum
1104 5115 1324 5170 durum
1362 5114 1506 5168 satis
1537 5113 1595 5168 in
1623 5112 1718 5168 die
1745 5113 1865 5175 illa,
1899 5135 1926 5163 ››

275 5208 330 5257 et
389 5204 636 5279 reliqua.
678 5208 847 5261 Hunc
905 5204 1105 5259 locum
1166 5202 1460 5275 Iosephus
1515 5202 1597 5258 ita
1648 5201 1925 5274 exponit:

265 5292 461 5349 Abner
504 5299 716 5350 autem
764 5293 1064 5365 promovit
1093 5291 1346 5347 electum
1372 5290 1551 5346 nimis
1580 5290 1929 5359 exercitum,

264 5386 326 5436 ut
373 5382 852 5452 congrederetur
897 5396 1037 5436 cum
1096 5379 1253 5435 tribu
1314 5379 1488 5435 Iuda.
1558 5377 1933 5433 Irascebatur

258 5471 422 5526 enim
488 5472 789 5527 adversus
837 5485 961 5536 eos,
994 5485 1031 5525 a
1077 5470 1300 5542 quibus
1342 5485 1448 5524 rex
1501 5465 1691 5522 David
1742 5464 1935 5523 fuerat

258 5559 607 5616 ordinatus.
658 5559 800 5615 Huic
855 5562 1055 5614 autem
1097 5557 1356 5613 occurrit
1397 5555 1622 5611 missus
1661 5570 1697 5610 a
1746 5555 1934 5611 David

253 5650 429 5717 Joah,
468 5648 629 5704 filius
662 5647 883 5704 Sarviae
903 5648 1124 5703 sororis
1143 5648 1294 5718 ejus,
1320 5644 1395 5699 de
1428 5647 1596 5715 patre
1623 5645 1931 5701 Sarnatus.

2045 406 2346 481 princeps.
2383 412 2529 466 Cum
2560 426 2682 482 quo
2706 410 2883 466 etiam
2915 410 3153 468 fuerunt
3184 412 3276 467 sui
3300 412 3533 483 fratres,
3560 413 3695 470 Abi-

2043 494 2152 562 sai,
2176 496 2371 560 Asael,
2405 502 2460 553 et
2481 514 2691 553 omnes
2720 498 2934 554 armati
2979 500 3183 556 David.
3216 501 3420 573 Itaque
3448 503 3693 557 veniens

2041 583 2119 638 ad
2173 585 2503 656 quemdam
2550 586 2775 641 fontem
2831 586 2892 642 in
2942 587 3173 644 civitate
3221 589 3447 654 Gabaa,
3505 590 3695 645 aciem

2040 673 2348 729 constituit
2376 674 2454 730 ad
2483 674 2904 747 pugnandum.
2943 676 3175 733 Dicente
3208 693 3347 733 vero
3378 677 3578 734 Abner
3608 678 3688 733 ad

2041 775 2203 829 eum,
2249 761 2401 818 velle
2452 778 2515 818 se
2556 763 2812 835 probare
2861 764 2999 836 quis
3038 781 3246 820 eorum
3297 766 3695 823 robustiorem

2040 849 2362 905 exercitum
2417 850 2681 915 haberet,
2723 853 3002 908 convenit
3057 852 3208 909 inter
3266 858 3572 927 utrosque,
3632 858 3698 910 ut

2039 934 2359 992 duodecim
2389 938 2545 993 viros
2596 944 2962 1008 pugnatores
3013 941 3331 1007 mitterent,
3383 947 3439 997 et
3486 959 3695 1015 proce-

2038 1022 2246 1079 dentes
2273 1024 2425 1081 inter
2452 1025 2685 1080 medias
2717 1027 2898 1095 acies,
2950 1028 3051 1100 qui
3104 1045 3177 1084 cx
3225 1034 3477 1103 utraque
3527 1035 3695 1102 parte

2037 1113 2247 1186 procul
2274 1113 2564 1169 fueranta
2592 1116 2935 1185 certamine,
2968 1116 3303 1190 relictisque
3336 1119 3553 1191 gladiis
3584 1120 3696 1176 viri

2041 1202 2228 1258 David
2272 1207 2330 1259 et
2358 1208 2623 1259 tenentes
2666 1205 2865 1277 capita
2894 1204 3180 1271 hostium,
3211 1223 3419 1262 eorum
3447 1208 3691 1264 lumbos

2037 1294 2095 1346 et
2138 1290 2342 1357 latera,
2395 1292 2519 1347 suis
2550 1292 2762 1362 gladiis
2804 1293 3201 1365 perforarunt,
3245 1295 3437 1350 donec
3482 1313 3693 1353 omnes

2036 1380 2214 1453 quasi
2255 1398 2325 1437 ex
2357 1398 2478 1438 uno
2520 1383 2838 1439 constituto
2893 1385 3207 1457 periment.
3240 1386 3334 1441 His
3365 1391 3566 1441 autem
3599 1404 3693 1444 ca-

2036 1470 2337 1539 dentibus,
2370 1472 2546 1527 etiam
2570 1472 2834 1545 reliquus
2863 1473 3130 1547 direptus
3163 1480 3250 1531 est
3274 1476 3566 1531 exercitus
3607 1477 3693 1532 di-

2042 1560 2355 1616 micatione
2401 1560 2723 1618 fortissima
2770 1566 3148 1634 procedente,
3182 1564 3382 1619 Abner
3431 1565 3694 1637 populus

1972 1678 2012 1731 B
2040 1649 2228 1703 victus
2278 1648 2339 1703 in
2394 1647 2601 1719 fugam
2648 1651 2919 1706 vertitur:
2980 1650 3275 1720 fugientes
3307 1658 3506 1708 autem
3545 1653 3693 1709 Joab

2038 1735 2316 1807 persequi
2360 1752 2481 1793 non
2534 1738 2831 1805 cessabat,
2888 1739 3242 1812 prmeipiens
3304 1742 3569 1807 armatis,
3630 1746 3696 1796 ut

2037 1829 2177 1896 post
2200 1841 2408 1882 eorum
2435 1826 2683 1897 vestigia
2702 1826 3063 1895 festinarent,
3096 1833 3152 1883 et
3178 1844 3571 1901 nequaquam
3598 1846 3696 1885 oc-

2040 1913 2294 1969 cidendo
2344 1914 2665 1971 deﬁcerent
2716 1916 2888 1987 cujus
2941 1917 3120 1972 etiam
3168 1917 3377 1973 fratres
3420 1918 3693 1975 detestati

2036 2005 2176 2057 sunt
2204 2002 2580 2073 pronissime.
2620 2005 2774 2059 Inter
2820 2020 2975 2077 quos
3016 2004 3229 2060 clarior
3256 2005 3364 2061 fuit
3394 2008 3691 2078 praecipue

2030 2089 2235 2159 junior
2254 2089 2450 2159 Asael,
2480 2091 2583 2163 qui
2608 2096 2835 2147 tantam
2858 2092 3109 2161 gloriam
3140 2092 3349 2148 habuit
3377 2093 3435 2147 in
3463 2094 3689 2163 pedum

2034 2178 2366 2247 velocitate,
2385 2184 2450 2235 ut
2471 2196 2594 2236 non
2616 2180 2811 2236 solum
2840 2180 3116 2237 homines
3130 2222 3142 2246 ,
3163 2181 3270 2236 sed
3292 2180 3473 2236 etiam
3492 2197 3685 2252 equos

2032 2269 2113 2325 ad
2150 2269 2513 2325 currendum
2544 2274 2870 2342 superaret.
2913 2271 2966 2324 Is
2995 2270 3173 2340 igitur
3217 2269 3690 2342 persequebatur

2032 2357 2234 2413 Abner
2261 2362 2422 2414 recto
2445 2373 2675 2429 gressu,
2723 2358 2783 2414 in
2812 2362 3208 2431 neutramque
3236 2363 3471 2431 partem
3514 2358 3691 2413 decli-

2027 2461 2201 2502 nans.
2238 2448 2506 2519 Cumque
2535 2446 2890 2519 respexisset
2930 2448 3129 2503 Abner
3157 2453 3221 2505 et
3249 2447 3691 2503 considerasset

2024 2534 2317 2608 impetum
2340 2536 2640 2608 sequentis
2667 2541 2724 2592 et
2744 2536 3079 2601 dixisset,ut
3097 2538 3275 2594 unius
3297 2537 3496 2593 militis
3519 2552 3690 2593 arma

2029 2640 2275 2679 sumens
2297 2625 2375 2681 ab
2405 2626 2535 2696 ejus
2568 2626 2978 2697 persecutione
3006 2625 3361 2700 quiesceret,
3394 2632 3451 2682 et
3477 2642 3687 2681 rursus

2024 2711 2122 2767 ille
2152 2728 2540 2786 nequaquam
2591 2730 2627 2769 a
2665 2731 2774 2771 suo
2814 2715 3131 2771 conanime
3162 2715 3398 2788 penitus
3432 2715 3689 2770 abstine-

2028 2807 2134 2871 ret,
2185 2807 2467 2858 monente
2501 2803 2601 2858 illo
2630 2803 2832 2860 denuo
2877 2808 2943 2860 ut
2969 2804 3287 2871 recederet,
3317 2820 3391 2860 ne
3443 2807 3685 2859 coactus

2027 2905 2168 2945 eum
2222 2896 2570 2962 percuteret,
2605 2897 2662 2949 et
2716 2898 2853 2949 ante
2884 2894 3013 2964 ejus
3043 2893 3283 2949 fratrem
3340 2892 3586 2948 ulterius
3620 2891 3685 2945 ﬁ-

2026 2979 2267 3035 duciam
2322 2996 2445 3035 non
2474 2981 2739 3038 haberet.
2776 2981 2970 3037 Verba
3000 2982 3130 3051 ejus
3167 2981 3266 3037 illo
3292 2981 3683 3053 despiciente,

2026 3067 2261 3137 fugiens
2282 3074 2420 3141 post
2444 3074 2675 3140 tergum
2706 3071 2979 3127 lanceam
3002 3070 3196 3125 emisit
3217 3075 3479 3133 coactus,
3510 3085 3680 3123 eum-

2024 3173 2143 3229 que
2184 3163 2424 3231 repente
2470 3159 2704 3214 mortali
2763 3159 3002 3213 vulnere
3038 3156 3383 3229 penetravit.
3421 3156 3678 3227 Mystice,

2025 3246 2224 3302 Abner
2250 3247 2325 3302 de
2358 3248 2510 3302 tribu
2547 3247 2874 3317 Benjamin,
2907 3246 3187 3318 princeps
3212 3244 3501 3299 exercitus
3527 3243 3682 3312 regis

2029 3336 2242 3403 Saulis,
2276 3352 2494 3409 pueros
2526 3336 2710 3392 David
2742 3335 2845 3408 qui
2872 3339 3041 3391 erant
3070 3350 3208 3390 cum
3237 3333 3385 3389 Joab
3414 3331 3683 3406 principe

2025 3425 2314 3480 exercitus
2351 3424 2524 3494 Juda,
2556 3425 2632 3481 ad
2666 3424 2939 3497 praelium
2981 3422 3256 3479 scribitur
3296 3436 3679 3495 provocasse,

2025 3519 2081 3570 et
2102 3513 2374 3569 Asaelem
2406 3514 2647 3569 fratrem
2674 3514 2824 3570 Joab
2846 3529 3195 3586 percussum
3226 3511 3284 3568 in
3317 3510 3561 3581 inguine
3591 3509 3681 3565 in-

2025 3603 2341 3669 terfecisse,
2377 3603 2460 3658 sic
2507 3602 2755 3675 quidem
2785 3602 3027 3673 intelligi
3054 3601 3283 3668 volunt,
3325 3600 3562 3668 Saulus,
3595 3599 3681 3654 in-

2024 3691 2258 3762 quiunt,
2291 3691 2551 3746 necdum
2592 3692 2791 3747 adhuc
2822 3690 3151 3763 apostolus,
3181 3690 3255 3746 de
3288 3690 3446 3745 tribu
3476 3688 3681 3759 Benja-

2026 3780 2171 3841 min,
2199 3778 2553 3851 priusquam
2579 3778 2781 3834 fuisset
2807 3783 3112 3851 correptus
3138 3794 3173 3833 a
3205 3778 3476 3843 Domino,
3510 3792 3683 3848 apos-

2026 3867 2179 3922 tolos
2219 3866 2298 3921 ad
2328 3872 2629 3922 certamen
2676 3867 2891 3935 legitur
2917 3881 3300 3937 provocasse,
3329 3880 3399 3919 ac
3428 3866 3557 3918 neci
3589 3864 3679 3917 in-

2024 3954 2291 4011 terfuisse
2325 3954 2603 4026 Stephani
2636 3957 2793 4025 (Act.
2826 3956 3226 4017 v1).Caeterum
3258 3952 3423 4025 quod
3438 3951 3679 4007 locutus

2024 4047 2113 4099 est
2146 4042 2346 4098 Abner
2375 4043 2453 4098 ad
2482 4043 2680 4113 Asael,
2712 4043 2952 4098 dicens:

2094 4162 2120 4189 «
2165 4141 2411 4207 Recede,
2454 4140 2575 4196 noli
2622 4155 2718 4196 me
2775 4141 2973 4213 sequi,
3028 4156 3102 4196 ne
3150 4140 3297 4195 forte
3347 4138 3677 4211 compellar

2023 4252 2052 4279 (‹
2094 4228 2413 4286 confodere
2474 4235 2527 4285 te
2593 4229 2652 4285 in
2713 4233 2952 4295 terram,
3020 4228 3215 4285 levare
3282 4244 3402 4284 non
3473 4233 3681 4300 potero

2029 4340 2057 4367 ‹‹
2096 4318 2307 4374 faciem
2352 4335 2553 4374 meam
2608 4319 2685 4375 ad
2740 4320 2893 4376 Joab
2940 4319 3182 4375 fratrem
3220 4325 3411 4374 tuum.
3446 4319 3553 4383 Qui
3584 4333 3685 4373 au-

2026 4428 2054 4456 «
2096 4406 2222 4462 dire
2271 4408 2605 4480 cotempsit,
2654 4413 2711 4464 et
2774 4409 2962 4464 noluit
3020 4408 3338 4463 declinare.
3395 4405 3686 4470 Percussit

2026 4518 2052 4546 α
2095 4512 2238 4565 ergo
2278 4513 2417 4552 eum
2472 4498 2674 4553 Abner
2726 4514 2937 4553 aversa
2983 4497 3158 4552 hasta
3212 4497 3273 4550 in
3335 4495 3597 4561 inguine,
3629 4495 3687 4545 et

2026 4608 2053 4635 ‹‹
2098 4584 2431 4655 transfodit,
2481 4591 2536 4640 et
2558 4591 2832 4641 mortuus
2863 4588 2954 4638 est
3007 4584 3069 4638 in
3099 4582 3312 4636 eodem
3355 4580 3507 4641 loco,
3563 4593 3689 4631 om-

2027 4695 2055 4724 ‹‹
2096 4688 2324 4744 nesque
2353 4673 2458 4744 qui
2490 4673 2826 4728 transibant
2875 4686 2981 4741 per
3012 4670 3211 4724 locum
3244 4666 3433 4725 illum,
3473 4665 3531 4719 in
3564 4680 3688 4736 quo

2030 4786 2056 4812 ‹‹
2099 4760 2391 4816 ceciderat
2420 4761 2596 4816 Asael
2623 4765 2680 4815 et
2710 4768 2982 4814 mortuus
3011 4761 3157 4823 erat,
3200 4754 3622 4810 subsistebant.
3659 4776 3686 4804 ››

2031 4848 2343 4916 Moraliter,
2373 4849 2545 4919 cujus
2604 4848 2759 4903 idem
2822 4846 3000 4901 Asael
3052 4849 3266 4918 typum
3324 4846 3531 4914 tenuit,
3576 4842 3691 4900 nisi

2034 4953 2244 4995 eorum
2271 4953 2425 5009 quos
2468 4938 2850 4992 vehementer
2891 4936 3097 5009 arripit
3141 4936 3325 5007 furor,
3367 4942 3421 4991 et
3452 4936 3512 4991 in
3539 4953 3693 5009 prae-

2038 5043 2179 5100 ceps
2210 5026 2414 5082 ducit?
2445 5026 2553 5092 Qui
2610 5026 2673 5081 in
2722 5026 2936 5082 eodem
2982 5026 3199 5082 furoris
3249 5026 3491 5100 impetu,
3528 5031 3693 5082 tanto

2039 5116 2270 5173 cautius
2300 5115 2696 5188 declinantur,
2747 5120 2978 5190 quanto
3033 5121 3087 5171 et
3134 5115 3401 5172 insanius
3450 5115 3694 5187 rapiun-

2040 5211 2151 5263 tur.
2188 5204 2353 5261 Unde
2378 5210 2435 5260 et
2453 5204 2654 5260 Abner
2673 5206 2799 5279 qui,
2830 5221 3106 5261 sermone
3127 5209 3355 5270 nostro,
3384 5206 3579 5273 patris
3609 5205 3696 5258 lu-

2040 5309 2221 5351 cerna
2278 5293 2512 5364 dicitur,
2544 5293 2715 5365 fugit,
2763 5295 2909 5367 quia
2956 5293 3273 5349 doctorum
3302 5293 3530 5362 lingua,
3560 5306 3697 5364 quae

2042 5398 2372 5453 supernum
2413 5383 2513 5440 Dei
2549 5383 2757 5441 lumen
2804 5383 3048 5451 indicat,
3096 5399 3235 5438 cum
3288 5397 3396 5455 per
3442 5381 3699 5451 abrupta

2044 5470 2260 5525 furoris
2287 5476 2547 5527 mentem
2575 5471 2914 5544 cujuspiam
2944 5470 3078 5526 ferri
3106 5469 3415 5542 conspicit,
3438 5480 3699 5537 cumque

2046 5562 2256 5613 contra
2308 5558 2694 5631 irascentum,
2741 5559 3081 5615 dissimulat
3126 5559 3451 5615 verborum
3497 5551 3701 5624 jacula

2047 5644 2319 5715 reddere,
2341 5649 2519 5719 quasi
2545 5654 3005 5721 persequentem
3040 5663 3164 5704 non
3207 5646 3331 5705 vult
3363 5642 3552 5706 ἰθύνοι
3585 5635 3701 5691 Sed
