4136 6176
279 146 374 207 3H

1294 148 1552 205 ENARR.
1582 148 1650 205 IN
1682 144 1932 203 LIBROS
1958 146 2225 208 assum.
2252 180 2325 193 --
2350 150 2679 215 {NLIBJL

3599 150 3707 209 382

270 269 383 327 sub
408 269 543 340 eius
570 267 846 341 imperio:
886 272 1178 342 verrem
1229 271 1512 328 Smdeant
1559 284 1934 344 Permanere:
1963 271 2021 326 Α
2120 295 2150 322 α
2182 276 2387 333 Manus
2411 280 2528 332 tuae
2556 290 2682 332 non
2704 278 2843 330 sunt
2884 272 3103 343 ligatis,
3133 274 3194 328 et
3230 270 3416 343 pedes
3456 271 3541 327 tui
3582 286 3709 328 non

266 365 415 421 Nam
442 365 502 416 et
528 358 705 427 Joab,
737 358 843 431 qui
900 359 1099 417 Abner
1148 360 1290 417 dolo
1318 361 1595 435 loquens,
1629 364 1683 417 et
1735 376 1941 434 percu-

267 451 414 510 tiens
440 449 506 505 in
540 448 806 519 inguine,
828 448 1142 516 interfecit,
1173 467 1297 507 non
1327 451 1513 508 alium
1568 467 1756 523 quam
1796 450 1939 505 hos-

258 543 382 597 tem
432 538 757 611 antiquum
818 537 1133 609 signiﬁcat,
1189 540 1297 612 qui
1344 540 1498 596 ﬁctis
1554 538 1937 596 suasionibus

254 628 533 703 quotidie
562 627 771 685 ﬁdeles
800 627 1146 685 subvertere
1178 629 1416 700 satagit,
1449 632 1507 685 et
1533 646 1642 702 per
1664 627 1937 685 libidinis

257 718 459 776 noxiae
512 717 924 787 cogitationes,
956 718 1290 775 interﬁcere
1325 719 1586 775 molitur.
1618 719 1727 775 Job
1774 718 1938 774 enim

259 808 567 871 inimicus,
608 805 703 862 vel
733 804 892 865 idem
933 808 1135 876 frater
1182 808 1621 880 interpretatur.
1654 808 1937 864 Omnium

251 896 650 953 inimicorum
682 894 961 953 diabolus
989 901 1081 952 est
1128 902 1329 970 caput,
1371 898 1533 953 unde
1569 902 1627 953 et
1666 897 1940 954 Salvator

2048 384 2079 410 ‹‹
2118 369 2257 421 sunt
2284 366 2680 438 compedibus
2710 362 3042 434 aggravati,
3071 384 3098 412 κ
3145 361 3295 417 sicut
3336 376 3550 415 eorum
3580 376 3707 417 ma-

2046 467 2161 526 nus
2201 454 2392 511 solent
2438 455 2609 526 ligari
2656 459 2712 509 et
2756 452 2943 526 pedes
3000 449 3228 519 vinciri,
3256 448 3364 522 qui
3407 448 3470 505 in
3500 448 3705 521 praelia

2046 543 2181 613 capi
2207 543 2418 610 solent,
2451 544 2591 601 dolo
2622 543 2800 613 igitur
2824 556 2948 599 non
2975 540 3202 597 viribus
3239 542 3586 611 peremptus
3614 555 3703 595 es.

2046 631 2219 696 Quod
2248 639 2448 691 autem
2477 634 2665 692 David
2697 650 2760 690 se
2792 647 3091 690 excusans
3128 629 3205 686 de
3235 644 3381 686 nece
3427 628 3701 697 insontis,

2045 719 2192 777 dixit
2217 741 2230 778 :
2262 746 2293 773 «
2317 726 2567 782 Mundus
2590 740 2705 795 ego
2737 741 2894 788 sum.
2927 728 2983 779 et
3006 736 3266 791 regnum
3298 735 3507 777 meum
3538 718 3705 792 apud

2042 829 2074 859 α
2110 812 2316 879 Deum,
2349 829 2542 886 usque
2588 814 2649 870 in
2688 811 3200 885 sempiternum,a
3240 807 3537 877 sanguine
3579 806 3701 863 Ab-

2045 918 2075 947 κ
2104 914 2213 955 ner
2238 900 2342 957 ﬁlii
2366 905 2495 968 Ner,
2529 906 2586 959 et
2617 902 2817 957 veniat
2850 915 3033 972 super
3060 902 3244 971 caput
3276 896 3425 953 Joab
3466 895 3699 952 ﬂuxum

249 985 481 1041 talibus
508 985 571 1041 in
594 984 916 1054 Evangelio
937 985 1111 1042 dicit:
1144 1009 1175 1037 α
1197 989 1310 1042 Vos
1359 1003 1435 1043 ex
1481 991 1649 1059 patre
1690 985 1937 1043 diabolo
2045 1010 2074 1038 α
2107 989 2351 1046 seminis
2380 992 2699 1058 sustinens,
2732 994 2789 1046 et
2825 989 3099 1062 leprosus
3139 992 3345 1044 tenens
3388 986 3616 1053 fusum,
3643 988 3701 1041 et

248 1073 422 1140 estis,
441 1078 504 1130 et
530 1072 825 1141 desideria
849 1073 1035 1145 patris
1073 1076 1254 1132 vestri
1285 1075 1463 1131 vultis
1504 1075 1702 1132 facere
1730 1076 1931 1147 (Joan.

244 1160 539 1233 vm).)Ab
567 1162 681 1218 hac
701 1178 844 1232 ergo
858 1164 1268 1235 persecutione
1294 1164 1472 1220 David
1493 1170 1696 1220 noster
1712 1164 1936 1220 immu-

242 1251 339 1307 nis
369 1254 480 1315 est,
498 1251 645 1324 quia
668 1273 698 1301 ‹‹
722 1255 878 1307 Deus
898 1252 1204 1309 neminem
1228 1259 1430 1311 tentet.
1462 1259 1595 1325 Ipse
1614 1259 1821 1311 autem
1844 1255 1935 1311 in-

251 1345 525 1397 tentator
552 1339 856 1396 malorum
886 1345 975 1397 est
999 1343 1148 1411 (Jac.
1179 1343 1276 1407 1‘,»
1303 1343 1412 1415 qui
1439 1343 1566 1399 vult
1586 1359 1796 1399 omnes
1822 1344 1932 1399 ho-

242 1429 453 1486 mines
484 1428 683 1486 salvos
708 1445 856 1493 esse,
886 1435 943 1486 et
967 1430 1050 1487 ad
1078 1431 1447 1502 agnitionem
1495 1433 1755 1490 veritatis
1794 1449 1928 1505 per-

241 1519 457 1576 venire
519 1520 577 1590 (Ι
611 1521 759 1576 Tim.
796 1521 874 1592 ιι).
907 1539 940 1574 ‹
983 1522 1094 1577 Per
1133 1521 1425 1578 invidiam
1473 1522 1635 1579 enim
1678 1522 1925 1589 diaboli,

2046 1098 2074 1127 «
2107 1079 2329 1136 cadens
2350 1082 2572 1151 gladio,
2602 1086 2663 1137 et
2683 1080 2958 1150 indigens
2978 1094 3156 1152 pane.
3176 1100 3203 1128 »
3235 1076 3581 1132 Judaaorum
3600 1074 3704 1132 de—

2039 1172 2211 1224 notat
2237 1170 2549 1242 perﬁdiam
2573 1175 2751 1243 atque
2780 1169 3105 1225 miseriam.
3136 1169 3325 1239 Super
3344 1169 3522 1238 caput
3536 1164 3699 1221 enim

2040 1256 2213 1325 Joab,
2229 1258 2287 1314 id
2311 1264 2417 1326 est,
2438 1276 2617 1333 super
2637 1260 2934 1333 principes
2954 1262 3012 1314 et
3032 1256 3369 1314 sacerdotes
3390 1254 3575 1327 ipsius
3591 1269 3698 1325 po-

2040 1346 2187 1418 puli,
2217 1352 2270 1404 et
2287 1366 2467 1421 super
2488 1367 2733 1406 omnem
2756 1349 3009 1405 domum
3039 1346 3225 1420 patris
3250 1347 3399 1417 ejus,
3438 1359 3697 1416 synago-

2036 1449 2180 1504 gam
2201 1438 2471 1495 videlicet
2488 1440 2741 1506 Satanae,
2770 1444 2948 1511 atque
2965 1440 3326 1493 conventum
3356 1433 3695 1503 malignan-

2038 1523 2205 1590 tium,
2227 1528 2426 1584 veniet
2444 1528 2727 1602 iniquitas
2768 1528 3115 1601 impiorum,
3145 1530 3211 1581 ut
3254 1523 3590 1597 requiratur
3618 1521 3696 1579 ab

234 1625 411 1665 mors
432 1608 676 1665 intravit
702 1609 766 1664 in
796 1613 988 1667 totum
1012 1610 1223 1668 orbem
1255 1616 1547 1668 terrarum
1607 1614 1775 1683 (Sep.
1807 1612 1923 1683 11).»
1956 1628 1997 1683 Β
2034 1617 2117 1674 eis
2145 1617 2344 1672 omnis
2366 1618 2612 1688 sanguis
2637 1619 2856 1689 justus,
2878 1616 2983 1690 qui
3012 1615 3240 1672 eﬁ‘usus
3269 1619 3359 1670 est
3378 1628 3558 1685 super
3586 1616 3696 1668 ter-

236 1699 563 1755 lmitantur
593 1704 796 1757 autem
829 1714 991 1769 eum,
1022 1700 1130 1772 qui
1161 1706 1301 1756 sunt
1332 1717 1405 1757 ex
1432 1705 1601 1773 parte
1632 1701 1782 1772 ejus.
1816 1701 1925 1756 Po-

236 1792 352 1844 test
381 1804 615 1845 nomen
642 1792 701 1845 et
728 1805 990 1862 persona
1011 1789 1166 1846 Joab
1192 1806 1315 1847 non
1337 1790 1826 1847 inconvenienter
1845 1788 1925 1845 ad

236 1877 550 1951 populum
578 1879 901 1936 Judaicum
931 1895 1038 1952 per
1060 1880 1563 1949 signiﬁcationem
1593 1879 1921 1948 transferri,

239 1966 353 2039 qui
385 1967 615 2023 inimici
638 1983 878 2040 semper
904 1969 1370 2042 praedicatorum
1403 1969 1711 2039 Evangelii
1749 1968 1925 2025 exsti-

239 2060 475 2126 terunt,
508 2060 566 2111 et
594 2055 779 2112 ﬁdem
812 2057 1026 2113 Christi
1054 2058 1399 2131 ubicunque
1430 2062 1753 2131 potuerunt
1789 2074 1922 2130 per-

238 2145 680 2218 sequebantur.
700 2149 782 2203 De
799 2146 1023 2219 quibus
1042 2148 1260 2203 Paulus
1281 2147 1920 2204 Thessalonicensibus

237 2234 556 2291 scribens:
592 2257 621 2285 ι(
648 2237 761 2291 Vos
790 2235 972 2300 enim,
993 2235 1095 2306 ait,
1118 2236 1445 2293 imitatores
1474 2237 1614 2293 facti
1641 2237 1779 2293 estis
1803 2236 1923 2294 fra-

237 2328 366 2385 tres
396 2324 797 2383 Ecclesiarum
818 2324 941 2397 Dei,
973 2341 1110 2397 quas
1141 2330 1280 2381 sunt
1298 2325 1359 2381 in
1387 2326 1619 2393 Judtea,
1638 2326 1701 2382 in
1728 2326 1923 2383 Chris-

238 2420 295 2471 to
323 2417 483 2471 Jesu
508 2415 657 2487 quia
686 2414 901 2471 eadem
932 2415 1101 2488 passi
1130 2415 1269 2471 estis
1297 2420 1353 2472 et
1394 2433 1504 2473 vos
1538 2432 1574 2473 a
1620 2416 1923 2474 contribu-

238 2504 405 2563 libus
436 2504 675 2574 vestris,
700 2504 852 2560 sicut
879 2509 936 2560 et
962 2504 1076 2577 ipsi
1105 2521 1142 2561 a
1191 2505 1416 2562 Judaais
1464 2507 1569 2578 qui
1615 2511 1673 2563 et
1721 2506 1922 2562 Domi-

242 2609 399 2650 num
428 2593 784 2650 occiderunt
811 2593 1036 2662 Jesum,
1060 2599 1119 2651 et
1140 2595 1487 2668 prophetas,
1510 2598 1567 2650 et
1588 2611 1699 2651 nos
1724 2611 1921 2668 perse-

242 2681 364 2737 cuti
393 2684 577 2737 sunt:
606 2685 666 2737 et
690 2682 812 2737 Deo
838 2697 961 2737 non
990 2681 1364 2754 placuerunt,
1394 2687 1451 2738 et
1488 2682 1774 2739 omnibus
1818 2684 1922 2739 ho-

243 2769 519 2827 minibus
549 2769 988 2826 adversantur:
1038 2771 1426 2843 prohibentes
1474 2787 1587 2828 nos
1635 2771 1915 2842 gentibus

242 2858 430 2931 loqui,
459 2862 529 2915 ut
579 2858 763 2917 salvae
818 2857 1010 2916 ﬁant:
1070 2865 1137 2915 ut
1182 2860 1474 2931 impleant
1522 2865 1771 2932 peccata
1807 2877 1921 2916 sua

244 2964 515 3021 semper.
534 2948 816 3005 Pervenit
844 2948 1003 3009 enim
1016 2947 1108 3005 ira
1133 2949 1235 3005 Dei
1256 2965 1435 3022 super
1462 2949 1613 3018 illos,
1636 2966 1832 3023 usque
1857 2950 1919 3007 in
1948 2985 1988 3039 Β

248 3037 432 3097 ﬁnem
460 3038 514 3109 (1
544 3038 744 3097 Thess.
770 3041 853 3105 ιι).
879 3059 910 3087 ››

313 3126 535 3183 Aliter:
571 3148 601 3177 α
632 3129 698 3182 Et
732 3125 1031 3199 percussit
1069 3126 1224 3183 Joab
1270 3126 1468 3183 Abner
1514 3128 1577 3184 in
1626 3126 1916 3183 ultionem

250 3238 278 3267 α
305 3216 622 3287 sanguinis
652 3215 829 3272 Asael
851 3215 1047 3272 fratris
1067 3216 1218 3288 ejus,
1239 3236 1267 3265 ››
1300 3220 1408 3272 etc.
1436 3216 1587 3280 Quid
1607 3233 1714 3289 per
1741 3215 1914 3285 Joab,

251 3305 361 3377 qui
404 3306 681 3362 inimicus
725 3305 815 3362 vel
862 3306 1066 3375 frater
1104 3305 1542 3377 interpretatur,
1577 3306 1691 3362 nisi
1740 3305 1916 3361 elatio

256 3392 630 3461 intimorum,
653 3398 823 3468 atque
848 3396 1109 3452 haeretici
1130 3395 1523 3467 designantur
1541 3397 1569 3453 ‘?
1608 3395 1756 3462 Quid
1774 3411 1916 3455 vero

266 3496 379 3552 per
403 3480 613 3551 Abner,
643 3484 741 3556 qui
769 3485 831 3541 in
855 3484 1132 3542 Latinum
1152 3484 1397 3541 vertitur
1414 3489 1611 3555 patris
1643 3487 1913 3551 lucerna,

270 3570 379 3627 nisi
406 3571 687 3644 spiritales
743 3574 875 3643 viri,
900 3579 957 3631 et
1006 3573 1266 3631 humiles
1318 3574 1590 3632 Ecclesiae
1639 3575 1915 3631 doctores

269 3663 720 3733 exprimuntur?
747 3663 920 3732 Joab,
952 3664 1155 3721 Abner
1182 3664 1245 3720 in
1275 3668 1451 3737 porta
1479 3665 1620 3721 dolo
1649 3665 1915 3721 occidit?

277 3749 411 3819 quia
445 3756 499 3806 et
537 3751 768 3809 inimici
812 3752 977 3824 ﬁdei,
1004 3754 1119 3810 hoc
1163 3758 1252 3809 est
1296 3754 1491 3810 Judaei
1532 3760 1588 3811 et
1634 3755 1913 3822 haeretici,

280 3837 548 3908 quosdam
576 3840 868 3914 praesules
900 3841 1174 3898 Ecclesiae
1202 3841 1282 3897 ob
1312 3842 1725 3900 defensionem
1749 3843 1908 3901 ﬁdei.

272 3941 447 4000 usque
474 3929 557 3985 ad
582 3945 800 3986 necem
848 3930 1057 3986 mortis
1101 3931 1401 4002 persecuti
1449 3936 1605 3988 sunt.
1637 3935 1744 3987 Pro
1792 3948 1916 4006 qua

259 4030 316 4070 re
337 4016 409 4072 de
434 4017 626 4073 domo
657 4018 844 4090 patris
872 4018 1045 4085 Joab,
1076 4034 1184 4091 per
1211 4034 1400 4091 quam
1433 4019 1700 4090 signatur
1729 4019 1916 4093 impia

252 4103 439 4177 plebs,
471 4121 603 4163 non
632 4104 834 4163 deﬁcit
867 4105 1099 4167 ﬂuxum
1147 4108 1391 4164 seminis
1436 4108 1759 4178 sustinens,
1799 4109 1915 4165 hoc

248 4198 351 4260 est,
381 4194 727 4251 immundis
765 4195 1228 4266 cogitationibus
1272 4203 1451 4271 atque
1481 4199 1738 4255 sordidis
1779 4199 1920 4257 acti-

246 4282 352 4339 bus
381 4283 684 4357 pollutus.
727 4283 1003 4341 Similiter
1026 4301 1270 4360 quoque
1317 4291 1373 4342 et
1413 4286 1687 4361 leprosus
1741 4288 1915 4344 susti-

244 4388 384 4429 nens
404 4373 629 4430 fusum
653 4388 666 4428 :
700 4389 807 4445 per
835 4373 1003 4446 quod
1033 4373 1424 4444 designantur
1451 4375 1730 4444 haeretici,
1752 4392 1918 4432 men-

240 4459 389 4518 dacii
441 4461 546 4516 sui
590 4461 947 4532 cogitatione
996 4461 1273 4532 corrupti.
1310 4462 1421 4528 Qui
1462 4463 1741 4531 hieretici,
1768 4465 1918 4519 dum

242 4548 553 4608 fallaciam
584 4567 759 4608 suam
788 4549 1107 4607 defendere
1147 4550 1436 4615 nituntur,
1468 4569 1577 4624 per
1619 4554 1917 4610 ambitum

238 4640 576 4698 verborum
607 4644 916 4695 rotantur:
950 4643 1008 4695 et
1043 4638 1205 4695 velut
1230 4640 1291 4695 in
1323 4640 1573 4696 confuso
1602 4641 1918 4698 locutionis

241 4746 358 4787 sum
388 4729 726 4787 mendacia
752 4726 1112 4785 involvendo
1161 4729 1619 4787 concluduntur.
1660 4735 1724 4786 Et
1769 4732 1917 4787 dum

242 4814 509 4888 litigiosa
558 4817 784 4887 lingua,
826 4817 1069 4875 inﬁrma
1112 4816 1383 4874 Ecclesiae
1434 4819 1711 4878 membra
1763 4820 1921 4877 velut

242 4906 445 4977 gladio
477 4906 603 4962 oris
635 4906 728 4965 sui
756 4905 1128 4973 confodiunt,
1161 4907 1277 4980 ipsi
1302 4910 1467 4980 prius
1492 4909 1553 4965 in
1569 4909 1783 4967 eodem
1802 4909 1923 4980 gla-

242 4993 338 5055 dio
367 4995 711 5071 impietatis
743 5012 865 5051 sua:
895 4995 1250 5053 moriuntur.
1284 5000 1351 5053 Et
1378 4998 1521 5070 quia
1552 5014 1615 5053 se
1645 5015 1716 5055 ex
1749 5015 1921 5055 men-

246 5084 420 5144 dacio
456 5102 575 5142 suo
603 5090 884 5158 pascunt,
915 5101 952 5141 a
994 5101 1151 5157 pane
1194 5085 1363 5145 verbi
1414 5088 1514 5145 Dei
1553 5088 1722 5146 vacui
1765 5088 1922 5160 jeju-

246 5183 412 5239 nant.
452 5175 628 5234 Unde
657 5176 720 5230 in
750 5174 1137 5247 sequentibus
1166 5174 1459 5243 dicemus,
1491 5178 1638 5251 quid
1668 5179 1922 5251 mystice

249 5264 524 5337 signetur
549 5283 565 5334 ;
595 5269 652 5322 et
676 5267 808 5336 jam
845 5264 1047 5321 aliter:

312 5377 339 5403 α
372 5356 805 5428 Plangensque
823 5369 927 5410 rex
950 5352 1128 5411 lsrael
1151 5354 1487 5423 Abner,ait:
1508 5359 1925 5440 Nequaquam,

245 5468 271 5493 α
306 5450 372 5502 ut
403 5445 592 5503 morri
627 5443 823 5501 solent
864 5445 1086 5514 ignavi,
1118 5450 1390 5501 mortuus
1442 5462 1523 5510 es,
1555 5446 1783 5505 Abner.
1804 5469 1832 5497 »
1864 5447 1928 5503 Id

246 5539 351 5601 est,
384 5552 514 5591 non
543 5535 777 5608 periisti
806 5534 869 5590 in
901 5539 1003 5590 tua
1029 5534 1291 5605 stultitia,
1320 5536 1474 5595 sicut
1496 5538 1697 5610 ignavi
1735 5539 1928 5612 perire

246 5623 478 5685 solent:
501 5625 655 5703 quia
683 5623 899 5687 fraude
925 5623 1211 5703 deceptus
1237 5642 1319 5683 es.

2030 1723 2184 1774 ram,
2221 1722 2258 1762 a
2279 1708 2573 1778 sanguine
2605 1708 2752 1763 Abel
2773 1707 2941 1779 justi,
2972 1721 3165 1778 usque
3212 1704 3290 1761 ad
3337 1702 3695 1779 sanguinem

2031 1796 2326 1853 Zachariae
2358 1777 2460 1851 ﬁlii
2484 1777 2787 1853 Barachiae
2818 1777 3272 1867 (Matt/unm).
3301 1796 3416 1848 Nec
3460 1777 3698 1847 deficist

2030 1886 2106 1942 de
2134 1884 2321 1941 domo
2352 1885 2520 1941 istius
2547 1886 2718 1951 Joab,
2752 1884 2983 1940 ﬂuxum
3014 1882 3258 1939 seminis
3283 1881 3601 1947 sustinens,
3631 1878 3696 1935 id

2031 1978 2137 2039 est,
2167 1974 2346 2031 variis
2374 1974 2683 2030 desideriis
2702 1972 3002 2039 difﬂuens,
3029 1972 3174 2045 quia
3191 1971 3253 2027 in
3278 1968 3692 2041 voluptatibus

2030 2063 2199 2119 istius
2219 2064 2373 2132 vitea,
2396 2063 2542 2118 tales
2586 2067 2771 2119 totam
2811 2078 2981 2134 spem
3012 2077 3187 2117 suam
3217 2063 3470 2132 ponunt,
3502 2057 3607 2112 ubi
3636 2061 3696 2113 et

2028 2151 2250 2223 leprosi
2271 2156 2411 2206 sunt
2430 2155 2696 2207 tenentes
2726 2151 2948 2217 fusum,
2979 2149 3040 2205 id
3070 2153 3159 2204 est
3183 2147 3363 2204 variis
3387 2144 3691 2203 erroribus

2030 2238 2335 2305 maculati,
2355 2239 2800 2296 instabilitatem
2818 2240 3112 2295 haeresum
3126 2253 3196 2293 ac
3206 2234 3499 2293 mundani
3514 2233 3692 2290 luxus

2031 2332 2367 2400 sequentes,
2392 2330 2497 2400 qui
2512 2330 2684 2400 juxta
2708 2327 3007 2384 desideria
3026 2325 3224 2383 cordis
3243 2324 3357 2395 sui,
3378 2337 3693 2381 coacerva-
3768 2340 3775 2345 ί

2029 2418 2183 2474 bunt
2208 2417 2318 2473 sibi
2345 2418 2664 2487 magistros
2693 2417 3027 2491 prurientes
3053 2415 3301 2489 quidem
3331 2413 3604 2483 auribus,
3632 2413 3695 2468 et

2031 2523 2067 2563 a
2096 2507 2334 2563 veritate
2366 2507 2639 2562 auditum
2670 2512 3017 2564 avertentes.
3050 2528 3078 2558 «
3112 2506 3197 2561 lbi
3225 2504 3405 2561 etiam
3434 2519 3558 2559 non
3588 2502 3692 2559 de-

2031 2617 2059 2644 ‹‹
2087 2594 2237 2651 ﬁciet
2272 2596 2493 2651 cadens
2527 2595 2748 2665 gladio,
2776 2599 2831 2652 et
2849 2595 3127 2665 indigens
3149 2609 3372 2666 pane,»
3402 2591 3530 2665 qui,
3552 2607 3693 2647 cum

2028 2700 2187 2757 pane
2219 2685 2318 2741 illo
2348 2685 2453 2757 qui
2483 2684 2557 2740 de
2586 2684 2738 2740 coelo
2788 2684 3097 2741 descendit
3145 2697 3385 2755 semper
3414 2684 3611 2751 egent,
3636 2686 3697 2739 et

2027 2789 2153 2829 non
2177 2774 2337 2829 reﬁci
2368 2774 2446 2829 ab
2468 2789 2540 2829 eo
2574 2777 2899 2844 merentur,
2922 2773 3138 2830 futurae
3160 2772 3398 2828 ultionis
3424 2768 3694 2840 gladium

2027 2877 2151 2919 non
2178 2863 2437 2919 evadent
2464 2863 2553 2933 (ΙΙ
2572 2865 2720 2919 sz.
2750 2864 2851 2933 1x).

2692 2953 2828 3007 CAP
2836 2954 2921 3008 UT
2950 2953 3038 3008 Ν.

2100 3060 2129 3089 ‹‹
2154 3038 2466 3094 Venientes
2507 3038 2633 3094 ﬁlii
2652 3042 2944 3096 Remmon
2993 3037 3303 3095 Berothitae
3344 3035 3583 3094 Rechab
3635 3038 3695 3090 et

2025 3147 2056 3183 ‹
2087 3129 2312 3196 Baana,
2368 3127 2621 3196 ingressi
2677 3132 2818 3183 sunt
2871 3128 3134 3184 fervente
3188 3127 3285 3182 die
3341 3127 3596 3181 domum
3616 3127 3695 3178 ls-

2026 3238 2055 3267 ‹‹
2095 3215 2327 3283 boseth,
2361 3215 2468 3286 qui
2496 3215 2834 3272 dormiebat
2863 3231 3043 3288 super
3080 3219 3335 3272 stratum
3364 3228 3541 3269 suum
3571 3226 3694 3268 me-

2025 3325 2054 3355 «
2085 3303 2252 3360 ridie.
2304 3302 2560 3374 Ingressi
2608 3308 2748 3361 sunt
2785 3308 2986 3361 autem
3033 3303 3309 3373 domum,
3343 3307 3401 3359 et
3450 3299 3695 3357 ostiaria

2026 3415 2053 3443 α
2086 3393 2306 3449 domus
2331 3408 2601 3465 purgans
2639 3394 2902 3450 triticum
2946 3393 3328 3450 obdormivit.
3361 3393 3690 3447 Assumen-

2025 3504 2053 3531 ‹‹
2088 3488 2176 3538 tes
2206 3482 2405 3554 spicas
2431 3482 2606 3538 tritici
2633 3482 2883 3539 latenter
2909 3482 3164 3553 ingressi
3190 3485 3351 3549 sunt,
3377 3484 3437 3537 et
3454 3493 3696 3553 percus-

2025 3593 2054 3621 ‹‹
2087 3574 2284 3627 serent
2307 3586 2447 3626 eum
2466 3571 2534 3626 in
2565 3570 2829 3641 inguine,
2865 3592 2894 3622 η
2924 3574 2982 3627 et
3008 3571 3259 3643 reliqua.
3297 3573 3423 3627 Duo
3450 3568 3560 3624 viri
3590 3567 3694 3633 isti

2023 3660 2322 3732 principes
2353 3664 2524 3716 erant
2551 3676 2733 3732 super
2770 3660 3177 3732 expeditiones
3220 3659 3513 3716 Isboseth.
3544 3660 3697 3715 Mor-

2023 3756 2125 3806 tuo
2152 3765 2294 3806 vero
2339 3750 2538 3805 Abner
2566 3754 2631 3805 ut
2673 3750 2902 3807 Hebraei
2931 3750 3177 3806 tradunt
3217 3748 3511 3807 consiliati
3553 3745 3694 3804 sunt

2023 3854 2164 3895 cum
2195 3838 2590 3909 Miphiboseth
2622 3842 2685 3894 ut
2714 3855 2838 3895 una
2872 3838 3272 3895 interﬁcerent
3300 3837 3593 3902 Isboseth,
3634 3840 3694 3892 et

2024 3925 2310 3982 eumdem
2391 3925 2785 3998 Miphiboseth
2858 3926 3287 3983 constituerent
3341 3938 3570 3996 regem,
3629 3926 3688 3980 et

2024 4014 2299 4088 ejusdem
2331 4015 2561 4072 consilii
2589 4017 2942 4088 delatorem,
2973 4016 3257 4072 eumdem
3294 4013 3690 4088 Miphtboseth

2023 4104 2335 4171 exstitisse,
2365 4109 2425 4162 et
2449 4104 2671 4162 idcirco
2694 4105 2790 4162 hic
2834 4106 2997 4162 idem
3040 4104 3435 4178 Miphiboseth
3479 4102 3688 4160 subin-

2023 4192 2356 4251 troducitur
2390 4193 2595 4250 modo.

2094 4315 2121 4343 «
2157 4295 2292 4348 Erat
2323 4296 2523 4348 autem
2551 4292 2846 4355 Jonathaa.
2862 4292 2967 4348 ﬁlii
2991 4292 3150 4363 Saul,
3171 4291 3331 4348 ﬁlius
3351 4288 3564 4347 debilis
3583 4303 3686 4362 pe-

2026 4400 2056 4435 ι
2086 4381 2265 4436 dibus
2285 4400 2299 4450 ;
2321 4383 2730 4455 quinquennis
2762 4384 2924 4439 enim
2943 4382 3073 4454 fuit,
3086 4382 3336 4456 quando
3354 4380 3517 4438 venit
3534 4390 3685 4436 nun-

2028 4492 2055 4520 ‹‹
2089 4471 2204 4526 tius
2224 4470 2298 4525 de
2323 4472 2463 4526 Saul
2493 4474 2864 4529 etJonathan
2890 4488 2963 4528 ex
2990 4472 3230 4541 Jezrael,
3255 4491 3283 4521 »
3327 4475 3437 4527 etc.
3469 4469 3684 4523 Viden-

2026 4563 2113 4616 tes
2138 4575 2280 4615 vero
2312 4561 2518 4617 Banaa
2538 4564 2594 4617 et
2618 4561 2855 4618 Rechab
2876 4577 2913 4617 a
2928 4558 3320 4633 Miphiboseth
3351 4572 3530 4612 suum
3550 4570 3689 4627 pro-

2028 4649 2218 4705 ditum
2248 4664 2379 4705 esse
2397 4649 2734 4719 consilium,
2760 4650 2971 4705 timore
3001 4646 3311 4720 perterriti,
3351 4645 3498 4713 fuga
3532 4643 3689 4715 lapsi

2029 4741 2169 4792 sunt
2190 4737 2249 4792 in
2282 4738 2571 4805 Gethaim,
2594 4737 2951 4809 fueruntque
2980 4736 3062 4793 ibi
3086 4735 3334 4791 advenas
3370 4749 3564 4806 usque
3609 4731 3691 4788 ad

2030 4829 2265 4897 tempus
2328 4825 2495 4882 illud.
2550 4830 2806 4898 Tempus
2858 4826 3024 4894 illud,
3077 4824 3534 4896 intelligendum
3601 4823 3693 4900 est

2028 4915 2277 4989 quando
2306 4916 2446 4972 inde
2476 4917 2699 4973 reversi
2721 4916 2975 4975 domum
3000 4917 3294 4982 Isboseth,
3308 4916 3569 4973 fervente
3593 4912 3692 4968 die

2029 5005 2285 5077 ingressi
2315 5010 2475 5071 sunt,
2508 5010 2881 5063 assumentes
2934 5007 3168 5080 spicam
3192 5006 3365 5062 tritici
3393 5009 3451 5061 et
3475 5017 3691 5078 percu-

2032 5095 2239 5153 tientes
2269 5095 2485 5151 eumin
2506 5096 2769 5166 inguine.
2798 5096 3005 5169 Spicas
3032 5096 3204 5154 tritici
3230 5095 3410 5169 quasi
3439 5106 3693 5151 causam

2031 5185 2433 5259 primitiarum
2454 5185 2804 5253 tulerunt,ut
2826 5187 3120 5245 honorem
3143 5186 3271 5257 regi
3295 5185 3695 5243 deferrevide-

2032 5279 2239 5335 rentur
2248 5279 2307 5332 et
2317 5291 2525 5331 eorum
2537 5275 2711 5339 dolus
2727 5291 3117 5349 nequaquam
3130 5276 3691 5349 deprehenderetur.

2034 5363 2270 5434 Mystice
2296 5368 2498 5420 autem
2529 5364 2773 5422 ostiaria
2788 5365 3046 5423 triticum
3070 5370 3453 5438 purgat,cum
3475 5364 3694 5421 mentis

2040 5452 2721 5510 custodiadiscernendo
2736 5454 2984 5513 virtutes
3020 5471 3060 5512 a
3097 5456 3252 5512 vitiis
3287 5456 3695 5529 separat.Ques

2042 5540 2090 5595 si
2106 5540 2580 5604 obdormierit,in
2594 5546 2847 5600 mortem
2861 5544 3090 5617 proprii
3099 5544 3327 5602 domini
3346 5545 3440 5600 sui
3457 5541 3699 5599 insidia-

2051 5631 2215 5687 tores
2231 5630 2670 5705 admittet,quia
2684 5648 2823 5690 cum
2834 5633 3206 5691 discretionis
3226 5630 3558 5690 sollicitudo
3568 5638 3695 5682 ces—
