4136 6176
465 172 567 226 343

1591 179 1948 236 ANGELOMI
1991 173 2444 234 LUXOVIENSIS
2485 181 2794 240 MONACHI

3783 187 3883 242 ³44

464 293 700 359 saverit,
731 294 808 350 ad
835 294 1313 352 interﬁciendum
1341 299 1636 367 animum,
1658 301 1938 372 malignis
1961 299 2120 373 spiri-
2152 298 2204 352 Α
2235 314 2305 353 eo
2336 316 2598 374 namque
2628 308 2894 380 tempore
2925 305 3094 362 illum
3133 311 3415 375 regnasse
3442 304 3651 361 dicunt
3677 304 3738 360 in
3779 308 3886 361 He-

462 384 622 439 tibus
650 383 757 439 iter
786 384 1014 456 pandit.
1053 385 1164 450 Qui
1193 386 1443 456 ingressi
1473 390 1669 462 spicas
1714 391 1945 456 tollunt,
1979 389 2124 462 quia

464 489 607 528 mox
658 472 959 528 bonarum
1011 474 1439 543 cogitationum
1503 480 1774 548 germina
1826 480 2121 536 auferunt-

464 566 653 634 Atque
683 561 743 616 in
773 562 1018 631 inguine
1046 563 1282 632 feriunt,
1310 567 1452 638 quia
1492 569 1768 628 virtutem
1798 570 1994 628 cordis
2019 569 2124 624 de-

464 638 808 706 lectationes
839 651 1036 706 carnis
1059 653 1360 710 occidunt.
1390 657 1452 711 In
1500 657 1745 727 inguine
1791 659 2014 732 quippe
2044 659 2122 714 fe-

463 739 598 803 rire,
631 744 720 795 est
747 740 928 796 vitam
983 742 1198 797 mentis
1247 746 1444 800 carnis
1493 746 1880 804 delectatione
1927 748 2122 821 perfo-

461 832 1013 901 rare.Nequaquam
1046 847 1186 887 vero
1210 832 1477 890 lsboseth
1499 836 1607 892 iste
1637 837 1947 910 inopinata
1968 854 2124 893 mor-

465 922 520 973 te
553 918 990 984 succumberet,
1013 919 1059 974 si
1075 936 1194 976 non
1220 922 1294 976 ad
1315 924 1655 994 ingressum
1677 926 1896 982 domus
1917 927 2123 982 mulie-

464 1022 614 1074 rem,
629 1006 691 1061 id
718 1011 807 1061 est
827 1008 904 1062 ad
923 1009 1138 1064 mentis
1159 1011 1388 1068 aditum
1409 1014 1650 1070 mollem
1669 1016 2004 1073 custodiam
2025 1017 2122 1072 de-

464 1099 749 1167 putasset.
784 1096 963 1152 Fortis
994 1112 1260 1171 namque
1299 1103 1560 1175 vigilque
1610 1120 1820 1160 sensus
1849 1105 2125 1179 przeponi

467 1183 662 1239 cordis
687 1183 914 1238 foribus
955 1185 1152 1252 debet,
1186 1205 1367 1260 quem
1392 1207 1502 1246 nec
1552 1194 1929 1262 negligentiae
1961 1212 2123 1250 som-

466 1288 582 1328 nus
619 1272 940 1344 opprimat,
970 1291 1080 1330 nec
1131 1276 1483 1345 ignorantiae
1518 1298 1684 1338 error
1732 1282 1914 1340 fallat.
1959 1285 2124 1340 Unde

467 1362 618 1417 bene
641 1367 695 1417 et
718 1363 984 1419 lsboseth
1017 1367 1350 1438 appellatus
1384 1377 1491 1437 est,
1521 1372 1627 1443 qui
1672 1375 1916 1429 custode
1962 1373 2126 1429 femi-

467 1466 547 1506 na
569 1451 885 1506 hostilibus
919 1453 1131 1522 gladiis
1158 1457 1439 1514 nudatur.
1473 1460 1742 1517 lsboseth
1772 1463 1997 1536 quippe
2029 1463 2124 1519 vir

467 1541 833 1609 confusionis
859 1541 1110 1600 dicitur:
1146 1545 1236 1600 vir
1256 1552 1456 1603 autem
1488 1549 1858 1606 confusionis
1887 1557 1996 1623 est,
2020 1553 2124 1625 qui

2233 387 2403 454 bron,
2421 407 2490 446 ex
2516 409 2638 465 quo
2659 396 2903 451 devictis
2929 394 3288 460 Amalecitis,
3324 394 3397 448 de
3444 393 3647 465 spoliis
3679 410 3888 450 eorum

2233 478 2391 534 misit
2416 481 2578 539 dona
2601 486 2936 540 senioribus
2958 484 3227 553 Juda,his
3251 483 3350 555 qui
3367 488 3534 538 erant
3553 483 3611 538 in
3634 483 3888 549 Hebron,

2233 574 2289 623 et
2317 569 2407 623 his
2436 572 2540 642 qui
2569 580 2739 629 erant
2767 575 2826 629 in
2864 574 3075 640 Bethel,
3110 579 3165 628 et
3195 573 3440 645 reliquis
3479 573 3580 644 qui
3620 578 3790 629 erant
3829 573 3892 628 in

2232 658 2324 712 his
2345 659 2508 727 locis,
2533 662 2592 717 in
2618 663 2839 736 quibus
2869 668 3276 719 commoratus
3320 662 3512 717 fuerat
3543 662 3726 718 David
3759 663 3893 734 ipse

2233 753 2289 803 et
2315 751 2420 804 viri
2451 752 2599 822 ejus.
2625 755 2859 824 Mystice
2882 759 3082 809 autem
3111 752 3278 825 quod
3307 751 3491 808 David
3525 752 3764 821 triginta
3791 768 3895 806 an-

2233 854 2449 894 norum
2479 856 2729 910 regnare
2762 841 3396 914 cmpil,pra:tigurabat
3419 841 3580 913 quod
3602 841 3896 896 Dominus

2233 933 2432 983 noster
2463 931 2698 1000 triginta
2720 948 3020 987 annorum
3043 930 3291 986 venitad
3311 930 3704 1002 baptismum,
3733 936 3788 986 et
3808 931 3898 984 in-

2232 1016 2489 1088 cipiebat
2507 1021 2892 1089 Evangelium
2907 1021 3070 1090 regni
3090 1020 3436 1092 praedicare,
3453 1020 3625 1090 cujus
3637 1035 3896 1089 regnum

2233 1109 2685 1179 sempiternum,
2719 1114 2774 1165 et
2805 1115 3066 1182 potestas
3100 1110 3230 1180 ejus
3271 1109 3438 1164 alteri
3474 1125 3594 1164 non
3626 1109 3896 1164 dabitur.

2235 1196 2758 1266 Quadragenarius
2798 1199 2956 1254 enim
2987 1214 3294 1267 numerus,
3323 1198 3425 1270 qui
3470 1214 3542 1253 ex
3573 1197 3898 1270 quaterde-

2233 1285 2325 1340 nis
2356 1291 2606 1351 constat,
2627 1287 3055 1359 plenitudinem
3083 1293 3423 1359 temporum
3450 1292 3506 1341 et
3535 1303 3736 1342 rerum
3762 1303 3900 1358 per-

2233 1374 2548 1431 fectionem
2579 1377 2899 1445 signiﬁcat.
2957 1401 2982 1425 ‹‹
3010 1380 3434 1448 Unxeruntque
3478 1377 3662 1432 David
3712 1393 3902 1449 super

2235 1487 2261 1512 ‹‹
2292 1481 2533 1520 omnem
2565 1467 2740 1522 Israel
2776 1483 3002 1537 regem,
3022 1489 3050 1516 »
3082 1472 3138 1522 et
3159 1466 3408 1539 reliqua.
3437 1465 3624 1522 David
3650 1466 3742 1523 bis
3759 1483 3900 1522 esse

2234 1559 2448 1610 unctus
2473 1554 2706 1623 dicitur,
2736 1556 3002 1611 similiter
3026 1560 3083 1611 et
3112 1556 3398 1613 Dominus
3425 1558 3591 1611 Iesus
3621 1556 3902 1611 Christus

465 1629 602 1685 forti
626 1630 841 1685 mentis
878 1633 1152 1690 custodia
1195 1637 1460 1692 munitus
1491 1655 1614 1695 non
1644 1645 1751 1706 est,
1786 1642 1929 1713 quia
1975 1642 2123 1699 dum
2164 1649 2206 1703 Β
2235 1644 2400 1716 prius
2439 1646 2495 1699 in
2546 1645 2771 1717 populo
2813 1646 3181 1711 Judaeorum,
3213 1650 3350 1718 post
3387 1646 3514 1700 haec
3559 1650 3618 1700 in
3666 1645 3902 1718 populo

467 1719 707 1774 virtutes
738 1736 800 1776 se
832 1736 1008 1791 agere
1048 1725 1320 1795 aestimat,
1372 1727 1766 1786 subintrantia
1806 1731 1946 1788 vitia
1994 1748 2126 1788 nes-

468 1808 721 1864 cientem
750 1815 985 1865 necant.
1015 1815 1159 1868 Tota
1185 1813 1384 1887 itaque
1414 1816 1623 1874 virtute
1649 1820 2016 1876 muniendas
2039 1827 2126 1878 est

469 1896 665 1953 aditus
694 1898 947 1954 mentis:
1000 1902 1326 1973 nequando
1357 1920 1491 1960 eam
1537 1905 1886 1963 insidiantes
1923 1910 2123 1966 hostes

465 1990 778 2057 penetrent
799 1986 1091 2044 foramine
1118 1990 1402 2061 neglecta;
1423 1994 1817 2063 cogitationis.
1847 1998 1989 2054 Hinc
2017 2001 2122 2055 Sa-

467 2073 675 2128 lomon
698 2075 780 2130 ait
811 2095 823 2130 :
860 2098 887 2124 ‹‹
917 2077 1090 2132 Omni
1121 2081 1398 2137 custodia
1429 2098 1598 2139 serva
1629 2101 1733 2140 cor
1776 2091 1942 2142 tuum
1981 2089 2126 2161 quia

470 2177 542 2216 ex
562 2161 694 2234 ipso
723 2163 843 2218 vita
863 2166 1132 2236 procedit
1147 2167 1351 2237 (Prov.
1374 2171 1509 2240 iv).»
1534 2171 1790 2228 Virtutes
1806 2190 1949 2244 ergo
1972 2193 2126 2249 quas

471 2251 728 2320 agimus,
745 2253 1000 2322 dignum
1028 2260 1132 2320 est,
1166 2261 1232 2312 ut
1260 2274 1642 2332 summopere
1682 2261 1760 2318 ab
1786 2264 2127 2322 intentionis

471 2340 698 2412 origine
720 2357 1044 2414 pensemus
1064 2362 1077 2399 :
1101 2361 1178 2401 ne
1198 2362 1270 2402 ex
1284 2348 1446 2404 malo
1463 2355 1595 2406 ortu
1613 2352 1925 2424 prodeant,
1947 2355 2125 2411 etiam

474 2435 639 2486 recta
663 2447 800 2503 quae
825 2437 1146 2491 ostentant.

1140 2563 1366 2621 CAPUT
1395 2565 1464 2622 ν.

546 2701 580 2737 ‹
610 2685 676 2738 Et
701 2690 992 2742 venerunt
1036 2687 1324 2744 universae
1370 2691 1558 2748 tribus
1589 2695 1771 2752 Israel
1813 2697 1892 2753 ad
1941 2699 2129 2756 David

479 2794 507 2822 ‹‹
548 2771 610 2828 in
639 2773 900 2841 Hebron,
933 2775 1228 2834 dicentes:
1281 2783 1425 2837 Ecce
1455 2799 1566 2838 nos
1595 2800 1663 2843 os
1693 2791 1863 2842 tuum
1894 2793 1951 2844 et
1987 2805 2127 2845 caro

473 2883 503 2912 κ
546 2866 648 2917 tua
679 2879 912 2932 sumus,
938 2886 967 2914 »
998 2871 1055 2922 et
1080 2867 1332 2940 reliqua.
1357 2871 1511 2936 Quid
1548 2881 1876 2932 conventus
1897 2878 2005 2933 iste
2027 2880 2127 2934 tri-

2236 1734 2500 1803 gentium
2571 1735 2974 1806 principatum
3019 1735 3291 1807 sumpsit.
3346 1733 3532 1789 David
3600 1751 3740 1789 cum
3803 1735 3905 1790 tri-

2236 1823 2398 1892 ginta
2422 1829 2577 1879 esset
2607 1839 2924 1888 annorum,
2943 1839 3130 1894 regno
3147 1824 3368 1895 potitus
3392 1828 3496 1892 est,
3522 1829 3579 1878 et
3603 1823 3900 1879 Dominus

2235 1912 2405 1967 Jesus
2440 1913 2701 1969 Christus
2741 1913 2954 1969 eadem
2999 1919 3192 1978 retate,
3234 1915 3293 1969 in
3340 1914 3595 1968 Iordane
3653 1913 3837 1968 ﬂuvio
3863 1929 3907 1970 a

2235 2003 2462 2056 Joanne
2492 2002 3182 2075 baptizatus,discipulos
3202 2003 3423 2058 habere
3452 2003 3645 2075 ccepit.

2310 2112 2336 2138 ‹‹
2367 2090 2601 2146 Etabiit
2629 2107 2731 2146 rex
2755 2096 2811 2146 et
2839 2108 3050 2148 omnes
3080 2091 3189 2146 viri
3231 2092 3333 2164 qui
3367 2097 3533 2147 erant
3564 2107 3703 2147 cum
3736 2107 3810 2148 eo
3838 2091 3902 2148 in

2242 2200 2270 2226 ‹‹
2311 2179 2678 2235 Hierusalem
2710 2179 3139 2236 adlebusaeum
3167 2180 3561 2236 habitatorem
3591 2183 3783 2235 terrae.
3811 2180 3903 2235 Di-

2241 2290 2269 2317 «
2311 2272 2592 2341 ctumque
2620 2274 2711 2324 est
2736 2269 2918 2324 David
2947 2269 3021 2324 ab
3061 2270 3178 2324 eis:
3207 2273 3333 2324 Non
3363 2269 3708 2340 ingredieris
3757 2269 3900 2338 huc,

2245 2379 2271 2406 «
2314 2358 2427 2412 nisi
2470 2358 2783 2413 abstuleris
2810 2375 2999 2412 czecos
3034 2363 3090 2413 et
3124 2357 3393 2427 claudos,
3426 2357 3728 2413 dicentes:
3775 2372 3899 2412 non

2247 2468 2273 2497 ιι
2315 2447 2648 2517 egredietur
2687 2448 2872 2504 David
2911 2446 3049 2503 huc.
3085 2447 3249 2519 Cepit
3275 2453 3474 2502 autem
3507 2460 3701 2504 arcem
3728 2447 3889 2514 Sion,

2249 2559 2277 2585 ‹‹
2315 2537 2442 2592 haec
2465 2542 2551 2592 est
2574 2537 2778 2593 civitas
2799 2537 3006 2593 David.
3032 2540 3427 2608 Proposuerat
3445 2537 3600 2593 enim
3623 2534 3802 2590 David
3827 2534 3890 2589 in

2247 2649 2274 2675 «
2315 2626 2409 2682 die
2440 2626 2538 2683 illa
2587 2627 2922 2699 praemium,
2952 2627 3055 2698 qui
3103 2627 3496 2699 percussisset
3535 2625 3894 2688 Jebusaaum,

2246 2739 2271 2765 ‹‹
2315 2720 2371 2771 et
2394 2716 2674 2787 tetigisset
2699 2715 3014 2772 domatum
3041 2715 3291 2783 ﬁstulas,
3324 2721 3381 2772 et
3411 2715 3658 2771 claudos
3695 2719 3752 2770 et
3781 2730 3897 2769 cte-

2246 2829 2272 2856 ‹‹
2315 2820 2418 2861 cos
2449 2805 2716 2861 odientes
2762 2807 3028 2861 animam
3071 2805 3275 2861 David.
3317 2805 3540 2860 Idcirco
3581 2804 3794 2860 dicitur
3837 2804 3899 2859 in

2243 2917 2271 2944 ‹‹
2310 2894 2650 2968 proverbio.
2681 2895 2886 2950 Caecus
2930 2899 2986 2950 et
3024 2895 3276 2949 claudus
3326 2911 3447 2950 non
3487 2893 3793 2949 intrabunt
3837 2894 3899 2949 in

474 2950 667 3049 bum}:
701 2952 878 3008 Israel
903 2954 982 3057 ad
1013 2957 1201 3057 David
1248 2959 1572 3057 gigeiﬁcat.
1608 2964 1723 3057 nisi
1766 2973 2130 3057 conventum
2167 3003 2207 3057 ρ
2243 3007 2269 3034 ‹‹
2311 2950 2620 3056 templum.
2659 2984 2952 3040 Habitavit
2981 2990 3182 3040 autem
3216 2984 3399 3040 David
3429 2984 3491 3039 in
3522 2999 3679 3049 arce,
3712 2989 3770 3038 et
3797 2999 3899 3038 vo-

475 3039 749 3095 omnium
798 3043 1064 3109 gentium
1117 3045 1194 3102 ad
1241 3048 1578 3108 Christum?
1622 3055 1763 3118 Quae
1817 3054 1898 3110 illi
1951 3059 2127 3129 quasi

474 3128 842 3186 blandiendo
870 3132 1077 3190 dicunt
1103 3154 1114 3190 :
1150 3139 1294 3192 Ecce
1321 3155 1432 3195 nos
1462 3157 1530 3196 os
1563 3146 1732 3199 tuum
1761 3150 1818 3200 et
1847 3128 1985 3202 caro
2031 3151 2131 3204 tua

473 3235 706 3289 sumus,
740 3237 879 3277 cum
908 3222 967 3278 in
1000 3223 1099 3280 illo
1124 3225 1623 3298 incarnationem,
1667 3249 1854 3306 quam
1883 3251 1956 3292 ex
1987 3253 2127 3293 nos-

471 3312 562 3363 tra
593 3314 809 3367 natura
833 3311 895 3366 in
922 3313 1168 3399 virginis
1195 3323 1358 3373 utero
1385 3321 1647 3393 suscipit,
1669 3323 1924 3392 diligunt
1951 3332 2130 3399 atque

468 3401 848 3460 venerantur,
880 3398 930 3467 ej
943 3415 1134 3470 usque
1165 3403 1376 3459 ditioni
1407 3408 1662 3464 subdere
1705 3427 1766 3466 se
1820 3398 2129 3488 appetunt,

468 3481 642 3550 eique
663 3483 882 3538 servire
903 3488 1068 3541 omni
1097 3493 1361 3560 tempore
1385 3493 1747 3552 desiderant.
1780 3481 1942 3556 Unde
1968 3481 2130 3559 Psal;

468 3567 647 3624 mista
675 3569 853 3627 dicit:
912 3595 938 3622 ‹‹
969 3567 1435 3636 Reminiscentur
1481 3588 1538 3638 et
1589 3594 2007 3645 convertentur
2051 3594 2130 3648 ad

469 3657 793 3714 Dominum
855 3663 1118 3720 universi
1166 3667 1316 3724 ﬁnes
1360 3674 1550 3727 terrae.
1578 3676 1643 3729 Et
1682 3676 2023 3735 adorabunt
2069 3682 2128 3736 in

467 3752 794 3819 conspectu
825 3750 955 3821 ejus
1006 3768 1216 3810 omnes
1269 3759 1472 3829 patriae
1518 3764 1804 3831 gentium,
1838 3769 2127 3838 quoniam

467 3835 703 3926 Domini
733 3842 822 3894 est
846 3855 1123 3912 regnum,
1159 3850 1216 3901 et
1245 3847 1373 3919 ipse
1421 3849 1832 3910 dominabitur
1856 3835 2128 3926 gentium

464 3924 864 3995 (Psal.xx1).»
900 3932 1196 3991 Venerunt
1222 3951 1464 4010 quoque
1515 3946 1571 3996 et
1621 3959 1794 3999 senes
1844 3924 1917 4000 de
1952 3949 2129 4004 Israel

465 4013 546 4068 ad
574 4031 777 4109 regem
806 4017 867 4073 in
911 4020 1171 4093 Hebron,
1201 4041 1339 4082 cum
1384 4032 1691 4101 prophetae
1741 4039 1798 4090 et
1847 4039 2125 4109 apostoli,

465 4117 588 4156 una
606 4103 744 4173 ﬁde,
763 4110 818 4161 et
844 4109 975 4178 pari
995 4110 1333 4182 devotione,
1353 4118 1428 4172 ad
1447 4119 1830 4178 Mediatorem
1853 4103 2126 4182 nostrum

467 4199 847 4288 concurrunt.
878 4200 953 4251 De
975 4201 1196 4271 quibus
1215 4205 1504 4276 scriptum
1530 4215 1635 4265 est:
1671 4213 2002 4286 «Principes
2027 4233 2128 4288 po-

464 4277 590 4349 puli
610 4289 980 4372 concurrunt
999 4286 1059 4342 in
1095 4305 1285 4345 unum
1307 4308 1447 4349 cum
1467 4298 1584 4354 Deo
1605 4277 1914 4358 Abraham
1937 4277 2122 4372 (Ρέαι.

463 4367 696 4438 va1).»
746 4374 810 4426 Et
839 4372 1018 4429 alibi:
1068 4382 1179 4434 «In
1235 4388 1559 4454 conspectu
1614 4383 1843 4446 senum'
1876 4367 2123 4451 suorum

463 4454 825 4524 gloriabitur
852 4463 994 4532 (Isa.
1021 4468 1238 4541 xx1v).n

538 4587 566 4615 «
591 4565 765 4665 Filius
783 4569 1021 4641 triginta
1037 4591 1336 4637 annorum
1353 4588 1480 4641 erat
1501 4587 1848 4659 David,cum
1865 4610 2116 4665 regnare

465 4674 495 4747 ς(
526 4656 829 4728 cmpisset,
847 4665 904 4715 et
933 4666 1337 4740 quadraginta
1353 4674 1527 4730 annis
1553 4656 1840 4747 regnavit.
1873 4707 1900 4734 »
1927 4656 1987 4739 Iun
2017 4687 2125 4742 He-

459 4741 617 4799 bron
642 4752 928 4840 regnavit
975 4772 1154 4830 super
1187 4761 1403 4819 Iudam
1435 4771 1662 4840 septem
1710 4773 1885 4830 annis
1917 4781 1972 4832 et
2020 4793 2123 4833 sex

461 4833 807 4935 mensibus:
846 4840 909 4894 in
949 4844 1307 4906 Hierusalem
1337 4860 1536 4913 autem
1575 4862 1844 4930 regnavit
1883 4865 2123 4935 triginta

459 4917 650 4973 tribus
668 4925 1048 5019 annis,super
1062 4951 1305 4997 omnem
1322 4946 1498 5002 Israel
1511 4954 1565 5005 et
1580 4917 1815 5010 Iudam.
1828 4917 2122 5018 tluzecritur

461 5018 570 5059 cur
585 5020 709 5062 non
724 5018 786 5065 m
816 5029 1059 5076 summa
1077 5027 1480 5100 quadraginta
1511 5041 1650 5096 anni
1679 5047 1736 5099 et
1760 5061 1861 5101 sex
1881 5065 2118 5104 menses

461 5105 934 5197 ari—numerentur
955 5105 982 5160 ?
1011 5112 1178 5197 quod
1208 5116 1286 5173 ab
1319 5122 1575 5182 Hebraeis
1605 5129 1845 5188 duobus
1873 5137 2120 5193 solvitur

695 5184 908 5248 Dicunt
927 5180 1088 5254 enim
1103 5206 1268 5275 quod
1288 5209 1470 5269 David
1491 5180 1593 5272 sex
1606 5180 2114 5280 mensibuvsvavbsa:

598 5270 789 5332 ﬁlium
811 5295 990 5341 suum
1022 5288 1274 5365 fugerit;
1307 5301 1518 5358 merito
1539 5305 1717 5374 igitur
1739 5309 1981 5367 eosdem
2011 5325 2116 5370 sex

454 5370 750 5459 111811868}
771 5383 1015 5431 summa
1033 5383 1201 5450 regni
1221 5384 1376 5443 illius
1411 5407 1538 5447 esse
1568 5370 1874 5455 exclusos.
1906 5401 2115 5459 Dicunt

455 5449 635 5548 etiam
657 5452 833 5548 aliter“
867 5466 1033 5533 quod
1057 5449 1158 5525 sex
1176 5487 1213 5528 a
1235 5479 1545 5535 mensibus
1567 5483 1626 5537 in

425 5582 430 5586 .
452 5537 722 5641 quadam
738 5544 1080 5610 inﬁrmitate
1111 5565 1383 5633 corporis
1409 5565 1786 5641 Iaboraverit,
1808 5583 1864 5632 et
1892 5577 2113 5635 idcirco

451 5625 697 5686 eosdem
718 5648 822 5689 sex
836 5652 1077 5698 menses
1096 5661 1221 5705 non
1245 5659 1564 5727 supputari
1579 5660 1640 5722 in
1657 5625 1842 5730 regno
1867 5669 2108 5739 ejus.Ex

2242 3097 2268 3124 «
2313 3075 2466 3129 cavit
2495 3089 2629 3129 eam
2660 3074 2956 3130 civitatem
2990 3075 3197 3129 David.
3235 3077 3299 3129 Et
3329 3071 3646 3129 aediﬁcavit
3665 3089 3772 3145 per
3795 3089 3900 3146 gy-

2241 3188 2268 3215 «
2312 3181 2444 3219 rum
2474 3163 2691 3221 aMello
2719 3169 2775 3219 et
2797 3164 3213 3234 intrinsecus,»
3247 3169 3303 3220 et
3321 3163 3568 3236 reliqua.
3595 3164 3684 3218 Ait
3704 3163 3895 3224 enim;

2243 3278 2270 3306 ‹‹
2313 3255 2437 3311 Non
2487 3254 2834 3325 ingredieris
2888 3256 3024 3322 huc,
3057 3255 3169 3310 nisi
3219 3254 3532 3311 abstuleris
3588 3270 3784 3310 caecos
3842 3256 3899 3307 et

2241 3343 2549 3412 claudos,»
2582 3349 2692 3401 etc.
2727 3347 2808 3400 Ac
2839 3345 2886 3400 si
2909 3345 3142 3401 dicatur
3169 3345 3247 3402 ab
3274 3344 3357 3400 eis
3384 3360 3397 3399 :
3447 3347 3571 3400 Non
3604 3343 3897 3413 ingredie-

2240 3439 2334 3490 tur
2355 3435 2471 3490 huc
2502 3435 2708 3500 David,
2740 3435 2932 3490 donec
2959 3451 3070 3491 nos
3100 3435 3238 3491 hinc
3280 3433 3532 3497 auferat,
3562 3449 3719 3506 quos
3746 3434 3898 3488 iner—

2240 3539 2368 3579 mes
2396 3529 2452 3579 et
2479 3524 2806 3579 imbecilles
2839 3525 2990 3581 sicut
3020 3541 3210 3580 caecos
3244 3530 3302 3580 et
3341 3523 3589 3580 claudos
3637 3538 3767 3577 esse
3797 3537 3896 3576 ar-

2237 3610 2507 3682 bitratur,
2530 3617 2586 3669 et
2610 3630 2762 3685 quos
2783 3613 2939 3670 bello
2961 3629 3378 3684 aggressurus,
3406 3612 3554 3668 sicut
3572 3610 3819 3665 claudos
3836 3615 3896 3665 et

2239 3718 2428 3757 czecos
2455 3718 2516 3757 se
2540 3703 3050 3774 triumphaturum
3075 3706 3263 3776 putat.

2310 3791 2592 3846 «Idcirco
2639 3791 2855 3848 dicitur
2897 3793 2958 3847 in
3008 3792 3356 3866 proverbio:
3391 3794 3593 3848 Caecus
3635 3795 3692 3846 et
3728 3788 3894 3844 clau-

2239 3903 2266 3929 ‹‹
2297 3881 2412 3936 dus
2445 3897 2566 3937 non
2596 3881 2903 3938 intrabunt
2929 3882 3243 3955 templum,
3274 3905 3300 3932 ››
3331 3882 3392 3937 id
3421 3888 3527 3947 est,
3555 3895 3679 3936 non
3715 3883 3898 3935 intra-

2238 3971 2323 4027 bit
2346 3971 2592 4044 quilibet
2621 3971 2872 4028 domum
2900 3971 3255 4028 claudor-um
3288 3976 3344 4027 et
3364 3987 3682 4038 caecorum,
3703 3985 3896 4042 quan-

2237 4062 2340 4117 diu
2385 4079 2578 4117 caecus
2607 4067 2663 4118 et
2714 4059 2962 4117 claudus
2994 4062 3147 4117 Intro
3206 4062 3394 4118 fuerit.
3447 4063 3898 4133 «Proposuerat

2237 4153 2396 4207 enim
2430 4152 2615 4206 David
2651 4152 2712 4206 in
2739 4151 2832 4207 die
2871 4151 2971 4208 illa
2999 4150 3336 4225 praemium,
3369 4152 3473 4226 qui
3501 4148 3897 4225 percussisset

2240 4242 2597 4309 Jebusaeum,
2632 4243 2909 4313 tetigisset
2938 4243 3256 4299 domatum
3286 4242 3517 4299 ﬁstulas
3553 4260 3567 4310 ;
3615 4245 3671 4297 et
3701 4251 3896 4294 caecos

2157 4349 2202 4400 ι)
2239 4339 2292 4388 et
2321 4328 2569 4388 claudos
2598 4333 2863 4389 odientes
2895 4333 3161 4390 animam
3195 4334 3400 4390 David.
3437 4356 3465 4384 »
3524 4337 3585 4388 In
3640 4330 3890 4387 Hebraeo

2237 4421 2315 4479 ita
2345 4422 2630 4479 habetur:
2666 4447 2692 4472 «
2715 4425 2777 4480 Iit
2807 4420 2952 4480 dixit
2981 4421 3167 4480 David
3215 4425 3274 4479 in
3306 4424 3401 4479 die
3451 4423 3571 4479 illa.
3611 4422 3719 4488 Qui
3759 4436 3890 4493 per-

2235 4513 2479 4570 cusserit
2529 4513 2899 4582 Jebusaaum,
2955 4521 3011 4570 et
3069 4511 3316 4583 tetigerit
3366 4511 3597 4568 ﬁstulas
3645 4513 3887 4575 domus,

2233 4604 2339 4660 erit
2366 4603 2617 4676 primus.
2646 4625 2672 4652 ι)
2706 4607 2770 4658 Ει
2799 4604 2860 4658 in
2893 4603 3390 4676 Paralipomenon
3427 4622 3438 4656 :
3469 4621 3497 4653 α
3524 4601 3729 4658 Omnis
3783 4599 3889 4672 qui

2233 4691 2587 4766 percusserit
2616 4693 2959 4750 Jebusaeum
2991 4693 3048 4748 in
3100 4693 3309 4765 primis
3354 4693 3460 4748 erit
3501 4691 3780 4763 princeps
3832 4693 3896 4744 et

2231 4783 2375 4851 dux,
2412 4800 2439 4831 ι
2466 4783 2528 4838 id
2557 4787 2662 4849 est,
2695 4784 2801 4856 qui
2854 4787 3029 4839 tanta;
3081 4782 3254 4838 fuerit
3309 4781 3595 4846 audacia,
3627 4784 3684 4835 et
3731 4775 3893 4834 forti-

2231 4867 2472 4940 tudinis,
2505 4875 2567 4928 ut
2615 4871 2692 4928 ad
2745 4888 2986 4928 murum
3040 4870 3290 4927 civitatis
3334 4885 3524 4942 usque
3585 4869 3800 4936 veniat,
3834 4865 3893 4921 et

2229 4955 2402 5016 hasta
2437 4975 2548 5016 sua
2586 4959 2850 5016 ﬁstulam
2881 4975 3016 5033 quae
3065 4962 3125 5014 in
3176 4975 3349 5014 muro
3373 4963 3460 5013 est
3510 4961 3731 5026 tangat,
3759 4956 3888 5026 ipse

2229 5051 2525 5123 princeps.
2561 5049 2840 5106 Ascendit
2878 5050 3056 5118 igitur
3112 5048 3341 5120 primus
3371 5047 3522 5104 Joab
3552 5044 3710 5100 ﬁlius
3761 5045 3891 5099 Sar-

2226 5139 2357 5206 viae,
2385 5144 2442 5195 et
2463 5139 2654 5195 factus
2680 5144 2768 5194 est
2803 5139 3103 5210 princeps.
3161 5138 3304 5193 Hinc
3344 5137 3637 5209 Josephus
3685 5140 3891 5206 aperte

2225 5227 2546 5285 describit:
2583 5229 2906 5296 Exurgens,
2930 5227 3142 5298 inquit,
3181 5225 3362 5282 David
3393 5241 3533 5280 cum
3581 5223 3888 5292 omnibus,

2225 5315 2385 5369 venit
2435 5315 2497 5369 in
2557 5315 3052 5387 Hierosolymam,
3110 5315 3400 5370 Jebuszeis
3475 5312 3892 5369 habitantibus

2224 5403 2518 5460 civitatem
2569 5400 2690 5476 (qui
2740 5409 2909 5460 erant
2937 5420 3006 5459 ex
3027 5419 3242 5474 genere
3283 5401 3802 5472 Chananaeorum),
3834 5405 3893 5456 et

2225 5493 2640 5548 claudentibus
2669 5495 2752 5549 eis
2783 5500 2988 5566 portas
3023 5498 3079 5550 et
3110 5509 3299 5551 caucos
3343 5497 3588 5565 aspectu
3632 5497 3690 5546 et
3729 5491 3893 5547 clau-

2223 5581 2353 5648 dos,
2389 5598 2720 5656 omnesque
2747 5584 3037 5657 leprosos,
3058 5585 3133 5640 ad
3165 5583 3523 5639 derisionem
3557 5581 3711 5648 regis
3748 5593 3889 5635 con-

2229 5669 2607 5730 stitUentibus
2621 5691 2801 5749 super
2818 5689 3060 5733 murum
3075 5669 3582 5740 dicentibus,quia
3601 5668 3888 5741 prohibe-
