4130 6182
275 151 379 217 345

1261 160 1509 216 ENARR.
1552 161 1618 215 IN
1662 157 1906 214 LIBROS
1946 157 2202 213 REGUM.
2246 187 2312 199 --
2355 159 2419 212 IN
2461 157 2591 212 LIB.
2635 157 2699 212 II.

3571 157 3675 215 346

274 297 411 337 eum
438 279 574 336 caeci
601 279 841 349 ingredi
861 281 921 336 in
946 279 1259 347 civitatem,
1283 299 1418 354 quae
1449 287 1646 339 tamen
1677 280 1933 350 agebant
1964 281 2009 336 Α
2046 282 2144 353 qui
2175 281 2522 354 pris:Sqiiam
2543 281 2825 351 crederet,
2853 278 3053 335 divina
3070 284 3368 351 praecepta
3391 282 3700 355 parvipen-

269 370 664 443 despicientes
679 385 822 424 eum
841 385 950 442 pro
973 369 1232 426 maxima
1251 371 1582 427 munitione
1602 386 1932 426 murorum.

269 463 461 515 Iratus
476 475 584 514 rex
608 457 1085 530 Hierosolymam
1107 458 1381 515 obsidere
1404 460 1602 532 ccepit,
1645 464 1701 515 et
1751 457 1935 514 multo

268 547 478 603 studio
508 552 566 603 et
589 546 792 603 labore
824 547 1027 602 conari
1063 554 1122 602 ut
1151 564 1287 603 eam
1330 554 1593 621 caperet,
1639 553 1937 620 quatenus

269 635 333 690 in
366 636 503 708 ipso
550 634 916 707 principatus
959 635 1123 691 initio
1158 653 1331 692 suam
1377 636 1784 692 fortitudinem
1833 635 1936 689 de-

270 729 654 780 monstraret.
687 724 1103 780 Interminatus
1135 725 1334 798 itaque
1375 731 1430 782 et
1475 727 1618 799 ipsis
1658 730 1713 781 et
1741 724 1838 779 alii
1872 725 1936 794 (si

269 815 375 886 qui
407 814 558 869 forte
593 813 884 869 haberent
910 814 1199 870 adversus
1233 831 1368 870 eum
1413 816 1724 872 resistendi
1756 831 1937 870 cona-

266 905 428 973 men)
468 903 809 958 inferiorem
859 903 1180 970 civitatem,
1231 921 1456 974 magna
1501 905 1713 960 virtute
1761 904 1934 975 cepit.

269 995 546 1064 Cumque
574 991 772 1047 adhuc
795 1008 993 1047 arcem
1025 993 1291 1048 obtinere
1318 1010 1439 1048 non
1468 999 1701 1066 posset,
1734 993 1932 1065 ccepit,

267 1081 536 1137 honores
593 1086 652 1136 et
691 1097 944 1137 munera
973 1082 1399 1154 promittendo,
1432 1099 1532 1138 rex
1579 1099 1808 1155 pronus
1861 1081 1936 1137 ad

273 1186 424 1242 opus
455 1169 597 1226 belli
627 1170 1064 1226 commilitones
1095 1187 1445 1243 provocare,
1492 1177 1555 1228 ut
1582 1171 1933 1244 quicunque

276 1274 379 1330 per
399 1259 610 1314 subtus
631 1257 810 1313 colles
851 1259 910 1313 in
951 1275 1152 1314 arcem
1197 1260 1641 1329 conscenderet,
1679 1275 1935 1331 eamque

283 1352 535 1419 caperet,
553 1347 957 1419 principatum
987 1347 1206 1403 militiae
1230 1349 1407 1404 totius
1432 1348 1638 1422 populi
1661 1347 1937 1421 posside-

290 1440 399 1489 ret.
442 1437 665 1491 Cunctis
705 1435 908 1508 itaque
959 1436 1360 1492 conscendere
1401 1437 1838 1500 festinantibus,
1881 1441 1937 1490 et

299 1522 461 1577 nullo
483 1522 671 1579 labore
697 1540 807 1596 pro
831 1525 1096 1580 muneris
1126 1525 1510 1581 retributione
1536 1524 1932 1587 tardantibus,

302 1611 506 1667 Sarvia:
529 1611 676 1668 ﬁlius
695 1613 847 1668 Ioab
869 1614 1157 1686 praevenit
1181 1615 1587 1671 universos.Et
1603 1614 1936 1670 ascendens
1967 1630 2008 1682 Β

287 1701 343 1754 in
383 1702 713 1770 cacumine,
755 1702 1037 1758 clamavit
1063 1703 1138 1758 ad
1170 1719 1394 1773 regem,
1439 1704 1682 1772 exigens
1717 1702 1937 1758 militiai

275 1787 978 1863 principatum.Expulsis
995 1791 1194 1864 itaque
1215 1808 1318 1847 rex
1339 1791 1412 1847 de
1436 1808 1676 1848 summa
1700 1807 1835 1847 arce
1854 1793 1940 1846 Ie-

265 1876 580 1945 busaeis,et
596 1879 970 1935 retediﬁcans
982 1880 1279 1936 civitatem
1298 1880 1774 1952 Hierosolymam
1792 1895 1944 1934 nun-

263 1968 532 2037 cupavit,
559 1973 616 2023 et
633 1968 800 2023 omni
817 1973 1083 2040 tempore
1102 1969 1160 2024 in
1180 1985 1252 2024 ea
1269 1969 1359 2023 sui
1379 1969 1668 2024 habitavit
1685 1967 1936 2040 imperii.

259 2054 377 2110 Sed
399 2056 557 2128 quia
583 2057 646 2110 in
674 2057 788 2112 hoc
813 2057 1140 2126 volumine,
1168 2059 1264 2112 hic
1285 2058 1551 2128 primum
1575 2057 1938 2112 Hierusalem

255 2143 485 2198 civitas
507 2143 921 2199 Iebuszeorum
943 2144 1327 2216 legitur,quae
1341 2145 1402 2200 in
1415 2145 1624 2199 Genesi
1642 2145 1835 2201 Salem
1857 2147 1942 2214 (ut

253 2232 535 2286 tradunt
556 2230 808 2300 Hebraei)
835 2232 964 2286 etin
985 2232 1290 2287 volumine
1313 2233 1588 2288 Iudicum
1609 2232 1787 2288 Iebus
1809 2233 1941 2303 legi-

251 2322 390 2383 tur,
416 2323 480 2372 et
508 2318 570 2372 in
601 2317 802 2372 multis
832 2319 1155 2392 scripturis,
1187 2321 1449 2376 maxime
1478 2321 1538 2375 in
1569 2324 1728 2376 Novo
1750 2323 1942 2376 Testa-

253 2409 511 2471 mento,
547 2405 1008 2478 Hierosolyman
1033 2409 1389 2480 appellatur,
1412 2409 1828 2480 requirendum
1852 2413 1941 2464 est

253 2509 462 2567 quare
480 2494 856 2550 Hierusalem
867 2495 1232 2565 legatur.Sed
1248 2497 1518 2553 dicamus
1533 2498 1675 2569 quid
1694 2498 1750 2552 in
1769 2497 1941 2553 dictis

256 2583 598 2638 doctorum
617 2583 972 2639 invenimus.
995 2584 1500 2656 Iudaei,inquiunt,
1517 2594 1788 2641 asserunt
1803 2587 1940 2642 Sem

257 2672 466 2728 ﬁlium
491 2675 617 2727 Noe
641 2676 846 2743 (quem
869 2672 1074 2728 dicunt
1095 2674 1533 2745 Melchisedech)
1561 2676 1825 2747 primum
1855 2676 1942 2748 ip-

264 2778 396 2817 sam
422 2761 737 2815 civitatem
767 2761 1154 2829 inhabitasse,
1191 2763 1536 2836 dictamque
1563 2766 1624 2818 in
1655 2766 1941 2838 temporis

269 2851 494 2914 Salem,
527 2866 721 2922 quam
754 2857 962 2923 postea
991 2856 1310 2908 tenuerunt
1338 2853 1614 2919 Iebusaai,
1655 2870 1685 2908 e
1714 2855 1940 2926 quibus

270 2945 323 2994 et
348 2939 560 3028 sortita
590 2944 681 2994 est
706 2940 1069 2996 vocabulum
1098 2941 1298 2996 Iebus.
1327 2941 1540 3014 Sicque
1566 2942 1810 2998 duobus
1836 2959 1942 2998 no-
1977 2978 2016 3028 ο

274 3027 541 3082 minibus
573 3028 870 3100 copulatis
898 3029 1080 3084 Iebus
1112 3035 1168 3084 et
1202 3029 1418 3099 Salem,
1451 3036 1664 3086 vocata
1693 3038 1780 3087 est
1811 3033 1941 3088 Hie-

279 3116 533 3171 rusalem
546 3133 700 3188 .quaa
723 3122 931 3188 postea
945 3134 978 3172 a
995 3118 1316 3174 Salomone
1334 3119 1751 3191 Hierosolyma
1765 3121 1940 3194 quasi

287 3203 806 3272 Hierosalomonis,
841 3205 953 3261 hoc
979 3212 1068 3261 est
1090 3207 1251 3260 mdes
1278 3207 1615 3262 Salomonis
1646 3208 1804 3264 dicta
1832 3213 1935 3264 est.

301 3293 430 3345 Haec
448 3297 505 3347 et
522 3300 783 3366 corrupte
807 3310 844 3350 a
860 3295 1052 3367 poetis
1077 3294 1322 3366 Solyma
1342 3301 1749 3369 nuncupatur.
1777 3298 1939 3354 Unde

297 3386 413 3451 per
434 3386 664 3452 tropum
691 3384 790 3454 qui
835 3399 873 3439 a
909 3384 1321 3453 grammaticis
1355 3386 1556 3440 tmesis
1582 3385 1935 3458 appellatur,

305 3469 628 3539 disjunctim
647 3487 679 3526 a
697 3477 875 3544 poeta
894 3473 952 3528 in
973 3477 1249 3545 poemate
1267 3473 1526 3546 ponitur.
1544 3474 1736 3541 Hiero,
1755 3492 1938 3548 quem

294 3559 487 3627 genuit
514 3560 770 3631 Solymis
801 3561 1079 3617 Davidica
1108 3562 1328 3634 proles,
1363 3563 1478 3618 hoc
1503 3568 1592 3618 est
1612 3564 1939 3636 Hierosoly-

288 3649 414 3702 mis.
441 3649 554 3714 Qui
579 3656 788 3720 postea
808 3649 886 3705 ab
911 3650 1062 3705 Elio
1087 3650 1385 3707 Hadriano
1409 3657 1624 3709 vocata
1644 3659 1731 3708 est
1760 3653 1935 3708 )Elia.

287 3736 392 3791 Sed
419 3737 599 3792 nobis
629 3737 869 3792 videtur
888 3739 1053 3810 quod
1083 3739 1239 3794 binis
1265 3740 1612 3796 nominibus
1641 3749 1848 3797 vocata
1864 3745 1938 3797 sit

280 3825 424 3881 sicut
451 3826 765 3882 nonnullae
796 3825 1060 3882 civitates
1089 3828 1254 3900 quod
1283 3829 1345 3883 in
1374 3828 1527 3884 libro
1546 3829 1824 3886 Iudicum
1846 3848 1933 3885 os-

273 3915 560 3982 tenditur,
603 3915 709 3970 ubi
748 3914 997 3984 legitur:
1060 3916 1169 3979 Qui
1219 3915 1504 3987 pergebat
1560 3917 1620 3972 in
1669 3923 1936 3974 montem

271 4005 585 4076 Ephraim,
616 4003 914 4075 venitque,
946 4003 1139 4075 inquit
1168 4004 1485 4076 Scriptura,
1518 4010 1725 4060 contra
1755 4007 1937 4062 Iebus

266 4110 401 4166 quae
430 4093 556 4148 alio
589 4093 834 4147 nomine
863 4091 1174 4147 dicebatur
1200 4093 1584 4149 Hierusalem.
1640 4096 1718 4148 De
1764 4096 1937 4165 cujus

262 4183 540 4244 nomine,
568 4180 807 4253 plenius
832 4179 891 4235 in
915 4180 1114 4235 libello
1143 4197 1325 4252 quem
1350 4198 1543 4254 nuper
1571 4182 1630 4236 in
1664 4184 1936 4240 Genesim

262 4271 597 4332 edidimus,
632 4268 1094 4340 disputavimus.
1139 4269 1237 4324 His
1273 4269 1433 4325 enim
1478 4271 1824 4343 praelibatis,
1856 4273 1933 4328 ad

262 4358 661 4430 allegoricam
697 4357 1188 4426 signiﬁcationem
1219 4358 1442 4429 stylum
1466 4364 1790 4416 vertamus.
1822 4362 1934 4416 Da-

261 4450 354 4504 vid
387 4463 608 4504 arcem
659 4446 796 4500 Sion
828 4445 1003 4518 cepit,
1049 4446 1264 4501 ablatis
1293 4447 1459 4518 prius
1489 4448 1660 4503 caecis
1689 4455 1744 4504 et
1771 4450 1936 4505 clau-

263 4538 350 4592 dis
386 4533 751 4592 odientibus
802 4534 1066 4590 animam
1114 4535 1318 4590 David.
1374 4534 1464 4590 Sic
1503 4537 1787 4592 nimirum
1827 4541 1937 4594 Do-

259 4627 471 4682 minus
511 4626 696 4680 Iesus
744 4623 1013 4678 Christus
1070 4629 1206 4696 post
1242 4624 1723 4696 reprobationem
1785 4627 1936 4684 Scri-

266 4713 488 4769 barum
524 4719 711 4784 atque
739 4711 1196 4780 Pharisaeorum,
1227 4713 1330 4784 qui
1348 4730 1483 4770 vere
1500 4714 1636 4769 caeci
1665 4721 1720 4770 et
1740 4715 1938 4771 claudi

269 4811 404 4859 sunt
439 4801 760 4875 appellati,
803 4801 1072 4856 odientes
1102 4802 1371 4857 animam
1401 4802 1674 4872 ejusdem
1706 4804 1934 4859 Domini

269 4894 404 4946 Iesu
435 4891 678 4959 Christi,
715 4889 777 4944 id
815 4894 908 4944 est
949 4889 1132 4944 vitam
1178 4890 1308 4960 ejus
1353 4889 1584 4946 auferre
1625 4898 1935 4959 conantes,

278 4979 685 5051 principatum
707 4978 767 5032 in
801 4977 1075 5044 Ecclesia,
1121 4994 1307 5050 quam
1333 4994 1406 5033 ex
1429 4979 1706 5048 gentibus
1730 4982 1938 5053 acqui-

285 5066 430 5134 sivit,
452 5069 733 5124 obtinuit.
764 5067 1088 5122 Domatum
1112 5082 1254 5122 vero
1280 5066 1492 5124 ﬁstulae
1521 5068 1735 5124 falsam
1756 5070 1940 5124 scien-

283 5154 418 5212 tiam
472 5157 661 5226 hujus
715 5154 949 5222 mundi,
1024 5171 1131 5210 seu
1184 5154 1594 5211 haereticorum
1651 5157 1939 5226 dogmata

274 5243 572 5315 ﬁgurasse
606 5260 730 5299 non
760 5243 1014 5298 dubium
1045 5248 1149 5299 est.
1198 5245 1339 5308 Quae
1397 5245 1603 5300 omnia
1649 5245 1938 5300 Dominus

265 5337 440 5389 Iesus
468 5333 764 5398 Christus,
808 5347 916 5404 per
962 5331 1383 5402 praedicatores
1413 5348 1577 5401 suos,
1627 5332 1790 5386 velut
1831 5350 1938 5404 per

263 5424 421 5480 Ioab
474 5421 783 5495 percussit
824 5425 1001 5492 atque
1044 5419 1350 5487 destruxit,
1411 5425 1468 5476 et
1525 5420 1828 5476 destruere
1877 5421 1936 5475 in

267 5513 544 5568 Ecclesia
572 5526 686 5564 sua
711 5525 832 5564 non
856 5508 1088 5564 desinit.
1113 5509 1420 5564 Iebuszeus
1440 5525 1603 5579 vero,
1627 5508 1729 5580 qui
1757 5509 1934 5564 inter-

267 5607 548 5672 pretatur
576 5599 960 5663 conculcans,
994 5597 1289 5669 populum
1319 5597 1617 5664 signiﬁcat
1645 5598 1933 5666 gentium,

1963 4324 2010 4378 D

2045 369 2194 425 dens
2224 371 2632 427 conculcabat.
2671 371 2947 425 Dicamus
2979 374 3033 423 et
3065 368 3262 422 aliter:
3300 371 3362 424 In
3393 371 3503 426 hoc
3531 371 3699 443 quod

2049 459 2229 513 David
2253 459 2593 514 Iebusaeum
2621 459 3017 514 habitatorem
3044 461 3209 512 terrie
3237 456 3309 512 de
3336 458 3698 516 Hierusalem

2045 547 2234 618 ejecit,
2289 553 2344 602 et
2392 565 2565 603 suam
2601 548 2891 603 civitatem
2924 547 3076 615 fecit,
3106 545 3558 615 significabatur
3590 551 3700 604 Do-

2048 636 2275 691 minum
2310 642 2627 692 venturum
2655 654 2856 692 verum
2893 636 3098 701 David,
3123 636 3227 707 qui
3249 636 3575 691 contrarias
3600 652 3704 710 po-

2048 730 2281 780 testates
2311 725 2384 779 de
2416 727 2698 781 cordibus
2725 726 2989 781 ﬁdelium
3023 725 3357 796 expelleret,
3411 731 3466 781 et
3514 726 3594 781 sic
3640 727 3698 782 in

2045 814 2128 868 eis
2161 831 2333 869 suam
2367 815 2740 870 mansionem
2776 815 3178 869 constitueret.
3235 814 3396 869 Unde
3429 831 3532 885 per
3561 832 3700 887 pro-

2045 903 2290 974 phetam
2321 902 2462 956 dicit
2488 921 2499 956 :
2555 926 2580 951 α
2637 905 2701 957 Et
2751 901 3102 956 inliabitabo
3133 906 3189 956 et
3217 901 3609 958 inambulabo
3640 903 3700 958 in

2045 990 2176 1055 illis,
2207 997 2262 1045 et
2283 1007 2382 1045 ero
2411 1007 2616 1046 eorum
2645 993 2820 1058 Deus,
2844 996 2900 1045 et
2922 989 3033 1062 ipsi
3065 995 3237 1045 erunt
3268 991 3410 1046 mihi
3440 991 3702 1064 populus

2047 1081 2205 1145 (Lev.
2240 1097 2416 1144 xxvi;
2455 1083 2511 1134 [Ι
2559 1081 2685 1136 Cor.
2730 1080 2824 1148 Vi).
2871 1102 2897 1127 ››
2949 1079 3256 1132 Iebusrelis
3305 1081 3486 1149 enim,
3529 1081 3702 1152 juxta

2045 1169 2202 1224 hanc
2225 1169 2696 1238 intelligentiam,
2725 1185 2846 1223 non
2880 1167 3173 1223 immerito
3196 1173 3386 1239 potest
3412 1169 3698 1241 interpre-

2045 1249 2151 1304 tari
2186 1249 2466 1304 calcatus.
2508 1249 2732 1304 Etenim
2764 1247 2944 1304 David
2975 1249 3150 1303 etiam
3185 1247 3336 1302 Ioab
3365 1249 3469 1319 qui
3500 1265 3698 1304 arcem

2045 1338 2220 1409 cepit,
2254 1338 2579 1409 principem
2611 1343 2667 1392 et
2695 1337 2911 1392 ducem
2943 1337 3263 1400 constituit,
3313 1336 3456 1407 quia
3501 1337 3698 1392 Domi-

2046 1442 2162 1480 nus
2195 1425 2538 1498 redemptor
2567 1430 2784 1491 noster,
2833 1441 2953 1480 non
2986 1424 3178 1480 solum
3212 1440 3317 1497 per
3346 1425 3696 1496 mysterium

2049 1510 2240 1565 crucis
2290 1525 2531 1564 omnem
2569 1509 2971 1582 principatum
3015 1508 3241 1563 diaboli
3285 1507 3589 1570 destruxit.
3645 1514 3702 1566 et

2052 1600 2288 1654 sibimet
2314 1599 2618 1654 victoriam
2653 1598 2852 1668 glorise
2887 1597 3236 1670 acquisivit;
3281 1614 3489 1653 verum
3522 1599 3699 1654 etiam

2051 1689 2326 1746 ﬁdelibus
2375 1689 2520 1756 suis,
2571 1704 2748 1759 super
2791 1704 3030 1744 omnem
3071 1687 3294 1743 diaboli
3343 1692 3699 1760 potestatem

2050 1778 2324 1832 virtutem
2358 1776 2579 1844 tribuit,
2613 1775 2762 1831 sicut
2794 1776 2919 1848 ipse
2949 1776 3008 1831 in
3041 1775 3360 1845 Evangelio
3393 1775 3700 1848 discipulis

2051 1863 2174 1917 suis
2197 1863 2309 1917 ait:
2338 1879 2367 1914 ‹
2395 1864 2537 1916 Ecce
2567 1861 2706 1914 dedi
2729 1861 2898 1916 vobis
2925 1866 3276 1933 potestatem
3304 1859 3575 1916 calcandi
3599 1876 3701 1914 su-

2048 1967 2155 2024 per
2177 1949 2541 2022 scorpiones,
2556 1955 2612 2004 et
2628 1965 2871 2004 omnem
2899 1950 3172 2004 virtutem
3192 1949 3411 2003 inimici
3429 1949 3649 2018 (Luc.x)
3671 1970 3699 1997 ››

2050 2044 2203 2096 Bene
2231 2054 2373 2109 ergo
2405 2039 2632 2094 dictum
2669 2043 2759 2093 est
2789 2039 2952 2109 quod
2982 2038 3183 2103 David,
3216 2037 3415 2108 ejectis
3446 2037 3616 2092 caecis
3646 2042 3703 2091 et

2047 2129 2298 2195 claudis,
2322 2128 2426 2200 qui
2445 2128 2731 2182 odiebant
2751 2127 3021 2181 animam
3044 2125 3249 2188 David,
3264 2125 3483 2196 ceperit
3503 2139 3701 2178 arcem

2051 2219 2212 2280 Sion,
2246 2232 2541 2290 suamque
2568 2215 2861 2269 civitatem
2887 2229 3023 2268 eam
3046 2212 3362 2281 vocaverit,
3401 2211 3543 2284 quia
3576 2209 3701 2267 Sal-

2047 2314 2218 2362 vator
2242 2309 2446 2360 noster
2475 2304 2773 2374 malignos
2805 2303 3044 2375 spiritus
3061 2318 3198 2356 cum
3222 2300 3399 2356 turba
3423 2300 3701 2355 vitiorum

2048 2397 2122 2451 de
2154 2395 2357 2450 anima
2388 2392 2654 2466 qualibtt
2682 2391 2990 2464 expulerit,
3025 2391 3258 2464 sibique
3282 2405 3416 2445 eam
3444 2405 3551 2461 per
3579 2387 3705 2443 illu-

2049 2485 2437 2541 minationem
2496 2483 2799 2555 sapientiae
2859 2481 3249 2554 usurpaverit,
3309 2480 3520 2536 merito
3597 2495 3704 2535 arx

2049 2576 2211 2641 Sion,
2243 2574 2305 2628 id
2332 2579 2420 2630 est
2451 2572 2780 2646 speculatio
2811 2577 2868 2628 et
2896 2571 3044 2626 visio
3076 2572 3260 2644 pacis,
3293 2571 3427 2642 ipsa
3463 2567 3705 2624 vocabi-

2049 2671 2166 2720 tur.
2215 2670 2404 2736 Atque
2449 2663 2523 2718 de
2574 2678 2648 2717 ea
2695 2668 2847 2717 recte
2893 2678 2999 2734 per
3047 2661 3415 2716 Psalmistam
3445 2658 3700 2714 dicitur:

2052 2779 2078 2804 ‹‹
2127 2760 2306 2810 Notus
2335 2754 2393 2809 in
2425 2754 2631 2808 Iudaea
2664 2753 2836 2817 Deus,
2871 2753 2929 2806 in
2966 2751 3138 2807 Israel
3161 2766 3453 2820 magnum
3481 2764 3705 2805 nomen

2051 2848 2204 2914 ejus.
2231 2847 2296 2898 Et
2322 2843 2511 2898 factus
2543 2848 2628 2897 est
2660 2843 2716 2897 in
2751 2858 2897 2913 pace
2929 2841 3098 2897 locus
3131 2842 3281 2912 ejus,
3332 2846 3388 2895 et
3416 2838 3704 2895 habitatio

2051 2935 2180 3003 ejus
2203 2933 2262 2987 in
2297 2933 2455 2987 Sion.
2493 2932 2572 2986 lbi
2601 2931 2890 3000 confregit
2909 2946 3156 2995 cornua,
3187 2946 3416 2991 arcum,
3443 2933 3701 2989 scutum,

2051 3021 2340 3092 gladium,
2375 3025 2431 3075 et
2460 3020 2683 3074 bellum
2710 3020 2899 3087 (Psal.
2930 3019 3118 3087 Lxxv).
3165 3038 3194 3066 ››

2121 3135 2147 3160 ‹‹
2183 3111 2325 3166 Misit
2351 3125 2594 3182 quoque
2628 3109 2826 3162 Hiram
2876 3124 2979 3161 rex
3023 3107 3153 3177 'l‘yri
3193 3105 3434 3160 nuntios
3472 3102 3549 3157 ad
3599 3104 3705 3156 Da-

2050 3224 2076 3249 ‹‹
2119 3200 2241 3269 vid,
2299 3204 2354 3253 et
2404 3197 2568 3261 ligna
2625 3195 2887 3260 cedrina,
2949 3200 3007 3250 et
3061 3193 3315 3249 artiﬁces
3379 3191 3700 3258 lignorum,

2051 3316 2077 3342 ‹‹
2121 3290 2498 3360 artiﬁcesque
2544 3285 2812 3359 lapidum
2873 3285 2950 3340 ad
3007 3283 3279 3356 parietes,
3336 3285 3393 3336 et
3444 3279 3704 3335 tediﬁca-

2050 3405 2078 3430 ‹‹
2121 3384 2330 3435 verunt
2360 3378 2613 3432 domum
2645 3374 2850 3430 David.
2898 3396 2924 3423 »ν
2986 3374 3205 3441 Hiram,
3255 3371 3360 3443 qui
3421 3369 3706 3441 interpre-

2049 3475 2207 3524 tatur
2265 3470 2462 3523 vivens
2516 3467 2766 3530 excelso,
2823 3462 3246 3536 praedicatores
3300 3457 3709 3532 praeﬁguravit

2049 3576 2120 3614 ex
2153 3557 2378 3630 populo
2410 3558 2696 3625 gentium,
2733 3555 2836 3626 qui
2876 3552 3056 3608 David
3105 3567 3176 3606 ex
3220 3551 3397 3620 lignis
3447 3547 3703 3603 cedrinis

2049 3649 2326 3718 (Domino
2357 3646 2624 3700 videlicet
2653 3662 2721 3700 ac
2767 3640 3129 3713 redemptori
3181 3640 3425 3708 nostro),
3480 3637 3540 3693 id
3595 3641 3701 3702 est,

2049 3753 2118 3791 ex
2153 3735 2452 3790 mentibus
2497 3731 2854 3803 incorruptis
2886 3745 2954 3784 ac
2985 3728 3251 3790 fortibus,
3296 3730 3353 3781 et
3379 3725 3701 3797 lapidibus,

2048 3825 2109 3880 id
2140 3830 2246 3884 est.
2296 3825 2517 3878 sanctis
2557 3820 2851 3893 perfectis,
2901 3823 3160 3890 quatuor
3207 3814 3477 3869 videlicet
3529 3813 3703 3867 virtu-

2048 3914 2228 3980 tibus,
2261 3910 2592 3984 quadratis,
2627 3908 2685 3962 id
2713 3913 2799 3962 est
2827 3902 3427 3978 prudentia,justitia,
3476 3898 3700 3954 fortitu-

2048 4002 2208 4068 dine,
2250 3997 2647 4070 temperantia
2690 3993 2984 4067 perfectis,
3036 4009 3156 4048 non
3212 3991 3404 4046 solum
3461 4005 3566 4062 per
3616 4003 3698 4052 se,

2046 4107 2256 4145 verum
2297 4089 2474 4143 etiam
2532 4101 2638 4159 per
2692 4084 2991 4140 solertiam
3048 4081 3505 4155 discipulorum,
3575 4083 3701 4134 tan-

2047 4195 2235 4252 quam
2266 4176 2592 4233 artiﬁcibus
2623 4175 2764 4240 suis,
2813 4172 3036 4246 quibus
3092 4173 3344 4228 dicitur:
3405 4188 3425 4220 ‹
3489 4172 3552 4224 Et
3593 4184 3702 4223 vos

2049 4273 2340 4339 tanquam
2395 4265 2627 4338 lapides
2683 4264 2802 4319 vivi
2857 4259 3442 4335 supersediﬁcamini,
3483 4258 3702 4313 domus

2049 4357 2340 4429 spiritales
2363 4356 2420 4423 (Ι
2447 4357 2606 4411 Petr.
2642 4355 2727 4424 ii),
2774 4376 2800 4402 ››
2855 4353 3129 4414 domum,
3180 4350 3237 4404 id
3289 4353 3375 4403 est
3431 4350 3702 4402 sanctam

2048 4447 2392 4513 Ecclesiam,
2453 4443 2918 4498 aediﬁcaverunt.
2978 4441 3142 4496 Unde
3199 4439 3376 4492 etiam
3427 4433 3705 4504 cognovit

2048 4543 2187 4593 tunc
2213 4535 2416 4600 David,
2443 4533 2501 4588 id
2528 4538 2612 4588 est
2640 4532 2947 4592 Dominus,
2969 4527 3259 4600 quoniam
3286 4522 3703 4578 conﬁrmasset

2046 4643 2185 4681 eum
2217 4627 2370 4678 Deus
2401 4626 2567 4677 Pater
2591 4635 2795 4690 regem
2838 4633 3017 4689 super
3056 4612 3254 4680 Israel,
3307 4615 3364 4664 et
3409 4606 3700 4680 quoniam

2047 4712 2362 4768 exaltasset
2423 4723 2677 4774 regnum
2745 4705 2876 4774 ejus
2948 4716 3128 4774 super
3172 4696 3469 4771 populum
3523 4709 3702 4748 suum

2047 4799 2245 4864 Israel,
2279 4799 2338 4852 id
2370 4801 2481 4860 est,
2513 4810 2692 4865 super
2730 4794 2976 4848 cunctos
3006 4789 3338 4857 credentes,
3389 4802 3460 4842 ac
3505 4787 3701 4840 mente

2050 4889 2315 4944 videntes
2349 4889 2554 4946 Deum,
2605 4899 2727 4937 non
2779 4879 2973 4935 solum
3020 4879 3384 4943 Iudaeorum,
3441 4875 3702 4931 maxime

2048 4977 2225 5033 etiam
2267 4980 2324 5030 et
2353 4973 2620 5042 gentium
2649 4971 2722 5027 de
2749 4969 2970 5043 quibus
3001 4967 3425 5042 repromiserat
3453 4966 3504 5022 ei
3536 4968 3704 5020 Pater

2049 5067 2254 5123 dicens
2280 5081 2292 5119 :
2341 5085 2367 5111 «
2421 5060 2659 5117 Postula
2688 5077 2722 5116 a
2750 5077 2846 5115 me
2877 5064 2933 5114 et
2961 5058 3124 5114 dabo
3155 5057 3258 5114 tibi
3286 5062 3492 5127 gentes
3519 5055 3700 5110 hiere-

2047 5155 2290 5210 ditatem
2347 5157 2532 5217 tuam,
2593 5157 2650 5206 et
2702 5147 3146 5222 possessionem
3195 5153 3357 5202 tuam
3419 5144 3703 5201 terminos

2049 5248 2216 5299 terrie
2245 5243 2436 5309 (Psal.
2472 5241 2552 5309 ii).
2586 5261 2612 5288 ››
2645 5237 2808 5294 Unde
2840 5243 2895 5292 et
2919 5238 3052 5308 jure
3084 5237 3390 5309 sequitur:

2119 5355 2148 5382 ‹‹
2174 5331 2412 5402 Accepit
2429 5345 2570 5398 ergo
2591 5329 2789 5384 adhuc
2809 5326 2994 5382 David
3019 5325 3388 5382 concubinas
3409 5327 3464 5378 et
3489 5337 3704 5377 uxores

2049 5443 2076 5471 ‹‹
2110 5420 2183 5474 de
2212 5418 2650 5474 Hierusalem.»
2674 5417 2789 5472 Sed
2815 5416 2962 5472 forte
2990 5415 3202 5486 quaerit
3230 5412 3464 5485 aliquis,
3492 5411 3547 5467 Si
3576 5411 3701 5481 ipse

2049 5509 2232 5564 David
2263 5507 2586 5576 imaginem
2616 5507 2821 5563 Christi
2855 5505 3116 5574 gerebat,
3147 5501 3455 5575 quomodo
3480 5518 3534 5554 in
3554 5499 3698 5551 iiltas

2048 5611 2267 5650 uxores
2289 5600 2346 5650 et
2361 5597 2733 5652 concubinas
2751 5595 3033 5651 habuisse
3050 5594 3302 5656 dicatur,
3314 5606 3453 5646 cum
3471 5590 3580 5642 has
3597 5598 3701 5636 rex
