4130 6182
514 141 619 207 347

1608 135 1702 189 AN
1707 131 1962 190 GELOMI
2020 124 2472 201 LUXOYIENSIS
2522 123 2838 183 ΜΟΝΑοΗί
3817 130 3901 191 3.58

507 264 774 322 Christus
805 268 862 319 et
888 265 1193 319 horrescat
1211 265 1266 316 et
1297 260 1543 315 damnet
1570 260 1598 313 ?
1639 256 1751 313 Sed
1777 255 1995 325 ﬁgurat
2025 269 2150 324 ges-
2189 260 2239 312 Α
2275 266 2484 306 eorum
2513 250 2815 306 fortidudo
2845 254 2951 317 est,
2984 248 3207 307 conteri
3224 252 3281 304 et
3304 250 3677 307 conculcari.
3706 275 3732 301 «ι
3759 253 3904 309 Tunc

505 359 633 411 tum
667 358 770 409 est.
814 351 983 417 Quod
1010 366 1149 407 vero
1202 348 1388 404 David
1444 362 1658 403 uxores
1708 345 2000 417 plurimas
2048 343 2151 397 ha-

507 444 707 501 buisse
738 440 968 505 dicitur,
1001 439 1115 493 hoc
1141 437 1265 492 sine
1293 436 1477 491 dubio
1510 434 2155 508 praeﬁgurabaturﬂuo

510 530 774 588 Christus
826 528 998 582 Jesus
1047 543 1119 581 ex
1158 525 1485 581 multarum
1519 524 1784 596 gentium
1817 520 2159 578 nationibus

506 633 614 693 per
633 617 816 672 ﬁdem
849 615 1137 681 Ecclesiae,
1168 613 1279 669 sub
1310 613 1643 686 septenario
1675 627 1927 667 numero
1959 623 2159 663 sacra-

509 705 693 762 menti
721 703 1110 776 copulaturus
1143 706 1287 757 erat.
1331 701 1690 759 Concubinae
1720 715 1861 756 vero
1892 698 2020 768 ejus
2066 699 2160 750 Ju-

509 796 777 851 dreorum
818 809 923 848 seu
964 791 1379 848 haereticorum
1430 792 1769 861 signiﬁcant
1815 785 2160 844 conventio-

512 896 619 937 nes
647 899 659 936 :
701 898 838 953 quae
862 880 922 936 in
955 881 1297 936 servitutem
1327 885 1522 935 etnon
1552 880 1611 934 in
1637 879 1967 934 libertatem
1992 889 2165 949 gene-

506 974 659 1034 rant,
693 974 749 1024 et
778 970 891 1024 sub
920 969 1086 1025 titulo
1118 969 1379 1024 nominis
1421 968 1628 1025 Christi
1656 983 1717 1022 se
1761 980 2006 1021 manere
2041 962 2163 1032 glo—

506 1059 756 1126 riantur,
788 1058 894 1113 sed
924 1059 1064 1131 quia
1093 1063 1337 1132 propter
1368 1057 1633 1113 carnalia
1670 1057 1837 1111 lucra
1866 1053 2163 1109 Oliristum

509 1153 828 1216 sectantur,
861 1164 978 1204 non
1008 1148 1303 1204 immerito
1330 1163 1451 1202 non
1484 1147 1791 1217 conjuges,
1818 1143 1923 1199 sed
1945 1157 2162 1198 concu-

509 1238 666 1293 binae
696 1242 1002 1309 vocantur.
1042 1237 1305 1308 Denique
1344 1251 1506 1291 nunc
1545 1251 1712 1304 reges
1739 1234 1789 1288 si
1824 1232 2024 1306 plures
2054 1231 2160 1284 ha-

509 1327 693 1382 beant
719 1332 933 1381 uxores
972 1325 1061 1382 vel
1084 1326 1478 1397 concubinas,
1518 1324 1578 1379 in
1610 1323 1854 1379 crimine
1884 1324 2163 1393 reputan-

513 1420 625 1482 tur,
650 1413 793 1491 quia
813 1414 943 1486 jam
972 1414 1336 1469 transierunt
1364 1413 1591 1484 ﬁgurae,
1618 1428 1728 1484 pro
1767 1410 1990 1487 quibus
2020 1423 2163 1462 uxo-

512 1520 645 1558 rum
702 1503 797 1558 vel
849 1502 1323 1558 concubinarum
1377 1502 1553 1557 venia
1600 1498 2061 1556 concedebatur.
2095 1499 2165 1550 At

2266 340 2443 395 inibis
2481 338 2776 414 praelium,
2834 340 2977 413 quia
3033 344 3175 396 tunc
3227 339 3576 409 egredietur
3644 341 3904 401 Dominus

2268 434 2403 484 ante
2426 429 2639 485 faciem
2668 434 2853 497 tuam,
2886 453 2912 479 »
2945 434 3000 484 et
3018 429 3268 505 reliqua.
3303 432 3464 499 Ergo
3496 430 3642 505 quia
3658 437 3903 489 nostram

2267 518 2811 591 interpretationem
2832 535 3040 574 veram
3071 519 3272 586 credo,
3306 519 3466 574 sicut
3496 519 3558 575 in
3587 520 3902 593 praefatione

2267 612 2468 663 noster
2482 608 2774 682 interpres
2806 609 2867 664 in
2892 608 3084 664 tribus
3114 608 3336 677 linguis
3374 610 3608 683 peritus
3628 609 3903 683 galeatum

2268 697 2436 770 ponit
2466 698 2830 771 exemplum,
2860 699 2935 754 de
2977 698 3296 754 arboribus
3328 698 3684 770 simpliciter
3714 700 3900 757 intelli-

2271 786 2852 860 gitAllophylorum.
2903 786 3018 842 Sed
3057 787 3202 859 quia
3251 786 3573 843 historiam
3622 787 3900 844 didascalo

2271 876 2675 932 consentiente
2697 875 3167 950 propalavimus,
3186 875 3480 949 deinceps
3503 878 3900 950 compendiose

2273 979 2547 1019 sermone
2574 964 2815 1020 strictim
2837 970 3082 1035 tangere
3105 964 3525 1035 aggredimur,
3548 966 3689 1039 quid
3712 967 3899 1037 allego-

2270 1052 2388 1107 rice
2416 1052 2725 1121 signiﬁcet.
2761 1057 2820 1109 In
2845 1053 2958 1109 hoc
2988 1053 3147 1109 enim
3180 1052 3349 1126 quod
3384 1055 3470 1109 ait
3518 1071 3530 1107 :
3600 1076 3614 1105 ι
3647 1056 3779 1110 Cum
3804 1071 3896 1111 au-

2270 1140 2491 1195 dieritis
2523 1142 2785 1197 sonitum
2816 1141 3210 1212 gradientisin
3242 1142 3565 1198 cacumine
3586 1160 3893 1216 pyrorum.»

2271 1233 2381 1285 etc.
2413 1228 2749 1285 Adventum
2799 1230 3033 1286 Domini
3088 1228 3389 1299 signiﬁcat
3435 1247 3617 1304 super
3643 1231 3892 1288 celsitudi-

2271 1334 2411 1374 nem
2442 1320 2872 1391 prophetarum
2898 1322 2955 1374 et
2985 1318 3428 1391 apostolorum,
3486 1320 3686 1375 virtute
3710 1318 3887 1373 divini-

2273 1407 2406 1462 tatis
2438 1425 2558 1462 suee
2615 1407 3190 1481 supergradientem,
3234 1406 3395 1462 sicut
3416 1407 3479 1462 in
3510 1409 3745 1465 Canticis
3770 1422 3886 1462 can-

2273 1496 2527 1551 ticorum
2557 1496 2840 1573 scriptum
2866 1501 2957 1551 est
2985 1513 2998 1550 ε
3030 1516 3059 1548 α
3092 1498 3235 1550 Ecce
3258 1495 3371 1551 istc
3406 1497 3602 1553 veniet
3631 1496 3824 1552 saliens
3840 1494 3889 1549 in

513 1607 674 1647 nunc
701 1592 843 1666 quia
872 1590 1065 1661 ﬁgura
1109 1589 1488 1657 transierunt,
1536 1588 1713 1644 venia
1752 1586 1917 1643 nulla
1964 1585 2158 1640 datur.
2192 1616 2233 1671 Β
2276 1585 2604 1653 montibus,
2637 1586 2970 1641 transiliens
3024 1584 3204 1640 colles
3234 1585 3441 1655 (Cant.
3470 1586 3552 1658 11.)
3582 1609 3609 1637 ››
3640 1588 3891 1657 Pyrorum

590 1702 615 1728 «
657 1679 905 1752 Natique
938 1683 1075 1734 sunt
1100 1677 1288 1733 David
1320 1682 1376 1733 et
1405 1674 1501 1733 alii
1534 1677 1636 1732 ﬁlii
1668 1681 1723 1731 et
1770 1675 1926 1743 tiliae,
1952 1679 2008 1730 et
2036 1674 2163 1728 haec

516 1790 544 1820 «
585 1770 834 1835 nomina
864 1784 1073 1823 eorum
1103 1768 1206 1840 qui
1240 1766 1361 1821 nati
1411 1770 1550 1820 sunt
1575 1766 1626 1820 ei
1655 1767 1715 1820 in
1748 1762 2117 1819 Hierusalem
2147 1775 2160 1814 :

517 1878 544 1905 «
587 1858 807 1913 Samua
837 1860 892 1910 et
925 1854 1146 1926 Sobab,
1178 1859 1234 1908 et
1257 1854 1488 1909 Nathan
1506 1858 1562 1909 et
1594 1853 1879 1910 Salomon
1909 1855 1964 1905 et
1994 1849 2166 1904 lbaar

517 1967 544 1995 «
588 1950 644 2001 et
682 1944 879 1999 Elisua
908 1948 965 2000 et
989 1944 1233 2016 Nepheg
1264 1948 1319 1998 et
1343 1942 1557 2016 Japhia
1599 1946 1656 1997 et
1689 1941 1945 1996 Elisama
1976 1943 2033 1992 et
2062 1936 2165 1991 Eli-

518 2056 545 2083 ‹‹
586 2035 665 2088 da
695 2038 751 2088 et
782 2033 1081 2106 Eliphelet.
1119 2055 1147 2083 ››
1176 2036 1390 2088 Verum
1423 2032 1568 2106 quia
1589 2032 1715 2087 haec
1750 2029 1998 2086 nomina
2030 2026 2167 2082 sub—

510 2122 845 2196 junximus,
878 2126 1077 2177 ratum
1107 2122 1367 2177 diximus
1390 2120 1906 2194 interpretationes
1939 2117 2169 2172 Judan-

515 2226 651 2268 rum
682 2224 923 2283 ponere,
960 2215 1022 2267 ut
1052 2210 1344 2285 superiori
1396 2209 1716 2267 intellectui
1759 2205 2054 2280 spiritales
2084 2205 2169 2260 in-

516 2299 849 2371 telligentia:
880 2299 1069 2371 (juxta
1117 2298 1500 2374 prudentiam
1551 2296 1864 2373 prudentis
1908 2294 2167 2361 lectoris)

519 2388 899 2445 conveniant.
937 2389 991 2445 Si
1022 2389 1184 2445 enim
1216 2388 1443 2465 aliquid
1465 2387 1803 2462 spiritaliter
1826 2400 2024 2440 sermo
2055 2382 2171 2438 his-

520 2476 743 2533 toricus
784 2477 1036 2532 innuere
1066 2477 1375 2545 noluisset,
1408 2492 1798 2549 nequaquam
1831 2473 2050 2529 addere
2075 2487 2172 2525 cu-

520 2568 710 2621 rasset
736 2564 840 2635 qui
862 2569 1058 2620 essent
1083 2564 1209 2630 tilii,
1241 2565 1345 2638 qui
1370 2564 1494 2621 nati
1516 2570 1712 2618 essent
1749 2561 1934 2617 David
1958 2561 2017 2615 in
2049 2559 2171 2614 [lie-

522 2650 804 2707 rusalem.
826 2656 975 2709 Nam
1005 2651 1054 2706 si
1092 2653 1253 2708 idem
1284 2652 1467 2709 David
1488 2652 1782 2721 significat
1812 2651 2171 2707 salvatorem

521 2755 664 2810 ergo
693 2755 817 2797 non
852 2739 1149 2797 immerito
1178 2741 1279 2796 ﬁlii
1306 2740 1435 2811 ejus
1461 2741 1762 2797 credentes
1813 2738 2169 2809 signiﬁcant,

523 2845 597 2886 ex
625 2833 877 2901 utraque
920 2829 1196 2897 Ecclesia,
1236 2830 1584 2885 Judteorum
1633 2828 1853 2884 scilicet
1882 2832 1938 2884 et
1978 2827 2169 2882 natio-

522 2930 705 2977 num:
757 2918 919 2987 unde
974 2924 1031 2974 et
1064 2918 1123 2972 in
1167 2918 1667 2990 Paralipomenon
1721 2917 1873 2973 libro
1915 2921 2175 2991 quatuor

524 3004 737 3061 fuissse
769 3022 842 3061 ex
873 3006 1197 3063 Bethsabee
1238 3007 1438 3063 uxoris
1470 3007 1615 3062 Uriae
1646 3006 1868 3063 Hcthaei
1901 3026 1913 3060 :
1951 3009 2174 3063 Samua

519 3094 794 3155 videlicet
813 3100 869 3155 et
901 3095 1120 3165 Sobab,
1146 3097 1373 3153 Nathan
1405 3102 1461 3153 et
1483 3095 1785 3161 Salomon,
1808 3112 1943 3169 quae
1962 3101 2174 3169 typum

521 3184 705 3261 gessit
778 3183 1049 3246 Ecclesiae
1102 3186 1391 3257 gentium,
1458 3185 1611 3241 sicut
1649 3185 1710 3241 in
1759 3183 2169 3261 sequentibus.

524 3273 751 3330 Christo
782 3272 955 3349 duce,
988 3273 1164 3331 latius
1196 3275 1407 3331 dicturi
1441 3292 1670 3331 sumus.
1698 3276 1909 3346 _Porro
1953 3274 2174 3330 Samua

522 3362 944 3441 interpretatur
969 3365 1229 3421 audacza
1255 3383 1266 3419 :
1288 3365 1509 3431 Sobab,
1549 3371 1892 3423 convertens
1929 3383 1941 3416 :
1976 3363 2171 3429 Ibaar,

523 3450 697 3517 elegit
730 3466 742 3502 :
775 3449 991 3516 Elisua,
1023 3451 1130 3505 Dei
1156 3454 1271 3506 mei
1315 3455 1480 3507 salus
1514 3470 1525 3509 :
1560 3453 1823 3524 Nepheg,
1856 3454 2174 3520 applicans

524 3538 618 3590 ori
672 3552 684 3587 :
741 3536 978 3607 Japhia,
1030 3538 1339 3594 illuminat
1392 3540 1482 3593 vel
1528 3541 1835 3594 ostendit:
1891 3539 2171 3603 Elisama,

524 3624 680 3678 Deus
702 3638 862 3678 naeus
887 3623 1136 3680 audiens
1191 3640 1203 3678 :
1264 3626 1448 3693 Elida,
1476 3630 1628 3687 Deus
1667 3643 1829 3682 meus
1872 3628 1979 3681 scit
2009 3644 2021 3681 :
2064 3627 2173 3682 Eli-

524 3709 743 3784 phelet.
776 3713 929 3767 Deus
960 3727 1120 3771 meus
1149 3715 1393 3771 salvans
1417 3730 1440 3771 .'
1475 3731 1639 3786 quae,
1661 3714 2175 3789 interpretationes

525 3804 700 3875 aptae,
734 3805 798 3858 ut
822 3800 1109 3872 diximus,
1136 3800 1416 3859 ﬁdelibus
1449 3810 1805 3876 congruunt,
1841 3804 1945 3877 qui
1970 3803 2175 3859 divina

524 3896 822 3963 praecepta
872 3890 1125 3951 libenter
1178 3892 1452 3959 audiunt,
1526 3897 1583 3949 et
1629 3895 1708 3949 ad
1760 3893 2174 3968 operationem

522 3978 661 4033 ﬁdei
684 3984 1127 4036 convertuntur.
1166 3981 1260 4037 His
1283 3982 1461 4055 igitur
1495 3982 1685 4052 tactis,
1714 3983 1793 4040 ad
1814 4000 1886 4040 ea
1915 4000 2050 4057 quae
2080 4000 2173 4037 se-

524 4072 791 4139 quuntur
822 4084 1160 4127 sermonem
1192 4078 1631 4130 convertamus.

598 4177 625 4203 ‹‹
667 4159 733 4211 Et
777 4157 1137 4214 addiderunt
1165 4159 1377 4215 iterum
1405 4161 1755 4219 Philisthiim
1786 4166 1851 4217 ut
1891 4160 2176 4218 ascende-

528 4265 556 4293 ‹‹
595 4249 725 4299 rent
753 4250 808 4300 et
836 4252 1175 4319 pugnarent
1223 4254 1428 4305 contra
1468 4250 1675 4306 David.
1729 4250 2037 4307 Consuluit
2066 4266 2173 4307 au-

525 4357 551 4385 ‹‹
592 4339 712 4393 tem
746 4317 930 4391 David
963 4336 1301 4395 Dominum.
1331 4336 1439 4400 Qui
1466 4339 1791 4410 respondit:
1818 4343 1945 4396 Non
1975 4356 2176 4396 ascen-
2203 4317 2246 4397 ξ)

526 4449 553 4476 ‹‹
595 4426 724 4492 das,
747 4425 853 4497 sed
884 4441 1034 4499 gyra
1066 4429 1456 4497 posttergum
1487 4444 1716 4499 eorum,
1773 4435 1827 4485 et
1861 4429 2064 4485 venies
2097 4431 2175 4486 ad

525 4539 552 4569 ‹‹
595 4533 698 4586 eos
722 4533 794 4577 ex
851 4515 1105 4573 adverso
1136 4531 1447 4593 pyrorum,
1494 4538 1521 4566 »
1580 4522 1635 4573 et
1686 4517 1934 4591 reliqua.
1972 4520 2173 4585 Quan-

523 4620 710 4679 quam
754 4606 1048 4676 nonnulli,
1101 4610 1166 4662 ut
1206 4606 1265 4663 in
1302 4605 1639 4681 cujusdam
1696 4607 2001 4681 volumine
2033 4607 2170 4677 legi,

524 4689 891 4771 Contendant
917 4713 1038 4763 non
1069 4696 1290 4759 habere
1335 4694 1393 4752 in
1426 4694 1713 4755 Hebraica
1745 4697 2004 4763 veritate,
2041 4720 2069 4746 «
2100 4715 2173 4767 ex

525 4785 774 4841 adverso
805 4803 1114 4857 pyrorum,
1142 4808 1170 4835 ››
1202 4786 1307 4842 sed
1357 4808 1383 4835 κ
1419 4786 1708 4855 flentium,
1739 4807 1767 4842 »
1800 4788 1915 4844 hoc
1954 4791 2058 4855 est,
2112 4791 2176 4844 ut

525 4864 787 4929 tradunt.
842 4889 915 4927 ex
944 4876 1196 4931 adverso
1244 4876 1542 4933 idolorum
1591 4894 1858 4942 suorum,
1896 4879 1996 4935 ubi
2027 4878 2176 4934 scili'

525 4957 617 5009 cet
640 4954 800 5013 idola
822 4961 1064 5015 erantin
1094 4963 1315 5032 quibus
1348 4965 1760 5022 conﬁdebant:
1804 4983 1939 5039 quae
1971 4968 2057 5038 (ut
2084 4968 2175 5022 in-

524 5040 759 5114 quiunt,
814 5050 991 5115 prout
1038 5063 1106 5101 ex
1162 5050 1474 5109 traditione
1518 5054 1907 5113 Hebraeorum
1949 5056 2173 5110 didice-

525 5134 683 5199 runt)
723 5130 942 5186 idcirco
973 5134 1241 5192 ﬂentium
1268 5144 1576 5208 vocantur,
1623 5143 1768 5213 quia
1815 5142 1959 5198 ﬂetu
1989 5142 2176 5211 digna

526 5223 667 5274 eunt
701 5237 713 5275 :
743 5224 799 5275 et
830 5237 951 5287 eos,
983 5225 1125 5303 quia
1155 5242 1226 5282 ea
1270 5227 1492 5295 colunt,
1546 5231 1624 5285 ad
1656 5231 1865 5289 ﬂetum
1896 5232 2171 5293 miseria-

522 5324 658 5377 rum
688 5308 1045 5384 perducunt.
1079 5314 1240 5370 Unde
1264 5319 1319 5370 et
1349 5316 1479 5388 subj
1493 5324 1724 5387 ungunt
1753 5335 1765 5372 :

599 5419 626 5447 α
672 5399 734 5453 Et
763 5413 902 5453 cum
928 5398 1186 5456 audieris
1211 5402 1472 5458 sonitum
1492 5406 1817 5473 gradientis
1834 5406 1894 5462 in
1911 5409 2171 5464 cacumi-

529 5508 556 5537 «
596 5502 671 5541 ne
692 5485 980 5541 ﬂentium.
1012 5509 1037 5535 ››
1064 5491 1179 5544 Hoc
1208 5495 1314 5560 est,
1342 5496 1401 5545 ut
1424 5491 1619 5548 ferunt
1646 5510 1657 5547 :
1692 5496 1839 5549 Cum
1854 5495 2170 5554 audierisa

525 5574 913 5651 potestatibus
930 5576 1231 5650 angelicis,
1251 5598 1461 5647 eorum
1475 5582 1948 5659 idola,inquibus
1970 5589 2168 5649 omnis

2276 1680 2479 1731 autem
2506 1675 2824 1731 cacumina
2854 1675 3139 1730 arborum
3161 1673 3505 1744 signiﬁcant
3534 1675 3888 1730 summitates.

2276 1762 2429 1828 Quid
2458 1779 2565 1835 per
2588 1763 2852 1830 arbores,
2884 1763 2996 1817 nisi
3041 1761 3328 1818 sublimes
3359 1770 3560 1837 patres
3586 1763 3890 1834 intelligun-

2273 1856 2367 1907 tur
2400 1853 2428 1907 ?
2472 1856 2537 1907 In
2582 1869 2841 1928 quorum
2876 1851 3291 1908 cacuminibus
3318 1851 3470 1909 dum
3509 1853 3723 1909 sonitus
3746 1850 3889 1907 audi-

2273 1945 2386 2008 tur,
2420 1941 2480 1996 id
2510 1947 2617 2004 est,
2652 1940 2799 1997 dum
2850 1940 2910 1996 in
2944 1939 3309 1997 sublimitate
3343 1943 3472 1998 vitae
3502 1959 3675 1998 sonus
3710 1942 3887 2011 (ﬂante

2277 2031 2493 2104 Spiritu
2526 2032 2752 2103 sancto)
2783 2030 3223 2103 praedicationis
3248 2030 3525 2103 intonuit,
3572 2031 3742 2087 David
3771 2046 3887 2086 nos-

2276 2124 2361 2175 ter
2382 2119 2589 2176 virtute
2615 2137 2740 2176 suae
2771 2119 3116 2188 divinitatis,
3155 2136 3277 2193 qua
3317 2121 3705 2177 celsitudinem
3734 2134 3885 2173 sanc-

2276 2213 2474 2266 torum
2501 2209 2888 2277 transcendit,
2921 2208 3322 2280 Philistheeos,
3370 2210 3430 2266 id
3458 2215 3543 2265 est
3570 2207 3883 2266 immundos

2277 2296 2536 2371 spiritus,
2564 2298 2885 2371 superavit.

2917 2388 3143 2445 CAPUT
3199 2391 3285 2444 VI.

2352 2498 2381 2525 «
2434 2477 2832 2548 Congregavit
2907 2483 3109 2534 autem
3164 2495 3396 2535 rursum
3448 2472 3617 2532 David
3677 2484 3865 2527 omnes

2281 2589 2309 2616 ‹‹
2351 2566 2566 2622 electos
2597 2566 2775 2622 Israel
2816 2567 3059 2639 triginta
3088 2568 3286 2639 millia,
3322 2572 3382 2622 ut
3421 2562 3757 2620 adducerent
3782 2573 3870 2613 ar-

2283 2680 2309 2705 ‹‹
2353 2672 2487 2711 eam
2518 2656 2637 2717 Dei,
2682 2678 2709 2705 »
2743 2661 2877 2724 etc.,
2910 2674 3101 2730 usque
3130 2658 3223 2725 ait,
3258 2679 3283 2705 «
3322 2656 3609 2727 iratusque
3636 2653 3719 2707 est
3738 2646 3876 2705 indi-

2283 2744 2563 2817 gnatione
2591 2745 2897 2814 Dominus,
2922 2767 2952 2799 ‹
2974 2747 3139 2821 quod
3170 2745 3421 2803 extendit
3441 2746 3549 2801 Oza
3562 2754 3796 2797 manum
3810 2735 3882 2792 ad

2285 2856 2312 2883 ‹‹
2356 2849 2559 2887 arcam
2585 2832 2638 2888 ei
2670 2834 2855 2891 tenuit
2883 2851 3038 2903 eam,
3082 2835 3371 2910 quoniam
3397 2829 3763 2891 calcitrabant
3788 2826 3883 2883 bo-

2285 2944 2312 2971 ‹‹
2354 2938 2458 2977 ves
2494 2926 2702 2978 contra
2735 2925 2934 2991 Ozam,
2986 2929 3041 2980 et
3073 2925 3366 2999 percussit
3392 2939 3524 2980 eum
3552 2927 3603 2979 et
3640 2923 3884 2979 mortuus

2287 3034 2314 3060 ‹‹
2355 3015 2463 3069 est.
2498 3032 2526 3060 »
2569 3015 2632 3066 In
2688 3012 2803 3067 hac
2845 3012 3089 3069 historia
3127 3013 3288 3069 beati
3317 3030 3484 3085 reges
3526 3015 3578 3068 et
3611 3007 3884 3083 prophetia

2285 3099 2492 3168 David,
2525 3099 2628 3172 qui
2673 3116 2875 3157 arcam
2930 3102 3163 3158 Domini
3213 3103 3535 3159 adduxisse
3582 3100 3883 3161 narrantur,

2283 3188 2586 3245 humilitas
2619 3189 2974 3263 approbata,
3017 3191 3302 3265 superbia
3332 3192 3628 3259 damnata,
3659 3191 3711 3243 et
3731 3189 3886 3240 teme-

2281 3278 2423 3334 ritas
2453 3277 2758 3334 vindicata
2785 3284 3172 3336 monstratur:
3193 3281 3338 3355 quia
3360 3286 3413 3336 et
3438 3282 3559 3356 ipse
3584 3274 3770 3341 David,
3797 3270 3887 3346 qui

2282 3383 2487 3422 coram
2524 3383 2664 3422 arca
2694 3368 2927 3424 Domini
2953 3369 3252 3426 humiliter
3275 3371 3487 3427 saltare
3512 3383 3626 3424 non
3656 3360 3879 3421 erubuit.

2283 3471 2423 3509 mox
2445 3456 2907 3526 promissionem
2941 3457 3065 3514 Filii
3096 3459 3197 3514 Dei
3226 3475 3299 3516 ex
3329 3476 3439 3517 sua
3461 3459 3635 3532 stirpe
3656 3451 3884 3510 nascitu-

2281 3544 2330 3598 ri
2362 3544 2660 3617 suscipere
2704 3548 3033 3618 promeruit
3066 3564 3078 3602 :
3109 3554 3165 3604 et
3195 3549 3440 3621 conjux,
3488 3565 3611 3623 quae
3638 3539 3882 3602 eamdem

2282 3632 2438 3691 illius
2456 3633 2853 3691 humilitatem
2880 3636 3168 3710 despexit,
3202 3639 3332 3710 ejus
3364 3639 3583 3697 semine
3607 3625 3880 3699 fecundari

2283 3736 2405 3775 non
2435 3723 2671 3790 meruit,
2714 3723 2818 3778 sed
2862 3730 3164 3799 perpetuae
3214 3726 3534 3785 sterilitatis
3565 3736 3750 3800 premas
3773 3714 3884 3775 luit.

2287 3808 2575 3865 Sacerdos
2604 3826 2868 3886 quoque,
2914 3814 3018 3887 qui
3048 3830 3254 3872 arcam
3286 3815 3715 3875 inconsiderata
3739 3814 3898 3868 teme-

2282 3898 2450 3956 ritate
2496 3900 2699 3971 tetigit,
2733 3919 2915 3958 ausus
2975 3904 3068 3960 sui
3111 3910 3344 3963 reatum
3394 3906 3711 3962 immatura
3735 3899 3897 3957 morte

2282 3989 2579 4062 Ρυῖϐἃνὶῐ-
2616 3990 2722 4046 Ubi
2752 3990 2966 4047 intueri
3003 4008 3247 4051 necesse
3276 3998 3365 4050 est
3407 3999 3700 4069 quantum
3737 3984 3900 4045 delin-

2283 4082 2448 4150 quat,
2481 4080 2583 4152 qui
2609 4078 2688 4134 ad
2717 4096 2938 4153 corpus
2959 4081 3193 4139 Domini
3216 4099 3352 4139 reus
3380 4082 3716 4148 accesserit,
3747 4077 3790 4133 si
3814 4074 3901 4131 de—

2285 4172 2459 4222 votus
2497 4166 2593 4222 ille
2623 4169 2902 4225 sacerdos
2950 4177 3139 4231 morte
3184 4173 3526 4237 mulctatur,
3572 4173 3673 4248 qui
3727 4179 3904 4227 arcam

2284 4255 2468 4322 illam,
2504 4257 2736 4312 Domini
2786 4259 3053 4321 videlicet
3101 4263 3368 4335 corporis
3409 4263 3688 4333 ﬁguram,
3720 4253 3906 4316 minori

2284 4361 2471 4418 quam
2501 4345 2707 4406 debuit
2745 4340 3125 4407 veneratione
3162 4353 3466 4426 corripuit.
3517 4353 3738 4411 Verum
3760 4350 3910 4422 juxta

2285 4435 2630 4505 allegoriam
2654 4436 2842 4497 David
2874 4439 3189 4508 Christum,
3224 4458 3365 4500 arca
3395 4441 3727 4502 Ecclesiam
3751 4435 3911 4509 εἱειὶὶ-

2283 4524 2443 4593 ﬁcat,
2494 4525 2589 4580 vel
2616 4542 2852 4584 sacram
2887 4530 3271 4604 Scripturam.
3298 4532 3585 4599 Quaesivit
3607 4538 3797 4592 autem
3826 4531 3915 4585 Da-

2284 4616 2384 4671 vid
2408 4632 2610 4672 arcam
2636 4617 2697 4671 in
2729 4618 3023 4676 civitatem
3057 4638 3231 4678 suam
3261 4622 3588 4694 adducere,
3622 4623 3725 4683 sed
3754 4632 3915 4678 causa

2284 4701 2706 4758 interveniente
2733 4705 3048 4771 contraria,
3075 4707 3151 4762 ad
3174 4712 3412 4779 tempus
3425 4725 3561 4764 eam
3578 4708 3721 4765 alibi
3744 4706 3915 4763 diver-

2285 4790 2366 4847 tit.
2395 4794 2477 4846 Ac
2502 4791 2584 4846 sic
2618 4792 2899 4867 deinceps
2929 4796 3094 4869 quod
3125 4796 3383 4853 multum
3413 4797 3812 4855 delectaverat
3829 4809 3917 4850 ex-

2285 4880 2507 4954 plicuit.
2559 4883 2707 4947 Quia
2754 4884 3042 4941 Dominus
3080 4885 3143 4942 in
3173 4902 3352 4942 carne
3394 4902 3720 4959 apparens,
3752 4889 3920 4940 Evan-

2284 4970 2502 5040 gelium
2553 4970 2687 5027 ﬁliis
2719 4972 2915 5040 Israel,
2971 4991 3095 5031 suae
3131 4974 3403 5033 videlicet
3428 4977 3612 5047 genti,
3648 4974 3919 5052 praedica-

2283 5058 2407 5129 vit;
2462 5059 2568 5114 sed
2599 5062 2830 5117 caecitas
2870 5079 2943 5117 ex
2990 5067 3159 5135 parte
3215 5064 3462 5135 contigit
3516 5064 3579 5121 in
3631 5061 3921 5125 Israeldo-

2282 5160 2393 5200 nec
2461 5147 2770 5219 plenitudo
2834 5152 3099 5219 gentium
3172 5152 3532 5209 subintraret
3588 5156 3780 5226 (Rom.
3834 5153 3919 5213 ωε

2285 5233 2399 5289 Sed
2458 5237 2523 5289 ut
2586 5236 2711 5290 haec
2774 5242 3016 5310 pateant
3078 5240 3477 5310 manifestius,
3547 5258 3656 5317 per
3739 5241 3923 5311 singu-

2279 5322 2338 5379 la
2394 5323 2724 5381 videamus.
2784 5326 3187 5400 Congregavit
3256 5331 3444 5387 David
3512 5348 3726 5389 omnes
3788 5328 3926 5386 elec-

2281 5429 2369 5485 tos
2397 5413 2459 5468 in
2511 5412 2689 5468 Israel
2744 5414 2983 5485 triginta
3042 5420 3247 5483 millia.
3305 5421 3449 5494 quia
3502 5421 3793 5479 Dominus
3830 5420 3925 5474 Ec-

2287 5501 2530 5556 clesiam
2609 5501 2975 5573 primitivum
3056 5526 3128 5566 ex
3208 5511 3388 5568 Israel
3443 5510 3733 5579 instituit,
3813 5519 3925 5564 non

2277 5590 2526 5666 quidem
2550 5607 2799 5657 omnem
2826 5599 3025 5671 Israel,
3071 5600 3179 5660 sed
3226 5601 3445 5659 electos
3499 5615 3779 5677 quosque
3822 5594 3925 5656 sibi
