4136 6176
262 131 372 201 34.9
1254 136 1507 209 ENABB.
1551 138 1618 192 1N
1662 134 1908 209 Lienos
1945 133 2206 213 nucum.
2248 166 2317 176 --
2356 135 2426 205 in
2467 136 2593 211 LIB.
2636 139 2701 192 n.
3573 138 3677 191 350

260 253 641 326 consocians.
673 258 801 315 Non
826 256 985 331 enim
1015 273 1227 315 omnes
1255 259 1357 333 qui
1386 276 1457 314 ex
1487 260 1668 316 Israel
1694 259 1753 315 hi
1781 262 1924 314 sunt
1954 259 2001 313 Α
2032 258 2180 314 dum
2210 261 2706 316 consuetudinem
2752 260 2900 330 legis
2958 258 3226 329 ingredi:
3262 258 3366 314 sed
3398 258 3673 329 sabbata,

262 342 563 419 lsraelitte,
596 344 701 403 sed
754 346 857 403 ﬁlii
890 348 1302 421 promissionis
1351 348 1717 421 deputantur
1746 350 1804 404 in
1835 364 1922 403 se-
2032 350 2399 417 neomenias,
2432 350 2966 418 circumcisionem,
2998 349 3407 419 victimasque,
3448 346 3676 419 spirita-

258 430 444 504 mine,
491 432 595 507 qui
643 433 885 505 triginta
935 435 1121 491 millia
1166 436 1521 507 referuntur,
1555 439 1618 493 id
1645 442 1749 501 est,
1784 436 1923 492 tidei
2030 436 2159 492 liter
2208 438 2571 511 interpretati
2612 456 2623 493 :
2659 455 2813 512 quos
2862 438 3022 493 velut
3070 442 3333 492 errantes
3385 437 3677 507 corrigere

258 520 568 596 operibus,
598 526 653 577 et
684 523 811 595 spei
838 524 1113 581 ﬁrmitate
1144 526 1409 601 perfecti.
1431 530 1562 583 Tria
1588 528 1766 584 enim.
1792 543 1925 600 pro-
2032 527 2358 586 tentabant.
2386 529 2487 599 qui
2547 526 3076 582 descendentesdc
3119 526 3327 581 Judaea
3378 525 3679 581 docebant

258 614 388 682 pter
415 609 857 669 confessionem
892 618 1115 685 sancta!
1146 614 1460 681 Trinitatis,
1482 617 1558 671 ad
1584 617 1762 672 ﬁdem
1796 632 1925 690 pcr-
2030 616 2239 672 fratres
2266 635 2277 671 :
2304 640 2329 665 ‹‹
2354 618 2501 683 Quia
2527 617 2635 671 nisi
2659 615 3168 671 circumcidamini
3197 614 3532 669 secundum
3554 629 3679 669 mo-

262 699 449 765 tinent
479 715 491 753 :
527 699 735 757 decem
767 707 1010 776 propter
1038 703 1400 775 Decalogum
1446 705 1617 776 legis,
1652 706 1729 762 ad
1778 720 1921 776 ope-
2029 722 2155 760 rem
2184 706 2384 778 Moysi,
2418 721 2539 761 non
2589 705 2837 779 potestis
2871 704 3019 760 salvi
3047 703 3173 758 ﬁeri
3204 704 3359 773 (Act.
3393 702 3490 773 xv)
3519 720 3533 757 :
3568 725 3595 752 κ
3620 707 3675 757 et

259 803 324 845 ra
354 805 367 843 :
401 787 587 863 mille,
614 796 856 865 propter
877 792 983 866 qui
1016 792 1463 869 perfectionem,
1488 794 1563 850 ad
1598 811 1767 868 spem
1788 793 1921 850 vitae
2029 794 2252 868 quibus
2282 796 2542 850 Jacobus
2576 794 2652 849 ad
2688 793 2934 850 Paulum
2970 813 2982 849 :
3018 816 3044 842 ‹‹
3078 792 3277 858 Vides,
3318 791 3527 864 inquit.
3562 790 3676 846 fra-

258 882 518 951 aaternae,
548 879 696 952 quin
748 872 1029 957 superius
1077 882 1303 959 aliquid
1334 899 1456 938 non
1488 887 1598 952 est,
1639 884 1787 940 sicut
1817 899 1924 938 nu—
2030 889 2133 956 ter,
2168 889 2311 957 quot
2338 884 2515 939 millia
2550 888 2689 939 sunt
2717 883 2776 938 in
2807 883 3025 939 Iudaeis
3057 883 3159 954 qui
3191 880 3589 949 crediderunt,
3620 884 3678 935 et

257 983 463 1026 merus
496 968 831 1041 millenario
860 971 1060 1044 major
1083 969 1286 1045 nullus
1322 978 1427 1028 est.
1458 972 1571 1028 Etsi
1604 974 1761 1029 enim
1794 971 1921 1027 mil—
2028 989 2238 1028 omnes
2265 974 2640 1031 aunulatores
2672 978 2813 1028 sunt
2840 973 2986 1042 legis
3034 974 3167 1027 Act.
3190 973 3334 1041 xxr).
3358 989 3389 1022 ›

253 1056 353 1127 lia,
411 1057 539 1130 sive
594 1057 835 1129 triginta
887 1058 1094 1131 millia,
1130 1060 1251 1116 sive
1311 1060 1490 1118 etiam
1548 1062 1706 1118 mille
1738 1061 1922 1117 millia
2104 1086 2129 1110 ‹‹
2173 1062 2260 1118 Ob
2310 1079 2557 1119 causam
2590 1079 2731 1133 ergo
2764 1061 3088 1118 sacerdotis
3126 1059 3321 1122 occisi,
3354 1058 3542 1114 David
3572 1073 3677 1113 no-

253 1145 497 1218 dixeris,
532 1162 656 1217 non
693 1146 896 1223 ipsum
926 1148 1086 1217 mille
1116 1150 1495 1207 numerando
1528 1150 1917 1214 transcendis.
2030 1174 2055 1200 «
2099 1151 2206 1206 luit
2231 1151 2519 1207 divertere
2552 1152 2629 1207 ad
2662 1169 2725 1207 se
2774 1168 2975 1207 arcam
3003 1150 3254 1211 Domini,
3286 1149 3348 1203 in
3377 1147 3673 1204 civitatem

256 1235 363 1299 sed
394 1234 487 1293 vel
512 1252 625 1311 per
655 1253 738 1311 se,
772 1236 865 1295 vel
892 1254 1001 1324 per
1052 1239 1315 1311 minores
1366 1256 1652 1295 numeros
1704 1240 1921 1313 saepius
2031 1263 2057 1288 ‹‹
2098 1240 2281 1295 David
2316 1258 2327 1295 :
2362 1240 2465 1294 sed
2498 1240 2909 1296 tulerunteam
2936 1240 2997 1295 in
3047 1243 3304 1294 Domum
3349 1236 3674 1293 Obededon

252 1324 514 1393 dicendo
544 1325 931 1398 multiplicas.
965 1328 1095 1391 Tria
1125 1344 1267 1401 ergo
1317 1345 1423 1402 per
1479 1329 1689 1386 decem
1723 1328 1919 1385 multi-
2029 1350 2055 1375 «
2099 1329 2330 1383 Gethaei.
2366 1352 2391 1377 ››
2423 1330 2570 1395 Quia
2597 1328 3015 1402 respuentibus
3050 1327 3304 1382 verbum
3333 1325 3570 1394 Judaeis,
3597 1340 3673 1379 ne

252 1413 429 1488 piica,
462 1429 540 1469 ne
568 1413 720 1469 ﬁdes
749 1415 874 1471 sine
922 1416 1206 1489 operibus
1237 1422 1477 1473 mortua
1530 1417 1622 1472 sit.
1655 1422 1797 1473 item
1830 1417 1921 1472 tri-
2027 1417 2281 1491 amplius
2309 1418 2534 1485 audita,
2567 1424 2624 1473 et
2646 1435 2768 1474 non
2799 1422 3073 1490 suscepta
3112 1415 3451 1488 praedicatio
3502 1428 3674 1468 noce-

249 1502 415 1573 ginta
473 1503 665 1561 millia
717 1519 822 1577 per
882 1503 1041 1562 mille
1094 1505 1425 1580 multiplica
1456 1526 1467 1562 :
1511 1512 1574 1567 ut
1600 1506 1750 1565 ﬁdes
1782 1522 1916 1581 quae
2024 1511 2129 1572 ret,
2160 1506 2411 1578 apostoli
2442 1506 2519 1562 ab
2550 1507 2633 1561 eis
2666 1507 2867 1573 ablati,
2903 1511 2959 1561 et
3014 1505 3093 1560 ad
3123 1508 3325 1575 gentes
3358 1501 3673 1569 Evangelio

249 1608 356 1665 per
385 1591 771 1665 dilectionem
796 1598 1100 1667 operatur,
1129 1611 1250 1651 non
1285 1596 1427 1651 alibi
1454 1613 1637 1670 quam
1672 1595 1733 1653 in
1756 1594 1917 1650 melis
1951 1615 1988 1671 Β
2026 1595 2386 1650 imbuendos
2416 1601 2552 1650 sunt
2580 1596 2769 1651 missi.
2806 1596 3079 1650 Videlicet
3125 1593 3292 1648 locus
3351 1607 3500 1646 arere
3547 1591 3672 1646 Na-

248 1680 706 1741 retributionem
735 1688 947 1759 speret.
977 1683 1153 1740 Electi
1185 1684 1362 1757 igitur
1388 1702 1461 1747 ex
1494 1684 1687 1749 Israel,
1722 1700 1916 1758 popu-
2026 1684 2198 1755 chon,
2223 1700 2356 1756 quae
2408 1685 2670 1755 gentium
2710 1684 2847 1740 fidei
2882 1683 3115 1738 Domini
3155 1681 3355 1751 gratiae
3379 1694 3676 1753 priepara-

247 1771 339 1827 lus
378 1775 542 1828 recte
576 1772 906 1843 credentes,
930 1778 1273 1846 operantes,
1299 1779 1607 1848 sperantes
1632 1773 1912 1831 insinuat.
2026 1778 2144 1828 tam
2205 1772 2578 1829 demonstrat
2639 1774 2942 1844 percussio
2991 1774 3105 1828 Oza
3142 1767 3676 1843 nuncupatum-vi-

248 1860 373 1923 Viri
403 1865 613 1927 autem
641 1860 796 1933 Juda
824 1861 928 1934 qui
956 1867 1126 1919 erant
1157 1878 1294 1919 cum
1328 1864 1534 1933 David,
1556 1863 1718 1935 ipsos
1743 1878 1917 1934 apos-
2024 1861 2233 1917 delicat
2261 1862 2403 1935 quia
2448 1862 2682 1917 illorum
2733 1862 3016 1917 delictum
3048 1860 3208 1916 salus
3237 1863 3324 1914 est
3375 1856 3669 1927 gentibus.

246 1948 402 2009 talos
432 1954 495 2019 et
519 1949 816 2016 doctores,
846 1950 949 2025 qui
979 1950 1145 2015 lateri
1179 1952 1389 2013 Christi
1413 1953 1591 2025 quasi
1620 1949 1918 2008 familiari-
2025 1950 2348 2007 Obededon
2399 1966 2662 2024 namque
2693 1951 3112 2022 interpretatur
3156 1950 3414 2004 serviens
3460 1947 3672 2002 homo:

245 2038 366 2095 bus
395 2038 815 2111 adhaerebant,
850 2040 1117 2103 indicant
1152 2058 1163 2096 :
1196 2042 1299 2114 qui
1358 2047 1610 2114 utroque
1664 2041 1916 2114 stipatus
2026 2039 2117 2094 ille
2139 2044 2225 2094 est
2252 2039 2452 2112 utique
2483 2040 2555 2094 de
2586 2057 2708 2114 quo
2742 2040 3028 2094 Dominus
3051 2040 3127 2093 ad
3159 2039 3393 2092 Patrem
3427 2053 3439 2090 :
3467 2058 3493 2085 «
3520 2037 3670 2090 Con-

245 2127 514 2191 exercitu
548 2128 861 2197 Dominus,
891 2144 1095 2187 arcam
1143 2129 1462 2199 adducere,
1502 2130 1562 2187 id
1594 2135 1681 2186 est
1728 2129 1916 2186 Eccle-
2024 2128 2246 2194 stitues,
2308 2128 2518 2201 inquit,
2570 2146 2662 2183 me
2715 2129 2776 2183 in
2825 2132 3006 2201 caput
3052 2126 3338 2196 gentium,
3410 2121 3669 2194 populus

244 2216 407 2273 siam
440 2216 716 2287 dilatare,
767 2222 825 2279 et
875 2218 937 2283 in
989 2234 1196 2274 eorum
1231 2220 1333 2293 qui
1387 2236 1511 2275 non
1541 2219 1916 2276 crediderunt
2022 2234 2204 2291 quem
2254 2234 2373 2272 non
2428 2218 2709 2287 cognovit
2759 2218 2997 2272 servivit
3050 2216 3195 2271 mihi
3225 2214 3602 2285 (Psal.xvu).
3637 2232 3664 2261 ι

247 2307 542 2373 cordibus
568 2307 753 2364 fidem
780 2308 1041 2367 inserere
1072 2309 1310 2381 gaudet.
1346 2310 1676 2382 lmpouitur
1716 2314 1913 2366 autem
2028 2306 2130 2361 Ubi
2186 2312 2241 2363 et
2290 2306 2633 2362 Judieorum
2687 2306 2981 2362 actionem
3035 2304 3209 2378 quasi
3262 2306 3388 2359 Ozee
3421 2305 3669 2357 mortem

242 2412 394 2469 arca
422 2396 693 2469 plaustro
724 2413 907 2471 novo,
931 2403 995 2453 ut
1025 2400 1165 2455 Novi
1210 2400 1566 2456 Tcstamenti
1617 2398 1801 2469 gratia
1833 2415 1916 2454 re-
2022 2396 2405 2470 praamittens,
2439 2395 2554 2452 ait:
2592 2417 2619 2444 «
2667 2394 2888 2467 Eripies
2932 2409 3028 2449 me
3076 2393 3149 2449 de
3197 2389 3671 2449 contradictioni-

238 2486 490 2545 novatis
518 2486 582 2543 in
607 2486 913 2562 baptismo
940 2487 1243 2557 mentibus
1270 2489 1665 2547 infundatur:
1704 2504 1916 2547 unum-
2024 2485 2136 2540 bus
2188 2484 2394 2558 populi
2442 2486 2661 2557 ([bid.).
2696 2504 2725 2537 ›
2776 2488 3001 2541 Nomen
3032 2498 3274 2556 quoque
3326 2480 3490 2536 urbis
3538 2494 3675 2535 con-

239 2592 366 2650 que
398 2592 655 2646 novum,
689 2576 866 2635 novis
900 2575 1125 2632 viribus
1155 2577 1639 2641 conservandum
1670 2577 1917 2639 manda—
2026 2575 2197 2646 gruit,
2247 2575 2390 2630 Gcth
2426 2574 2585 2630 enim
2638 2574 3055 2651 interpretatur
3099 2572 3371 2628 torcular
3401 2587 3413 2624 :
3448 2568 3673 2637 signifi-

240 2671 361 2721 ωε.
397 2666 538 2724 Erat
582 2664 833 2739 quidem
861 2665 1028 2738 prius
1058 2682 1197 2725 arca
1235 2666 1295 2721 in
1348 2666 1532 2722 domo
1575 2665 1913 2733 Abinadab,
2024 2682 2169 2721 eans
2208 2681 2469 2735 crucem,
2498 2664 2556 2719 in
2587 2680 2709 2737 qua
2740 2664 3001 2721 Christus
3025 2662 3158 2717 vitis
3182 2660 3306 2716 veri
3350 2657 3568 2715 calcari
3619 2662 3677 2713 et

240 2752 351 2828 qui
382 2757 513 2815 erat
557 2753 619 2809 in
650 2753 879 2821 Gabaa,
914 2753 1057 2828 quia
1088 2755 1299 2811 eadem
1331 2772 1465 2829 qua:
1510 2770 1671 2829 nunc
1700 2754 1913 2833 praadi-
2024 2753 2275 2833 exprimi
2301 2754 2579 2825 dignatus
2609 2757 2714 2809 est.
2764 2757 2808 2808 Α
2828 2768 2952 2826 qua
2982 2756 3230 2807 cunctus
3277 2747 3544 2819 gentium
3571 2761 3675 2818 po-

241 2847 419 2898 catur
444 2841 724 2905 Ecclesia:
756 2842 927 2913 tides,
955 2849 1012 2899 et
1040 2847 1176 2899 ante
1202 2843 1634 2909 incarnationis
1665 2843 1917 2901 domini-
2023 2844 2201 2919 pulus
2228 2844 2436 2898 merito
2474 2843 2746 2915 Gethaeus
2786 2842 3073 2919 appellari
3118 2843 3329 2915 potest,
3364 2854 3501 2893 cum
3532 2835 3674 2891 dici-

364 2936 608 3006 tempus
632 2931 908 3002 ﬂorebat,
930 2932 990 2987 in
1021 2932 1113 2988 his
1144 2932 1248 3006 qui
1279 2933 1754 3005 patriarcharum
1784 2948 1918 3007 pro-
1947 2964 1987 3018 ρ
2024 2939 2118 2989 tur
2146 2950 2159 2987 :
2195 2958 2220 2982 ‹‹
2258 2933 2388 2989 Mihi
2420 2938 2618 3007 autem
2652 2932 2807 2987 absit
2859 2930 3095 3005 gloriari
3126 2930 3242 2984 nisi
3272 2928 3330 2982 in
3362 2942 3534 2981 cruce
3568 2925 3674 2979 Do-

243 3021 695 3099 pbetarumque
742 3024 882 3083 sunt
938 3020 1318 3089 devotionem
1362 3022 1569 3093 secuti.
1600 3020 1916 3077 Abinadab
1948 3022 1953 3029 ’
2025 3021 2171 3085 mini
2218 3022 2401 3093 nostri
2430 3024 2564 3075 Jesu
2596 3020 2806 3076 Christi
2839 3020 3067 3088 (Galat.
3100 3021 3196 3089 v1).
3232 3039 3259 3066 ››
3291 3020 3428 3072 Tres
3472 3018 3673 3069 autem

241 3111 428 3178 enim,
478 3111 587 3185 qui
630 3110 1053 3183 interpretatur
1090 3116 1272 3182 pater
1315 3127 1475 3169 meus
1532 3116 1914 3182 spontaneus,
2027 3127 2261 3177 menses
2326 3110 2549 3184 quibus
2604 3110 2824 3166 ibidem
2885 3126 3024 3179 arca
3087 3107 3450 3170 demoratur,
3501 3102 3672 3167 tides,

245 3199 678 3263 velabrabam
721 3204 953 3273 patrem
1002 3199 1163 3275 tidei,
1196 3200 1287 3256 vel
1334 3203 1569 3271 Moysen
1619 3199 1918 3270 legislato-
2027 3216 2183 3275 spes,
2217 3204 2272 3254 et
2325 3198 2580 3254 Charitas
2634 3202 2744 3252 est.
2806 3198 2965 3253 Sicut
3021 3196 3179 3267 enim
3232 3193 3445 3248 diebus
3477 3190 3671 3245 adim-

248 3304 380 3362 rem
436 3288 734 3359 signiﬁcat
771 3306 784 3343 :
816 3288 923 3363 qui
978 3294 1224 3363 uterque
1280 3288 1342 3347 in
1402 3288 1606 3351 Gabaa
1662 3288 1918 3349 custodit
2024 3287 2218 3361 pietur
2265 3287 2510 3363 mensis,
2553 3286 2633 3342 ita
2664 3286 2911 3357 singula:
2958 3285 3197 3339 virtutes
3241 3282 3363 3336 suis
3417 3294 3673 3353 quaeque

256 3376 935 3450 wmnguiasubliini
969 3377 1193 3439 virtutis
1224 3376 1519 3449 exemplo,
1545 3376 1915 3443 credentium
2026 3376 2307 3455 passibus
2364 3376 2439 3447 ad
2494 3376 2917 3451 perfectionem
2975 3372 3380 3449 perveniunt:
3433 3384 3673 3437 menses

264 3469 505 3539 pectore
530 3465 731 3531 munit.
764 3466 929 3531 Unde
961 3471 1014 3524 et
1047 3466 1252 3523 Gabaa
1277 3468 1447 3522 collis
1475 3468 1912 3541 interpretatur,
2024 3483 2343 3539 quousque
2375 3465 2682 3540 plenitudo
2736 3460 2999 3538 gentium
3044 3464 3235 3537 intret,
3268 3474 3502 3539 currere
3549 3473 3672 3513 non

262 3552 365 3627 qui
388 3559 477 3627 ρει
502 3552 669 3623 λορυδ
697 3554 761 3613 in
791 3554 1024 3627 οίνίιᾷἰθ
1053 3555 1485 3612 (ἶᾶνίᾶίῖὶὶεινίω-
2027 3562 2281 3612 cessant.
2316 3555 2579 3629 Tandem
2632 3554 2867 3610 rediens
2911 3553 3098 3625 David
3142 3568 3345 3607 arcam
3377 3550 3434 3605 in
3476 3548 3674 3604 civita-

328 3662 356 3713 ᾳ
396 3642 563 3703 ειδω
584 3659 731 3714 ergo
758 3643 903 3715 toris
936 3659 1097 3713 arca,
1140 3643 1389 3703 ludebat
1415 3643 1604 3699 David
1636 3648 1692 3699 et
1720 3642 1916 3715 omnis
2027 3650 2141 3705 tein
2196 3646 2441 3716 inducit,
2471 3646 2612 3718 quia
2663 3645 2969 3715 Dominus,
3002 3642 3201 3699 Enoch
3231 3646 3286 3697 et
3315 3640 3438 3695 Elia
3466 3636 3676 3712 praedi-

268 3753 296 3793 φ
330 3731 497 3789 lsrael
522 3748 735 3803 coram
762 3732 1015 3805 Domino
1048 3732 1294 3789 diversis
1325 3732 1693 3789 musicorum
1741 3747 1916 3803 geue-
2026 3735 2319 3805 cantibus,
2353 3738 2650 3809 convertet
2680 3734 2862 3789 corda
2909 3738 3148 3805 patrum
3176 3732 3235 3785 in
3284 3729 3458 3800 ﬁlios,
3489 3728 3675 3782 boves

275 3838 304 3887 ᾳ
334 3820 506 3893 ribus,
548 3844 571 3875 ι
608 3821 765 3887 Quia
793 3837 935 3889 mox
965 3821 1285 3877 inchoante
1318 3837 1483 3878 novae
1534 3821 1735 3891 gratim
1769 3836 1915 3893 prae-
2026 3828 2083 3879 et
2112 3824 2321 3881 arietes
2374 3821 2717 3899 immolaris,
2752 3822 2866 3876 hoc
2917 3826 3024 3901 est,
3057 3838 3158 3875 eos
3190 3819 3295 3894 qui
3325 3832 3527 3872 aream
3562 3817 3672 3870 Do-

264 3910 442 3981 mum,
472 3911 775 3984 Dominus
806 3910 883 3972 ad
937 3909 1306 3966 exhibendas
1346 3910 1463 3963 Deo
1494 3910 1653 3967 Patri
1704 3908 1915 3964 laudes
2025 3911 2170 3983 mini
2215 3911 2503 3985 triturant,
2555 3916 2611 3980 et
2668 3910 2870 3965 ovium
2921 3910 3049 3980 ejus
3107 3906 3394 3963 ducatum
3438 3908 3671 3979 gerunt,

250 3997 624 4073 humilitatis,
648 4015 862 4061 omnes
894 3999 1124 4073 invitat,
1152 3999 1356 4055 dicens
1388 4016 1401 4052 :
1437 4021 1463 4047 ι(
1500 3998 1608 4065 Qui
1636 3997 1780 4055 mihi
1810 3996 1917 4055 mi-
2026 4000 2293 4070 martyrii
2325 3999 2615 4070 sanguine
2667 4015 2983 4071 coronans,
3013 4001 3067 4052 et
3092 3997 3219 4075 ipse
3268 4009 3509 4085 quoque
3551 4008 3674 4047 sua:

242 4088 603 4160 gistrat,me
634 4093 923 4161 sequatur
946 4088 1145 4160 (Joan.
1170 4089 1294 4161 xu).
1329 4110 1356 4137 ››
1381 4110 1407 4137 (ι
1437 4086 1547 4151 Alii
1573 4102 1915 4153 sermonem
2024 4088 2451 4161 incarnationis
2503 4093 2559 4143 et
2608 4086 2905 4167 passionis
2956 4086 3298 4160 exemplum
3355 4098 3424 4139 eo
3482 4096 3676 4156 usque

241 4176 507 4247 scientiae
543 4195 557 4231 :
599 4176 700 4239 alii
733 4176 938 4232 dando
990 4192 1096 4250 per
1148 4175 1421 4249 spiritum
1452 4191 1791 4241 sermonem
1823 4192 1913 4232 sa-
2023 4176 2242 4237 Judes
2289 4193 2409 4232 non
2465 4170 2777 4253 creditum,
2810 4175 3016 4251 palam
3067 4174 3505 4253 manifestans:
3559 4171 3673 4227 hoc

238 4266 484 4339 pientige
516 4282 534 4337 ς
568 4264 669 4321 alii
710 4281 934 4336 genera
961 4264 1307 4337 linguarum
1342 4281 1355 4320 :
1388 4263 1486 4319 alii
1510 4263 1767 4337 gratiam
1816 4281 1913 4320 cu-
1942 4316 1983 4342 η
2026 4266 2184 4321 enim
2221 4266 2512 4333 signiﬁcat
2537 4266 2705 4341 quod
2732 4271 2786 4341 et
2835 4266 2959 4342 ipse
2992 4264 3181 4327 David
3209 4264 3509 4337 accinctus
3552 4264 3678 4317 erat

235 4316 553 4427 rationum
584 4355 638 4421 (,l
673 4316 971 4424 (Ignari);
992 4377 1019 4404 ››
1042 4316 1151 4410 ἔω.
1189 4352 1301 4410 Sed
1330 4353 1422 4409 his
1479 4316 1657 4425 atque
1684 4330 1913 4423 .hujus-
1938 4316 1983 4391 Ρ
2025 4355 2221 4429 eplioi
2254 4316 2430 4411 lineo.
2486 4316 2636 4415 Nalm
2665 4316 2889 4423 linum:
2915 4354 3081 4429 quod
3110 4355 3184 4427 de
3217 4330 3368 4410 terra
3397 4366 3673 4427 procrea-

232 4445 403 4515 modi
436 4442 884 4516 pliarisipatum
924 4441 1270 4517 generibus,
1302 4442 1721 4513 progrediente
1751 4457 1912 4509 arca,
2026 4448 2173 4511 tum,
2207 4443 2515 4517 multiplici
2544 4444 2748 4513 labore
2781 4444 2859 4500 ad
2900 4444 3225 4521 candorem
3252 4442 3426 4498 vestis
3471 4455 3676 4521 perve-

232 4456 403 4515 mqni
436 4456 884 4516 pnarrsipaium
924 4456 1270 4517 generibus,
1302 4456 1721 4513 progrediente
1751 4457 1912 4509 arca,
2026 4456 2173 4511 tum,
2207 4456 2515 4517 inuiupliCi
2544 4456 2748 4513 labore
2781 4456 2859 4500 ad
2900 4456 3225 4521 candorem
3252 4456 3426 4498 vestis
3464 4456 3673 4583 perve-

228 4533 289 4593 id
318 4540 442 4599 est,
475 4536 781 4605 crescente
816 4529 1078 4603 Ecclesia
1105 4530 1427 4605 priinitiva,
1451 4534 1693 4586 ventum
1726 4535 1815 4588 est
1837 4530 1916 4586 ad
2024 4533 2128 4603 nit,
2158 4533 2462 4591 veritatem
2493 4534 2773 4599 humanae
2794 4534 2989 4609 carnis
3023 4533 3173 4607 inter
3202 4529 3438 4601 ﬂagella
3489 4528 3673 4581 rium-

230 4638 451 4679 aream
510 4620 781 4686 Nachon,
832 4620 888 4674 id
922 4623 1030 4691 est,
1061 4635 1265 4681 aream
1322 4623 1746 4691 praeparatam,
1777 4634 1916 4689 gen-
2024 4623 2265 4696 phantis
2310 4624 2589 4699 ostendit.
2631 4627 2844 4697 Verum
2877 4622 3101 4693 cunctis
3158 4617 3589 4693 essultantibus
3620 4619 3676 4671 ct

414 4707 705 4781 videlicet
734 4708 1058 4781 Ecclesium
1091 4707 1228 4764 ﬁdei
1288 4706 1527 4763 veritate
1559 4722 1915 4765 consecran-
2027 4711 2103 4771 ad
2130 4728 2327 4771 arcem
2360 4712 2609 4773 cmlestis
2634 4711 2905 4777 introitus
2944 4710 3204 4781 hymnos
3253 4703 3673 4761 resonantibus

225 4800 397 4872 dam.
458 4799 544 4853 De
602 4814 727 4870 qua
777 4801 1039 4859 Joannes
1094 4797 1174 4857 ait
1222 4815 1234 4852 :
1292 4820 1318 4846 ‹‹
1370 4799 1441 4852 Et
1488 4796 1916 4866 pemnundabit
2026 4799 2149 4857 sola
2172 4800 2379 4859 Micliol
2406 4799 2526 4858 ﬁlia
2563 4800 2701 4873 Saul
2732 4798 2810 4854 ad
2839 4814 3041 4871 arcam
3090 4794 3447 4867 ducentibus
3478 4793 3671 4861 abest,

220 4906 449 4961 aream
479 4903 651 4961 suum
684 4888 928 4959 (Matth.
965 4888 1063 4958 ni).
1091 4910 1119 4939 »
1141 4886 1245 4953 Ubi
1274 4886 1552 4942 sacerdos
1582 4885 1686 4958 qui
1712 4902 1915 4941 arcam
2024 4886 2348 4960 quinetiam
2381 4887 2733 4963 spectaculis
2764 4886 2951 4942 David
2977 4885 3354 4963 humiliatum
3382 4882 3669 4961 despicit:

221 4978 550 5047 incautius
576 4979 753 5052 quasi
784 4975 1141 5046 corrigendo
1191 4976 1393 5045 tetigit,
1428 4990 1569 5031 mox
1601 4974 1915 5031 aDomino
2022 4975 2165 5048 quia
2215 4974 2594 5049 credentibus
2649 4975 2707 5034 in
2763 4974 2972 5053 mundi
3032 4975 3150 5030 tine
3203 4974 3440 5042 Judaeis,
3500 4978 3676 5043 erunt

219 5083 570 5144 percussus
647 5065 933 5133 occubuit
978 5081 992 5120 :
1036 5065 1183 5141 quia
1244 5065 1587 5121 Iudaeorum
1654 5063 1915 5136 populus
2020 5062 2295 5131 nonnulli
2352 5063 2456 5139 qui
2504 5063 2796 5137 Christum
2839 5068 3067 5123 tantum
3119 5064 3508 5136 professione,
3569 5062 3675 5118 sed

217 5158 371 5223 dum
402 5154 703 5230 gentibus
730 5154 980 5227 invidet,
1018 5153 1226 5210 salutis
1259 5170 1321 5208 se
1373 5168 1622 5209 munere
1678 5152 1908 5225 privat:
2021 5168 2201 5235 opere
2234 5156 2561 5224 sequentur
2586 5152 3035 5223 Anticiiristum,
3058 5152 3279 5225 quibus
3304 5151 3513 5206 merito
3537 5167 3674 5208 con-

218 5247 372 5321 dum
398 5248 612 5317 legem
647 5244 774 5316 vult
802 5242 1127 5315 Evangelia
1167 5241 1426 5313 misceri,
1459 5241 1767 5314 utriusque
1800 5240 1910 5297 sibi
2020 5240 2197 5313 gruit,
2230 5240 2395 5314 quod
2444 5241 2654 5297 eadem
2702 5240 2909 5299 Michol
2963 5258 3100 5315 qua:
3150 5240 3229 5296 ob
3288 5240 3673 5311 figurandam

216 5337 498 5409 gratiam
538 5334 709 5391 tollit.
2017 5322 2466 5416 ins‘taliilitatem
2498 5329 2826 5393 carnalium
2872 5346 2907 5391 a
2951 5346 3072 5403 qua
3099 5329 3295 5385 omnis
3327 5329 3437 5403 viri
3462 5329 3676 5405 iniqui-

289 5450 321 5476 α
370 5430 452 5495 Et
480 5424 696 5495 tenuit,
725 5421 939 5495 inquit,
964 5436 1190 5491 arcam,
1215 5419 1505 5492 quoniam
1525 5417 1912 5474 calcitrabant
2017 5422 2107 5474 tas
2137 5419 2424 5493 procedit,
2464 5425 2678 5493 praeter
2725 5436 2953 5487 morem
2982 5436 3103 5475 non
3138 5436 3281 5475 uxor
3312 5419 3520 5483 David,
3570 5419 3674 5476 sed

219 5536 247 5563 κ
289 5514 520 5572 boves.
540 5536 568 5562 ››
592 5513 783 5573 Boves
804 5510 1028 5585 quippe
1051 5508 1355 5565 calcitrare
1382 5512 1469 5565 est
1487 5506 1905 5580 praedicatores
2014 5506 2140 5565 tilia
2186 5507 2325 5564 Saul
2365 5508 2699 5583 appellatur
2733 5526 2744 5565 :
2776 5509 2919 5583 quia
2943 5509 3043 5585 qui
3100 5509 3326 5583 Christo
3378 5508 3674 5563 ﬁdetenus

220 5602 548 5677 Evangelii
568 5601 821 5673 liberius
853 5600 1012 5663 circa
1039 5598 1224 5657 ﬁdem
1253 5613 1450 5671 agere,
1474 5612 1670 5672 neque
1693 5612 1903 5653 secun-
2017 5599 2249 5665 tantum
2294 5597 2573 5682 serviunt,
2599 5615 2724 5657 non
2766 5594 2922 5656 illius
2952 5615 3138 5673 regno
3185 5596 3536 5666 coronandi,
3567 5593 3672 5663 sed
