4130 6182
517 178 614 230 351
1603 168 1963 226 ANGELOMI
2005 165 2478 223 LUXOVIENSIS
2515 169 2832 226 MONACHI

3846 177 3946 231 352

513 302 962 370 persecutorum
996 296 1144 366 ejus,
1172 310 1326 366 quos
1358 293 1568 349 imitati
1597 298 1755 360 sunt,
1786 292 2165 348 anathemate
2200 319 2246 371 ν
2274 287 2409 359 ipsa
2470 290 2798 349 viventium
2881 298 3034 349 sorte
3102 292 3524 367 reprobantur.
3590 294 3946 367 Aliquando

513 385 868 443 damnandi.
895 386 1108 438 Verum
1139 381 1274 436 licet
1297 381 1465 454 pravi
1497 384 1910 450 succenseant,
1934 377 2166 434 humili-

515 480 692 531 tatem
722 472 992 528 Ecclesiaa
1023 475 1428 540 contemnant,
1460 469 1851 526 nihilominus
1884 484 2024 524 arca
2053 467 2164 522 Do-

513 562 655 618 mini
682 578 858 617 suum
888 561 1089 616 locum
1111 559 1471 629 ingreditur:
1503 559 1744 632 ponitur
1772 558 1832 614 in
1863 557 2062 613 medio
2085 561 2166 611 ta-

509 649 837 719 bernaculi,
869 649 1033 722 quod
1075 648 1401 704 tetenderat
1442 647 1494 704 ei
1541 647 1746 712 David,
1776 648 1834 702 id
1877 651 1984 713 est,
2015 645 2164 700 ﬁdes

512 739 780 795 Ecclesiae
832 737 1210 810 praedicatur,
1260 737 1518 808 proﬁcit,
1548 737 1824 792 inseritur
1879 734 2162 791 cordibus

509 828 779 882 omnium
813 842 967 898 quos
1003 826 1291 882 Dominus
1322 825 1400 880 ad
1430 827 1615 882 vitam
1662 825 2165 898 prteordinaverat

508 920 812 972 aeternam.
838 915 1018 971 Offert
1041 915 1224 971 David
1247 914 1602 971 holocausta
1618 919 1674 971 et
1688 913 1939 987 paciﬁca
1959 928 2162 968 coram

510 1003 780 1066 Domino,
815 1008 871 1060 et
921 1003 1102 1059 ﬁdem
1149 1004 1646 1076 devotionemque
1696 1002 1966 1058 Ecclesiae
1997 1017 2160 1056 com-

508 1092 756 1148 mendat
784 1092 935 1148 Patri
968 1092 1254 1158 Christus,
1282 1093 1385 1164 qui
1437 1098 1524 1148 est
1571 1092 1648 1148 ad
1698 1091 2005 1147 dexteram
2042 1089 2160 1156 Dei,

507 1183 610 1252 qui
641 1181 820 1236 etia-n
851 1181 1184 1252 interpellat
1215 1197 1324 1252 pro
1350 1180 1549 1236 nobis.
1580 1181 1690 1246 Qui
1718 1181 1778 1235 in
1818 1179 2161 1252 exemplum

510 1269 718 1337 David,
760 1270 966 1325 ﬁdeles
1017 1270 1393 1342 humilesque
1443 1269 1825 1336 benedicens,
1884 1267 2162 1325 salutaris

509 1359 776 1430 mysterii
807 1359 999 1430 pascit
1023 1359 1344 1414 alimentis.

579 1466 609 1499 ‹
651 1449 905 1503 Partitus
959 1447 1208 1517 singulis
1258 1446 1610 1520 collyridam
1669 1446 1842 1508 panis
1892 1461 2100 1508 unam,
2133 1467 2160 1494 ››

505 1535 662 1590 illius
692 1536 894 1608 utique
926 1536 1029 1608 qui
1060 1536 1133 1591 de
1185 1535 1336 1591 caelo
1381 1535 1690 1591 descendit
1734 1538 1792 1589 et
1845 1534 1946 1589 dat
1976 1534 2160 1589 vitam

2275 377 2456 433 etiam
2503 385 2690 437 sancti
2731 383 2838 438 viri
2887 383 3171 455 quaedam
3201 383 3262 438 in
3312 383 3452 437 imis
3498 383 3944 442 descendentes

2275 465 2500 536 dicunt,
2531 469 2814 540 qumdam
2844 488 2983 526 vero
3009 487 3248 526 summa
3279 471 3770 544 contemplantes
3805 490 3943 546 pro-

2274 552 2471 610 ferunt
2497 573 2509 610 :
2543 556 2811 630 dumque
2851 559 2975 614 vim
3002 559 3092 614 vel
3122 560 3654 616 condescensionis
3691 562 3789 617 vel
3817 562 3942 619 alti-

2273 643 2496 699 tudinis
2552 647 2845 707 nesciunt.
2879 648 3162 704 audacter
3221 649 3348 703 haec
3408 649 3568 704 stulti
3618 653 3945 722 reprehen-

2273 731 2444 788 dunt.
2478 737 2542 789 Et
2570 735 2718 808 quid
2757 742 2850 792 est
2871 741 3104 808 justum
3149 737 3222 792 de
3266 754 3379 793 sua.
3426 738 3942 797 condescensione

2271 821 2420 876 velle
2453 825 2766 894 corrigere,
2799 826 2913 881 nisi
2943 826 3292 882 inclinatam
3322 843 3530 882 arcam
3560 830 3836 902 superba
3861 847 3941 887 re-

2270 910 2683 980 prehensionis
2716 929 2900 970 manu
2945 915 3205 970 relevare
3225 915 3253 970 ?
3281 915 3436 980 Quid
3487 921 3575 971 est
3595 917 3842 988 justum
3871 919 3940 974 de

2271 997 2575 1067 incognita
2627 1002 2926 1058 locutione
2976 1003 3437 1076 reprehendere,
3495 1005 3608 1060 nisi
3660 1012 3936 1063 motuum

2271 1087 2321 1155 ej
2335 1103 2400 1140 us
2426 1087 2785 1145 fortitudinis
2808 1092 3023 1147 erroris
3050 1092 3291 1165 lapsum
3315 1095 3565 1164 putare?
3599 1095 3723 1151 Sed
3756 1097 3939 1170 perdit

2271 1173 2453 1229 vitam
2492 1178 2594 1248 qui
2629 1180 2726 1233 Dei
2753 1179 2980 1234 tumide
3022 1180 3300 1236 sublevat
3329 1197 3341 1234 :
3370 1181 3516 1253 quia
3543 1198 3935 1257 nequaquam

2269 1264 2403 1335 quis
2435 1271 2784 1322 sanctorum
2807 1268 3102 1338 corrigere
3129 1286 3331 1325 arcam
3355 1275 3510 1326 recte
3539 1272 3768 1329 factam
3790 1290 3921 1346 pra:-

2271 1359 2550 1418 sumeret,
2580 1355 2695 1409 ni31
2721 1356 2794 1410 de
2828 1373 2892 1412 se
2940 1357 3106 1428 prius
3154 1358 3405 1414 meliora
3433 1361 3746 1417 sensisset.
3774 1361 3925 1418 Unde

2269 1445 2325 1494 et
2357 1442 2575 1497 Levites
2624 1443 2785 1499 idem
2833 1450 2991 1500 recte
3023 1448 3138 1502 Oza
3169 1446 3403 1508 dicitur.
3451 1449 3621 1520 quod
3667 1451 3932 1506 videlicet

2270 1529 2545 1584 robustus
2570 1534 2814 1588 Domini
2833 1533 3256 1605 interpretatur
3285 1553 3298 1602 ;
3331 1536 3476 1608 quia
3535 1545 3930 1612 praesumpto-

506 1624 645 1679 huic
675 1624 905 1679 mundo
940 1642 952 1678 :
987 1627 1050 1680 Et
1080 1630 1416 1679 assaturam
1450 1623 1690 1679 bubulae
1721 1621 1918 1678 carnis
1953 1637 2156 1684 unam,
2192 1646 2234 1697 Β
2270 1633 2362 1670 res
2389 1619 2612 1690 quiQue
2658 1621 2876 1676 audaci
2924 1627 3122 1677 mente
3154 1623 3434 1679 robustos
3466 1641 3527 1680 se
3585 1626 3645 1681 in
3683 1629 3929 1684 Domino

504 1712 660 1768 illius
695 1713 911 1768 scilicet
941 1713 1105 1768 vituli
1146 1713 1419 1782 saginati,
1453 1713 1553 1784 qui
1585 1728 1694 1784 pro
1725 1715 2051 1766 revertente
2081 1711 2157 1765 ad

505 1805 737 1872 patrem
783 1800 904 1855 ﬁlio
931 1801 1168 1871 juniore
1212 1805 1507 1856 mactatus
1562 1805 1618 1854 et
1668 1800 1805 1868 igne
1860 1799 2156 1872 passionis

505 1895 745 1945 assatus
777 1895 884 1958 est,
913 1889 1116 1944 dicens
1152 1907 1164 1943 :
1200 1909 1229 1942 ‹
1265 1889 1502 1944 Exaruit
1557 1887 1712 1943 velut
1768 1893 1918 1943 testa
1973 1887 2157 1941 virtus

504 1995 640 2033 mea
667 1981 855 2048 (Psal.
887 1980 1030 2048 xxI).
1067 2002 1094 2027 ι-
1120 2001 1146 2042 (ς
1180 1981 1243 2033 Et
1268 1977 1525 2033 similam
1554 1977 1768 2032 {rixam
1791 1976 1944 2043 oleo,
1973 2000 1997 2024 η
2031 1992 2156 2030 car-

503 2083 641 2123 nem
699 2068 966 2124 videlicet
1009 2083 1046 2123 a
1090 2068 1316 2140 peccati
1364 2067 1499 2134 labe
1529 2066 2012 2131 mundissimam,
2049 2064 2155 2119 sed

501 2156 580 2211 ob
618 2156 902 2212 humanae
949 2156 1158 2212 salutis
1197 2173 1446 2211 causam
1491 2155 1853 2210 uberrimam
1898 2154 2152 2209 delecta-

501 2245 761 2302 tionibus
811 2245 1004 2301 crucis
1049 2245 1348 2314 sartagine
1393 2249 1644 2300 coctam.
1678 2246 1743 2300 Et
1795 2244 2002 2300 merito
2033 2259 2155 2298 una

498 2335 673 2407 panis
717 2335 1030 2406 collyrida,
1065 2351 1184 2390 una
1229 2334 1424 2390 carnis
1479 2338 1751 2389 assatura
1781 2334 1978 2399 datur,
2010 2331 2154 2404 quia

501 2445 528 2470 «
561 2439 714 2478 unus
749 2424 1052 2487 Dominus,
1079 2439 1199 2477 una
1230 2423 1400 2490 ﬁdes,
1434 2439 1619 2476 unum
1650 2422 1972 2493 baptisma,
1999 2437 2153 2475 unus

498 2511 788 2564 Dominus
845 2515 900 2564 et
951 2515 1122 2582 pater
1168 2511 1441 2564 omnium
1488 2509 1723 2580 (Ephes.
1773 2512 1867 2580 ιν).
1905 2532 1932 2558 ››
1979 2509 2156 2563 Aliter

499 2597 626 2650 hinc
649 2612 901 2651 munera
925 2597 1131 2652 ﬁdeles
1161 2597 1462 2668 accipiunt
1490 2614 1502 2650 :
1526 2597 1817 2668 quoniam
1851 2613 2008 2652 unus
2045 2613 2149 2669 pa-

498 2685 592 2756 nis
638 2690 696 2740 et
747 2701 937 2740 unum
969 2702 1187 2756 corpus
1212 2685 1382 2740 multi
1413 2702 1622 2740 sumus
1651 2685 1710 2740 in
1752 2686 2000 2756 Christo,
2031 2704 2151 2742 suae

497 2775 694 2829 carnis
743 2773 960 2842 singuli
989 2773 1296 2829 lasciviam
1360 2774 1736 2844 castigantes,
1766 2791 1836 2830 an
1889 2777 2149 2831 servituti

497 2862 906 2934 subjicientes,
941 2862 1130 2918 sancti
1187 2863 1436 2934 Spiritus
1487 2863 1624 2931 igne
1648 2863 2008 2936 decoquunt.
2042 2881 2150 2920 nec

505 2967 626 3006 non
661 2957 718 3006 et
768 2951 992 3006 fructus
1022 2967 1271 3024 operum
1311 2950 1632 3017 bonorum,
1664 2951 1795 3006 oleo
1826 2953 2151 3008 misericor-

495 3039 608 3094 dite
664 3039 1112 3112 pinguissimos,
1168 3039 1587 3111 compassione
1617 3041 1874 3110 proximi
1925 3042 2148 3097 fervere

494 3127 737 3184 faciunt.
773 3132 841 3182 At
868 3134 1074 3184 contra
1105 3127 1226 3182 ﬁlia
1255 3127 1413 3193 Saul,
1447 3127 1664 3183 frustra
1685 3129 2026 3186 cubiculum
2056 3148 2144 3186 re-

499 3217 588 3286 gis
620 3218 911 3288 ingressa,
945 3217 1141 3272 nullos
1174 3217 1444 3289 concepti
1477 3217 1719 3272 seminis
1746 3217 1971 3274 fructus
2001 3220 2104 3276 dat
2131 3239 2143 3276 :

491 3307 636 3378 quia
676 3306 929 3361 verbum
988 3306 1086 3360 Dei
1139 3311 1460 3360 auretenus
1515 3310 1745 3362 tantum
1788 3309 2143 3381 percipiunt,

491 3395 722 3466 absque
769 3393 911 3447 boni
959 3393 1156 3466 operis
1187 3394 1372 3465 prole,
1400 3394 1560 3449 diem
1608 3401 1910 3467 perpetuae
1938 3399 2144 3453 mortis

492 3486 859 3552 exspectant.
891 3481 1182 3536 Caeterum
1212 3481 1422 3537 beatus
1449 3497 1608 3554 papa
1635 3484 1967 3552 Gregorius,
1997 3486 2144 3542 dum

491 3567 566 3622 de
593 3567 848 3623 audacia
883 3565 1255 3623 subditorum
1306 3576 1513 3625 contra
1539 3575 1795 3626 rectores
1832 3589 1973 3627 suos
2002 3579 2147 3630 trac-

491 3660 640 3711 taret
685 3655 1007 3726 moraliter,
1053 3657 1134 3712 ita
1184 3657 1446 3722 loquitur
1479 3677 1492 3713 :
1525 3661 1713 3731 Saape,
1759 3659 1969 3732 inquit,
2003 3662 2146 3734 quia

491 3744 733 3814 intelligi
797 3760 919 3800 non
976 3745 1190 3816 volent,
1241 3747 1635 3803 deterioribus
1689 3749 2008 3820 displicent
2053 3751 2145 3806 vel

490 3834 645 3890 facta
671 3833 763 3888 vel
792 3834 949 3890 dicta
1002 3835 1335 3903 meliorum,
1372 3837 1479 3893 sed
1509 3838 1587 3893 ab
1615 3839 1698 3894 eis
1754 3854 1875 3894 non
1927 3847 2144 3897 temere

487 3923 982 3996 reprehendenda
1013 3930 1172 3990 sunt,
1195 3927 1340 3997 quia
1384 3927 1834 3999 apprehendere
1859 3931 2145 3986 veraciter

488 4028 879 4084 nequaquam
928 4018 1205 4085 possunt.
1253 4017 1420 4086 Saepe
1469 4015 1698 4088 aliquid
1745 4033 1782 4073 a
1812 4019 2143 4089 majoribus

489 4101 947 4156 dissimulatorie
979 4102 1194 4172 agitur,
1218 4103 1382 4174 quod
1411 4121 1446 4158 a
1478 4103 1813 4160 minoribus
1845 4123 2008 4161 error
2038 4124 2144 4179 pu-

489 4194 678 4257 tatur;
705 4206 861 4263 saepe
892 4191 1080 4246 multa
1110 4207 1146 4246 a
1166 4191 1416 4246 fortibus
1447 4192 1749 4263 dicuntur,
1769 4211 1900 4266 quae
1921 4195 2141 4251 idcirco

485 4279 707 4337 inﬁrmi
738 4280 1091 4351 dijudicant,
1125 4281 1269 4352 quia
1297 4281 1594 4351 ignorant.
1630 4283 1800 4347 Quod
1847 4283 1998 4340 bene
2030 4285 2138 4340 bo-

486 4368 602 4424 bus
644 4369 1089 4425 calcitrantibus
1137 4368 1418 4424 inclinata
1467 4369 1567 4426 illa
1617 4372 1955 4428 testamenti
1998 4390 2141 4430 arca

487 4457 768 4528 signavit,
797 4473 1150 4530 quanquam
1174 4474 1450 4514 casuram
1482 4459 1754 4524 credens,
1778 4461 2002 4516 Levites
2033 4465 2140 4518 eri-

486 4562 623 4618 gere
656 4548 858 4614 voluit,
896 4563 1033 4602 mox
1067 4549 1424 4602 sententiam
1451 4549 1659 4603 mortis
1711 4551 1957 4621 accepit.
1989 4552 2136 4615 Quid

485 4642 574 4693 est
597 4653 862 4710 namque
893 4653 1064 4692 mens
1090 4636 1254 4707 justi,
1279 4636 1392 4690 nisi
1420 4651 1562 4691 arca
1593 4639 1968 4694 testamenti?
1998 4642 2139 4705 Quas

485 4732 718 4797 gestata
746 4727 942 4782 bobus
972 4726 1418 4782 calcitrantibus
1448 4726 1789 4791 inclinatur,
1821 4728 1963 4800 quia
1993 4745 2139 4785 non-

484 4830 800 4884 nunquam
828 4814 1006 4869 etiam
1038 4816 1140 4886 qui
1187 4815 1339 4871 bene
1392 4820 1629 4888 praeest,
1661 4815 1808 4872 dum
1840 4817 2137 4890 subjecto-

483 4917 617 4955 rum
649 4899 1013 4971 populorum
1046 4903 1397 4960 confusione
1428 4906 1764 4961 concutitur
1789 4905 1866 4961 ad
1897 4907 2137 4979 dispen-

483 4985 730 5041 sationis
761 4986 1350 5050 condescensnonem.
1381 5009 1449 5045 ex
1505 4993 1634 5048 sola
1663 4993 1976 5048 dilectione
2003 5010 2138 5065 per-

483 5079 780 5130 movetur.
825 5073 938 5129 Sed
988 5074 1101 5128 hoc
1153 5077 1318 5146 quod
1346 5077 1782 5149 dispensatorio
1809 5081 2022 5149 agitur,
2055 5083 2140 5136 in-

483 5160 723 5216 clinatio
766 5161 894 5233 ipse
921 5161 1300 5228 fortitudinis,
1344 5179 1524 5218 casus
1549 5171 1790 5236 putatur
1827 5167 2133 5239 imperitis.

484 5248 648 5304 Unde
678 5253 733 5304 et
767 5249 1041 5305 nonnulli
1072 5250 1292 5306 subditi
1323 5257 1531 5307 contra
1577 5254 1734 5309 hanc
1766 5271 2016 5311 manum
2045 5273 2136 5313 re-

479 5336 895 5410 prehensionis
920 5337 1179 5405 mittunt,
1203 5339 1308 5394 sed
1339 5355 1376 5394 a
1405 5338 1521 5394 vita
1547 5342 1817 5412 protinus
1849 5343 1980 5415 ipsa
2029 5363 2139 5402 sua

480 5426 809 5482 temeritate
835 5427 1140 5483 deﬁciunt.
1184 5428 1408 5482 Levites
1453 5442 1595 5495 ergo
1643 5431 1815 5502 quasi
1845 5433 2140 5504 adjuvans

484 5529 733 5570 manum
785 5515 1066 5582 extendit,
1126 5516 1233 5572 sed
1277 5514 1590 5587 deliquens
1638 5519 1818 5576 vitam
1861 5523 2138 5602 perdidit,

475 5603 622 5676 quia
649 5603 798 5660 dum
826 5603 1048 5661 inﬁrmi
1080 5605 1313 5679 quique
1338 5603 1583 5664 fortium
1612 5607 1769 5666 facta
1813 5612 2143 5687 corripiunt

2269 1705 2595 1769 crederent,
2633 1723 3024 1780 nequaquam
3073 1709 3390 1766 meliorum
3439 1711 3600 1768 facta
3630 1715 3721 1770 vel
3755 1717 3924 1782 dicta,

2268 1791 2428 1847 velut
2457 1794 2694 1850 inﬁrma
2721 1796 3079 1866 judicarent.
3112 1822 3138 1848 ‹‹
3170 1799 3466 1856 Habitavit
3523 1817 3665 1857 arca
3697 1805 3928 1860 Domini

2265 1880 2325 1934 in
2376 1880 2560 1937 domo
2611 1884 2958 1940 Obededom
3011 1887 3226 1942 Gethaei
3279 1888 3466 1944 tribus
3515 1893 3828 1949 mensibus
3876 1898 3929 1948 et

2264 1967 2566 2025 benedixit
2635 1972 2922 2027 Dominus
2989 1974 3338 2032 Obededom
3416 1982 3473 2034 et
3530 1995 3777 2037 omnem
3820 1982 3924 2037 do-

2271 2073 2437 2112 mum
2469 2060 2619 2129 ejus.
2650 2081 2675 2111 ι
2717 2061 3064 2118 Obededom
3095 2065 3368 2120 Gethreus
3399 2067 3534 2122 ideo
3559 2075 3823 2134 vocatur,
3856 2087 3923 2125 eo

2267 2147 2428 2217 quod
2487 2148 2546 2203 in
2597 2149 2744 2215 Jeth,
2779 2155 2948 2222 pater
2991 2153 3120 2223 ejus
3169 2153 3546 2212 habitaverit.
3576 2159 3746 2223 Quod
3782 2175 3921 2214 vero

2267 2235 2652 2305 subjungitur
2677 2255 2688 2292 :
2720 2258 2751 2290 ‹
2782 2240 3083 2296 Benedixit
3112 2258 3252 2298 eum
3287 2245 3573 2301 Dominus
3599 2251 3654 2302 et
3679 2263 3916 2302 omnem

2265 2324 2516 2380 domum
2569 2327 2717 2395 ejus,
2755 2349 2782 2376 ››
2830 2329 2912 2383 sic
2958 2330 3232 2386 nonnulli
3283 2333 3529 2404 intelligi
3581 2334 3802 2398 volunt,
3845 2351 3916 2390 eo

2265 2415 2426 2484 quod
2457 2431 2668 2470 omnes
2696 2433 2912 2472 uxores
2943 2419 3074 2488 ejus
3106 2424 3163 2474 et
3209 2422 3573 2488 concubinae,
3607 2428 3662 2477 et
3704 2438 3903 2490 nurus,

2263 2507 2320 2556 et
2365 2503 2614 2572 ancillzr,
2651 2506 2953 2562 masculos
3002 2511 3337 2580 pepererint
3385 2510 3552 2572 ﬁlios,
3593 2525 3817 2565 necnon
3845 2514 3903 2564 et

2263 2606 2480 2661 pecora
2511 2597 2567 2647 et
2588 2594 3017 2666 quadrupedes
3047 2597 3315 2661 geminos
3345 2598 3392 2651 ei
3419 2597 3710 2653 ediderint
3733 2598 3903 2654 fetus.

2263 2680 2482 2736 Deinde
2533 2683 2799 2754 sequitur
2842 2685 3097 2756 qualiter
3157 2687 3337 2742 David
3365 2693 3422 2743 et
3450 2687 3647 2743 omnis
3690 2689 3909 2744 domus

2265 2769 2442 2824 Israel
2483 2770 2544 2824 in
2587 2771 2948 2828 Hierusalem
2999 2774 3366 2831 reduxerunt
3411 2792 3612 2832 arcam
3660 2777 3911 2833 Domini.

2264 2861 2532 2930 Cumque
2564 2859 2658 2916 ille
2704 2862 2977 2919 saltasset
3024 2881 3227 2920 coram
3270 2881 3411 2921 arca
3458 2865 3714 2933 Domini,
3746 2872 3798 2922 et
3824 2867 3915 2923 Mi—

2261 2948 2396 3003 chol
2426 2948 2548 3004 ﬁlia
2582 2951 2722 3006 Saul
2769 2951 3137 3025 despexisset
3181 2971 3343 3012 eum.
3377 2960 3434 3010 et
3463 2955 3714 3028 reliqua.
3738 2957 3914 3012 David

2261 3054 2400 3093 cum
2431 3055 2632 3095 arcam
2659 3041 2894 3097 Domini
2926 3042 2986 3098 in
3027 3044 3399 3101 Hierusalem
3447 3045 3804 3113 transferret,
3833 3053 3915 3103 at-

2258 3143 2376 3198 que
2407 3135 2542 3183 ante
2573 3146 2706 3185 eam
2737 3130 2986 3201 luderet,
3015 3149 3050 3188 a
3081 3133 3290 3189 Michol
3339 3134 3483 3200 ﬁlia,
3531 3135 3691 3205 Saul,
3734 3153 3913 3192 uxore

2259 3231 2388 3282 sua,
2410 3217 2600 3272 hostili
2628 3219 2899 3274 irrisione
2926 3220 3337 3278 subsannatus
3369 3229 3458 3278 est
3479 3242 3492 3290 ;
3516 3223 3601 3279 sic
3632 3225 3910 3280 nimirum

2261 3305 2550 3361 Dominus
2579 3309 2746 3362 Jesus
2774 3308 3056 3374 Christus,
3092 3327 3230 3366 cum
3257 3315 3704 3368 Testamentum
3729 3316 3828 3370 Dei
3851 3314 3910 3370 in

2259 3394 2582 3450 Ecclesiam
2614 3412 2784 3450 suam
2818 3397 3136 3454 transferre
3163 3399 3370 3465 voluit,
3403 3401 3518 3456 hoc
3547 3408 3657 3469 est,
3689 3419 3760 3458 ex
3807 3403 3910 3458 Ve-

2257 3482 2363 3536 teri
2412 3487 2785 3539 Testamento
2828 3487 3177 3555 evangelica
3217 3497 3539 3561 praecepta,
3599 3491 3757 3546 velut
3807 3492 3906 3564 qui

2257 3585 2414 3625 nova
2459 3571 2760 3639 conderet,
2808 3589 2844 3628 a
2891 3573 3065 3646 plebe
3107 3576 3361 3633 Judaica
3419 3579 3900 3652 comprehensus,

2255 3665 2436 3730 atque
2466 3660 2522 3714 in
2551 3677 2724 3717 cruce
2773 3679 3123 3735 suspensus,
3155 3665 3486 3723 ludibrium
3513 3669 3592 3724 eis
3617 3667 3802 3722 fuerit.
3834 3668 3893 3723 In

2254 3763 2377 3819 qua
2407 3765 2580 3804 cruce
2608 3749 2768 3806 velut
2818 3751 3019 3807 nudus
3047 3753 3132 3808 eis
3179 3758 3480 3827 apparuit,
3509 3757 3652 3812 dum
3699 3764 3902 3828 poten-

2253 3837 2396 3892 tiam
2428 3837 2750 3894 divinitatis
2781 3857 2901 3894 suae
2929 3840 3043 3896 illis
3075 3842 3478 3909 abscondens,
3502 3845 3906 3901 inﬁrmitatem

2252 3927 2485 3979 tantum
2533 3927 2732 3981 carnis
2779 3927 3056 3984 ostendit.
3092 3929 3348 3986 Ancillas
3405 3947 3543 3988 vrro
3597 3949 3907 3989 servorum

2253 4011 2443 4069 David
2468 4014 2543 4069 de
2568 4015 2790 4087 quibus
2815 4016 2868 4071 ei
2898 4017 3104 4073 Michol
3129 4018 3536 4093 improperata
3559 4026 3668 4088 est,
3702 4038 3906 4094 perso-

2253 4117 2397 4156 nam
2430 4109 2691 4171 gestasse
2722 4111 3066 4161 sanctorum
3099 4123 3220 4162 non
3247 4109 3500 4165 dubium
3531 4116 3637 4165 est.
3671 4113 3749 4166 De
3779 4112 3908 4183 qui-

2252 4189 2367 4244 bus
2395 4207 2570 4246 verus
2621 4193 2827 4260 David,
2860 4194 2975 4251 hoc
3027 4201 3116 4251 est
3162 4214 3347 4253 manu
3396 4199 3560 4254 fortis
3595 4199 3907 4270 Dominus,

2253 4286 2390 4352 post
2413 4282 2826 4338 ascensionem
2858 4301 3029 4340 suam
3061 4286 3118 4340 in
3147 4287 3335 4356 caelis,
3364 4304 3471 4360 per
3495 4289 3908 4358 evangelicam

2252 4369 2760 4440 praedicationem,
2816 4387 2922 4444 per
2993 4375 3279 4430 virtutum
3347 4376 3657 4446 miracula,
3716 4383 3774 4432 et
3829 4379 3911 4434 ad

2251 4461 2582 4512 extremum
2637 4474 2742 4530 per
2770 4461 3038 4533 martyrii
3079 4463 3450 4535 triumphum
3483 4462 3794 4532 gloriosior
3823 4465 3911 4521 ef-

2251 4545 2437 4600 fectus
2463 4546 2634 4601 estin
2667 4547 2943 4615 gentibus
2974 4550 3163 4605 multo
3208 4552 3402 4621 magis
3449 4568 3635 4624 quam
3684 4553 3743 4608 in
3773 4569 3912 4625 pas-

2250 4633 2416 4689 sione
2438 4650 2547 4689 sua
2572 4635 2791 4690 Judmis
2820 4637 2985 4692 visus
3007 4639 3231 4694 fuerat.

2323 4751 2351 4783 ‹
2379 4731 2584 4787 Michol
2611 4749 2731 4788 non
2750 4739 2833 4790 est
2861 4740 3039 4790 natus
3065 4735 3241 4792 ﬁlius.
3264 4759 3293 4786 ››
3316 4737 3524 4794 Michol
3554 4738 3613 4793 in
3642 4745 3783 4811 type
3805 4741 3911 4812 Sy-

2245 4838 2498 4893 nagogaa
2512 4822 2722 4878 sterilis
2737 4827 3094 4896 permansit:
3110 4842 3246 4882 ecce
3265 4827 3602 4896 allegorice.
3621 4829 3909 4902 Deinceps

2246 4911 2549 4966 moraliter
2575 4911 2788 4968 intueri
2821 4913 2964 4969 libet
2987 4921 3285 4986 quantum
3327 4916 3609 4972 virtutum
3652 4933 3910 4974 munera

2245 5000 2430 5056 David
2450 5007 3014 5074 perceperatzatque
3032 5004 3092 5058 in
3112 5003 3202 5058 his
3231 5005 3516 5060 omnibus
3543 5011 3642 5078 qui
3667 5005 3815 5061 forte
3849 5025 3913 5062 se

2247 5087 2578 5143 humilitate
2597 5089 2888 5145 servabat.
2918 5091 3106 5154 Quem
3124 5092 3285 5146 enim
3303 5108 3425 5148 non
3447 5093 3785 5150 extolleret?
3804 5111 3916 5150 ora

2247 5175 2491 5230 leonum
2522 5174 2816 5246 frangere,
2845 5195 3124 5234 ursorum
3158 5180 3405 5237 brachia
3454 5182 3768 5254 dissipare,
3803 5184 3911 5239 de-

2251 5262 2467 5335 spectis
2488 5263 2787 5336 prioribus
2809 5265 3092 5323 fratribus
3121 5269 3277 5339 eligi,
3295 5271 3616 5342 reprobato
3645 5287 3804 5342 rege,
3832 5273 3912 5327 ad

2250 5351 2418 5421 regni
2446 5351 2855 5420 gubernacula
2877 5356 3040 5426 ungi,
3070 5357 3404 5413 timendum
3427 5359 3652 5414 cunctis
3674 5375 3800 5415 uno
3832 5361 3918 5416 la-

2248 5441 2386 5514 pide
2415 5441 2642 5496 Goliath
2692 5447 2973 5514 sternere,
3001 5461 3037 5501 a
3066 5463 3205 5515 rege
3256 5449 3565 5520 proposita
3607 5450 3921 5506 exstinctis

2253 5527 2601 5599 Allophylis,
2634 5545 2957 5588 numerosa
2988 5535 3274 5606 praeputia
3300 5541 3622 5608 reportare,
3658 5538 3925 5608 promis-

2254 5632 2388 5670 sum
2401 5617 2644 5674 tandem
2659 5635 2912 5689 regnum
2929 5624 3257 5696 percipere,
3271 5630 3677 5698 cunctumque
3691 5627 3927 5682 Israeli-
