4136 6176
206 184 316 237 353

1195 187 1449 242 ENARR.
1493 185 1561 241 IN
1601 187 1847 242 LIBROS
1884 186 2146 246 REGUM.
2187 222 2256 233 —
2295 195 2362 249 ΙΝ
2404 195 2531 248 LIB.
2575 193 2639 248 ll.

3525 199 3631 252 354

204 303 389 358 ticum
411 302 706 374 populum
727 303 856 360 sine
880 305 1000 361 ulla
1014 307 1480 363 contradictione
1498 309 1810 382 possidere
1831 310 1857 364 ‘?
1885 314 1929 366 A
1972 334 1999 360 «
2031 312 2178 369 lium
2206 317 2232 370 ?
2264 315 2534 388 Dixitque
2565 316 2796 372 Nathan
2829 316 2902 372 ad
2932 332 3135 386 regem
3169 334 3182 372 :
3243 319 3432 374 Omne
3462 319 3629 391 quod

203 395 350 448 Ecce
384 397 584 447 tamen
608 409 748 448 cum
775 410 976 449 arcam
1003 396 1100 451 Dei
1130 397 1186 452 in
1211 397 1573 453 Hierusalem
1595 405 1856 468 revocat,

200 483 380 556 quasi
411 482 637 538 oblitus
663 483 973 556 praelatum
993 502 1057 540 se
1081 504 1234 548 esse.
1259 489 1542 542 omnibus
1565 489 1858 544 admistus

200 573 462 647 populis,
496 580 632 629 ante
662 591 865 630 arcam
894 575 1173 632 saltabat.
1207 578 1435 649 thuia
1461 595 1667 634 coram
1721 596 1860 635 arca

198 664 414 720 saltare
449 663 534 734 (ut
565 665 841 735 creditur)
859 666 1018 734 vulgi
1044 684 1176 722 mos
1212 668 1424 735 fuerat,
1462 685 1565 723 rex
1593 685 1653 724 se
1685 669 1743 724 in
1774 669 1859 724 di-

197 755 337 810 vino
358 753 658 826 obsequio
687 771 794 827 per
817 756 1035 811 saltum
1060 762 1230 812 rotat.
1271 760 1412 812 Ecce
1429 775 1610 830 quem
1661 759 1856 814 Domi-

194 861 312 901 nus
343 844 576 899 cunctis
605 843 982 914 singulariter
1005 845 1282 918 praetulit,
1307 863 1436 902 sese
1465 847 1728 902 subdidit
1749 851 1853 903 Do-

194 933 386 1002 mino,
420 937 481 987 et
501 933 878 1005 exaequando
910 935 1191 998 minimis,
1225 935 1458 1006 abjecta
1515 936 1853 992 exhibendo

193 1025 619 1079 contemnitur.
653 1026 778 1079 Non
808 1029 1072 1095 potestas
1094 1025 1258 1093 regni
1285 1025 1357 1080 ad
1386 1027 1737 1082 memoriam
1761 1045 1850 1083 re-

192 1112 456 1173 ducitur,
492 1126 603 1166 nec
625 1111 1034 1182 subjectorum
1065 1114 1254 1169 oculis
1283 1115 1560 1170 saltando
1576 1115 1850 1171 vilescere

191 1199 422 1262 metuit,
459 1215 580 1254 non
613 1215 677 1255 se
707 1200 934 1256 honore
955 1202 1266 1273 prtelatum
1291 1205 1516 1258 caeteris
1541 1207 1700 1274 (ante
1719 1206 1848 1275 ejus

193 1305 401 1344 arcam
433 1288 538 1360 qui
562 1288 849 1344 honorem
880 1290 1197 1347 desiderat)
1223 1293 1612 1361 recognoscit.
1637 1296 1848 1349 Coram

195 1379 311 1433 Deo
343 1377 467 1446 egit
496 1375 717 1432 debilia
747 1378 840 1433 vel
869 1385 1153 1446 extrema,
1179 1386 1243 1436 ut
1273 1380 1372 1436 illa
1401 1398 1472 1435 ex
1519 1381 1848 1438 humilitate

194 1465 504 1534 solidaret,
530 1483 666 1538 quae
698 1483 902 1523 coram
930 1469 1276 1524 hominibus
1333 1476 1603 1541 gesserat
1655 1472 1845 1527 fortia.

187 1555 337 1620 Quid
363 1555 439 1610 de
462 1555 594 1626 ejus
618 1555 787 1611 factis
815 1556 892 1612 ab
924 1557 1053 1616 aliis
1084 1559 1370 1614 sentiatur
1400 1559 1612 1628 ignoro
1665 1578 1676 1614 :
1737 1577 1848 1631 ego

188 1643 377 1699 David
404 1643 544 1715 plus
573 1643 886 1700 saltantem
942 1653 1172 1718 stupeo,
1217 1664 1406 1720 quam
1454 1653 1845 1720 pugnantem.
1877 1661 1919 1712 Β

185 1732 528 1802 Pugnando
552 1732 776 1805 quippe
799 1735 1001 1789 hostes
1020 1735 1308 1805 subdidit,
1336 1736 1616 1793 saltando
1647 1743 1847 1794 autem

184 1837 393 1877 coram
424 1822 682 1877 Domino
709 1823 1097 1896 semetipsum
1125 1843 1138 1892 ;
1164 1837 1347 1898 quem
1378 1825 1583 1882 Michol
1617 1826 1756 1883 Saul
1784 1827 1848 1881 ﬁ-

184 1909 278 1975 lia,
313 1910 523 1966 adhuc
547 1925 620 1966 ex
644 1910 857 1967 timore
884 1912 1032 1982 regii
1059 1929 1292 1983 generis
1325 1915 1561 1980 insana,
1584 1931 1722 1970 eum
1744 1917 1850 1970 hu-

184 1999 489 2055 miliatum
516 1999 870 2072 despiceret,
892 2001 1096 2056 dicens
1126 2020 1138 2056 :
1165 2004 1404 2068 «Quam
1422 2003 1719 2072 gloriosus
1740 2003 1849 2059 fuit

182 2088 364 2144 hodie
391 2103 498 2143 rex
529 2087 727 2154 Israel,
747 2089 1190 2162 discooperiens
1214 2108 1274 2147 se
1304 2098 1439 2148 ante
1466 2092 1713 2148 ancillas
1733 2109 1849 2147 ser-

187 2194 400 2233 vorum
437 2193 712 2242 suorum,
747 2182 803 2233 et
831 2179 1094 2235 nudatus
1121 2185 1226 2244 est,
1259 2197 1432 2253 quas:
1483 2182 1533 2236 si
1589 2181 1849 2236 nudetur

183 2282 344 2322 unus
375 2266 451 2322 de
487 2266 730 2322 scurris.
756 2284 786 2318 ›
818 2267 1092 2322 Protinus
1119 2269 1382 2324 audivit:
1418 2292 1443 2319 «
1478 2272 1626 2325 Ante
1653 2269 1847 2324 Domi-

181 2372 334 2411 num
369 2371 475 2427 qui
501 2355 675 2424 elegit
699 2371 794 2411 me
824 2356 1024 2428 potius
1065 2373 1251 2430 quam
1303 2364 1534 2431 patrem
1589 2363 1780 2414 tuum.
1815 2382 1842 2407 »

185 2451 254 2500 Ac
278 2444 476 2517 paulo
498 2451 639 2516 post
661 2445 741 2499 ait
793 2462 805 2498 :
859 2468 885 2492 «
918 2448 984 2500 Et
1006 2445 1212 2502 ludam
1246 2451 1299 2502 et
1339 2447 1506 2502 vilior
1533 2448 1678 2503 tiam
1708 2448 1844 2520 plus

185 2550 372 2605 quam
403 2533 602 2589 factus
628 2550 785 2604 sum,
815 2549 1038 2606 eroque
1053 2535 1295 2590 humilis
1323 2536 1382 2591 in
1409 2536 1597 2592 oculis
1616 2537 1788 2592 meis.
1816 2559 1843 2586 ››

186 2629 258 2680 Ac
289 2623 339 2679 si
371 2628 582 2697 aperte
607 2623 766 2679 dicat
797 2643 809 2678 :
840 2623 1124 2679 Vilescere
1151 2641 1355 2681 coram
1377 2626 1724 2682 hominibus
1743 2642 1847 2699 ap-

186 2717 336 2784 peto,
366 2712 519 2784 quia
543 2727 784 2767 servare
814 2712 961 2767 mihi
986 2728 1190 2769 coram
1219 2716 1338 2768 Deo
1399 2713 1706 2782 ingenium
1739 2728 1847 2784 per

186 2800 589 2857 humilitatem
619 2817 848 2872 quaero.
885 2803 1033 2857 Sunt
1061 2818 1202 2857 vero
1233 2803 1505 2858 nonnulli
1534 2801 1637 2874 qui
1654 2801 1728 2857 de
1752 2818 1843 2857 se-

189 2891 451 2964 metipsis
476 2890 733 2945 humilia
762 2890 1043 2956 sentiunt,
1076 2892 1241 2963 quia,
1274 2892 1332 2946 in
1386 2891 1715 2947 honoribus
1743 2906 1846 2963 po-

189 2978 292 3049 siti,
319 2978 473 3035 nihil
505 2995 568 3034 se
592 2994 748 3036 esse.
779 2978 896 3033 nisi
921 2979 1231 3051 pulverem
1278 2979 1666 3052 favillamque
1714 2995 1844 3051 per-
1874 3011 1915 3065 ο

191 3067 494 3139 pendunt;
528 3066 634 3122 sed
664 3073 867 3122 tamen
897 3083 1100 3122 coram
1154 3067 1501 3124 hominibus
1556 3067 1701 3122 viles
1749 3084 1842 3138 ap-

191 3171 385 3228 parere
412 3155 747 3226 refugiunt,
779 3160 835 3211 et
854 3160 1063 3211 contra
1084 3156 1218 3216 hoc.
1280 3157 1445 3229 quod
1475 3157 1550 3211 de
1581 3173 1642 3211 se
1701 3156 1844 3210 inte-

188 3245 305 3299 rius
331 3245 626 3314 cogitant,
647 3244 823 3316 quasi
850 3243 1044 3313 rigida
1063 3245 1320 3300 exterius
1347 3250 1656 3301 venustate
1715 3244 1844 3316 pal-

187 3333 432 3388 liantur.
456 3335 524 3386 Et
553 3332 996 3400 suntnonnulli,
1031 3334 1136 3406 qui
1157 3334 1303 3389 viles
1329 3334 1510 3389 videri
1537 3333 1614 3390 ab
1659 3334 1848 3389 homi-

193 3421 380 3475 nibus
401 3425 702 3492 appetunt,
727 3426 909 3494 atque
937 3438 1117 3478 omne
1146 3423 1312 3495 quod
1343 3427 1501 3489 sunt,
1536 3439 1599 3478 se
1646 3423 1844 3494 dejec-

203 3513 298 3564 tos
325 3509 673 3577 exhibendo,
703 3517 1098 3568 contemnunt
1125 3530 1138 3579 ;
1172 3512 1278 3567 sed
1304 3517 1509 3568 tamen
1567 3512 1731 3584 apud
1781 3527 1844 3567 se

203 3597 503 3667 introrsus,
538 3601 708 3671 quasi
735 3616 808 3656 ex
857 3601 994 3674 ipso
1045 3601 1253 3657 merito
1299 3607 1554 3658 ostensa:
1612 3601 1845 3656 vilitatis

202 3687 614 3755 intumescunt,
648 3694 706 3745 et
729 3695 894 3746 tanto
917 3690 1112 3760 magis
1158 3690 1218 3745 in
1263 3692 1441 3748 corde
1495 3691 1629 3746 elati
1685 3695 1842 3758 sunt,

213 3782 424 3847 quanto
446 3779 703 3852 amplius
733 3780 794 3834 in
825 3780 1019 3852 specie
1041 3781 1359 3836 elationem
1378 3786 1676 3854 premunt.
1703 3783 1844 3846 Quae

221 3868 443 3937 utraque
470 3869 645 3924 unius
676 3868 950 3924 elationis
979 3869 1157 3936 bella,
1212 3886 1436 3940 magna
1493 3869 1681 3925 David
1741 3871 1844 3925 cir-

215 3956 654 4028 cumscriptione
685 3958 1098 4030 deprehendit,
1135 3959 1288 4013 mira
1341 3959 1552 4014 virtute
1598 3974 1844 4030 supera-

205 4042 292 4109 vit,
313 4044 454 4116 quia
484 4046 650 4100 enim
676 4046 752 4101 de
769 4046 1089 4118 semetipso
1106 4047 1266 4102 intus
1289 4045 1538 4102 humilia
1561 4047 1842 4102 sentiens.

120 4144 123 4145 '
195 4131 477 4190 honorem
503 4134 766 4190 exterius
799 4152 921 4191 non
948 4152 1243 4208 quaerens,
1269 4136 1550 4192 insinuat.
1598 4135 1842 4192 dicens:

193 4244 218 4268 α
247 4223 482 4279 Ludam
504 4229 564 4280 et
598 4224 770 4280 vilior
797 4227 962 4280 tiam.
997 4249 1024 4275 »
1079 4229 1146 4282 Et
1195 4227 1338 4298 quia
1395 4243 1500 4299 per
1539 4227 1650 4283 hoc
1682 4227 1846 4299 quod

188 4311 350 4369 vilem
387 4330 456 4370 se
483 4315 745 4369 exterius
774 4315 941 4387 prius
968 4316 1243 4388 praebuit,
1273 4331 1661 4389 nequaquam
1709 4316 1848 4371 inte-

187 4403 298 4458 rius
328 4405 708 4470 intumescit,
737 4405 1012 4476 adjungit
1045 4422 1057 4460 :
1089 4409 1320 4478 Eroque
1346 4407 1587 4461 humilis
1621 4407 1676 4461 in
1711 4424 1847 4462 ocu-

181 4490 242 4547 lis
267 4495 449 4550 meis.
486 4497 569 4549 Ac
610 4495 662 4548 si
687 4494 888 4550 dicat:
924 4495 1170 4560 Qualem
1200 4512 1296 4550 me
1351 4497 1606 4550 exterius
1655 4495 1848 4568 despi-

181 4583 328 4638 ciens
354 4582 651 4652 exhibeo,
686 4583 864 4638 talem
893 4600 988 4638 me
1011 4583 1258 4638 interius
1285 4583 1553 4640 attendo.
1586 4585 1739 4650 Quid
1761 4602 1846 4640 er-

177 4686 245 4739 go
266 4673 471 4728 acturi
506 4677 647 4727 sunt
676 4688 831 4744 quos
863 4672 1136 4728 doctrina
1173 4673 1366 4728 elevat
1398 4673 1424 4727 ?
1475 4673 1522 4727 si
1556 4673 1739 4728 David
1771 4691 1844 4730 ex

174 4775 343 4816 carne
378 4776 510 4814 sua
537 4763 859 4814 venturum
894 4761 1351 4832 Redemptorem
1382 4765 1650 4825 noverat,
1683 4763 1841 4833 ejus-

170 4863 282 4919 que
309 4847 554 4919 gaudia
580 4848 1000 4920 prophetando
1031 4850 1364 4916 nuntiabat,
1397 4855 1453 4905 et
1501 4855 1722 4918 tamen,
1779 4851 1840 4905 in

171 4939 506 5011 semetipso
531 4937 828 4992 cervicem
859 4938 1076 5002 cordis,
1102 4938 1302 4994 valida
1331 4937 1703 4993 discretionis
1728 4938 1842 4994 cal-

170 5041 228 5080 ce
257 5026 681 5100 deprimebat,
713 5026 918 5082 dicens
952 5044 964 5081 :
991 5046 1021 5079 ‹
1050 5030 1280 5100 Eroque
1308 5027 1552 5082 humilis
1574 5027 1632 5081 in
1649 5027 1838 5085 oculis

171 5130 309 5171 mets
317 5159 330 5171 .
369 5139 402 5166 >³

823 5224 1052 5279 CAPUT
1097 5225 1207 5278 νη.

234 5405 260 5428 α
295 5383 566 5439 Factum
599 5385 689 5436 est
715 5386 917 5437 autem
946 5398 1087 5437 cum
1114 5381 1362 5437 sedisset
1393 5399 1497 5437 rex
1545 5381 1605 5437 in
1653 5383 1837 5438 domo

168 5491 190 5515 vi
223 5489 358 5538 sua,
387 5479 454 5528 et
490 5471 782 5527 Dominus
802 5469 1060 5526 dedisset
1116 5470 1167 5525 ei
1223 5471 1514 5543 requiem,
1573 5471 1718 5526 dixit
1758 5470 1836 5526 ad

171 5579 192 5600 υ
223 5563 469 5618 Nathan
482 5562 847 5633 prophetam
869 5578 881 5614 :
912 5559 1168 5614 Videsne
1181 5559 1342 5631 quod
1363 5575 1474 5628 ego
1492 5561 1756 5615 habitem
1777 5561 1836 5614 in

172 5671 192 5693 υ
222 5649 418 5707 domo
452 5649 725 5719 cedi-ina,
757 5654 814 5705 et
832 5663 971 5705 arca
991 5649 1092 5704 Dei
1115 5648 1309 5722 posita
1325 5648 1469 5703 sitin
1489 5648 1688 5705 medio
1710 5648 1834 5722 pel-

1971 422 1998 448 «
2032 405 2121 456 est
2152 402 2211 456 in
2240 404 2421 458 corde
2443 409 2568 470 tuo,
2591 404 2746 460 vade
2776 404 2894 474 fac,
2927 405 3072 477 quia
3101 405 3393 461 Dominus
3431 410 3627 462 tecum

1969 511 1996 537 ‹‹
2028 494 2140 558 est,
2167 513 2193 539 ››
2227 496 2336 547 etc.
2373 495 2490 547 Hoc
2522 493 2682 547 enim
2708 493 2938 549 Nathan
2961 509 3034 548 ex
3065 510 3149 560 se,
3203 509 3326 548 non
3381 509 3453 548 ex
3509 510 3626 550 ser-

1967 593 2147 632 mone
2183 580 2411 634 Domini
2443 581 2621 646 dixit;
2680 586 2736 636 et
2784 580 2920 636 ideo
2942 581 3158 637 erravit
3201 581 3274 636 de
3307 597 3487 636 sensu
3513 598 3626 637 suo

1965 680 2338 736 praesumens
2367 684 2380 722 :
2407 668 2572 738 prius
2601 668 2759 723 enim
2791 668 2977 724 Deum
2999 670 3366 737 interrogare
3389 669 3623 725 debuit.

1967 752 2066 807 Hic
2095 753 2296 826 itaque
2329 754 2794 825 demonstratur,
2818 757 2981 828 quod
3005 757 3245 828 spiritus
3269 757 3618 829 prophetiaa,

1963 842 2395 914 prophetarum
2417 849 2644 899 mentes
2675 860 2796 899 non
2841 861 3082 917 semper
3111 845 3358 900 irradiat
3411 863 3424 900 :
3479 845 3625 918 quia

1967 928 2117 985 sicut
2140 930 2214 986 de
2241 931 2456 1004 Spiritu
2491 938 2701 989 sancto
2735 935 3020 1006 scriptum
3050 939 3156 1000 est,
3183 957 3208 983 ‹‹
3240 934 3340 989 ubi
3363 935 3488 990 vult
3509 935 3624 1005 spi-

1967 1024 2059 1074 rat
2088 1021 2285 1076 (Joan.
2317 1022 2418 1092 ni].
2453 1044 2481 1070 »
2515 1021 2659 1077 Hinc
2677 1027 2765 1078 est
2791 1023 2969 1079 etiam
3003 1023 3168 1095 quod
3191 1023 3458 1088 Eliszeus,
3482 1041 3620 1080 cum

1968 1107 2206 1162 ﬂentem
2236 1109 2546 1165 mulierem
2577 1119 2860 1181 cerneret,
2917 1127 3287 1184 causamque
3342 1113 3613 1183 nesciret,

1965 1195 2042 1250 ad
2059 1197 2477 1267 prohibentem
2500 1199 2655 1255 hanc
2679 1215 2933 1272 puerum
2951 1201 3091 1256 dicit
3114 1220 3126 1256 :
3155 1224 3181 1250 «
3213 1201 3442 1256 Dimitte
3461 1218 3590 1257 eam
3607 1247 3619 1270 ,

1960 1285 2105 1356 quia
2136 1286 2340 1342 anima
2366 1288 2495 1358 ejus
2527 1288 2586 1343 in
2617 1290 3017 1345 amaritudine
3039 1295 3127 1344 est
3185 1307 3197 1344 :
3247 1295 3303 1344 et
3333 1289 3618 1346 Dominus

1958 1375 2166 1430 celavit
2197 1393 2313 1444 me,
2343 1383 2399 1432 et
2429 1393 2551 1432 non
2578 1377 2868 1434 indicavit
2897 1379 3043 1434 mihi
3103 1381 3213 1449 (IV
3261 1381 3402 1449 Reg.
3458 1381 3555 1450 IV).
3591 1403 3618 1429 »

1957 1465 2125 1528 Quod
2153 1465 2536 1537 omnipotens
2571 1470 2723 1522 Deus
2757 1483 2828 1522 ex
2859 1484 3083 1538 magna
3112 1468 3346 1540 pietatis
3385 1469 3622 1541 dispen-

1958 1552 2185 1608 satione
2235 1554 2516 1626 disponit,
2574 1555 2914 1628 quia-dum
2971 1559 3299 1629 prophetia:
3347 1558 3615 1630 spiritum

1959 1641 2286 1714 aliquando
2316 1643 2441 1713 dat,
2472 1649 2528 1700 et
2551 1644 2878 1718 aliquando
2905 1646 3218 1710 subtrahit,
3254 1649 3622 1720 prophetau-

1959 1731 2105 1786 tium
2129 1738 2358 1787 mentes
2389 1738 2445 1788 et
2470 1733 2662 1790 elevat
2691 1735 2750 1789 in
2782 1734 3152 1803 celsitudine,
3187 1741 3243 1792 et
3265 1737 3524 1792 custodit
3551 1737 3614 1792 in

1956 1819 2322 1877 humilitate:
2345 1827 2409 1877 ut
2438 1823 2796 1896 accipientes
2824 1824 3119 1895 spiritum,
3149 1825 3619 1898 inveniantquid

1955 1908 2030 1964 de
2061 1910 2180 1966 Deo
2211 1910 2345 1975 sint,
2374 1916 2431 1966 et
2457 1928 2694 1968 rursum
2714 1913 3041 1984 prophetiae
3065 1914 3336 1985 spiritum
3363 1930 3483 1970 non
3513 1915 3617 1970 ha-

1954 1997 2183 2062 bentes,
2208 2005 2577 2069 cognoscant
2602 2001 2746 2072 quid
2778 2001 2854 2056 de
2885 2002 3216 2075 semetipsis
3248 2002 3383 2058 sint.
3445 2003 3614 2058 Unde

1956 2087 2248 2158 propheta
2269 2087 2434 2158 quod
2461 2103 2534 2143 ex
2564 2103 2624 2142 se
2656 2088 2815 2155 dixit,
2850 2094 3092 2161 prOpter
3123 2107 3300 2145 usum
3355 2091 3613 2162 prophe-

1957 2175 2070 2244 tiae,
2104 2180 2159 2230 et
2180 2176 2388 2247 spiritu
2409 2177 2632 2232 dixisse
2657 2176 2955 2233 credebat.
2993 2179 3250 2250 Ideoque
3275 2179 3420 2234 illud
3443 2179 3610 2251 quod

1960 2264 2225 2335 sequitur
2255 2280 2326 2319 ex
2359 2280 2632 2320 sermone
2667 2265 2896 2320 Domini
2924 2265 3088 2321 dixit.

2033 2376 2060 2403 ‹‹
2094 2353 2371 2425 Nunquid
2404 2358 2465 2408 tu
2490 2354 2818 2409 eediﬁcabis
2851 2355 2993 2409 mihi
3025 2355 3276 2410 domum
3305 2358 3332 2412 ?
3364 2379 3392 2406 ››
3442 2361 3498 2412 et
3525 2373 3612 2412 re-

1957 2443 2142 2514 liqua.
2172 2447 2250 2498 Ac
2277 2443 2323 2496 si
2355 2443 2575 2498 diceret
2599 2462 2610 2498 :
2647 2447 2774 2499 Non
2799 2444 3016 2516 poteris
3033 2444 3326 2500 aediﬁcare
3347 2445 3489 2501 mihi
3509 2445 3612 2502 do—

1959 2549 2149 2596 mum,
2182 2531 2325 2603 quia
2353 2531 2442 2586 vir
2473 2531 2836 2602 sanguinum
2867 2550 2954 2597 es,
2987 2538 3043 2587 et
3070 2533 3323 2588 multum
3374 2535 3612 2604 sangui-

1958 2635 2095 2675 nem
2129 2620 2406 2676 effudisti.
2443 2621 2582 2676 lnde
2613 2626 2705 2676 est
2733 2620 2900 2692 quod
2925 2621 2984 2676 in
3015 2622 3267 2677 tentorio
3317 2627 3373 2676 et
3418 2622 3614 2678 taber-

1957 2709 2174 2764 naculo
2207 2726 2267 2764 se
2289 2709 2430 2764 dicit
2450 2710 2773 2776 habitasse,
2803 2711 2948 2782 quia
2979 2726 3087 2765 nec
3119 2713 3346 2782 Moyses
3380 2727 3488 2767 nec
3518 2713 3615 2767 Jo-

1955 2815 2059 2853 sue
2087 2803 2410 2871 potuerunt
2439 2799 2736 2855 aediﬁcare
2766 2799 3042 2869 domum,
3066 2799 3209 2872 quia
3240 2800 3349 2855 viri
3371 2800 3611 2869 sangui-

1952 2905 2100 2944 num
2132 2889 2389 2946 fuerunt.
2420 2890 2582 2946 Unde
2610 2896 2667 2946 et
2693 2890 2754 2944 in
2788 2889 3178 2962 sequentibus
3205 2890 3325 2945 ait:

2025 3002 2052 3029 ‹‹
2094 2979 2373 3050 Nunquid
2426 2979 2679 3052 loquens
2730 2979 2964 3036 locutus
3020 2996 3157 3034 sum
3239 2980 3413 3036 alicui
3456 2979 3615 3050 judi-

1956 3093 1983 3118 «
2023 3069 2075 3124 ci
2123 3069 2197 3125 de
2242 3069 2515 3125 tribubus
2571 3069 2764 3136 Israel,
2825 3071 2919 3125 cui
2975 3069 3231 3141 przecepi
3281 3075 3346 3125 ut
3399 3085 3612 3141 pasce-

1954 3182 1980 3208 «
2024 3164 2110 3214 ret
2165 3159 2458 3230 populum
2509 3159 2706 3226 Israel,
2764 3158 3013 3213 dicens:
3050 3161 3240 3222 Quare
3295 3174 3415 3213 non
3473 3157 3612 3212 aedi-

1953 3270 1979 3296 ‹‹
2021 3246 2209 3302 ﬁcasti
2281 3247 2423 3301 mihi
2474 3247 2725 3301 domum
2796 3246 3103 3301 cedrinam
3137 3250 3164 3300 ?
3195 3268 3222 3294 »
3282 3245 3503 3302 Idcirco
3575 3261 3613 3301 a

1952 3335 2116 3390 nullo
2169 3334 2443 3406 judicum
2497 3334 2606 3389 sibi
2666 3334 2944 3390 aediﬁcari
2988 3335 3240 3391 domum
3298 3334 3608 3391 cedrinam

1946 3424 2144 3495 jussit,
2186 3424 2328 3496 quia
2350 3423 2428 3479 ab
2458 3423 2742 3479 omnibus
2776 3429 2982 3478 contra
3025 3423 3225 3478 hostes
3273 3429 3611 3496 pugnatum

1951 3513 2079 3583 fuit,
2109 3520 2164 3569 et
2194 3530 2405 3569 omnes
2435 3513 2723 3569 effusores
2755 3513 3117 3582 sanguinum
3149 3515 3400 3570 luerunt.
3437 3514 3612 3570 Filius

1947 3607 2150 3658 tamen
2180 3609 2316 3659 tuus
2341 3602 2434 3658 cui
2476 3619 2597 3658 non
2655 3603 2963 3658 instabunt
3017 3601 3173 3657 bella
3221 3603 3502 3669 hostium,
3557 3609 3614 3660 et

1948 3692 2094 3764 quia
2123 3708 2247 3748 non
2275 3692 2382 3748 erit
2411 3692 2500 3746 vir
2532 3691 2920 3761 sanguinum,
2948 3691 3078 3763 ipse
3115 3690 3434 3747 aediﬁcabit
3463 3693 3612 3748 mihi

1950 3782 2203 3837 domum
2233 3799 2244 3835 :
2278 3797 2420 3837 nam
2453 3780 2620 3853 quod
2648 3781 2916 3852 sequitur
2977 3799 2988 3835 :
3042 3804 3068 3828 ‹‹
3105 3796 3209 3851 per
3239 3787 3453 3836 cuncta
3476 3781 3610 3838 loca

1949 3887 2086 3941 qua:
2114 3870 2356 3925 transivi
2383 3887 2522 3925 cum
2553 3869 2835 3924 omnibus
2851 3868 2985 3922 ﬁliis
3007 3868 3199 3934 Israel,
3217 3890 3247 3917 ››
3271 3868 3608 3938 intelligun-

1951 3963 2044 4012 tur
2059 3957 2176 4012 Silo
2206 3963 2262 4012 et
2282 3957 2529 4026 Galgala
2552 3961 2608 4011 et
2632 3957 2848 4025 Nobee,
2899 3961 2956 4011 et
2990 3962 3201 4011 cmtera
3230 3956 3364 4012 loca
3395 3956 3492 4012 ubi
3526 3963 3610 4013 ta-

1952 4046 2346 4102 bernaculum
2379 4052 2436 4102 et
2461 4062 2599 4102 arca
2629 4045 2919 4102 collocata
2947 4046 3037 4101 sit.
3096 4049 3275 4102 Porro
3319 4047 3484 4118 quod
3517 4065 3611 4102 su-

1952 4136 2153 4210 perius
2178 4136 2258 4192 ait
2293 4153 2304 4191 :
2334 4159 2360 4185 «
2395 4135 2674 4208 Nunquid
2706 4139 2768 4191 tu
2801 4135 3125 4190 aediﬁcabis
3172 4135 3317 4190 mihi
3356 4136 3607 4192 domum

1953 4227 2031 4283 ad
2054 4225 2476 4289 habitandum,
2502 4248 2528 4274 »
2547 4231 2681 4286 etc.,
2717 4230 2910 4298 potest
2941 4225 3119 4281 etiam
3137 4225 3311 4280 altius
3338 4225 3605 4296 intelligi.

1954 4318 2345 4390 Omnipotens
2400 4316 2560 4372 enim
2642 4319 2794 4372 Deus
2878 4316 2979 4388 qui
3060 4316 3609 4389 incircumscriptus

1955 4406 2194 4478 spiritus
2243 4411 2350 4472 est,
2401 4407 2458 4461 in
2520 4405 2803 4461 domibus
2855 4405 3213 4462 manufactis
3260 4407 3458 4478 itaque
3488 4423 3606 4462 non

1953 4495 2200 4550 habitat.
2250 4495 2415 4551 Unde
2473 4500 2528 4550 et
2577 4494 2716 4550 dicit
2777 4513 2790 4549 :
2847 4517 2873 4542 «
2904 4498 3103 4566 Neque
3148 4494 3306 4549 enim
3340 4493 3606 4548 habitavi

1951 4583 2012 4638 in
2065 4583 2271 4651 domo,
2327 4600 2398 4639 ex
2445 4599 2568 4656 qua
2619 4582 2714 4638 die
2735 4582 2914 4637 eduxi
2965 4582 3120 4635 ﬁlios
3175 4579 3349 4634 Israel
3401 4580 3474 4634 de
3504 4586 3610 4634 ler-

1950 4689 2018 4728 ra
2074 4673 2331 4744 Egypti,
2381 4673 2482 4727 sed
2540 4671 2934 4726 ambulabam
2994 4671 3055 4724 in
3109 4667 3496 4724 tabernaculo
3553 4673 3609 4724 et

1952 4761 2012 4815 in
2070 4760 2341 4816 tentorio.
2389 4782 2416 4809 ››
2476 4759 2884 4815 Tabernacula
2933 4758 3091 4813 enim
3151 4757 3274 4811 sive
3323 4757 3595 4825 tentoria,

1954 4849 2138 4904 corda
2195 4853 2539 4902 sanctorum
2592 4846 2916 4916 ﬁguraliter
2965 4844 3326 4917 exprimunt,
3387 4845 3447 4901 in
3477 4846 3610 4918 qui-

1953 4937 2068 4993 bus
2123 4936 2410 4992 Dominus
2451 4936 2720 4991 habitare
2793 4935 3092 5003 dignatur.
3153 4935 3266 4991 Sed
3323 4935 3471 5009 quid
3517 4941 3609 4992 est

1955 5025 2116 5096 quod
2174 5024 2406 5080 volente
2465 5024 2648 5081 David
2687 5023 2982 5080 aediﬁcare
3037 5023 3347 5098 templum,
3405 5042 3442 5082 a
3495 5027 3609 5082 Do-

1949 5116 2114 5172 mino
2146 5114 2480 5188 prohibitus
2506 5119 2593 5170 est
2620 5115 2648 5170 ?
2669 5114 2780 5170 nisi
2811 5114 2958 5187 quia
2986 5115 3118 5181 hoc,
3146 5115 3447 5187 Scriptura
3461 5131 3610 5188 prae-

1947 5204 2267 5273 ﬁgurante,
2299 5203 2767 5272 demonstratur,
2817 5207 2880 5258 ut
2934 5203 3040 5275 qui
3097 5204 3186 5258 vir
3243 5203 3610 5273 sanguinum

1948 5297 2056 5362 est,
2086 5293 2199 5348 hoc
2231 5297 2319 5348 est
2339 5293 2442 5365 qui
2472 5293 2671 5348 adhuc
2704 5292 3049 5348 carnalibus
3076 5292 3310 5348 actibus
3339 5293 3611 5358 incubat,

1949 5380 2238 5452 templum
2290 5385 2430 5446 Deo,
2492 5385 2767 5436 sanctam
2826 5380 3046 5436 scilicet
3099 5379 3440 5448 Ecclesium,
3505 5397 3612 5453 per

1948 5469 2388 5541 praedicationis
2415 5469 2680 5526 ofﬁcium
2713 5475 3052 5525 construere
3084 5485 3207 5525 non
3255 5469 3455 5539 debet,
3503 5486 3610 5524 seu

1947 5560 2128 5614 etiam
2160 5561 2460 5616 moraliter
2498 5561 2782 5625 innuitur,
2816 5559 2981 5632 quod
3013 5558 3279 5614 mundus
3309 5559 3371 5613 in
3397 5575 3460 5612 se
3517 5574 3609 5612 es-

1950 5664 2012 5703 se
2039 5664 2076 5703 a
2105 5648 2258 5703 vitiis
2287 5649 2482 5717 debet,
2515 5650 2620 5721 qui
2653 5653 2822 5706 curat
2865 5648 3063 5706 aliena
3119 5648 3414 5716 corrigam
3475 5662 3488 5699 :
3545 5645 3608 5698 in
