4130 6182
474 232 578 293 355

1563 200 1921 273 ANGELOMI
1956 188 2414 264 LU‘XonEiv‘s’ts'
2452 194 2787 265 meritorii.

3790 191 3893 260 3'58

478 365 711 417 terrena
731 372 852 413 non
880 340 1112 419 cogitet,
1147 350 1209 401 ut
1234 333 1545 400 desideriis
1574 332 1799 396 inﬁmis
1828 346 1951 419 non
2000 338 2131 413 suc-
2155 352 2204 406 Α
2236 352 2265 379 ‹‹
2304 335 2361 386 et
2382 331 2741 389 inhabitabit
2770 324 3062 393 seorsum,
3091 320 3150 387 et
3201 329 3324 385 noti
3350 317 3459 383 erit
3483 313 3781 384 sollicitus
3809 314 3888 383 ui-

476 451 738 514 cumbat,
770 449 1064 516 quatenus
1082 432 1244 492 tanto
1265 420 1667 508 perspicac‘iu's
1689 426 1816 483 aliis
1837 418 2120 492 fugienda

476 511 822 615 prievideat,
846 533 1072 604 quanto
1101 526 1230 581 haec
1261 513 1388 596 ipse
1417 538 1524 594 per
1544 516 1851 575 scientiam
1870 516 1925 568 et
1942 511 2123 567 vitam

474 597 669 686 verius
718 613 995 678 declinat.
1056 608 1450 685 Nequaquam
1509 623 1656 680 pure
1710 601 2012 659 maculam
2065 597 2124 651 in

478 716 750 776 membro
781 705 1115 766 considerat
1140 684 1575 771 oculus,quem
1608 694 1803 768 pulvis
1822 692 2048 762 gravat,
2073 684 2131 742 et

478 805 839 880 superjectas
867 795 1072 852 sordes
1096 800 1318 862 tergere
1350 804 1469 875 non
1500 786 1701 842 valent
1728 787 1967 849 maniis,
1991 793 2126 850 quae

475 866 907 953 lutumtenent.
942 882 1108 940 Unde
1139 886 1194 937 et
1226 866 1429 945 David,
1472 875 1575 949 qui
1623 874 1794 947 juxta
1837 867 2127 925 exteriOra

477 983 633 1040 bella
659 975 972 1041 laboravit,
1001 962 1214 1027 dicitur
1246 986 1259 1024 :

550 1096 575 1121 ‹‹
621 1075 748 1127 Non
780 1074 844 1123 tu
866 1060 1192 1120 aedificabis
1222 1047 1371 1114 mihi
1394 1052 1666 1119 domum,
1699 1049 1842 1123 quia
1862 1048 1949 1102 vir
1996 1048 2130 1099 san-

480 1187 507 1215 ‹‹
550 1161 801 1231 guinum
832 1172 917 1211 es.
954 1175 980 1201 ››
1032 1146 1133 1207 Dei
1162 1138 1454 1220 templum
1485 1136 1755 1208 aediﬁcat,
1788 1137 1892 1210 qui
1946 1133 2128 1191 corri-

480 1251 689 1323 gendis
718 1242 999 1304 institutis
1031 1238 1445 1313 proximorum
1475 1230 1775 1289 mentibus
1801 1218 1987 1313 vacat.
2016 1221 2129 1279 Sed

477 1304 962 1407 (vir—sanguinum
982 1304 1275 1401 templum
1302 1324 1401 1379 Dei
1430 1321 1728 1378 aediﬁcare
1758 1304 2125 1389 prohibetur,

479 1429 623 1502 quia
648 1404 752 1499 qui
778 1424 975 1480 adhuc
992 1418 1221 1476 actibus
1247 1411 1585 1471 carnalibus
1602 1404 1866 1474 incubat,
1888 1416 2131 1458 necesse

481 1523 569 1575 est
595 1494 992 1572 iit-instituere
1047 1504 1385 1580 spiritaliter
1440 1499 1855 1575 proximorum
1904 1494 2131 1547 mentes

481 1606 817 1664 erubescat.
849 1624 875 1652 ‹‹
898 1578 1152 1670 Fecique
1174 1593 1278 1650 tibi
1308 1606 1529 1648 nomen
1562 1586 1809 1659 grande’.
1846 1605 1872 1631 ››
1923 1578 2130 1670 Videli—

688 1693 919 1749 dicatur
941 1660 1095 1744 Deus
1130 1682 1336 1746 David,
1379 1670 1532 1735 sicut
1585 1674 1912 1742 Abraham,
1965 1660 2130 1724 Isaac

482 1783 739 1843 etJacob
769 1801 781 1838 :
816 1781 968 1836 sicut
996 1776 1104 1833 feci
1134 1772 1316 1846 Moysi
1345 1776 1399 1826 et
1419 1771 1622 1836 Josue,
1655 1778 1913 1838 quorum
1935 1756 2129 1846 nomi-

481 1891 563 1931 na
590 1869 996 1931 famosissima
1027 1868 1163 1921 sunt
1185 1862 1247 1917 in
1277 1865 1450 1923 terra,
1484 1856 1565 1912 sic
1594 1852 1705 1910 feci
1727 1851 1851 1908 tibi.
1876 1872 1902 1899 ‹‹
1938 1842 2003 1903 Et
2022 1854 2131 1919 po-

486 1989 514 2019 ‹‹
545 1982 691 2022 nam
711 1964 911 2018 locum
944 1954 1169 2031 populo
1209 1967 1344 2008 meo
1390 1943 1635 2005 lsrael.»
1681 1946 1901 1998 Locum
1949 1953 2132 2020 quem

484 2054 771 2111 Dominus
790 2025 1154 2123 populo—suo
1199 2041 1676 2117 praeparaturum
1724 2048 1784 2085 se
1828 2025 2133 2123 pollicitus

482 2108 745 2212 est,non
774 2108 850 2195 de
871 2108 985 2193 situ
1012 2108 1551 2198 terrarum;neque
1580 2112 1655 2177 de
1685 2108 1951 2193 quolibet
1978 2114 2132 2180 loco,

484 2211 591 2289 sed
615 2233 688 2287 de
719 2226 940 2286 cmlesti
974 2211 1337 2280 Hierusalem
1372 2213 1735 2282 intelligitur,
1781 2219 2134 2280 quanquam

483 2322 560 2378 de
590 2318 812 2391 templo
842 2314 1113 2371 videatur
1140 2304 1403 2375 intelligi,
1436 2307 1495 2359 et
1523 2294 1596 2356 de
1628 2295 1995 2370 temporibus
2029 2293 2132 2391 sa-

484 2378 767 2478 lomon-is,
795 2403 1086 2477 quoniam
1129 2397 1234 2452 ﬁlii
1288 2391 1463 2450 Israel
1514 2383 1971 2463 quodammodo
2018 2378 2131 2434 sub

482 2516 635 2573 pace
658 2468 859 2552 asserit
881 2488 1158 2565 quieturi,
1191 2491 1247 2542 et
1270 2486 1398 2556 ipse
1426 2480 1709 2537 Salomon
1738 2476 1785 2531 si
1815 2472 1961 2545 quid
1991 2468 2133 2525 deli-

486 2559 715 2661 quisset
740 2585 801 2639 in
829 2583 999 2651 virga
1026 2579 1315 2638 virorum,
1346 2576 1401 2627 et
1428 2571 1489 2624 in
1519 2566 1711 2641 plagis
1740 2562 1999 2618 ﬁliorum
2029 2559 2134 2614 ho-

488 2647 747 2742 minum,
765 2672 879 2727 hoc
902 2673 1012 2734 est,
1042 2681 1165 2721 non
1189 2664 1249 2718 in
1272 2659 1472 2731 gladio
1498 2654 1879 2712 inimicorum
1935 2652 1991 2703 et
2041 2647 2130 2702 in-

486 2759 1013 2821 commoditatibus
1045 2768 1366 2826 corporum
1407 2750 1815 2805 humanorum
1864 2742 2017 2797 esset
2044 2754 2136 2793 ar-

487 2818 783 2924 guendus.
813 2847 982 2915 Quod
998 2818 1210 2918 postea
1230 2839 1529 2912 expletum
1552 2835 1803 2905 legimus
1824 2833 1885 2887 in
1915 2818 2139 2885 cmlesti

484 2920 979 3011 ilierusalemmbi
991 2950 1202 2992 omnes
1214 2929 1381 2987 electi
1400 2925 1707 3001 postdiem
1720 2920 1925 2994 judicii
1942 2925 2134 2975 trans-

2235 443 2262 469 «
2306 424 2413 487 tra,
2442 415 2655 478 etnon
2699 422 2962 494 apponet
2986 410 3144 476 ﬁlius
3191 404 3517 494 iniquitatis
3569 408 3894 473 huiniliare‘

2234 527 2263 555 «ε
2305 516 2443 561 eum
2474 507 2621 562 sicut
2670 492 2751 562 ab
2776 506 2961 573 initio,
2998 521 3033 560 a
3074 504 3289 559 die‘bu‘s
3332 492 3563 576 quibus
3613 498 3886 557 constitui

2235 615 2263 644 «
2299 594 2531 665 judices
2556 610 2738 666 super
2766 594 3061 668 populum
3095 592 3277 648 s‘u‘u‘in‘
3304 578 3502 647 lsracl.
3538 600 3577 641 ἠδ
3630 593 3747 645 Hoc
3776 586 3891 646 faui

2234 696 2527 753 magnum
2557 666 2807 751 bonum,
2832 670 3104 755 quisquis
3134 684 3195 737 in
3217 668 3337 737 hoc
3364 668 3589 735 saeculo
3622 676 3685 734 et
3708 680 3767 734 in
3787 666 3899 734 hac

2233 774 2389 827 terra
2414 773 2614 845 sperat
2643 771 2987 843 insipienter
3007 762 3179 843 sapit,
3200 774 3303 825 aut
3329 768 3645 841 quispiam
3674 758 3893 840 putavit

2234 859 2294 915 in
2327 868 2470 932 pace
2497 860 2834 916 Salomonis
2868 859 2927 914 id
2955 858 3623 931 esse‘eo‘mpletum,au‘t
3649 854 3899 925 alicujus“

2235 948 2474 1005 alterius
2502 965 2707 1019 regno.
2743 953 2891 1004 Nam
2920 946 3291 1020 temporibus
3316 944 3603 1017 jud‘i‘cu‘rn
3631 938 3901 999 Infm‘i’l‘i‘a:

2238 1039 2319 1095 vit
2347 1044 2486 1094 eum
2516 1037 2670 1094 ﬁlius
2696 1037 3043 1111 iniquitatis,
3070 1038 3184 1092 hec
3210 1026 3504 1109 estjli'ostis
3536 1028 3888 1101 alienigena,

2235 1145 2343 1202 per
2384 1128 2693 1185 intervalla
2718 1134 3077 1200 temporum,
3108 1131 3164 1183 et
3209 1124 3606 1181 inveniuntur
3648 1114 3760 1178 ilﬁc
3790 1130 3886 1194 pa-

2239 1219 2322 1274 cis
2368 1222 2641 1291 tempora
2694 1218 3037 1291 prolixiora,
3095 1232 3282 1289 quam
3328 1215 3624 1271 Salomon
3674 1210 3886 1277 habuit,

2237 1308 2339 1382 qui
2371 1308 2771 1380 quadraginta
2811 1324 3004 1363 annos
3037 1306 3327 1375 regnavit.
3375 1307 3523 1360 Nam
3562 1302 3685 1359 sub
3714 1301 3892 1370 e‘o’ju-"

2238 1398 2389 1469 dice,
2421 1398 2525 1471 qui
2554 1402 2642 1454 est
2668 1398 3002 1471 appellatus
3029 1396 3177 1466 Aod,
3211 1395 3514 1465 octoginta
3549 1393 3701 1450 anni
3738 1389 3889 1464 pacis

2239 1488 2496 1544 fuerunt.
2527 1488 2691 1543 Absit
2719 1504 2861 1559 ergo
2892 1491 2955 1543 ut
2988 1486 3294 1544 Salomoni
3324 1476 3460 1556 {haec
3496 1488 3792 1557 tempora,
3833 1480 3886 1535 iii

2238 1579 2351 1634 hac
2377 1579 2791 1651 promissione,
2822 1576 3123 1650 promissa
3171 1590 3299 1630 esse
3333 1574 3676 1630 credentur.
3716 1573 3895 1627 Locus

2241 1682 2381 1739 ergo
2408 1668 2510 1741 qui
2535 1668 2913 1741 promittitur,
2960 1664 3084 1723 tam
3132 1669 3363 1739 pacata)
3385 1676 3453 1720 ac
3483 1670 3721 1720 securae
3740 1659 3899 1716 habi-'

2241 1759 2500 1825 tationis,
2529 1763 2787 1813 aeternus
2814 1754 2918 1825 est,
2973 1756 3328 1828 aeternisque
3380 1755 3657 1821 debetur,
3686 1754 3743 1809 in
3772 1766 3887 1806 ma-

2242 1852 2327 1904 tre
2355 1847 2719 1931 Hierusalem
2748 1837 2974 1925 libera;
3021 1845 3121 1901 ubi
3174 1845 3284 1900 erit
3307 1845 3595 1900 veraciter
3643 1828 3891 1917 populus

2242 1928 2442 2005 Israel,
2467 1941 2523 1993 et
2551 1936 2654 1992 ubi
2694 1935 2990 1991 habitabit
3020 1935 3081 1990 in
3108 1937 3398 1990 mternu‘m‘
3425 1938 3561 1989 cum
3599 1937 3721 1989 Dco
3753 1932 3807 1985 c't
3833 1928 3888 1982 in

2245 2028 2361 2082 D‘eo
2402 2034 2533 2111 suo,
2581 2032 2637 2081 et
2688 2027 2838 2080 Deus
2882 2038 3020 2081 cum
3067 2022 3294 2097 populo
3340 2020 3520 2096 atque
3568 2022 3629 2078 in
3672 2016 3886 2095 popqu

2245 2133 2376 2185 suo,
2417 2108 2498 2172 ita
2534 2114 2600 2171 ut
2639 2117 2791 2171 Deus
2837 2116 2910 2171 sit
2953 2114 3210 2186 implens
3255 2112 3549 2186 populum
3594 2120 3788 2176 suum,
3837 2104 3890 2162 et

2242 2193 2502 2278 populus
2553 2204 2768 2278 plenus
2810 2206 2929 2260 Deo
2961 2220 3094 2273 suo,
3128 2206 3184 2258 et
3242 2204 3397 2258 Deus
3454 2203 3560 2258 erit
3604 2195 3885 2256 omniain

2242 2284 2550 2375 omnibus.
2584 2298 2712 2367 Ipse
2760 2294 2817 2349 in
2849 2309 2998 2367 pace
3054 2280 3261 2348 tribuit
3299 2292 3639 2365 prmmium,
3667 2287 3764 2361 qui
3798 2287 3883 2341 est

2240 2383 2431 2439 virtus
2457 2382 2519 2438 in
2543 2383 2721 2439 bello.

2316 2514 2343 2540 «
2385 2496 2690 2561 Ingressus
2716 2498 2803 2547 est
2824 2495 3025 2547 autem
3058 2504 3163 2545 rex
3194 2477 3397 2557 David,
3427 2492 3481 2542 et
3501 2474 3646 2541 sedit
3672 2495 3867 2538 coram

2246 2604 2272 2631 ‹‹
2314 2582 2587 2650 Domino,
2620 2603 2648 2631 »
2681 2586 2789 2637 etc.
2820 2582 3031 2636 Sedere
3062 2596 3273 2635 coram
3293 2576 3554 2650 Domino,
3583 2579 3667 2629 est
3689 2572 3871 2627 bene-

2242 2670 2379 2727 ﬁcia
2410 2672 2539 2743 ejus
2569 2671 2628 2726 in
2651 2670 2981 2726 humilitate
3008 2669 3201 2724 cordis
3230 2648 3508 2723 conﬁteri.

2317 2797 2347 2830 ‹
2386 2779 2473 2834 Ita.
2498 2782 2587 2834 est
2613 2778 2773 2832 enim
2812 2777 2907 2832 lex
2947 2776 3165 2842 Adam,-
3210 2772 3453 2828 Domine
3480 2774 3653 2826 Deus.
3688 2786 3714 2818 θ
3761 2767 3891 2821 Hoc

2246 2873 2379 2923 est:
2408 2872 2499 2922 Ita.
2527 2866 2688 2922 enim
2706 2866 2799 2921 lex
2832 2865 3121 2930 hominis,
3146 2862 3396 2921 Domine
3425 2863 3581 2917 Deus
3610 2864 3677 2914 ut
3700 2856 3805 2914 tibi
3828 2855 3887 2909 in

2247 2956 2623 3030 simplicitate
2652 2955 2854 3012 cordis
2879 2960 2937 3010 et
2961 2954 3218 3028 puritate
3246 2950 3507 3007 serviat:
3536 2954 3595 3005 et
3621 2954 3685 3005 te
3705 2945 3902 3003 facias

483 3008 861 3103 lati,absque
893 3025 1013 3081 ulla
1036 3018 1481 3119 perturbatione
1534 3013 1648 3119 sunb
1706 3008 2133 3119 ipso‘
2174 3063 2216 3119 Ο
3046 3040 3547 3111 θίθειιηῃιξὼμ
3547 3044 3685 3096 αλιυδ
3710 3054 3773 3094 θεῖ
3803 3034 3889 3090 ςα-

483 3138 678 3196 usque
708 3092 1082 3177 idaeternum
1129 3109 1482 3168 manebunt.
1544 3092 1974 3172 «Praedicitque
2031 3096 2135 3153 tibi

484 3236 513 3265 ‹‹
548 3190 1020 3281 Dominus-quod
1047 3204 1299 3259 domum
1318 3190 1614 3255 faci'ettibi
1634 3191 1940 3255 Dominus,
1974 3191 2128 3244 nete.

483 3306 709 3361 Domus
735 3274 925 3358 David
953 3294 1210 3353 Ecclesia
1236 3295 1327 3347 est
1355 3286 1584 3347 Christi.
1616 3288 1733 3341 Hoc
1764 3274 1839 3337 de
1864 3279 2133 3337 Salomo-

481 3409 559 3450 ne
587 3391 827 3448 credere
846 3384 1069 3442 absurd
1081 3399 1182 3437 um
1213 3384 1304 3436 est
1333 3397 1345 3433 :
1379 3377 1473 3433 ille
1500 3374 1660 3431 enim
1689 3373 1923 3428 vivente
1966 3372 2134 3441 patre

485 3498 594 3535 suo
624 3491 876 3547 regnare
907 3471 1103 3544 coepit.
1138 3469 1237 3523 Hic
1261 3470 1461 3522 autem
1494 3462 1638 3519 dicit
1670 3479 1682 3517 :

556 3586 584 3613 «
626 3539 776 3616 Cdm
798 3539 1080 3627 completi
1138 3552 1353 3607 fuerint
1403 3549 1530 3603 dies
1583 3545 1685 3612 tui,
1733 3548 1790 3599 et
1818 3539 2131 3598 dormieris

485 3676 513 3705 ‹‹
553 3668 693 3708 cum
720 3645 989 3721 patribus
1021 3642 1155 3709 tuis,
1188 3638 1489 3695 suscitabo
1521 3649 1726 3691 semen
1775 3636 1944 3687 tuum
1997 3633 2133 3703 post

485 3765 513 3792 ‹‹
552 3746 628 3798 te.
672 3719 905 3804 {Quod
933 3734 1008 3789 de
1037 3732 1264 3787 Christo
1300 3726 1551 3784 Domino
1610 3723 1736 3797 (qui
1778 3738 1851 3777 ex
1907 3719 2131 3775 semine

483 3830 755 3904 ejusdem
785 3825 970 3882 David
1002 3821 1334 3878 secundum
1360 3832 1603 3874 carnem
1643 3812 1810 3869 nasci
1846 3810 2130 3880 dignatus

482 3922 589 3992 est)
619 3919 944 3987 intelligere
973 3919 1030 3970 et
1059 3911 1296 3968 credere
1321 3908 1493 3981 pium.
1515 3910 1604 3962 est
1635 3923 1647 3960 :
1674 3904 1847 3975 cujus
1875 3917 2127 3971 regnum

479 4011 543 4067 1n
568 4008 995 4081 sempiternum
1021 4001 1241 4073 jugiter
1263 3999 1602 4073 perseverat
1633 4013 1646 4063 ;
1688 3994 1860 4065 cujus
1889 3992 2107 4048 domus
2120 4036 2131 4055 ,

480 4101 597 4156 hoc
622 4103 710 4153 est
736 4094 997 4152 Ecclesia
1027 4090 1340 4159 catholica,
1367 4086 1558 4143 ﬁdelis
1585 4101 1788 4141 coram
1820 4100 1889 4140 eo
1940 4096 2130 4154 usque

480 4192 543 4246 in
572 4193 862 4245 aeternum
891 4186 1218 4259 permanet.
1290 4256 1297 4261 Α

555 4296 583 4325 ‹‹
617 4272 729 4339 Qui
757 4272 805 4327 si
833 4252 1035 4342 inique
1068 4256 1297 4339 aliquid
1324 4262 1589 4334 gesserit,
1624 4282 1652 4311 »
1683 4264 1792 4315 etc.
1843 4252 1970 4314 Non
2016 4257 2131 4311 hoc

481 4365 556 4420 de
603 4362 855 4419 Domino
901 4360 1043 4416 Jesu
1107 4357 1334 4415 Christo
1396 4350 1814 4425 accipiendum
1868 4352 1975 4417 est,
2026 4346 2130 4419 qui

2246 3151 2383 3191 cere
2405 3151 2576 3191 servo
2606 3139 2736 3191 tuo.-

2317 3264 2347 3294 «
2386 3246 2470 3300 Tu
2517 3244 2676 3300 enim
2723 3242 2836 3297 scis
2885 3246 3134 3297 servam
3172 3241 3377 3306 suam,
3418 3236 3675 3293 Hostiae
3716 3236 3890 3288 Deus.

2245 3360 2273 3389 «
2319 3339 2557 3408 Propter
2580 3334 2833 3390 verbum
2861 3337 3033 3387 tuum
3059 3335 3115 3387 et
3135 3329 3477 3386 secundum
3499 3342 3600 3382 cer
3622 3328 3795 3381 tuum
3818 3321 3894 3377 fe-

2243 3450 2271 3479 ‹‹
2314 3427 2441 3483 cisti
2475 3425 2678 3481 omnia
2710 3422 3014 3493 magnalia
3042 3422 3192 3485 hinc,
3238 3421 3319 3475 ita
3340 3422 3401 3473 ut
3432 3422 3643 3473 notum
3672 3416 3892 3470 faceres

2243 3540 2271 3569 α
2312 3524 2483 3572 s‘ervo
2512 3520 2633 3571 tuo.
2658 3537 2685 3564 »
2705 3516 2785 3569 Ac
2816 3514 2865 3568 si
2888 3512 3105 3568 diceret
3130 3512 3412 3582 {Propter
3439 3507 3699 3563 verbum-
3722 3508 3891 3560 {eum

2240 3605 2404 3680 quod
2433 3603 2756 3677 promisisti
2786 3602 3111 3669 Abraham,
3173 3602 3343 3654 tsaac‘
3381 3600 3439 3652 et
3467 3594 3668 3660 Jacob,
3699 3590 3887 3647 fecisti

2240 3678 2447 3751 omnia
2476 3693 2623 3748 mihi
2652 3702 2825 3748 servo
2851 3694 2972 3745 tuo.
3025 3688 3145 3743 sed
3180 3687 3359 3743 etiam
3413 3682 3675 3740 Verbum
3704 3678 3881 3735 Patris

2241 3783 2581 3853 unigenitus
2611 3780 2789 3836 Filius
2806 3782 2915 3845 est,
2950 3776 3168 3850 quiest
3196 3774 3547 3831 benedictus
3568 3772 3626 3828 in
3651 3767 3885 3826 saecula.

2239 3861 2485 3947 Propter
2514 3870 2870 3945 mysterium
2913 3867 3072 3924 enim
3114 3863 3551 3922 incarnationis
3597 3861 3790 3936 ipsius
3822 3862 3896 3914 es

2241 3965 2466 4020 semine
2513 3961 2723 4024 David,
2776 3963 2942 4030 gesta
2984 3960 3122 4012 sunt
3149 3955 3337 4011 multa
3375 3954 3435 4009 in
3484 3950 3695 4008 θωνῐὼ
3724 3947 3899 4016 Quae

2240 4054 2381 4110 dicit
2430 4052 2763 4108 secundum
2819 4060 2921 4104 cor
2958 4050 3150 4111 tuum,
3179 4043 3520 4113 intelligitur
3557 4038 3898 4097 secundum

2239 4142 2711 4200 misericordiam
2744 4143 2930 4195 tuam.

2313 4274 2341 4301 «
2384 4249 2555 4315 Quod
2581 4263 2702 4303 non
2735 4249 2823 4302 est
2852 4244 3058 4301 similis
3085 4243 3188 4310 tui,
3212 4246 3406 4313 neque
3434 4238 3595 4295 enim
3622 4242 3715 4293 est
3742 4236 3903 4292 Deus

2244 4363 2271 4389 «
2314 4344 2478 4394 extra
2494 4342 2548 4393 te
2576 4337 2633 4392 in
2669 4335 2951 4391 omnibus
2976 4341 3113 4407 quae
3144 4330 3484 4388 audivimus
3514 4327 3766 4383 auribus
3796 4340 3905 4381 no-

478 4458 795 4529 peccatum
850 4466 973 4507 non
1020 4448 1173 4515 fecit,
1216 4462 1327 4501 nec
1368 4444 1641 4499 inventus
1698 4452 1787 4495 est
1841 4438 2017 4494 dolus
2067 4437 2128 4491 in
2166 4417 2210 4471 D
2242 4450 2270 4480 «
2314 4428 2471 4485 stris.
2507 4448 2535 4476 »
2567 4418 2699 4481 Non
2730 4428 2819 4480 est
2851 4422 3080 4496 ,inquit,
3117 4412 3270 4477 Deus
3304 4408 3510 4474 similis
3545 4412 3650 4475 tui.
3686 4414 3794 4488 qui
3826 4412 3907 4470 fe-

2116 4527 2124 4529 .
2340 4517 2375 4529 ι.
2664 4514 2695 4529 ι·
2764 4514 2779 4529 1
2876 4528 2879 4529 ,
3146 4520 3204 4529 λ*
3226 4508 3473 4529 λεῴ-----
3520 4505 3770 4529 ---“;μ---
3798 4516 3878 4529 ..Α

479 4527 587 4602 ore
636 4545 766 4617 ejus
837 4543 979 4615 (Isa.
1061 4539 1202 4610 Lm),
1271 4534 1378 4592 sed
1430 4534 1505 4590 de
1547 4530 1743 4588 electis
1819 4529 1967 4600 ejus,
2026 4527 2131 4600 qui

478 4636 753 4693 membra
808 4637 949 4689 sunt
1016 4629 1228 4703 ipsius,
1282 4642 1355 4682 ex
1417 4622 1638 4696 quibus
1712 4620 1838 4676 sine
1884 4621 2131 4691 peccato

477 4726 679 4783 nullus
738 4740 868 4781 esse
922 4720 1135 4796 potuit.
1164 4737 1195 4771 α
1221 4719 1288 4773 Et
1313 4713 1509 4771 ﬁdelis
1544 4711 1648 4768 erit
1694 4710 1913 4766 domus
1947 4713 2067 4765 tua.
2096 4725 2127 4760 ›

479 4817 742 4873 Domum
816 4808 1152 4867 Salomonis
1211 4806 1453 4879 plenam
1538 4802 1722 4858 fuisse
1776 4798 2126 4856 mulieribus

479 4904 719 4972 alienis,
764 4901 966 4956 nullus
1016 4898 1120 4970 qui
1148 4912 1350 4953 sacras
1374 4894 1598 4951 litteras
1652 4892 1835 4959 novit,
1866 4891 2125 4961 ignorat.

478 4996 705 5048 Domus
726 4988 904 5058 igitur
918 4985 1130 5056 ﬁdelis,
1149 4990 1363 5040 sancta»
1377 4982 1638 5039 Ecclesia
1666 4981 1971 5054 accipitur,
1989 4993 2126 5051 quea

477 5094 680 5135 coram
702 5075 957 5130 Domino
982 5089 1172 5145 usque
1202 5072 1263 5127 in
1287 5076 1576 5128 aeternum
1605 5072 1936 5143 permanet.
1961 5066 2128 5122 Hanc

477 5167 638 5224 enim
674 5165 928 5221 domum
956 5167 1015 5219 et
1041 5178 1155 5217 nos
1184 5160 1617 5217 aediﬁcabimus
1643 5158 1795 5214 bene
1844 5154 2125 5221 vivendo,

477 5261 535 5312 et
582 5257 758 5324 Deus,
816 5258 883 5309 ut.
928 5242 1082 5308 bene
1140 5251 1440 5315 vivamus,
1505 5246 1858 5321 opitulando
1916 5261 1929 5299 :
1983 5242 2129 5315 quia

480 5366 509 5396 «
546 5343 667 5399 nisi
696 5342 983 5399 dominus
1011 5338 1391 5397 aediﬁcaverit
1418 5338 1691 5405 domum,
1714 5335 1775 5390 in
1805 5348 2029 5389 vanum
2047 5332 2129 5389 la-

474 5431 841 5488 boraverunt
864 5430 970 5503 qui
998 5428 1298 5485 aediﬁcant
1336 5442 1470 5483 eam
1486 5425 1674 5495 (Psal.
1704 5424 1915 5494 cxxvr).
1942 5443 1969 5472 »
2012 5427 2126 5480 Cu-

470 5525 572 5598 jus
601 5522 820 5580 domus
841 5537 980 5576 cum
1004 5518 1229 5575 venerit
1245 5514 1930 5583 ultimadedicatio,tunc
1944 5513 2043 5571 ﬁet
2058 5514 2124 5570 i1-

475 5614 583 5674 lud
597 5613 761 5688 quod
776 5614 932 5667 Deus
944 5610 1038 5667 hic
1050 5626 1157 5683 per
1170 5608 1399 5665 Nathan
1416 5606 1649 5663 locutus
1666 5608 1754 5661 est
1768 5604 1997 5675 dicens;
2014 5629 2041 5657 ‹‹
2059 5609 2122 5664 Et

476 5728 506 5758 «
527 5703 965 5780 ponamlocum
976 5700 1203 5776 populo
1219 5715 1354 5758 meo
1366 5698 1569 5771 Israel,
1586 5702 1642 5755 et
1656 5694 1943 5771 piantabo
1951 5696 2122 5754 illum

2241 4517 2382 4574 cerit
2433 4514 2739 4587 magnalia
2764 4514 2910 4584 haec,
2954 4524 3092 4585 quae
3132 4508 3475 4566 audivimus
3516 4505 3770 4562 auribus
3797 4516 3908 4561 nos
3989 4553 3998 4562 .

2241 4598 2402 4677 stris,
2428 4610 2562 4668 etc.,
2592 4617 2911 4677 usquequo
2942 4601 3023 4657 ait
3048 4620 3061 4657 :

2309 4733 2341 4768 ‹
2381 4713 2532 4781 Quia
2555 4716 2643 4784 tu,
2670 4711 2921 4766 Domine
2942 4707 3310 4765 exercituum
3337 4700 3489 4761 Deus
3506 4701 3710 4768 Israel,
3732 4717 3906 4758 reve-

2239 4826 2269 4854 ‹‹
2306 4803 2441 4861 lasti
2453 4817 2660 4859 aurem
2677 4800 2829 4857 servi
2858 4798 3171 4866 tui,dicens
3197 4813 3210 4852 :
3232 4794 3552 4851 Dominum
3576 4782 3905 4847 aediﬁcabo

2240 4916 2268 4944 «
2308 4893 2432 4951 tibi.
2468 4914 2495 4943 η
2526 4894 2750 4947 Aurem
2777 4888 2891 4945 sibi
2917 4880 3203 4953 revelare,
3232 4884 3376 4958 quia
3404 4890 3511 4955 per
3536 4879 3905 4954 prophetam

2235 4983 2628 5056 prendicatum
2656 4984 2766 5048 est,
2784 4979 3036 5035 domum
3054 4975 3167 5031 sibi
3191 4968 3615 5030 aediﬁcandam
3635 4985 3675 5056 pa
3702 4968 3906 5025 Domi-

2235 5054 2316 5127 no
2362 5094 2391 5122 κ
2419 5073 2561 5136 Quae
2587 5074 2673 5126 est
2695 5072 2895 5126 autem
2919 5071 2982 5123 ut
3005 5063 3267 5139 populus
3298 5068 3437 5119 tuus
3463 5054 3641 5116 Israel
3668 5062 3822 5128 gens
3839 5057 3906 5113 in

2238 5182 2266 5211 ‹‹
2307 5158 2499 5215 terra?
2525 5181 2553 5208 »
2582 5160 2724 5224 Quae
2747 5161 2835 5212 est
2862 5171 3010 5227 gens
3038 5154 3099 5209 in
3116 5159 3270 5209 terra
3297 5150 3416 5208 alia
3460 5152 3674 5223 praeter
3704 5162 3909 5219 popu-

2233 5246 2361 5303 lum
2374 5246 2896 5318 electum,propter
2910 5259 3092 5317 quem
3110 5240 3311 5298 venire
3332 5239 3615 5311 dignatus
3638 5236 3907 5291 estDeus

2235 5336 2338 5393 Dei
2369 5335 2543 5393 Filius
2570 5335 2634 5391 in
2675 5336 2837 5390 hunc
2879 5331 3200 5400 mundum,
3251 5328 3413 5385 velut
3447 5329 3509 5384 in
3538 5326 3906 5398 IEgyptum,

2235 5431 2299 5482 ut
2316 5428 2631 5498 assumpta
2650 5423 2846 5479 forma
2866 5422 3040 5489 servi,
3056 5418 3419 5478 commercio
3442 5414 3757 5486 sanguinis
3783 5411 3903 5481 sui,

2234 5517 2551 5573 redimeret
2579 5513 2690 5570 sibi
2719 5512 3014 5586 populum
3043 5508 3497 5585 acceptabilem,
3539 5508 3903 5561 sectatorem

2235 5606 2537 5663 bonorum
2568 5604 2867 5679 operum?
2917 5606 3069 5658 Deus
3110 5606 3312 5658 autem
3356 5596 3631 5671 ejusdem
3686 5590 3905 5668 populi

2235 5695 2798 5767 eteotiﬁominicum
2813 5691 3122 5750 hominem
3147 5689 3420 5763 accipere
3448 5689 3901 5761 oportet,quem
