4136 6176
218 154 325 206 357

1192 146 1444 205 ENARR.
1484 146 1556 203 IN
1595 142 1841 201 uanos
1877 140 2136 202 necum.
2178 116 2253 188 -’
2286 144 2364 204 IN
2396 144 2528 203 me.
2568 146 2634 202 Il.

3522 142 3633 201 338

212 274 283 329 de
302 270 709 345 £gypto,hoc
742 274 832 327 est
862 287 931 327 ex
956 271 1071 328 hoc
1092 271 1323 329 mundo
1352 289 1460 346 per
1490 277 1723 330 uterum
1751 271 1864 327 vir—
1894 271 1942 325 A
1973 270 2143 344 quod
2162 271 2222 327 in
2251 288 2365 327 sua
2403 272 2695 344 potestate
2726 266 3020 337 habuerit,
3059 264 3223 323 nullo
3255 262 3458 341 utique
3490 284 3631 324 con-

213 361 362 434 ginis
395 361 747 433 assumpsit.
779 383 807 410 ‹‹
858 363 921 417 Et
944 360 1163 417 domus
1210 362 1363 418 servi
1391 363 1475 419 tui
1524 363 1710 419 David
1759 363 1866 420 erit

215 474 240 503 ‹
265 448 530 506 stabilita
560 464 764 505 coram
794 450 1066 507 Domino.
1088 473 1115 500 ››
1141 452 1363 506 Domus
1392 451 1599 522 David,
1620 451 1867 508 ecclesia

216 539 421 597 Christi
444 538 572 595 sine
599 539 785 595 dubio
812 544 919 607 est,
946 540 1020 597 de
1049 557 1172 613 quo
1194 538 1337 596 satis
1362 541 1493 612 jam
1524 541 1748 597 dictum
1779 546 1865 597 est

215 630 512 703 superius.
542 651 570 678 «
601 630 917 701 Propterea
946 629 1168 687 invenit
1207 647 1411 686 servus
1449 635 1585 687 tuus
1616 648 1717 686 cor
1770 647 1864 685 su-

212 735 335 786 um,
358 739 388 765 «
415 722 481 772 ut
509 723 707 774 oraret
738 722 811 774 te.
846 741 874 767 ››
907 720 1054 773 Cum
1085 734 1226 790 ergo
1272 721 1552 790 cogitatio
1594 736 1701 792 per
1751 720 1867 774 dis-

214 806 488 864 cretionis
514 806 853 862 custodiam
900 808 1293 878 restringitur,
1318 825 1422 864 cor
1450 809 1615 882 quod
1660 809 1865 879 fugere

215 896 542 962 consuevit,
566 895 884 951 invenitur.
920 897 1071 953 Nihil
1100 898 1326 971 quippe
1356 898 1415 953 in
1435 899 1611 955 nobis
1636 904 1866 955 estcor-

212 986 283 1042 de
312 983 610 1055 fugacius,
643 983 810 1056 quod
839 1001 873 1040 a
914 985 1089 1041 nobis
1130 986 1298 1042 toties
1347 988 1586 1057 recedit,
1633 988 1864 1061 quoties

211 1090 313 1149 per
340 1088 565 1146 pravas
595 1072 981 1143 cogitationes
1007 1074 1234 1131 deﬂuit.
1263 1074 1374 1131 Sed
1412 1076 1599 1132 David
1631 1093 1733 1132 cor
1771 1094 1865 1132 su-

211 1179 310 1219 um
338 1162 647 1218 invenisse
677 1160 839 1233 dicit,
868 1162 929 1218 id
982 1168 1092 1233 est,
1128 1164 1448 1221 audaciam
1498 1165 1559 1221 in
1593 1166 1770 1222 corde
1804 1170 1868 1222 ut

212 1255 405 1310 oraret
444 1251 768 1307 Dominum
790 1252 1058 1308 oratione
1096 1254 1231 1309 hac.

850 1343 1071 1397 CAPUT
1100 1340 1236 1397 VIII.

276 1455 306 1482 α
331 1431 590 1487 Factum
621 1433 709 1485 est
754 1434 952 1485 autem
983 1433 1119 1502 post
1147 1431 1296 1500 hate,
1336 1432 1633 1506 percussit
1681 1432 1868 1488 David

212 1545 241 1571 α
268 1518 650 1584 Pbilisthiim,
685 1522 742 1574 et
760 1518 1100 1574 humiliavit
1129 1536 1233 1576 eos
1258 1537 1271 1575 :
1301 1524 1358 1576 et
1384 1521 1513 1577 tulit
1542 1522 1729 1577 David
1760 1521 1870 1576 fre-

1972 359 2319 432 tradicente,
2361 377 2515 434 quos
2541 377 2750 416 eorum
2780 360 2913 416 neci
2942 358 3112 416 daret
3141 362 3550 429 contumaces,
3576 359 3633 414 et

1972 452 2196 524 quibus
2224 457 2496 524 parceret
2538 451 2840 521 subjectis.
2902 454 3050 506 Nam
3099 449 3264 522 quod
3296 448 3407 504 ait:
3439 471 3467 497 «
3502 448 3633 503 Per-

1974 543 2156 599 cussit
2186 542 2373 598 David
2403 542 2778 609 Philisthiim,
2808 547 2870 597 et
2894 540 3363 605 humiliaviteos,
3382 540 3631 612 tulitque

1973 632 2209 688 frenum
2236 632 2461 699 tributi,
2499 654 2527 683 ››
2567 636 2702 703 etc.,
2748 636 2945 705 potest
2975 630 3287 700 allegorice
3329 629 3574 699 intelligi
3614 648 3627 685 :

1974 722 2157 778 David
2216 722 2565 779 Philistbiim
2595 721 2905 796 percussit,
2954 721 3098 793 quia
3139 718 3403 776 Christus
3438 720 3633 775 Domi-

1973 829 2089 868 nus
2116 813 2189 868 de
2246 813 2436 868 aereis
2486 811 2881 885 potestatibus
2938 810 3342 883 triumphans,
3392 808 3629 865 frenum

1974 903 2187 958 erroris
2219 902 2386 976 quod
2430 902 2699 958 humano
2727 898 2929 971 generi
2962 900 3349 972 imposuerat,
3407 898 3633 955 confre-

1975 993 2074 1061 git.
2114 992 2284 1057 Quod
2312 997 2514 1047 autem
2548 994 2665 1046 ait:
2702 1014 2728 1040 «
2766 989 3057 1045 Percussit
3084 988 3253 1045 Moab
3282 994 3339 1044 et
3383 1005 3630 1044 mensus

1974 1086 2062 1137 est
2090 1082 2243 1136 duos
2270 1079 2588 1147 funiculos,
2608 1096 2799 1135 unum
2821 1079 2894 1134 ad
2929 1078 3325 1134 occidendum
3356 1087 3411 1133 et
3441 1094 3633 1134 unum

1976 1171 2055 1226 ad
2095 1170 2544 1226 viviﬁcandum.
2576 1191 2603 1219 ››
2634 1169 2939 1226 Occultam
2972 1168 3159 1241 ipsius
3183 1167 3417 1223 Domini
3447 1166 3633 1224 nostri

1975 1262 2114 1317 Jesu
2145 1260 2356 1318 Christi
2385 1259 2897 1332 dispensationem
2942 1257 3257 1329 signiﬁcat,
3292 1258 3397 1331 qui
3444 1274 3630 1332 quam

1978 1368 2049 1407 ex
2080 1351 2307 1425 populo
2333 1350 2579 1418 inﬁdeli,
2614 1350 2762 1407 alios
2788 1350 3047 1421 gratuita
3076 1349 3457 1406 miseratione
3488 1348 3633 1406 vivi-

1974 1441 2184 1509 ﬁcans,
2217 1441 2297 1497 ad
2318 1445 2604 1497 aeternam
2633 1440 2964 1497 libertatem
2993 1439 3459 1513 przedestinavit,
3487 1439 3635 1496 alios

1976 1548 2118 1588 vero
2139 1532 2372 1588 occulto
2397 1530 2625 1602 judicio
2659 1530 2719 1586 in
2749 1546 2860 1586 sua
2888 1529 3190 1602 impietate
3224 1529 3638 1602 derelinquen-

209 1632 238 1659 “
261 1626 409 1665 num
462 1607 665 1663 (Γὼυῆ
714 1606 789 1663 de
828 1623 1016 1663 manu
1066 1608 1440 1677 Phiﬁsthiim:
1492 1614 1548 1666 εί
1577 1610 1870 1683 Pel‘cussit
1906 1627 1945 1680 Β
1978 1623 2078 1691 (10,
2110 1623 2171 1678 in
2193 1626 2483 1695 perpetua
2504 1625 2694 1677 morte
2715 1620 3046 1677 damnavit.
3075 1619 3248 1686 Quod
3290 1625 3488 1677 autem
3524 1620 3635 1676 Da-

211 1724 239 1749 η
264 1697 463 1763 loab,
490 1711 746 1752 mensus
780 1700 868 1752 est
891 1711 994 1752 eos
1025 1696 1292 1755 funiculo
1325 1716 1648 1773 coaequans
1675 1703 1864 1756 terrae.

205 1811 239 1837 σε
264 1790 504 1845 lensus
533 1790 623 1843 est
650 1789 853 1843 autem
878 1785 1031 1842 duos
1053 1785 1373 1855 funiculos,
1398 1806 1587 1845 unum
1612 1789 1689 1845 ad
1716 1790 1870 1846 occi-

209 1902 240 1927 κ
267 1876 566 1942 dendum,
626 1880 681 1932 et
710 1892 899 1932 unum
941 1876 1017 1932 ad
1048 1875 1499 1947 viviﬁcandum,
1538 1904 1564 1929 »
1592 1884 1699 1936 etc.
1734 1881 1871 1936 Fre-

205 1984 355 2025 uum
402 1966 628 2035 tributi,
677 1965 944 2040 quinque
988 1972 1156 2023 erant
1211 1968 1474 2025 civitates
1500 1968 1872 2025 Pliilisthino-

214 2074 378 2122 rum,
410 2072 548 2129 quae
577 2054 919 2127 frequenter
948 2055 1126 2111 Israel
1156 2055 1267 2111 sibi
1297 2056 1674 2114 tributarium
1703 2058 1875 2113 facie-

209 2148 394 2203 bant:
428 2163 584 2219 quas
614 2146 698 2201 eis
728 2144 859 2202 tulit
892 2145 1077 2200 David
1107 2149 1165 2201 et
1194 2146 1535 2204 humiliavit
1565 2164 1690 2219 eas,
1716 2148 1871 2203 fecit-

220 2253 339 2309 que
377 2235 487 2290 sibi
535 2234 897 2289 tributarias.
945 2236 1107 2289 Unde
1174 2238 1230 2290 et
1273 2234 1333 2289 in
1373 2236 1874 2308 Paralipomenon

214 2324 472 2395 legitur:
494 2344 520 2375 ‹
549 2322 894 2378 Humiliavit
914 2339 1036 2389 eos,
1065 2327 1122 2379 et
1150 2324 1281 2379 tulit
1312 2325 1453 2380 Geth
1484 2330 1539 2381 et
1572 2325 1723 2381 tilias
1745 2326 1874 2397 ejus

226 2436 240 2461 ι
268 2413 345 2468 de
380 2427 566 2467 manu
598 2426 831 2477 eorum,
879 2415 935 2467 et
981 2413 1271 2484 percussit
1296 2412 1486 2474 Moab,
1532 2418 1586 2470 et
1628 2430 1874 2469 mensus

214 2526 237 2549 u
272 2507 361 2558 est
389 2518 495 2557 eos
527 2498 797 2556 funiculo
829 2516 1153 2574 coaequans
1185 2506 1350 2557 terrae
1381 2502 1440 2572 (Ι
1460 2503 1606 2558 Ραν.
1630 2505 1809 2574 xvui).
1845 2524 1872 2553 ››

214 2591 381 2658 Quod
411 2607 558 2646 vero
592 2589 881 2662 scriptum
937 2594 1024 2646 est
1060 2590 1134 2645 de
1200 2591 1416 2647 David:
1482 2596 1533 2647 et
1581 2592 1880 2665 percussit

214 2681 378 2738 Moab
400 2686 458 2736 et
481 2695 735 2736 mensus
764 2682 853 2734 est
883 2695 985 2734 eos
1022 2679 1309 2751 funiculo,
1336 2698 1659 2756 cozequans
1688 2688 1873 2751 terrae,

213 2768 604 2844 hyperbolice
631 2767 814 2824 debet
834 2768 1061 2841 accipi:
1117 2786 1240 2825 non
1271 2771 1427 2826 enim
1479 2771 1605 2827 ﬂeri
1649 2776 1883 2845 poterat

215 2859 580 2914 uthomines
615 2857 678 2913 in
729 2861 885 2913 terra
928 2857 1235 2929 degentes,
1282 2860 1343 2915 in
1403 2864 1633 2916 tantum
1681 2860 1879 2917 humi-

1978 1713 2081 1769 vid
2111 1712 2307 1780 Moab,
2336 1711 2438 1785 qui
2490 1712 2907 1784 interpretatur
2955 1711 3027 1767 de
3059 1718 3259 1781 patre,
3308 1714 3365 1766 et
3403 1710 3636 1783 Syriam

1981 1803 2313 1872 Damasi,et
2330 1806 2573 1858 caeteras
2600 1801 2878 1871 regiones
2903 1800 3109 1855 ditioni
3128 1817 3248 1855 sua:
3275 1799 3635 1871 subjugans,

1980 1892 2114 1949 fecit
2162 1908 2293 1948 esse
2354 1891 2736 1947 tributarias:
2780 1889 3029 1963 mystice
3076 1888 3416 1959 signiﬁcant
3471 1889 3639 1962 quod

1984 1983 2245 2039 Christus
2261 1997 2473 2037 omnes
2490 1985 2693 2051 gentes
2714 1980 2828 2036 sub
2854 1996 2965 2034 sua
2977 1979 3384 2035 dominatione
3406 1983 3636 2043 tenens,

1981 2070 2121 2126 facit
2168 2085 2428 2141 pensum
2488 2068 2783 2124 servitutis
2835 2068 2949 2122 sibi
2977 2067 3247 2136 reddere,
3308 2066 3456 2122 dum
3520 2066 3638 2121 sin-

1984 2159 2136 2228 gulas
2160 2174 2415 2231 quaeque
2446 2157 2719 2213 nationes
2748 2156 3082 2212 innominis
3105 2156 3234 2226 ejus
3257 2155 3636 2211 confessione

1983 2248 2259 2303 adunatie
2271 2292 2291 2315 ,.
2306 2248 2517 2303 devote
2547 2262 2797 2302 censum
2818 2246 3120 2300 bonorum
3150 2260 3402 2317 operum
3433 2244 3515 2299 illi
3542 2260 3640 2300 ex-

1987 2337 2246 2393 solvunt.
2281 2338 2611 2392 Damascus
2641 2336 2802 2390 enim
2832 2334 3047 2390 nobilis
3091 2340 3182 2390 est
3232 2334 3376 2389 urbs
3410 2335 3639 2390 Phaeni-

1985 2427 2112 2491 cize,
2139 2427 2352 2482 eodem
2376 2424 2671 2481 vocabulo
2694 2440 2816 2496 quo
2838 2428 2894 2479 et
2940 2424 3159 2480 Meseth
3188 2423 3419 2479 ancillas
3458 2424 3640 2480 Abra-

1982 2519 2130 2574 ham
2154 2515 2310 2571 ﬁlius
2337 2514 2671 2588 appellatus
2701 2518 2789 2568 est
2815 2530 2826 2568 :
2862 2518 2917 2569 et
2936 2514 3271 2568 Damascus
3293 2511 3640 2585 interpreta-

1989 2612 2081 2664 tur
2105 2606 2398 2669 sublz‘mis,
2455 2604 2577 2659 sive
2610 2603 2905 2659 humecta.
2951 2605 3018 2657 Et
3071 2602 3227 2658 bene
3280 2618 3417 2674 quae
3474 2601 3642 2674 prius

1989 2700 2272 2754 humecta
2300 2694 2570 2763 libidine,
2603 2694 2873 2766 superba.
2887 2694 3115 2767 spiritu,
3150 2693 3508 2763 sanguinem
3527 2692 3640 2747 hu-

1993 2803 2249 2844 manum
2300 2784 2732 2857 inexplebiliter
2803 2783 3084 2837 sitiebat:
3132 2798 3294 2837 nunc
3351 2781 3645 2837 mandata

1993 2876 2353 2949 baptismate
2404 2872 2633 2942 Christi,
2694 2871 2965 2927 sublimis
3013 2871 3281 2943 profectu
3337 2870 3640 2937 virtutum,

223 2948 527 3017 liarentur,
597 2947 793 3003 donec
848 2947 1039 3020 ipsius
1122 2952 1287 3005 terrae
1356 2948 1557 3017 dorso,
1616 2950 1882 3008 funiculo
1915 2980 1954 3035 ρ
1998 2947 2311 3033 εᾶᾖευίηίε
2345 2963 2473 3033 ejus
2505 2960 2789 3033 poculum
2819 2959 3119 3016 desiderat
3141 2959 3464 3031 percipere.
3491 2958 3642 3019 Quid

219 3043 650 3111 superextenso
695 3036 1156 3109 comprobante,
1191 3043 1548 3111 apparerent
1573 3041 1834 3113 aequales
1859 3060 1871 3097 :

221 3126 319 3182 sed
336 3128 716 3183 immensam
744 3125 1223 3182 humiliationem
1254 3132 1442 3199 captae
1488 3133 1544 3183 et
1570 3145 1875 3201 oppressis

219 3219 407 3285 gentis
458 3215 649 3272 voluit
700 3216 1001 3289 Scriptura
1064 3217 1179 3272 hoc
1239 3217 1423 3272 verbo
1473 3218 1875 3285 accumulare,

218 3310 292 3360 ut
334 3306 565 3360 diceret
612 3305 739 3360 ideo
769 3310 1040 3378 aequatos
1073 3321 1171 3361 eos
1202 3310 1391 3373 terrae,
1448 3322 1519 3362 eo
1566 3306 1732 3378 quod
1787 3324 1877 3362 es-

230 3396 372 3447 sent
389 3393 602 3463 ejurati
631 3396 796 3466 atque
827 3395 1175 3467 contempti,
1202 3395 1283 3451 ita
1315 3398 1378 3450 ut
1424 3395 1483 3450 in
1540 3395 1705 3451 nullo
1757 3413 1880 3452 am-

232 3481 398 3554 plius
427 3482 693 3539 homines
720 3485 777 3539 in
800 3489 954 3541 terra
983 3485 1286 3553 degentes,
1311 3490 1555 3557 possent
1575 3486 1658 3541 eis
1674 3486 1879 3559 nequi-

236 3571 317 3627 tia
342 3571 649 3646 coeequari.
686 3574 1041 3643 Hujusmodi
1094 3574 1410 3629 locutionis
1462 3573 1635 3647 plura
1689 3575 1879 3631 habes

235 3662 503 3735 exempla
544 3664 607 3719 in
641 3664 997 3735 Scripturis:
1031 3663 1212 3736 quale
1243 3669 1331 3719 est
1356 3663 1505 3719 illud
1538 3665 1877 3734 Evangelii:

251 3772 280 3797 ι(
310 3753 447 3807 Sunt
473 3759 664 3810 autem
710 3759 766 3809 et
793 3754 912 3809 alia
952 3753 1139 3809 multa
1192 3769 1327 3827 quas
1358 3753 1495 3810 fecit
1522 3756 1720 3825 Jesus,
1749 3771 1883 3827 quae

254 3840 353 3895 usi
385 3842 710 3899 scribantur
754 3859 861 3916 per
915 3842 1172 3913 singula,
1212 3858 1322 3898 nec
1370 3843 1569 3914 ipsum
1629 3844 1884 3900 arbitror

244 3952 277 3980 σι
299 3933 589 3989 mundum
620 3949 837 4006 capere
868 3950 972 3989 eos
1020 3932 1126 4006 qui
1157 3931 1457 3988 scribendi
1506 3937 1645 3988 sunt
1699 3931 1885 3988 libros

228 4042 261 4070 α
288 4021 483 4093 (Joan.
508 4022 646 4095 XXI).
684 4044 713 4072 ››
754 4023 1070 4089 Quomodo
1099 4023 1259 4078 enim
1284 4037 1407 4078 non
1450 4027 1685 4095 caperet
1710 4038 1886 4078 mun-

222 4110 336 4166 dus
373 4111 588 4173 libros,
623 4112 729 4185 qui
779 4111 956 4167 scribi
999 4111 1333 4184 potuissent
1358 4111 1417 4167 in
1467 4112 1742 4167 mundo?
1773 4111 1888 4166 Sed

220 4198 297 4255 ad
322 4200 774 4257 insinuandam
802 4200 1302 4271 magnitudinem,
1340 4217 1409 4256 ac
1444 4199 1888 4257 multitudinem

216 4305 477 4362 operum
514 4289 774 4360 Domini,
806 4289 904 4345 tali
936 4288 1118 4345 verbo
1147 4288 1337 4345 voluit
1367 4290 1451 4345 uti
1480 4289 1800 4363 Scriptura.
1824 4291 1889 4344 Et

212 4379 558 4453 inplanctu
591 4377 779 4434 David
832 4394 1015 4451 super
1065 4377 1205 4435 Saul
1244 4382 1300 4435 et
1342 4379 1657 4446 Jonathau,
1716 4378 1885 4451 aqui-

208 4468 278 4525 lis
296 4468 673 4536 velociores,
703 4465 981 4523 leonibus
1030 4467 1324 4524 fortiores.
1355 4468 1461 4522 Cui
1518 4466 1890 4523 simillimum

209 4563 294 4616 est
340 4558 515 4616 illud
572 4558 755 4613 etiam
786 4557 1165 4614 saecularium
1204 4557 1554 4614 litterarum.
1600 4558 1707 4624 Qui
1752 4574 1893 4613 cau-

205 4648 351 4707 dore
404 4649 600 4706 nives
650 4648 941 4703 anteirent
960 4647 1234 4704 cursibus
1258 4664 1457 4704 auras.
1491 4645 1661 4712 Quod
1691 4651 1893 4703 autem

202 4754 473 4796 mensus
513 4753 622 4792 eos
648 4735 915 4793 funiculo
964 4737 1128 4805 dixit,
1182 4735 1514 4793 funiculum
1557 4735 1891 4807 allegorice,

198 4843 316 4900 pro
347 4832 536 4885 sorte
565 4826 785 4899 posuit,
820 4842 891 4882 eo
920 4825 1087 4899 quod
1115 4825 1381 4882 funiculo
1440 4824 1670 4881 soleant
1723 4840 1893 4894 agro-

195 4933 339 4974 rum
378 4915 605 4993 spatia
631 4915 845 4971 metiri.
881 4915 1043 4971 Unde
1088 4915 1376 4988 scriptum
1406 4918 1525 4971 est:
1558 4936 1585 4965 «
1635 4915 1700 4970 Et
1741 4918 1895 4970 sorte

196 5005 415 5064 divisit
499 5004 593 5060 eis
654 5007 872 5060 terram
926 5003 988 5060 in
1034 5003 1298 5059 funiculo
1350 5003 1805 5060 distributionis.
1867 5026 1895 5053 »

199 5096 547 5168 Signiﬁcat
597 5100 823 5162 autem,
877 5093 1020 5167 quia
1095 5098 1218 5150 tam
1267 5093 1457 5151 libera
1511 5093 1898 5167 dispositione

1987 3058 2187 3109 autem
2220 3050 2513 3121 significat
2533 3048 2699 3120 quod
2738 3048 2926 3103 David
2947 3050 3111 3117 ivasa
3136 3062 3318 3102 aurea
3349 3052 3409 3101 et
3432 3062 3642 3115 argen-

1986 3146 2085 3197 tea
2103 3146 2285 3211 atque
2310 3154 2488 3208 terea,
2512 3153 2649 3208 quae
2683 3136 2896 3192 tulerat
2922 3136 2997 3190 de
3022 3134 3314 3190 universis
3340 3134 3636 3204 gentibus,

1989 3227 2380 3286 sanctiﬁcavit
2410 3225 2682 3293 Domino,
2733 3225 2845 3280 nisi
2889 3223 3056 3296 quod
3110 3223 3383 3280 Christus
3427 3238 3640 3279 omnes

1989 3334 2149 3391 quos
2209 3317 2285 3371 de
2326 3314 2616 3370 universis
2664 3313 2941 3384 gentibus
2976 3316 3270 3369 convocat
3327 3312 3406 3368 ad
3462 3311 3642 3367 ﬁdem

1993 3423 2171 3462 suam
2196 3402 2376 3461 :aIios
2401 3403 2562 3460 aurei
2590 3402 2864 3469 loco,hoc
2896 3406 2988 3457 est
3009 3417 3193 3457 sensu
3224 3400 3469 3473 spiritali
3492 3416 3645 3472 prae-

1992 3496 2214 3552 claros:
2268 3493 2421 3549 alios
2477 3491 2726 3561 argenti,
2768 3491 2884 3547 hoc
2936 3495 3024 3546 est
3053 3489 3407 3562 eloquentiae
3456 3489 3646 3543 nitore

1993 3584 2410 3657 splendentes:
2446 3582 2593 3637 alios
2645 3597 2780 3635 vero
2829 3579 3254 3653 praedicatione
3305 3577 3488 3633 divini
3536 3578 3645 3633 ho-
3739 3613 3745 3619 ς

1992 3674 2155 3729 noris
2179 3671 2511 3729 sanctiﬁcat
2540 3669 2816 3734 Domino,
2865 3672 2929 3724 ut
2956 3668 3017 3723 in
3064 3668 3195 3738 ejus
3259 3666 3647 3723 tabernaculo

1991 3762 2243 3818 ﬁdeliter
2273 3759 2693 3825 dcsecvientes,
2741 3758 2927 3829 ipsius
2983 3755 3312 3811 ministerio
3370 3755 3435 3810 in
3488 3759 3649 3810 reter-

1993 3868 2142 3907 num
2167 3849 2582 3906 decentissime
2602 3847 3040 3920 perfungantur
3060 3846 3088 3900 ?

2066 3960 2096 3994 «
2124 3940 2277 3996 Fecit
2304 3954 2547 4011 quoque
2571 3936 2684 3993 sibi
2718 3936 2902 3992 David
2928 3950 3151 3991 nomen
3177 3950 3315 3989 cum
3332 3937 3650 3990 revertere-

1997 4054 2025 4081 ‹‹
2058 4034 2172 4095 tur,
2190 4033 2367 4100 capta
2397 4027 2565 4100 Syria
2586 4027 2647 4082 in
2676 4025 2833 4081 valle
2866 4024 3224 4091 Salinarum,
3248 4023 3419 4079 cissis
3441 4023 3652 4079 decem

2001 4144 2028 4171 «
2052 4125 2108 4176 et
2162 4123 2296 4176 octo
2329 4118 2614 4174 millibus.
2650 4138 2677 4166 »
2728 4117 2953 4172 Fecisse
2996 4115 3110 4170 sibi
3148 4130 3371 4170 nomen
3414 4114 3649 4181 dicitur,

2001 4209 2147 4282 quia
2174 4208 2234 4264 in
2265 4207 2422 4264 valle
2444 4206 2779 4262 Salinarum
2804 4205 2971 4261 caesis
3002 4204 3210 4260 decem
3244 4208 3300 4259 et
3319 4208 3454 4259 octo
3485 4203 3655 4258 milli-

1999 4298 2136 4367 bus,
2162 4297 2347 4353 erexit
2365 4296 2477 4351 sibi
2502 4295 2792 4351 fornicem
2815 4294 3257 4367 triumphalem.
3292 4294 3445 4348 Fecit
3473 4292 3654 4347 etiam

2002 4386 2116 4442 sibi
2135 4401 2379 4449 nomen,
2410 4384 2552 4457 quia
2580 4384 2741 4440 victa
2765 4384 2934 4455 Syria
2964 4381 3263 4447 Damasci,
3284 4386 3343 4436 et
3363 4380 3532 4452 Syria
3558 4383 3657 4436 So-

2001 4475 2124 4541 bal,
2157 4474 2415 4531 erexisse
2443 4472 2556 4529 sibi
2584 4472 2799 4528 dicitur
2823 4471 3071 4527 alteram
3126 4469 3415 4525 fornicem
3445 4467 3653 4521 trium-

2002 4563 2266 4636 phalem.
2300 4565 2369 4618 Et
2392 4563 2438 4618 si
2469 4577 2650 4634 quem
2681 4564 2900 4626 movet,
2932 4557 3096 4630 quod
3134 4558 3194 4611 in
3224 4554 3525 4627 plerisque
3548 4556 3653 4608 La-

2005 4653 2271 4708 tinorum
2300 4650 2610 4707 codicibus
2641 4648 2960 4711 invenitur,
2992 4644 3181 4699 David
3211 4658 3334 4698 non
3360 4642 3571 4697 decem
3600 4646 3658 4697 et

2004 4745 2139 4797 octo
2170 4740 2357 4795 millia
2382 4739 2443 4794 in
2474 4737 2628 4793 valle
2662 4736 3021 4798 Salinarum,
3053 4731 3161 4787 sed
3190 4730 3511 4787 duodecim
3566 4747 3656 4787 ce-

2006 4828 2220 4885 cidisse
2240 4867 2253 4891 ,
2287 4826 2521 4882 noverit
2544 4826 2659 4881 hoc
2690 4823 2898 4879 vitium
2928 4821 3292 4894 scriptorum
3337 4820 3400 4877 in
3429 4820 3658 4876 eisdem

2007 4916 2315 4974 codicibus
2350 4914 2624 4970 molitum
2680 4929 2832 4969 esse.
2868 4911 3160 4968 Veraciter
3213 4915 3356 4967 tunc
3386 4910 3575 4966 David
3596 4909 3659 4966 in

2007 5006 2222 5063 eadem
2245 5004 2395 5061 valle
2419 5003 2758 5061 Salinarum
2784 4998 2995 5058 decem
3020 5005 3077 5057 et
3104 5006 3239 5057 octo
3290 4999 3481 5056 millia
3506 4999 3653 5055 ceci-

2008 5099 2116 5167 dit,
2147 5102 2204 5153 et
2224 5096 2375 5152 Joab
2402 5111 2541 5151 vero
2571 5092 2889 5150 duodecim
2921 5092 3129 5159 millia,
3176 5091 3326 5147 sicut
3380 5091 3441 5147 in
3472 5090 3661 5147 titulo.

198 5185 397 5243 David
422 5184 728 5254 regiones
750 5183 1142 5240 Moabitarum
1172 5182 1510 5239 haeredibus
1540 5183 1762 5256 quibus
1787 5183 1902 5239 vel-

194 5275 297 5342 let,
367 5274 603 5333 divisit
647 5274 824 5347 quasi
874 5290 1186 5346 possessor
1227 5273 1477 5346 quilibet
1536 5288 1713 5343 agros
1767 5290 1902 5346 pro-

192 5365 368 5439 prios
402 5365 505 5423 ad
534 5368 756 5420 nutum
786 5380 985 5435 suum,
1017 5363 1198 5420 ducto
1228 5364 1347 5419 huc
1379 5367 1558 5436 atque
1588 5363 1726 5418 inde
1753 5362 1906 5418 funi-

198 5456 368 5527 culo,
439 5453 713 5511 dirimit.
775 5476 802 5502 u
859 5455 1093 5509 Mensus
1153 5456 1241 5509 est
1296 5457 1499 5509 autem
1547 5452 1700 5509 duos
1753 5451 1905 5508 funi-
2014 5459 2215 5511 noster
2268 5471 2390 5510 sure
2421 5453 2695 5509 videlicet
2736 5450 3114 5508 districtionis
3143 5450 3439 5518 examine,
3472 5449 3532 5505 in
3569 5448 3663 5503 his

200 5546 402 5613 culos,
444 5559 656 5599 unum
690 5541 770 5597 ad
819 5542 1217 5598 occidendum
1253 5547 1309 5599 et
1364 5558 1554 5598 unum
1598 5543 1677 5599 ad
1726 5543 1908 5599 viviﬂ-
2017 5543 2121 5615 qui
2195 5542 2271 5597 de
2331 5542 2430 5598 illo
2494 5558 2675 5614 prave
2743 5540 3026 5609 sentiunt,
3094 5539 3400 5596 stultitiam
3454 5538 3666 5592 immo-

199 5640 534 5701 candum,
571 5657 600 5683 n
632 5636 692 5689 et
710 5632 827 5689 hoc
858 5631 1171 5703 allegorice
1191 5630 1418 5689 dictum
1435 5636 1542 5698 est,
1565 5631 1945 5704 signiﬁcans.
2018 5631 2210 5689 derati
2257 5631 2488 5704 saporis
2535 5630 2917 5701 exstinguit?
2970 5629 3136 5686 Unde
3186 5633 3244 5685 et
3297 5643 3405 5699 per
3458 5638 3665 5697 quem-

2011 5185 2511 5259 Quinquagesimi
2541 5182 2742 5241 Octavi
2771 5182 2993 5255 psalmi
3021 5181 3316 5238 scribitur.
3369 5181 3664 5236 Caeterum

2012 5276 2327 5346 allegorice
2355 5274 2503 5349 quid
2548 5275 2609 5330 in
2639 5289 2927 5347 percussa
2974 5271 3353 5328 multitudine
3393 5287 3431 5327 a
3479 5270 3665 5327 David

2013 5366 2075 5421 in
2108 5366 2447 5423 Salinarum
2469 5363 2622 5420 valle
2652 5363 2945 5431 signatur,
2975 5360 3091 5417 nisi
3121 5362 3269 5433 quia
3301 5360 3666 5433 Redemptor
