4130 6182
501 158 606 212 359

1592 139 1946 200 ANGELOII
1987 132 2437 196 LUXOVIENSIS
2475 141 2818 198 MONACHI.
3819 149 3916 202 300

501 278 646 335 dam
687 277 1017 352 sapientem
1043 270 1289 327 dicitur:
1325 291 1353 318 ‹‹
1377 271 1488 325 Cor
1516 268 1736 323 durum
1780 264 1936 320 male
1963 261 2148 352 habe-
2179 269 2224 319 A
2259 278 2394 352 rum
2423 271 2769 323 sanctarum
2800 266 3066 340 quotidie
3094 281 3299 323 secum
3347 265 3554 322 reﬁcit.
3588 268 3762 326 Unde
3787 285 3916 325 eve-

500 369 674 426 bitin
706 349 1071 428 novissimo;
1124 363 1182 414 et
1209 357 1312 431 qui
1343 361 1507 414 amat
1559 355 1890 429 periculum
1945 352 2004 407 in
2050 349 2150 406 illo

501 457 734 530 peribit.
769 475 797 503 »

1142 594 1370 649 CAPUT
1426 593 1508 645 IX.

573 749 600 773 «
635 728 698 780 Et
726 722 874 778 dixit
913 717 1135 774 David:
1169 719 1422 772 Putasne
1467 718 1554 770 est
1601 712 1818 784 aliquis
1845 711 1920 766 de
1967 708 2150 763 domo

501 839 529 866 «
568 813 725 881 Saul,
752 816 815 866 ut
850 809 1067 865 faciam
1098 823 1236 862 cum
1262 821 1333 860 eo
1359 801 1827 860 misericordiam
1861 797 2095 854 Domini
2122 795 2149 850 Ἰ

500 927 527 954 ‹‹
560 901 831 972 Dixitque
873 897 1012 954 Siba
1038 897 1159 964 regi
1185 915 1197 950 :
1231 892 1681 967 Superestﬁlius
1705 887 2020 945 Jonatham
2047 885 2150 940 de-

501 1016 527 1042 ‹‹
557 990 692 1046 bilis
716 987 994 1061 pedibus.
1020 1006 1048 1038 »
1066 983 1250 1039 David
1286 999 1405 1037 non
1435 982 1753 1036 immemor
1774 974 2152 1033 eratfmderis

499 1078 666 1153 quod
695 1077 992 1132 habuerat
1015 1091 1151 1130 cum
1181 1072 1498 1128 Jonatham
1529 1075 1586 1125 et
1639 1068 1780 1124 olim
1823 1065 2149 1153 pepigerat,

501 1150 606 1223 sed
632 1163 1105 1221 misericordiam
1145 1177 1333 1232 quam
1387 1159 1438 1215 ei
1494 1155 1854 1230 promiserat
1905 1150 2151 1223 implere

502 1254 750 1316 curavit,
774 1251 1084 1323 ﬁliumque
1117 1249 1246 1319 ejus
1277 1247 1542 1320 requirit,
1573 1250 1629 1300 et
1679 1239 2152 1299 misericmdiam

502 1360 640 1399 cum
689 1358 760 1398 eo
806 1340 958 1395 fecit.
1002 1343 1129 1394 Non
1160 1339 1316 1392 enim
1349 1342 1474 1392 erat
1508 1333 1692 1389 David
1725 1349 1796 1387 ex
1821 1345 2028 1386 eorum
2057 1344 2152 1382 so-

503 1433 730 1495 cietate,
755 1430 830 1484 de
853 1428 1074 1501 quibus
1104 1427 1252 1482 alias
1281 1426 1563 1496 scriptum
1595 1431 1680 1477 est
1706 1439 1718 1475 :
1753 1421 1862 1486 Qui
1896 1417 2042 1473 tollit
2074 1415 2152 1471 ab

504 1521 700 1576 amico
742 1535 852 1574 suo
883 1515 1375 1580 misericordiam,
1409 1513 1682 1569 timorem
1726 1508 1957 1564 Domini
1984 1507 2153 1561 dere-

2260 351 2344 406 nit
2379 359 2440 408 ut
2487 355 2633 411 tales
2665 355 2935 412 sobolem
2966 356 3234 426 gignant,
3264 354 3369 427 qui
3407 363 3658 412 vocetur
3709 358 3908 414 Micha.

2259 441 2445 497 Micha
2473 443 2632 497 enim
2680 445 2810 516 quis
2837 450 2923 500 est
2947 444 3147 499 Latine
3180 448 3444 507 resonat,
3475 444 3622 517 quia
3650 445 3914 519 frequen-

2259 535 2346 584 ter
2371 535 2428 585 et
2473 531 2532 585 in
2564 531 3027 588 admirationem
3073 531 3280 604 populi
3307 531 3456 588 tales
3497 533 3913 607 veniunt:un

2259 635 2452 692 nuper
2479 636 2510 676 e
2539 620 2828 693 despectu
2854 620 3066 676 mundi
3096 620 3296 688 ablati,
3331 621 3581 692 gloriosi
3629 622 3693 679 in
3726 624 3910 680 Eccle-

2261 707 2351 762 sia
2382 707 2483 764 Dei
2512 707 2675 765 dono
2700 708 3101 783 apparebunt.

2935 851 3170 910 CAPUT
3200 857 3241 910 X

2333 1000 2357 1025 ‹‹
2391 978 2637 1032 Factum
2662 982 2750 1033 est
2778 983 2978 1033 autem
3010 982 3146 1050 post
3175 978 3304 1033 hzec
3335 983 3395 1034 ut
3442 986 3778 1037 moreretur
3815 997 3904 1037 rex

2260 1065 2572 1122 «ﬁliorum
2621 1071 2901 1135 Ammon,
2949 1071 3006 1122 et
3033 1072 3309 1137 regnaret
3365 1069 3583 1124 Hauon
3627 1069 3780 1125 ﬁlius
3807 1086 3903 1143 pro

2263 1176 2289 1203 ‹‹
2323 1171 2411 1209 eo.
2448 1155 2712 1228 Dixitque
2740 1155 2962 1210 David:
2992 1155 3227 1212 Faciam
3254 1156 3734 1214 misericordiam
3778 1175 3900 1214 cum

2262 1265 2288 1293 α
2325 1246 2532 1300 Hauon
2559 1243 2678 1300 ﬁlio
2724 1249 2896 1312 Naas,
2932 1244 3084 1300 sicut
3128 1244 3263 1302 fecit
3316 1252 3487 1318 pater
3515 1249 3650 1318 ejus
3680 1264 3898 1304 mecum

2266 1355 2291 1380 ‹‹
2325 1332 2816 1399 misericordiam,
2846 1351 2875 1386 ›
2907 1337 2963 1388 et
2990 1333 3239 1405 reliqua.
3270 1335 3526 1400 Quando
3553 1337 3704 1408 fugit
3733 1335 3896 1392 David

2263 1421 2475 1477 afacie
2501 1423 2676 1477 Achis
2723 1423 2876 1491 regis
2929 1422 3095 1489 Geth,
3153 1424 3310 1479 venit
3367 1424 3447 1480 ad
3502 1429 3658 1481 Naas
3712 1441 3895 1496 regem

2263 1517 2543 1576 Ammon,
2592 1512 2697 1584 qui
2728 1512 2862 1567 fecit
2890 1528 3028 1567 cum
3060 1527 3132 1568 eo
3178 1514 3678 1585 misericordiam,
3725 1515 3896 1570 multa

501 1609 735 1681 linquit.
762 1609 903 1673 Quae
931 1622 1024 1660 res
1063 1610 1118 1660 et
1147 1603 1495 1658 ﬁdelitatem
1525 1599 1799 1674 probavit
1819 1594 2154 1652 secundum
2187 1621 2225 1672 Β
2261 1601 2658 1674 impertiendo
2705 1602 2890 1658 bona.
2954 1605 3030 1657 De
3083 1601 3268 1658 domo
3300 1607 3454 1660 Naas
3507 1605 3706 1678 itaque
3751 1604 3894 1660 venit

503 1698 814 1755 historiam
845 1696 905 1750 in
958 1695 1102 1761 viro,
1135 1697 1191 1748 et
1235 1695 1680 1748 sacramentum
1724 1688 1895 1758 juxta
1939 1683 2155 1748 allego-

501 1787 655 1843 riam
687 1785 945 1842 ostendit
975 1785 1032 1838 in
1067 1783 1244 1837 facto.
1276 1784 1441 1852 Saepe
1464 1778 1622 1836 enim
1661 1777 1890 1832 dictum
1920 1778 2008 1828 est
2042 1772 2153 1826 Da-

503 1875 602 1931 vid
625 1889 948 1948 personam
973 1871 1183 1925 Christi
1214 1868 1494 1938 ﬁgurare,
1527 1881 1763 1922 necnon
1809 1869 1865 1918 et
1891 1862 1950 1917 in
1983 1874 2155 1931 supe-

501 1963 759 2019 rioribus
786 1963 1328 2016 commemoratum
1359 1961 1446 2012 est
1478 1975 1490 2012 :
1523 1955 1823 2010 Jonathan
1854 1950 1958 2023 qui
1985 1949 2159 2004 inter-

501 2055 768 2123 pretatur
821 2049 1107 2104 columba
1144 2047 1386 2111 donum,
1445 2049 1657 2116 typum
1699 2047 1897 2097 tenere
1954 2036 2156 2107 gratiae

503 2139 752 2211 Spiritus
784 2137 991 2192 sancti.
1019 2135 1235 2190 Habuit
1283 2150 1425 2202 ergo
1455 2133 1743 2188 Jonathas
1782 2129 1971 2184 ﬁlium
2016 2140 2154 2197 par-

501 2228 705 2283 vulum
748 2227 989 2281 nomine
1040 2224 1451 2296 Miphiboscth,
1488 2227 1740 2292 utroque
1796 2218 1948 2291 pede
1997 2215 2155 2270 clau-

501 2320 670 2384 dum,
705 2321 769 2372 ut
800 2317 1101 2387 Scriptura
1132 2317 1401 2379 testatur,
1429 2329 1610 2384 quem
1643 2309 1829 2365 David
1852 2308 1930 2363 ad
1962 2322 2024 2361 se
2057 2321 2155 2359 ac-

501 2410 701 2466 cersiri
743 2409 951 2477 jussit:
1017 2422 1154 2460 cum
1199 2402 1643 2476 przedestinatio
1674 2406 1731 2456 et
1784 2396 2156 2472 prmscientia

503 2499 627 2561 Dei,
650 2513 787 2551 eum
839 2509 1030 2566 quem
1051 2494 1128 2548 ad
1159 2493 1356 2547 saeculi
1404 2490 1732 2546 ministeria
1759 2494 1816 2543 et
1846 2486 2158 2542 mundana

502 2586 744 2656 negotia
787 2583 1136 2645 exercenda,
1189 2597 1463 2636 sermone
1521 2585 1576 2634 et
1617 2581 1848 2633 actione
1897 2574 2155 2630 debilem

503 2673 815 2746 conspicit,
853 2673 930 2727 ad
987 2671 1260 2726 divinum
1307 2670 1700 2725 ministerium
1753 2667 1956 2735 eligit:
2011 2665 2158 2737 quia

503 2781 684 2838 quem
713 2763 978 2818 mundus
1003 2778 1110 2834 per
1152 2761 1371 2816 fastum
1425 2757 1696 2814 elationis
1729 2757 1972 2828 spernit,
1996 2757 2155 2809 hunc

505 2859 659 2912 Deus
679 2858 920 2926 propter
949 2851 1326 2907 devotionem
1377 2847 1724 2905 humilitatis
1759 2846 2029 2918 acquirit.
2065 2850 2154 2899 Iu-

504 2950 856 3018 terprctatur
903 2943 1063 2998 enim
1121 2939 1512 3014 Miphiboseth
1560 2939 1737 2994 decor
1778 2938 2150 3007 ignominiaa:
2187 2977 2227 3028 Ο

502 3037 551 3093 is
585 3051 727 3106 ergo
755 3035 924 3104 cujus
951 3033 1254 3104 loquelam
1295 3037 1350 3087 et
1381 3029 1815 3103 praescieutiam
1872 3027 2157 3099 superbia

503 3123 714 3181 mundi
737 3123 1007 3194 despicit,
1034 3121 1131 3176 Dei
1161 3121 1324 3176 dono
1355 3119 1511 3174 utilis
1542 3117 1619 3173 ad
1649 3117 1908 3190 spiritale
1933 3122 2154 3188 myste-

500 3213 654 3268 rium
708 3212 767 3266 in
828 3211 1087 3266 Ecclesia
1140 3208 1472 3282 apparebit.
1507 3207 1654 3272 Quid
1683 3211 1769 3262 est
1799 3221 1940 3275 ergo
1989 3205 2154 3277 quod

499 3300 692 3357 David
725 3301 926 3356 Sibam
956 3316 1195 3354 servum
1220 3298 1359 3355 Saul
1388 3298 1462 3352 de
1490 3298 1670 3368 stirpe
1687 3296 1825 3353 Saul
1850 3311 2150 3367 quaerens,

501 3405 572 3444 eo
603 3387 927 3451 revelante,
961 3385 1352 3457 Miphiboseth
1409 3384 1654 3449 invenit,
1709 3383 1823 3438 nisi
1860 3384 2003 3455 quia
2053 3387 2154 3438 Re-

502 3477 778 3546 demptor
804 3479 1008 3530 noster
1047 3473 1370 3528 electorum
1430 3488 1750 3527 numerum
1781 3472 2154 3527 discutiendo

501 3565 653 3620 inter
684 3579 786 3618 eos
817 3563 921 3635 qui
951 3561 1275 3633 contempti
1308 3561 1603 3615 mundum
1658 3561 2042 3631 reliquerunt,
2078 3561 2150 3616 ad

503 3670 568 3710 se
594 3651 794 3708 venire
825 3651 1009 3707 fecit?
1043 3650 1181 3707 Siba
1203 3651 1362 3705 enim
1394 3665 1693 3720 egressus,
1725 3649 1882 3704 venit
1904 3648 1964 3703 in
2005 3657 2154 3703 tem-

500 3757 668 3816 pore.
720 3741 1121 3810 Interrogatus
1151 3753 1293 3808 ergo
1327 3737 1465 3795 Siba
1496 3753 1532 3793 a
1579 3752 1738 3808 rege,
1766 3737 2154 3810 Miphiboseth

499 3831 692 3887 ﬁlium
723 3830 1015 3897 Jouathze,
1050 3829 1110 3884 in
1160 3828 1343 3884 domo
1371 3826 1587 3884 Machir
1613 3827 1718 3882 ﬁlii
1742 3826 1930 3882 Amiel
1957 3827 2016 3882 iu
2051 3830 2154 3882 Lo-

500 3921 696 3978 dobar
725 3936 854 3977 esse
876 3917 1207 3991 respondit.
1234 3919 1376 3984 Quae
1415 3932 1509 3972 res
1528 3917 1807 3990 praesenti
1838 3916 2154 3989 expositio-

497 4010 562 4065 ni
589 4009 743 4065 bene
769 4011 1079 4065 convenit:
1118 4009 1539 4079 luterpretatur
1568 4006 1725 4062 enim
1758 4006 1993 4072 Machir,
2025 4021 2156 4062 ven-

499 4098 644 4153 dens
673 4096 766 4151 vel
795 4098 868 4153 de
891 4097 1260 4166 inﬁmitate:
1277 4094 1756 4164 Amiel,populus
1771 4097 1897 4164 ejus
1918 4094 2150 4150 dicitur:

501 4184 778 4240 Lodobor
798 4184 925 4256 ipse
957 4185 1220 4240 verbum.
1254 4184 1518 4255 Denique
1551 4183 1734 4238 David
1774 4190 1975 4238 noster
2004 4199 2148 4238 con-

499 4271 860 4344 temptibiles
884 4273 1065 4343 hujus
1096 4272 1328 4327 mundi.
1359 4277 1416 4327 et
1449 4287 1520 4327 ea
1542 4289 1676 4344 quae
1719 4287 1841 4327 non
1894 4277 2034 4327 sunt
2058 4271 2156 4326 eli-

499 4377 671 4432 gens,
696 4364 759 4416 ut
787 4377 860 4417 ea
887 4377 1022 4434 quae
1048 4364 1185 4415 sunt
1213 4360 1498 4426 destruat,
1514 4376 1616 4415 eos
1635 4359 1966 4415 vendibiles
1985 4377 2155 4416 mun-

497 4449 599 4522 do,
624 4456 680 4508 et
709 4450 768 4507 in
798 4450 1142 4506 inﬁrmitate
1173 4453 1522 4507 constitutos
1553 4449 1926 4520 reperiendo,
1963 4466 2154 4522 popu-

495 4541 554 4599 lo
585 4558 694 4599 suo
724 4540 942 4612 dignos
971 4541 1158 4596 verbo
1204 4539 1646 4612 praedicationis
1677 4538 1901 4603 ascivit,
1949 4539 2154 4611 eisque

495 4633 727 4702 regium
759 4633 1050 4688 honorem
1072 4631 1224 4686 inter
1243 4629 1396 4684 ﬁlios
1423 4627 1644 4683 habere
1669 4628 2153 4684 concessit.Unde

494 4725 552 4776 et
581 4721 769 4776 David
800 4737 978 4791 agros
1008 4719 1148 4776 Saul
1173 4717 1437 4774 servituti
1474 4715 1864 4789 Miphiboseth
1893 4715 2148 4779 donans,

495 4807 698 4877 ipsum
731 4808 1126 4880 Miphiboseth
1158 4807 1478 4864 convivam
1519 4822 1696 4861 suum
1755 4822 1938 4879 super
1989 4823 2153 4863 meu-

497 4907 628 4946 sam
662 4909 835 4949 suam
871 4896 1051 4950 simul
1108 4913 1246 4952 cum
1290 4895 1426 4951 ﬁliis
1466 4911 1594 4950 esse
1627 4897 1948 4968 praecepit:
2008 4896 2152 4968 quia

496 4980 845 5036 mediatoris
874 4983 1060 5038 nostri
1087 4983 1296 5052 gratia,
1329 5001 1464 5057 qua:
1483 4985 1813 5040 secundum
1847 4985 2036 5040 Mariae
2053 5001 2152 5041 vo-

494 5082 660 5123 cem:
695 5090 725 5117 ‹‹
760 5069 1041 5142 Deposuit
1070 5075 1342 5143 potentes
1363 5073 1438 5128 de
1467 5074 1700 5137 sede,et
1729 5072 2015 5128 exaltavit
2040 5074 2150 5128 hu-

491 5154 664 5212 miles
689 5157 854 5228 (Luc.
878 5161 941 5223 1).
975 5182 1001 5207 ››
1027 5161 1092 5213 Et
1111 5159 1284 5229 juxta
1308 5160 1688 5232 prophetiam
1710 5164 1892 5214 Annae
1920 5175 1932 5213 :
1958 5182 1986 5208 ‹‹
2018 5162 2153 5215 Sus-

499 5243 691 5300 citans
735 5245 809 5300 de
840 5245 1081 5318 pulvere
1113 5263 1395 5317 egenum,
1436 5252 1493 5304 et
1522 5247 1596 5303 de
1629 5253 1886 5303 stercore
1917 5247 2151 5316 erigens

499 5350 866 5407 pauperem:
899 5341 960 5391 ut
993 5337 1201 5393 sedeat
1240 5353 1375 5393 cum
1425 5337 1819 5410 principibus,
1846 5341 1902 5391 et
1931 5336 2151 5394 solium

491 5423 692 5493 gloriae
736 5429 934 5482 teneat
978 5426 1038 5497 (Ι
1059 5428 1201 5496 Reg.
1233 5428 1312 5498 η).
1350 5449 1377 5476 ››
1409 5425 1895 5497 Contemptibiles
1951 5442 2151 5498 perso-

488 5530 602 5568 nas
633 5514 706 5571 dc
741 5514 972 5571 mundo
999 5514 1294 5583 auferens,
1329 5529 1716 5589 possessores
1745 5514 2031 5571 virtutum
2059 5516 2147 5570 of-

487 5602 628 5672 ﬁcit,
660 5610 718 5662 et
755 5603 1001 5662 scientia
1029 5603 1277 5679 spiritali
1307 5619 1489 5679 super
1515 5618 1789 5662 mensam
1821 5606 2149 5679 Scriptura-

2262 1691 2324 1745 in
2350 1690 2703 1762 speluncam
2730 1691 3023 1757 Odollam,
3058 1691 3162 1746 ubi
3205 1698 3499 1750 venerunt
3525 1694 3603 1750 ad
3633 1711 3759 1750 eum
3801 1709 3892 1764 pa-

2267 1784 2350 1834 ter
2375 1785 2430 1835 et
2463 1785 2654 1836 mater
2699 1785 2757 1835 et
2794 1781 2992 1836 omnis
3021 1780 3242 1836 domus
3273 1785 3426 1852 ejus.
3459 1783 3596 1839 Inde
3644 1783 3786 1838 venit
3811 1781 3883 1835 ab

2265 1869 2457 1935 Moab,
2485 1874 2541 1925 et
2566 1869 2789 1925 dimis1t
2817 1870 2982 1942 apud
3024 1886 3163 1925 eum
3196 1877 3430 1943 patrem
3462 1879 3520 1928 et
3551 1876 3801 1939 matrem,
3831 1873 3880 1923 et

2265 1974 2508 2013 omnem
2540 1958 2792 2014 domum
2838 1975 3034 2024 suam,
3067 1963 3123 2014 et
3153 1960 3326 2016 rediit
3352 1961 3427 2016 ad
3465 1962 3637 2016 Achis
3682 1973 3885 2029 regem.

2267 2049 2396 2111 Quo
2426 2047 2580 2117 viso,
2609 2047 2756 2102 dixit
2779 2047 2957 2102 Achis
2998 2064 3102 2103 rex
3135 2048 3309 2104 Geth:
3347 2049 3575 2104 Hiccine
3615 2046 3893 2116 ingredie-

2265 2140 2359 2190 tur
2389 2135 2641 2190 domum
2671 2151 2870 2190 meam
2891 2138 2918 2192 ?
2947 2137 3105 2192 Abiit
3133 2137 3267 2192 inde
3294 2143 3349 2191 et
3376 2137 3520 2205 fugit
3547 2137 3602 2190 in
3659 2135 3893 2208 spelun-

2267 2241 2400 2279 cam
2461 2223 2754 2280 Odollam.
2789 2225 2945 2280 Abiit
2973 2225 3133 2289 inde,
3164 2225 3371 2298 inquit,
3427 2224 3780 2280 subauditur
3826 2224 3894 2279 de

2265 2315 2450 2370 domo
2491 2318 2664 2379 Naas,
2709 2319 2766 2370 et
2794 2315 2944 2385 fugit
2997 2315 3077 2372 ad
3107 2315 3382 2372 eamdem
3429 2315 3794 2388 speluncam.
3841 2313 3889 2370 Si

2265 2421 2407 2460 vero
2451 2405 2759 2476 quaeritur,
2796 2411 2974 2476 prout
3020 2405 3199 2476 longe
3231 2405 3507 2478 superius
3537 2405 3759 2474 legitur,
3795 2418 3883 2458 cur

2266 2494 2343 2549 ad
2371 2494 2548 2548 Achis
2579 2493 2767 2549 David
2795 2495 3095 2566 requierit,
3125 2501 3261 2551 ante
3311 2495 3483 2566 cujus
3515 2494 3718 2551 faciem
3740 2493 3875 2561 fuge-

2266 2588 2377 2647 rat,
2409 2581 2864 2650 intelligendum
2892 2588 2982 2639 est
3018 2584 3185 2656 quod
3215 2585 3324 2640 iste
3357 2584 3532 2640 Achis
3561 2583 3711 2639 ﬁlius
3736 2579 3881 2637 fuerit

2266 2667 2441 2722 illius.
2480 2667 2642 2722 Unde
2672 2672 2729 2721 et
2759 2668 2934 2723 Achis
2965 2685 3102 2723 cum
3132 2685 3256 2742 quo
3311 2669 3498 2725 David
3529 2671 3589 2724 iu
3645 2666 3884 2741 praelium

2267 2762 2476 2812 contra
2493 2755 2632 2811 Saul
2663 2755 3251 2826 descendebat,ﬁlius
3267 2757 3448 2814 fuisse
3465 2759 3675 2814 dicitur
3687 2755 3883 2814 Maoch.

2269 2848 2397 2900 Non
2429 2847 2588 2901 enim
2637 2863 2672 2901 a
2703 2851 2891 2918 patre,
2923 2847 3037 2903 hoc
3085 2863 3309 2904 nomen
3355 2848 3695 2920 patronymi
3745 2860 3884 2910 cum,

2268 2937 2371 2991 sed
2401 2953 2437 2990 a
2469 2942 2658 2992 matre
2717 2937 2972 3009 sumpsit
3025 2954 3161 3011 quae
3211 2939 3455 2995 Maacha
3484 2938 3814 3004 vocabatur,
3843 2938 3890 2990 et

2266 3025 2488 3080 idcirco
2519 3041 2641 3080 non
2668 3042 2703 3080 a
2734 3032 2900 3098 patre
2926 3026 3040 3082 hoc
3069 3028 3326 3100 sumpsit
3375 3045 3624 3098 nomen,
3652 3043 3718 3082 eo
3745 3021 3889 3098 quod

2268 3116 2453 3171 David
2482 3133 2518 3170 a
2550 3133 2611 3171 se
2641 3117 2943 3186 abjecerit.
2980 3118 3075 3173 His
3107 3118 3269 3174 enim
3299 3119 3642 3185 euucleatis,
3673 3117 3746 3173 ad
3793 3114 3891 3188 spi-

2265 3205 2498 3260 ritalem
2535 3205 2990 3275 intelligentiam
3035 3207 3444 3280 apostrophen
3483 3208 3782 3264 faciamus.
3812 3203 3890 3258 Ait

2264 3295 2423 3350 enim
2446 3311 2458 3349 :

2337 3407 2364 3432 ‹‹
2397 3383 2666 3456 Dixitque
2725 3383 2942 3440 David:
2993 3385 3234 3442 Faciam
3264 3386 3723 3443 misericordiam
3764 3398 3888 3438 cum

2267 3495 2294 3520 ‹‹
2323 3473 2555 3537 Hauon,
2593 3494 2618 3519 ››
2649 3475 2784 3538 etc.,
2839 3489 3160 3546 usquequo
3191 3475 3308 3530 ait:
3340 3499 3365 3524 ‹‹
3400 3475 3547 3531 Tulit
3576 3476 3760 3546 itaque
3789 3472 3889 3526 Ha-

2267 3583 2294 3608 ‹‹
2329 3576 2450 3615 non
2495 3575 2698 3615 servos
2750 3561 2959 3629 David,
3004 3564 3269 3636 rasitque
3321 3564 3622 3620 dimidiam
3669 3565 3878 3633 partem

2266 3672 2292 3698 ‹‹
2325 3647 2530 3704 barbae
2555 3664 2788 3715 eorum,
2827 3673 2854 3698 ››
2887 3655 2944 3706 et
2971 3651 3219 3724 reliqua.
3244 3655 3472 3722 Hauon,
3500 3653 3600 3724 qui
3619 3651 3875 3720 interpre-

2264 3741 2444 3802 tatur,
2475 3738 2650 3793 dolor
2701 3754 2927 3809 eorum,
2982 3741 3120 3813 quis
3174 3742 3391 3798 melius
3447 3740 3680 3812 intelligi
3704 3740 3884 3812 potest

2263 3843 2448 3899 quam
2479 3825 2778 3892 diabolus,
2801 3828 2905 3900 qui
2931 3831 3410 3888 Ammonitarum
3430 3824 3894 3905 spiritualium,id

2263 3921 2351 3970 est
2392 3915 2802 3986 malignorum
2851 3917 3173 3989 spirituum
3219 3925 3414 3978 rector
3460 3921 3686 3977 videtur
3734 3916 3896 3974 esse?

2265 4005 2427 4061 Idem
2449 4011 2537 4061 est
2567 4011 2625 4062 et
2646 4006 2926 4078 princeps
2953 4008 3135 4077 hujus
3156 4009 3392 4080 mundi,
3422 4010 3717 4084 populum
3747 4005 3898 4063 vide-

2264 4095 2399 4150 licet
2424 4100 2698 4151 moeroris
2727 4101 2785 4151 et
2805 4112 3042 4169 semper
3064 4099 3124 4154 in
3152 4100 3434 4170 angustia
3465 4100 3781 4165 constituti,
3810 4096 3902 4171 qui

2265 4186 2662 4258 comprimere
2693 4185 2782 4240 vel
2838 4194 3234 4258 coangustare
3278 4190 3556 4247 homines
3603 4189 3900 4247 desiderat.

2270 4276 2429 4332 Sicut
2458 4275 2617 4331 enim
2646 4278 2854 4332 Hauon
2898 4294 3000 4334 rex
3032 4279 3200 4335 Moab
3233 4296 3437 4336 servos
3485 4282 3698 4350 David,
3753 4280 3824 4337 ad
3851 4293 3906 4333 se

2266 4365 2502 4431 missos,
2537 4365 2896 4439 deturpavit,
2955 4373 3136 4442 atque
3183 4368 3486 4427 lubriciter
3532 4371 3788 4428 foedatos
3837 4367 3904 4424 ad

2265 4455 2548 4511 eumdem
2580 4456 2768 4512 David
2796 4457 3054 4514 remisit:
3109 4460 3192 4516 ita
3220 4465 3278 4516 et
3323 4459 3604 4517 diabolus
3647 4462 3909 4536 princeps

2263 4545 2444 4615 hujus
2474 4545 2710 4618 mundi,
2740 4546 3063 4622 plerosque
3095 4549 3407 4620 religiosos
3438 4556 3495 4607 et
3528 4553 3911 4624 praedicantes

2265 4634 2442 4690 Verbi
2469 4635 2569 4691 Dei
2603 4639 3142 4706 conversationem,
3193 4657 3300 4712 per
3345 4640 3738 4714 subrepentia
3787 4638 3912 4696 vitia

2262 4723 2582 4797 deturpare
2606 4727 2933 4783 consuevit.
2967 4729 3078 4793 Qui
3098 4728 3244 4784 dum
3276 4745 3487 4786 eorum
3513 4729 3766 4787 latentia
3794 4744 3909 4786 ma-

2261 4813 2341 4882 la,
2382 4813 2443 4870 in
2475 4821 2684 4888 aperta
2704 4815 3000 4885 ﬂagitiosa
3025 4823 3484 4892 perpetrataque
3505 4818 3750 4876 luxuria
3772 4819 3916 4875 dete—

2263 4903 2366 4973 git,
2399 4905 2572 4977 quasi
2603 4921 2811 4960 eorum
2842 4905 3198 4964 indumenta
3223 4924 3419 4980 usque
3466 4908 3544 4964 ad
3584 4915 3762 4966 nates
3793 4907 3917 4964 abs-

2263 4993 2407 5058 cisa,
2435 4993 2671 5048 nudosa
2725 4993 3016 5063 dignitate
3045 4996 3334 5053 castitatis
3363 4997 3706 5071 derelinqui
3736 5015 3750 5053 :
3783 5000 3836 5054 et
3863 4995 3920 5050 iu

2263 5080 2450 5135 oculis
2473 5081 2788 5136 hominum
2837 5085 3034 5156 turpia
3063 5085 3240 5156 facta,
3296 5103 3429 5158 quae
3460 5086 3574 5160 ipsi
3606 5099 3918 5160 persuase-

2261 5171 2373 5232 rat,
2400 5167 2642 5224 revelat.
2677 5172 2746 5225 Et
2797 5171 2946 5228 dum
3006 5174 3322 5247 pristinam
3375 5191 3584 5232 eorum
3637 5172 3919 5233 fortitudi-

2260 5270 2398 5310 nem
2429 5255 2621 5327 eripit,
2654 5258 2812 5315 velut
2832 5259 3090 5319 barbam
3121 5266 3296 5322 radit.
3331 5266 3494 5332 Quos
3515 5269 3724 5322 tamen
3749 5278 3919 5320 verus

2261 5343 2470 5407 David,
2505 5345 2794 5402 Dominus
2821 5350 3040 5408 scilicet
3065 5359 3122 5409 et
3175 5354 3446 5410 Salvator
3489 5353 3770 5410 clementi
3802 5368 3918 5409 res-

2258 5437 2456 5503 pectu,
2486 5449 2594 5505 per
2616 5437 3046 5508 pmuitentiam,
3068 5441 3146 5497 al)
3167 5441 3540 5513 indulgentia
3562 5458 3689 5499 non
3721 5441 3920 5499 exclu—

2259 5518 2376 5573 dit:
2411 5536 2567 5592 quos
2597 5528 2655 5578 et
2688 5523 2748 5579 in
2794 5526 3050 5596 Jericho,
3082 5530 3197 5584 hoc
3247 5535 3335 5586 est
3365 5531 3479 5586 sub
3531 5532 3918 5586 anathemate

2257 5607 2619 5680 poenitentiae
2636 5617 2693 5670 et
2716 5615 3041 5688 opprobrio
3069 5617 3388 5678 meliorum
3418 5619 3681 5677 residere
3706 5619 3917 5691 jubet:
