4130 6182
233 201 319 257 δδι
1253 190 1504 245 ENABR.
1549 185 1611 240 IN
1657 177 1901 237 LIBROS
1940 179 2196 238 assum.
2240 186 2307 240 1N
2351 185 2483 240 LIB.
2529 188 2591 240 ιι.

3530 193 3635 245 362

233 325 400 379 donec
429 323 815 375 sacramenta
847 314 1171 388 spiritualia
1198 318 1253 368 et
1283 310 1690 368 fortitudinem
1708 318 1869 359 men-
1897 308 1945 358 A
1983 304 2284 363 nistratur.
2305 309 2493 374 Quem
2520 324 2661 364 vero
2681 307 2845 364 Urias
2862 308 2972 364 nisi
2995 309 3308 368 Judaicnm
3339 311 3636 385 populum

230 416 307 469 tis.
335 427 520 484 quam
549 406 866 480 peccando
894 404 1294 479 perdiderant,
1330 396 1752 457 satisfaciendo
1777 410 1867 449 re—

229 501 452 573 cipiant.
487 503 545 552 et
572 498 655 551 sic
682 496 931 550 demum
957 494 1016 548 in
1048 496 1374 564 conspectu
1414 492 1546 560 ejus
1578 491 1732 578 stare
1762 499 1869 578 va:

226 567 388 646 leant.
449 591 564 642 Nec
622 583 989 640 credendum
1047 589 1134 637 est
1191 581 1418 653 utique,
1462 574 1630 650 quod
1691 567 1874 627 David

229 684 419 734 noster
477 675 689 730 milites
735 689 874 727 suos
929 671 1147 726 inultos
1197 686 1325 726 esse
1375 667 1654 741 patiatur,
1685 657 1876 732 quiin

232 769 424 823 hostes
458 781 598 819 suos
642 761 896 818 exercitu
948 763 1310 830 congregato
1341 753 1626 830 procedit,
1657 767 1726 805 ac
1751 748 1876 802 vin-

234 857 385 911 dicat
413 869 657 909 suorum
690 851 968 920 injuriam
1005 867 1016 904 :
1053 865 1190 904 cum
1223 863 1342 902 non
1375 845 1568 901 solum
1600 842 1881 896 adversa-

234 945 347 999 rios
376 960 536 1005 suos,
572 957 729 995 nunc
757 955 863 1011 per
888 942 1232 993 sanctorum
1264 933 1574 990 victoriam
1624 927 1876 984 confun-

235 1033 332 1102 dit,
364 1033 467 1087 sed
507 1031 679 1085 etiam
715 1029 771 1082 in
798 1032 1062 1082 exticmo
1089 1024 1336 1096 judicio,
1361 1039 1465 1094 per
1487 1022 1719 1091 justam
1749 1032 1877 1070 sen-

235 1121 487 1185 tentiam,
521 1117 820 1190 perpetuis
851 1116 1090 1184 ignibus
1125 1112 1478 1169 cruciandos
1505 1108 1716 1166 tradet.

876 1258 1104 1315 CAPUT
1143 1261 1228 1314 XI.

306 1415 330 1438 ‹‹
367 1395 611 1447 Factum
645 1396 734 1444 est
765 1392 987 1455 autem,
1017 1389 1280 1442 vertente
1312 1397 1492 1448 anno,
1512 1397 1582 1436 eo
1613 1384 1880 1450 tempore

250 1501 273 1526 «ι
317 1496 430 1550 quo
459 1478 650 1534 solent
679 1492 850 1545 reges
880 1476 957 1530 ad
992 1474 1149 1530 bella
1179 1472 1523 1545 procedere,
1555 1468 1714 1524 misit
1769 1467 1879 1520 Da-

255 1585 281 1617 ‹
319 1567 406 1621 vid
447 1566 580 1621 Joab
632 1571 689 1620 et
757 1580 960 1619 servos
1007 1578 1146 1618 suos
1179 1577 1318 1616 cum
1357 1575 1448 1625 eo,
1476 1583 1504 1607 »
1536 1562 1645 1613 etc.
1677 1560 1737 1610 In
1769 1554 1878 1608 He-

1984 393 2323 463 signiticat?
2353 399 2524 469 cujus
2551 413 2772 453 nomen
2799 398 3249 470 interpretatum
3288 401 3502 457 dicitur
3528 403 3636 458 tua:

1982 498 2110 538 mea
2141 486 2429 542 Dominus
2463 506 2474 542 :
2517 487 2804 543 Judaieus
2834 491 3036 543 autem
3075 488 3358 561 populus,
3387 490 3533 562 quia
3561 490 3636 546 de

1981 579 2228 645 accepta
2249 573 2397 646 legis
2428 577 2671 632 scientia
2701 577 3015 642 extollitur,
3043 579 3217 649 quasi
3270 579 3346 634 de
3377 579 3476 635 Dei
3505 578 3638 635 luce

1983 661 2285 731 gloriatur.
2323 666 2434 722 Sed
2486 667 2623 722 huic
2659 667 2801 721 Urize
2861 667 3048 722 David
3099 684 3346 724 uxorem
3395 669 3640 726 abstulit

1985 751 2216 824 sibique
2239 755 2569 825 conjunxit,
2588 756 2732 828 quia
2753 756 3023 812 videlicet
3047 773 3232 813 manu
3260 758 3444 826 fortis,
3471 758 3638 831 quod

1985 841 2172 896 David
2197 842 2429 906 dicitur,
2462 845 2522 899 in
2553 861 2732 900 carne
2763 845 3119 917 Redemptor
3147 863 3468 920 apparens,
3490 846 3640 903 dum

1985 931 2060 988 de
2115 949 2178 988 se
2226 933 2565 1006 spiritaliter
2615 934 2779 1006 loqui
2822 934 3015 1004 legem
3064 935 3338 1004 innotuit,
3371 952 3476 1009 per
3524 937 3640 994 hoc

1985 1021 2151 1093 quod
2198 1022 2371 1093 juxta
2423 1023 2674 1078 litteram
2734 1023 3095 1087 tenebratur,
3142 1025 3298 1081 hanc
3338 1043 3374 1082 a
3404 1025 3640 1082 Judicio

1986 1111 2215 1183 populo
2262 1117 2608 1169 extraneam
2666 1112 3100 1169 demonstravit
3146 1114 3378 1186 sibique
3436 1116 3643 1187 conju-

1988 1215 2146 1269 gem,
2198 1202 2342 1273 quia
2404 1218 2642 1274 semper
2698 1201 2861 1258 illam
2927 1202 3241 1274 praedicari
3291 1203 3635 1261 declaravit.

1988 1289 2193 1345 Uriam
2225 1296 2423 1345 tamen
2464 1291 2541 1346 ad
2573 1291 2826 1347 domum
2855 1292 2938 1348 ire
2990 1292 3175 1348 David
3203 1295 3508 1362 admouet,
3540 1310 3640 1366 pe-

1988 1377 2216 1450 desque
2247 1379 2480 1435 lavare:
2509 1381 2654 1453 quia
2683 1381 3028 1437 incarnatus
3048 1382 3336 1438 Dominus
3366 1383 3635 1453 veniens,

1987 1467 2236 1523 Judaico
2275 1469 2502 1542 populo
2551 1470 2834 1542 praecepit
2881 1475 2944 1526 ut
2992 1471 3069 1527 ad
3100 1472 3527 1528 conscientiam
3556 1488 3644 1528 re-

1989 1555 2145 1624 deat,
2161 1561 2218 1612 et
2245 1558 2451 1613 sordes
2475 1575 2722 1632 operum
2751 1565 2938 1631 tergat
2961 1561 3197 1617 ﬂetibus
3219 1567 3283 1616 ut
3304 1561 3639 1635 spiritaliter

254 1654 401 1710 braeo
427 1656 502 1710 ita
530 1655 744 1725 legitur
776 1672 788 1708 :
823 1677 849 1702 ‹‹
882 1656 960 1708 Eo
987 1657 1250 1724 tempore
1277 1666 1399 1722 quo
1424 1664 1595 1718 reges
1616 1643 1694 1700 ad
1723 1642 1881 1699 bella
1915 1665 1952 1718 Β
1991 1646 2278 1702 mandata
2307 1647 2454 1718 legis
2487 1649 2773 1719 intelligat
2807 1669 2818 1705 :
2848 1656 2904 1706 et
2936 1656 3071 1723 post
3101 1656 3327 1707 tantam
3358 1652 3642 1708 duritiam

246 1750 658 1814 pranesserant,
691 1742 850 1798 misit
905 1739 1092 1797 David
1143 1738 1318 1801 Joab.
1354 1762 1380 1787 ››
1407 1743 1517 1793 etc.
1568 1735 1686 1790 Hos
1712 1748 1881 1801 reges

237 1830 361 1901 dici,
389 1833 494 1905 qui
545 1837 967 1906 processerunt
997 1835 1204 1886 contra
1237 1827 1423 1884 David
1474 1826 1537 1882 in
1583 1838 1877 1896 pugnam,

229 1919 443 1976 scilicet
468 1938 677 1991 regem
722 1919 948 1986 Rohob,
982 1925 1039 1974 et
1088 1917 1261 1988 Istob,
1291 1921 1351 1972 et
1397 1915 1576 1982 Soba,
1625 1918 1682 1969 et
1722 1913 1883 1966 Maa-

221 2009 356 2065 cha.
394 2011 509 2076 Qui
534 2010 740 2081 utique
796 2025 966 2077 reges
1001 2008 1180 2080 Syriae
1213 2007 1470 2070 fuerunt,
1505 2010 1562 2059 et
1611 2017 1879 2076 pugnare

217 2098 548 2155 voluerunt
579 2097 883 2163 (conducti
911 2096 1183 2152 mercede
1213 2112 1247 2150 a
1273 2110 1415 2164 rege
1445 2092 1632 2161 Moab)
1676 2093 1884 2145 contra

213 2185 442 2250 David,
477 2202 514 2240 a
541 2200 666 2256 quo
719 2183 1067 2254 triumphati
1113 2197 1242 2237 esse
1293 2181 1595 2248 leguntur.
1630 2200 1656 2227 «
1691 2180 1756 2231 Et
1809 2175 1887 2230 ait

209 2291 244 2327 ‹
287 2275 460 2328 Joab
510 2271 709 2328 Abisai
754 2273 920 2326 fratri
949 2288 1059 2326 suo
1091 2288 1104 2324 :
1131 2270 1190 2324 Si
1239 2266 1660 2341 praevaluerint
1688 2264 1888 2320 adver-

207 2384 240 2410 ‹‹
291 2378 448 2417 sum
474 2377 574 2416 me
606 2359 889 2432 Syri,eris
916 2359 1062 2414 mihi
1089 2359 1149 2414 in
1179 2357 1548 2429 adjutorium
1575 2373 1586 2410 :
1613 2355 1660 2410 si
1690 2359 1886 2410 autem

209 2470 237 2496 ››
283 2448 404 2503 ﬁlii
464 2455 726 2503 Ammon
781 2445 1203 2518 praevaluerint
1251 2446 1571 2501 adversum
1619 2449 1691 2508 te,
1723 2441 1884 2497 auxi-

204 2558 231 2585 α
276 2535 496 2591 liabor
539 2534 666 2590 tibi.
705 2558 734 2582 ››
765 2534 889 2589 Hoc
938 2540 1025 2588 est
1053 2533 1214 2606 quod
1259 2533 1322 2588 in
1368 2530 1688 2587 Proverbiis
1723 2528 1882 2585 Salo-

205 2640 359 2681 mon
415 2624 504 2679 ait
538 2641 551 2678 :
588 2645 619 2672 ‹‹
655 2625 855 2678 Frater
901 2623 1004 2694 qui
1051 2621 1370 2691 adjuvetur
1417 2635 1452 2676 a
1481 2619 1675 2686 fratre,
1707 2618 1882 2690 quasi

207 2714 428 2772 civitas
489 2712 750 2780 munita,
781 2716 840 2767 et
888 2710 1114 2782 judicia
1163 2711 1337 2784 quasi
1391 2714 1584 2766 vectes
1639 2707 1881 2764 urbium

209 2805 420 2871 (Prov.
456 2807 645 2866 xvui).
675 2824 703 2850 ››

285 2916 313 2940 «
356 2890 646 2958 Quadam
672 2889 768 2945 die
795 2888 1009 2944 accidit
1031 2893 1093 2944 ut
1123 2892 1388 2957 surgeret
1419 2887 1605 2942 David
1631 2887 1706 2942 de
1739 2892 1885 2942 stra-

217 3003 243 3029 α
285 2987 350 3036 tu
383 2996 500 3036 suo
528 2985 670 3051 post
693 2977 1023 3047 meridiem,
1046 2983 1102 3033 et
1129 2976 1549 3040 deambularet
1573 2977 1631 3031 in
1667 2976 1884 3031 solario

221 3091 249 3117 ιι
288 3069 510 3126 domus
535 3067 740 3137 regiae.
769 3066 1035 3139 Viditque
1061 3065 1375 3121 mulierem
1412 3082 1484 3120 ex
1535 3065 1793 3120 adverso
1823 3080 1885 3118 se

224 3179 252 3204 ει
292 3158 597 3214 lavantem
637 3171 820 3229 super
876 3155 1162 3211 solarium
1212 3171 1412 3210 suum.
1448 3178 1475 3202 υ
1506 3158 1695 3225 Atque
1753 3157 1890 3225 post

231 3262 430 3316 pauca
453 3246 874 3318 subiungitur:

320 3355 350 3381 ιι
390 3335 528 3389 Misit
551 3336 751 3407 itaque
785 3334 973 3390 David
998 3333 1262 3398 nuntios,
1293 3335 1351 3386 et
1373 3330 1504 3387 tulit
1552 3347 1706 3387 eam.
1750 3333 1890 3396 Qua:

254 3443 284 3469 «ι
329 3437 460 3476 cum
489 3425 744 3493 ingressa
777 3427 933 3478 esset
975 3421 1054 3477 ad
1083 3421 1272 3487 illum,
1301 3419 1583 3475 dormivit
1609 3435 1741 3475 cum
1762 3436 1888 3490 ea,»

250 3514 309 3564 et
332 3511 571 3585 reliqua.
597 3515 657 3568 In
687 3513 801 3568 hac
830 3511 1124 3567 sententia
1154 3525 1275 3566 non
1304 3526 1377 3564 ex
1406 3515 1610 3565 nostra
1665 3510 1892 3582 aliquid

237 3601 541 3672 ponimus,
576 3601 682 3657 sed
701 3606 1051 3657 sanctorum
1077 3599 1392 3655 doctorum
1423 3598 1580 3654 dicta
1636 3599 1890 3655 inserere

225 3690 504 3747 nitimur.
553 3692 899 3764 Plerumque
959 3706 1053 3745 res
1101 3687 1384 3761 quislibet
1433 3704 1539 3761 per
1584 3689 1891 3745 historiam

225 3779 435 3834 virtus
487 3785 599 3847 est,
628 3794 732 3850 per
778 3778 1272 3849 signiﬁcationem
1324 3777 1522 3849 culpa.
1581 3777 1738 3834 Sicut
1785 3777 1890 3834 ali-

222 3867 498 3941 quando
521 3883 619 3923 res
654 3873 812 3938 gesta
836 3869 899 3923 in
928 3867 1087 3922 facto
1113 3881 1300 3922 causa
1327 3866 1730 3921 damnationis
1780 3872 1890 3934 est,

217 3958 287 4014 in
343 3959 573 4031 scripto
603 3963 802 4015 autem
827 3957 1145 4030 prophetia
1172 3956 1422 4012 virtutis.
1475 3956 1644 4022 Quod
1690 3972 1894 4011 verum

217 4065 370 4106 esse
427 4049 603 4105 citius
651 4047 1046 4118 ostendimus,
1079 4047 1127 4102 si
1176 4045 1339 4102 istud
1370 4061 1553 4101 sacrae
1584 4048 1895 4118 Scriptura:

217 4140 648 4196 testimonium
708 4138 786 4193 ad
845 4143 1096 4210 utraque
1146 4135 1462 4208 probanda
1497 4137 1894 4208 proferamus.

221 4232 374 4297 Quis
419 4245 695 4301 namque
751 4227 1021 4290 audiens,
1052 4242 1176 4282 non
1229 4225 1427 4281 solum
1469 4226 1757 4292 fidelium,
1792 4223 1898 4280 sed

218 4322 513 4394 ipsorum
556 4334 806 4392 quoque
847 4317 1198 4385 inﬁdelium,
1228 4331 1350 4371 non
1403 4315 1600 4371 statim
1652 4315 1892 4370 damna-

1991 1740 2447 1808 prteceptorum.
2495 1739 2717 1795 fontem
2774 1740 3151 1813 baptismatis
3203 1741 3530 1808 inveniens,
3564 1741 3644 1799 ad

1991 1841 2216 1897 aquam
2247 1833 2382 1898 post
2428 1827 2696 1884 laborem
2741 1835 3023 1886 recurrat.
3052 1831 3164 1886 Sed
3219 1833 3382 1888 Urias
3437 1847 3642 1889 arcam

1993 1914 2225 1970 Domini
2276 1931 2407 1972 esse
2447 1917 2560 1971 sub
2611 1918 2864 1990 pellibus
2898 1919 3186 1982 meminit,
3217 1921 3643 1994 responditque

1989 2001 2157 2072 quod
2187 2002 2438 2058 domum
2470 2021 2645 2061 suam
2676 2005 2893 2061 intrare
2920 2022 3042 2062 non
3080 2013 3316 2078 posset;
3348 2023 3418 2063 ac
3450 2007 3498 2062 si
3543 2007 3645 2063 Ju-

1991 2087 2202 2144 daicus
2230 2090 2490 2162 populus
2520 2091 2714 2148 dicat:
2742 2095 2862 2163 Ego
2886 2094 3176 2150 mandata
3209 2094 3305 2149 Dei
3336 2094 3396 2150 in
3423 2095 3646 2150 sacriﬁ-

1992 2177 2096 2232 ciis
2121 2178 2464 2234 carnalibus
2493 2180 2732 2247 videbo,
2766 2185 2821 2235 et
2867 2181 3057 2236 redire
3088 2181 3165 2238 ad
3191 2182 3638 2238 conscientiam.

1993 2281 2100 2338 per
2149 2267 2473 2340 spiritalem
2522 2269 2972 2338 intelligentiam
3019 2287 3140 2326 non
3170 2271 3430 2343 requiro.
3460 2273 3643 2338 Quasi

1992 2355 2153 2411 enim
2182 2372 2385 2413 arcam
2417 2374 2546 2413 esse
2577 2360 2689 2414 sub
2718 2359 2973 2432 pellibus
2994 2360 3153 2424 dicit,
3186 2361 3290 2433 qui
3343 2367 3644 2435 praecepta

1994 2445 2094 2500 Dei
2124 2460 2245 2502 non
2273 2446 2385 2501 nisi
2409 2446 2486 2502 ad
2518 2448 2925 2505 exhibendum
2958 2449 3350 2507 ministerium
3369 2450 3644 2507 sacriﬁcii

1992 2534 2249 2591 carnalis
2303 2536 2588 2606 intelligit.
2645 2538 2812 2593 Hunc
2867 2544 3064 2595 tamen
3117 2540 3296 2598 etiam
3344 2539 3535 2598 redire
3565 2539 3646 2598 ad

1992 2623 2244 2680 domum
2277 2625 2599 2694 nolentem,
2636 2628 2817 2684 David
2848 2628 2928 2685 ad
2947 2645 3222 2686 mensam
3255 2630 3644 2704 vocatzquia,

1991 2714 2274 2785 quamvis
2303 2715 2587 2772 Judaicus
2618 2718 2880 2790 populus
2909 2718 2984 2774 ad
3006 2719 3437 2776 conscientiam
3453 2719 3644 2776 redire

1993 2807 2356 2875 contemnat,
2389 2805 2440 2860 ei
2466 2810 2665 2862 tamen
2697 2807 3056 2880 Redemptor
3082 2809 3328 2865 veniens
3357 2808 3647 2866 mandata

1994 2893 2275 2964 spiritalia
2329 2895 2614 2966 praedicat
2663 2895 2869 2952 dicens
2902 2914 2914 2950 :
2947 2921 2971 2946 α
3005 2897 3060 2954 Si
3090 2898 3405 2954 crederetis
3436 2898 3642 2970 Moysi,

1924 3026 1964 3078 Ο
1993 2982 2307 3039 crederetis
2339 2985 2583 3040 forsitan
2615 2991 2669 3040 et
2701 2986 2845 3041 mihi
2865 2987 2940 3042 de
2968 3003 3062 3041 me
3102 2988 3264 3042 enim
3287 2987 3380 3042 ille
3412 2987 3648 3059 scripsit

1994 3072 2193 3143 (Joan.
2224 3075 2300 3145 v).
2336 3096 2364 3123 ιο
2398 3075 2611 3142 Legem
2634 3074 2834 3146 itaque
2859 3075 3144 3130 Judaicus
3174 3075 3437 3148 populus
3466 3080 3642 3141 tenet,

1994 3177 2131 3234 quae
2157 3161 2524 3218 divinitatem
2554 3161 2834 3234 loquitur,
2860 3163 2954 3218 cui
2975 3163 3134 3218 idem
3166 3163 3427 3236 populus
3442 3163 3646 3219 crede-

1993 3267 2057 3306 re
2089 3251 2467 3323 dedignatur.
2503 3252 2669 3308 Unde
2701 3258 2757 3308 et
2787 3253 2952 3308 Urias
2983 3257 3039 3307 et
3069 3253 3223 3309 Joab
3255 3269 3390 3308 cum
3423 3252 3647 3326 episto-

1995 3340 2090 3410 lis,
2122 3357 2195 3398 ex
2235 3341 2458 3414 quibus
2483 3342 2674 3397 occidi
2722 3341 2960 3411 debeat,
2989 3342 3235 3398 mittitur
3267 3360 3279 3397 :
3313 3342 3457 3416 quia
3485 3343 3649 3400 idem

1995 3431 2126 3504 ipse
2154 3432 2438 3487 Judaicus
2477 3432 2739 3505 populus
2763 3432 2956 3502 legem
2998 3437 3215 3505 portat,
3242 3449 3363 3506 qua
3410 3433 3650 3490 convin-

1999 3525 2167 3576 cente
2196 3522 2502 3578 morietur.
2541 3525 2691 3576 Dum
2721 3522 2880 3577 enim
2903 3522 3191 3579 mandata
3216 3523 3362 3593 legis
3391 3523 3652 3581 retinens

1997 3609 2244 3682 implere
2294 3612 2583 3668 renititur.
2635 3611 2762 3683 ipse
2815 3611 3098 3667 nimirum
3147 3614 3324 3668 refert
3355 3613 3652 3684 judicium

2000 3699 2158 3755 unde
2190 3700 2598 3756 damnabitur.
2625 3700 2778 3766 Quid
2809 3716 2950 3769 ergo
2980 3716 3087 3773 per
3103 3701 3327 3757 factum
3356 3701 3514 3758 istud
3545 3705 3653 3759 Da-

1999 3789 2100 3844 vid
2123 3789 2427 3844 scelestius
2444 3790 2470 3844 ?
2493 3789 2643 3853 Quid
2669 3791 2801 3845 Uria
2823 3789 3110 3844 mundius
3132 3789 3249 3844 dici
3276 3791 3517 3861 potest?
3539 3790 3655 3845 Sed

2001 3895 2206 3933 rursus
2233 3894 2340 3950 per
2371 3879 2744 3950 mysterium,
2776 3878 2922 3950 quid
2963 3878 3147 3933 David
3194 3879 3476 3948 sanctius,
3508 3877 3655 3950 quid

2002 3967 2138 4022 Uria
2166 3965 2467 4021 intidelius
2498 3966 2796 4022 invenitur
2817 3967 2844 4020 ?
2875 3965 3122 4039 quando
3154 3971 3210 4022 et
3239 3967 3334 4022 ille
3374 3983 3481 4039 per
3523 3966 3656 4022 vitae

2003 4056 2242 4128 culpam
2272 4055 2598 4128 prophetiae
2630 4055 2824 4126 signat
2852 4055 3259 4112 innocentiam
3293 4075 3306 4112 :
3336 4063 3391 4113 et
3413 4057 3522 4114 iste
3553 4072 3660 4130 per

2003 4146 2138 4201 vitaa
2186 4146 2612 4213 innocentiam,
2641 4145 2702 4200 in
2730 4146 3048 4219 prophetia
3089 4147 3367 4220 exprimit
3395 4147 3658 4221 culpam.

2009 4235 2207 4289 Virtus
2238 4251 2504 4307 namque
2532 4235 2684 4290 sacri
2713 4234 2933 4308 eloquii
2988 4235 3070 4291 sic
3104 4241 3405 4292 transacta
3435 4241 3661 4306 narrat,

2010 4327 2074 4378 ut
2116 4329 2367 4379 ventura
2421 4324 2754 4396 exprimat;
2789 4325 2870 4380 sic
2921 4325 3206 4382 factorem
3255 4325 3573 4398 approbat,
3602 4329 3667 4380 ut

219 4411 330 4484 bit,
365 4410 548 4485 quod
575 4408 763 4466 David
789 4408 850 4464 in
875 4407 1093 4464 salario
1123 4405 1549 4473 deambulanS,
1575 4405 1899 4461 Bethsabee
1929 4405 1969 4430 υ
2009 4411 2060 4466 ei
2087 4413 2375 4484 mysterio
2407 4414 2797 4481 contradicat,
2832 4414 2914 4469 sic
2964 4420 3132 4484 gesta
3160 4414 3431 4477 damnat,
3452 4419 3515 4468 ut
3539 4414 3668 4468 haec

220 4503 379 4558 Uria:
413 4498 828 4571 conscupiscit
857 4513 1105 4554 uxorem
1126 4498 1153 4552 ‘?
1183 4496 1354 4562 Quod
1386 4501 1589 4552 tamen
1634 4512 1671 4552 a
1696 4495 1900 4568 preelio

219 4595 661 4656 revertentem,
694 4587 777 4642 ire
828 4586 906 4642 ad
955 4586 1209 4641 domum
1267 4585 1570 4648 admonet,
1602 4601 1671 4640 ac
1719 4584 1904 4656 pedes

215 4679 461 4736 lavare.
510 4677 624 4744 Qui
655 4676 926 4750 protinus
969 4673 1279 4748 respondit
1318 4673 1523 4729 dicens
1554 4691 1567 4729 :
1601 4679 1752 4730 Area
1799 4677 1907 4730 Do-

217 4770 382 4825 mini
434 4768 558 4824 sub
612 4766 869 4838 pellibus
906 4769 1016 4833 cst,
1048 4769 1104 4821 et
1151 4780 1262 4834 ego
1311 4764 1374 4820 in
1422 4763 1605 4820 domo
1653 4780 1794 4820 mea
1821 4781 1906 4820 re-

211 4859 604 4933 quiescam?
634 4857 823 4919 Quem
851 4855 1037 4912 David
1061 4854 1141 4911 ad
1167 4869 1440 4910 mensam
1472 4855 1781 4928 propriam
1812 4872 1910 4910 su-

217 4949 444 5021 scipit,
469 4949 643 5019 eique
671 4944 977 5019 epistolas,
1006 4960 1111 5017 per
1138 4960 1293 5017 quas
1322 4944 1476 4999 mori
1524 4944 1758 5007 debeat,
1789 4950 1908 5000 tra-

215 5036 354 5092 dit.
395 5036 574 5104 Cujus
617 5041 819 5092 autem
878 5033 1066 5090 David
1121 5033 1183 5089 in
1231 5031 1452 5088 solario
1508 5032 1910 5089 deambulans

225 5131 301 5196 ty
312 5139 478 5196 pum
497 5128 660 5191 tenet,
677 5123 792 5180 nisi
811 5124 940 5195 ejus
961 5123 1034 5178 de
1054 5139 1177 5196 quo
1195 5123 1481 5195 scriptum
1499 5127 1588 5178 est
1612 5140 1623 5177 :
1649 5145 1676 5170 «ι
1706 5127 1766 5177 ln
1789 5123 1910 5178 sole

223 5213 460 5288 posuit
482 5212 958 5270 tarbernaculum
985 5213 1201 5268 suum?
1220 5233 1247 5260 ››
1266 5211 1453 5283 (Psal.
1477 5213 1658 5283 xvm.)
1681 5216 1743 5268 Et
1765 5212 1914 5284 quid

215 5309 326 5362 est
365 5303 706 5359 Bethsabee
738 5302 820 5358 ad
850 5317 912 5357 se
937 5301 1285 5374 perducere,
1313 5300 1433 5357 nisi
1458 5300 1655 5372 legem
1681 5301 1908 5369 litterae,

2010 4501 2262 4574 mystice
2314 4502 2578 4572 gerendo
2625 4502 3004 4574 persuadeat.
3038 4502 3238 4568 Aliter,
3271 4500 3458 4554 David
3492 4499 3668 4552 inter-

2011 4594 2276 4662 pretatur
2299 4607 2484 4646 manu
2498 4590 2712 4660 vforlis,
2747 4590 2869 4643 sive
2919 4587 3351 4643 desiderabilis.
3378 4585 3442 4638 In
3471 4585 3670 4652 ﬁgura

2014 4678 2222 4734 Christi
2252 4683 2387 4750 post
2429 4677 2737 4733 meridiem
2772 4677 2832 4731 in
2881 4675 3099 4730 solario
3134 4671 3553 4739 deambulans,
3589 4672 3672 4726 vi-

2013 4767 2100 4822 dit
2147 4766 2459 4821 mulierem
2512 4782 2573 4821 se
2621 4765 2946 4829 lavantem,
2971 4768 3146 4836 atque
3187 4761 3550 4835 concupivit.
3584 4762 3676 4820 Sic

2016 4856 2302 4913 nimirum
2335 4855 2643 4924 Dominus,
2675 4853 3011 4910 declinante
3063 4854 3192 4925 jam
3234 4853 3486 4922 mundo,
3512 4854 3678 4912 velut

2017 4946 2078 5001 in
2136 4942 2352 4998 solario
2405 4941 2828 5010 deambulans,
2881 4957 3098 5014 corpus
3151 4943 3316 5016 quod
3364 4959 3676 5001 assumere

2019 5034 2301 5105 dignatus
2355 5035 2463 5098 est,
2490 5029 2552 5086 in
2605 5029 2727 5086 sole
2781 5030 3001 5104 posuit,
3051 5031 3195 5104 quia
3244 5032 3471 5088 cunctis
3517 5038 3680 5105 pate-

2021 5123 2172 5179 fecit.
2203 5121 2355 5177 Vidit
2383 5119 2718 5189 mulierem,
2751 5120 2865 5176 hoc
2924 5125 3012 5176 est
3067 5120 3394 5177 Ecclesiam
3438 5138 3512 5178 ex
3542 5137 3683 5191 gen-

2023 5212 2202 5280 tibus,
2232 5226 2413 5283 super
2468 5213 2709 5277 tectum,
2744 5209 2801 5264 in
2858 5208 3165 5265 altitudine
3224 5209 3496 5266 videlicet
3548 5227 3686 5267 con-

2025 5299 2448 5374 templationis,
2481 5315 2587 5372 per
2631 5298 2946 5355 lavacrum
2988 5289 3455 5368 regenerationis
3485 5315 3522 5355 a
3557 5317 3687 5356 sor-

205 5391 472 5450 camali
501 5391 734 5464 populo
765 5390 897 5460 conj
910 5394 1170 5458 unctam,
1201 5387 1448 5461 spiritali
1473 5389 1585 5445 sibi
1614 5388 1913 5444 intellectu

207 5483 478 5539 sociare
500 5483 528 5535 '2
579 5479 913 5536 Bethsabee
961 5478 1121 5534 enim
1172 5481 1389 5551 puteus
1434 5479 1724 5552 septimus
1770 5478 1914 5534 dici-
2029 5480 2131 5536 tali
2153 5478 2658 5552 contemplatione
2689 5479 3210 5536 transcendentem
3242 5485 3421 5552 atque
3451 5477 3690 5534 calcan-

203 5578 339 5641 tur,
380 5571 536 5644 quia
565 5569 857 5626 nimirum
914 5583 1020 5640 per
1065 5566 1468 5637 cognitionem
1517 5567 1664 5637 legis
1693 5564 1912 5624 ihfusio
2032 5574 2152 5624 tem
2201 5568 2499 5645 respexit:
2534 5572 2715 5641 atque
2767 5567 3073 5623 interfecto
3099 5567 3362 5634 diabolo,
3396 5581 3529 5621 eam
3581 5578 3689 5635 per

197 5662 525 5739 spiritalis
556 5659 789 5732 gratiae,
825 5657 1199 5731 perfectaque
1250 5657 1427 5715 nobis
1471 5657 1760 5731 sapientia
1807 5660 1912 5715 mi-
2040 5657 2222 5724 tidem
2246 5655 2948 5728 indissolubiliconjugio
2975 5656 3089 5711 sibi
3112 5654 3434 5727 copulavit.
3459 5653 3695 5706 Bethsa-

644 5767 889 5822 PATROL.
932 5763 1086 5821 CXV.
3229 5761 3293 5812 12

2027 5391 2207 5446 dibus
2236 5389 2438 5446 saeculi
2470 5406 2531 5445 se
2548 5388 3240 5457 mundaniem,domum
3261 5389 3483 5446 luteam
3515 5389 3688 5461 spiri-
