4136 6176
518 176 623 234 3⁸8

1615 181 1975 239 ANGELOMI
2010 176 2470 237 LUXOVIENSIS
2515 180 2831 237 MONACHI

3835 187 3941 247 3“

516 298 629 358 beo
657 302 883 375 quippe
910 301 1330 373 interpretatur
1350 308 1568 372 puteus
1593 306 1895 374 septimus,
1931 321 2038 361 seu
2061 319 2144 375 pu
2198 309 2246 361 A
2286 325 2313 351 «
2358 303 2630 376 Dixitque
2678 304 2915 360 Nathan
2959 302 3039 359 ad
3065 301 3253 359 David
3286 319 3300 359 :
3354 304 3643 363 Dominus
3698 320 3942 378 quoque

517 395 645 447 teus
672 392 984 461 satietatis,
1018 395 1291 448 sanctam
1321 391 1596 448 videlicet
1624 392 2020 466 praﬁgurans
2071 396 2171 449 Ec-

514 478 758 536 clesiam
790 495 805 534 :
837 480 899 536 in
943 495 1066 553 qua
1122 484 1214 535 est
1259 481 1621 553 septiformis
1673 483 1865 553 gratia
1924 483 2169 556 Spiritus

513 568 722 637 sancti,
751 569 923 641 cujus
978 568 1142 625 dono
1172 584 1383 625 omnes
1442 570 1611 627 electi
1662 574 1971 629 satiantur.
2004 572 2169 629 Urias

510 672 653 716 vero
682 660 793 716 tum
843 674 972 716 mea
1020 659 1310 715 Dominus
1340 659 1573 717 dicitur.
1610 663 1880 718 Hethaus
1907 663 2167 719 abscisus

507 746 947 821 interpretatur,
987 763 1313 820 personam
1339 748 1401 804 in
1432 766 1494 806 se
1525 752 1866 824 exprimens
1893 752 2116 809 diaboli
2150 768 2163 807 :

508 834 615 908 qui
644 850 784 891 cum
811 835 889 892 sit
914 836 1286 905 tenebrosus,
1320 842 1377 894 et
1405 839 1479 894 de
1510 843 1665 896 terra
1707 841 2027 897 viventium
2057 841 2164 897 ab-

506 923 718 997 scisus,
750 926 1028 983 transfert
1053 943 1116 983 se
1176 928 1237 983 in
1286 929 1567 998 angelum
1624 931 1793 1003 lucis,
1821 938 1876 987 et
1900 932 2071 1001 ﬁngit
2099 949 2163 986 se

504 1028 633 1070 esse
657 1015 826 1087 quod
851 1031 975 1072 non
1000 1021 1112 1082 est,
1135 1016 1366 1073 audens
1390 1018 1465 1073 de
1493 1023 1611 1075 Deo
1637 1021 1852 1088 dicere,
1879 1022 1983 1077 lux
2004 1037 2158 1087 mea,

502 1102 606 1160 Dei
634 1108 740 1161 est.
775 1105 1089 1163 Oderimus
1115 1122 1257 1176 ergo
1283 1114 1617 1179 peccatum,
1648 1111 1753 1166 sed
1783 1111 2161 1184 prophetiam

499 1208 624 1250 non
649 1194 1122 1265 exstinguamus.
1155 1201 1441 1255 Amemus
1468 1200 1615 1256 illud
1648 1201 1832 1258 David
1863 1207 2160 1275 quantum

498 1284 800 1342 amandus
832 1290 940 1357 est,
993 1288 1097 1360 qui
1136 1302 1248 1343 nos
1301 1304 1337 1344 a
1392 1290 1634 1347 diabolo
1679 1308 1785 1364 per
1829 1293 2160 1348 misericor-

498 1371 664 1429 diam
692 1372 984 1432 liberavit.
1012 1381 1298 1434 Amemus
1329 1384 1385 1435 et
1414 1380 1594 1436 istum
1624 1383 2012 1454 pauitantem
2046 1385 2156 1439 Da-

494 1461 618 1533 vid,
648 1462 753 1537 qui
785 1468 908 1521 tam
940 1479 1117 1535 grave
1149 1466 1210 1523 in
1242 1484 1305 1523 se
1350 1469 1567 1525 vulnus
1611 1470 1938 1544 iniquitatis
1970 1471 2156 1544 pani-

492 1552 691 1609 tentia
742 1557 799 1610 et
845 1553 1197 1613 humilitatis
1228 1558 1601 1615 confessione
1634 1562 1886 1617 sanavit.
1920 1562 2009 1617 Ad
2039 1563 2153 1617 hoc

2285 414 2313 441 «
2355 392 2652 448 transtulit
2671 398 2988 465 peccatum
3012 398 3202 460 tuum;
3227 407 3350 448 non
3376 392 3665 450 morieris.
3698 394 3944 452 Verum-

2283 466 2554 537 «‘tamen
2610 482 2903 554 quoniam
2938 482 3383 554 \blasphemare
3435 481 3620 537 fecisti
3665 482 3940 541 inimicos

2280 592 2308 621 α
2349 586 2573 626 nomen
2624 571 2859 627 Domini
2910 577 3154 645 propter
3195 571 3451 627 verbum
3476 571 3616 643 hoc,
3648 572 3806 628 ﬁlius
3837 574 3940 646 qui

2280 683 2307 711 «
2348 665 2526 718 natus
2556 665 2645 717 est
2675 661 2779 717 tibi
2810 666 2999 717 morte
3030 661 3334 717 morietur.
3366 683 3395 712 ››
3429 662 3529 717 llic
3561 662 3939 721 considerare

2275 764 2602 822 possumus
2633 755 2929 822 quantum
2986 750 3145 806 valet
3196 750 3364 823 apud
3395 752 3587 806 Deum
3610 751 3856 808 humilis
3882 758 3940 813 et

2273 855 2417 895 vera
2431 839 2798 912 paenitentia,
2820 841 2867 896 si
2890 857 2962 896 ex
2985 841 3164 896 corde
3192 840 3383 896 fuerit.
3408 844 3559 897 Nam
3580 841 3770 899 David
3790 841 3939 899 nihil

2273 927 2435 983 aliud
2466 929 2631 997 dixit,
2661 935 2987 1001 postquam
3014 935 3329 1000 peccatum
3384 946 3564 986 suum
3592 932 3935 1003 increpatus

2271 1032 2308 1072 a
2334 1018 2628 1089 propheta
2671 1020 2967 1088 cognovit,
2999 1019 3115 1074 nisi
3142 1035 3262 1074 uno
3292 1018 3474 1075 verbo
3501 1019 3819 1076 confessus
3847 1025 3938 1078 est

2270 1106 2478 1161 dicens
2505 1124 2517 1161 :
2545 1130 2571 1157 «
2598 1108 2841 1163 Peccavi
2876 1108 3149 1175 Domino,
3173 1131 3201 1158 ››
3224 1114 3281 1164 et
3307 1108 3509 1164 statim
3529 1108 3771 1166 veniam
3789 1126 3936 1167 con-

2269 1199 2510 1251 secutus
2538 1200 2644 1266 est,
2664 1201 2807 1252 teste
2832 1197 3127 1269 propheta
3158 1197 3262 1270 qui
3290 1197 3372 1253 ait
3396 1216 3408 1253 :
3431 1220 3456 1245 ‹‹
3478 1198 3767 1254 Dominus
3787 1213 3939 1271 quo.

2269 1304 2297 1331 ‹‹
2331 1299 2449 1356 que
2478 1284 2776 1340 transtulit
2804 1290 3118 1356 peccatum
3164 1291 3356 1355 tuum,
3403 1302 3524 1341 non
3573 1287 3867 1343 morieris.
3903 1311 3931 1339 »

2268 1372 2392 1428 Hoc
2419 1377 2511 1429 est
2540 1374 2706 1446 quod
2765 1375 3055 1446 scriptum
3085 1379 3173 1430 est
3204 1392 3216 1430 :
3251 1394 3282 1429 ‹
3312 1376 3369 1432 Si
3401 1375 3715 1433 confessus
3762 1377 3930 1448 inge-

2265 1462 2511 1532 mueris,
2542 1462 2742 1518 salvus
2774 1464 2909 1519 eris.
2938 1486 2968 1513 »
2996 1467 3062 1519 Et
3084 1464 3266 1519 illud:
3290 1483 3321 1516 (
3346 1464 3489 1520 ΝοΙο
3517 1472 3774 1523 mortem
3793 1484 3932 1539 pec-

2264 1552 2503 1622 catoris,
2536 1553 2640 1608 sed
2670 1553 2871 1625 potius
2901 1558 2967 1610 ut
2995 1558 3374 1610 convertatur
3398 1559 3455 1610 et
3483 1555 3643 1611 vivat
3691 1557 3927 1627 (Ezech-

492 1656 636 1713 θιοεο
665 1640 727 1699 in
756 1643 1059 1718 Scriptum
1090 1662 1262 1704 sacra
1288 1647 1555 1705 virorum
1584 1650 1810 1720 talium,
1841 1651 1902 1706 id
1927 1655 2013 1707 est
2043 1654 2151 1708 na-
2183 1663 2226 1718 Β
2262 1642 2449 1712 xvni).
2492 1662 2510 1693 ι
2548 1642 2691 1697 Hinc
2736 1643 2951 1698 iterum
2998 1643 3284 1715 scriptum
3316 1648 3407 1700 est
3437 1660 3450 1699 :
3483 1666 3509 1695 α
3544 1647 3842 1714 Peccator,
3867 1646 3928 1703 in

489 1729 595 1787 vid
618 1736 675 1789 et
701 1731 878 1802 Petri,
909 1741 1157 1808 peccata
1203 1743 1344 1795 sunt
1391 1738 1670 1808 indicata,
1701 1745 1765 1795 ut
1797 1741 2029 1797 cautela
2082 1742 2126 1797 si

2264 1746 2629 1803 quacunque
2683 1730 2779 1785 die
2824 1747 3150 1787 conversus
3194 1732 3389 1800 fuerit,
3414 1733 3622 1791 omnia
3678 1741 3929 1806 peccata

487 1817 815 1888 minorum,
844 1823 1020 1881 ruina
1049 1826 1371 1897 majorum.
1405 1828 1493 1883 Ad
1523 1829 1637 1884 hoc
1665 1845 1808 1885 vero
1850 1835 2149 1887 utrorum-

2263 1820 2394 1891 ejus
2425 1820 2485 1875 in
2509 1820 2807 1876 oblivione
2836 1826 3011 1877 erunt
3040 1838 3245 1878 coram
3277 1838 3374 1878 me
3399 1824 3637 1894 (Ezech.
3662 1827 3927 1897 xum)»

485 1924 606 1983 qua
650 1910 773 1969 imo
820 1917 877 1969 et
927 1916 1279 1986 pmnitentia
1323 1916 1681 1988 insinuatur,
1733 1924 1787 1975 et
1838 1920 2034 1991 venia,
2089 1926 2152 1976 ut
2263 1910 2354 1966 Sic
2415 1910 2702 1967 nimirum
2757 1914 2958 1967 Petrus
3002 1917 3307 1985 respectus
3336 1913 3655 1970 aDomino
3676 1913 3844 1972 ﬂevit
3867 1920 3927 1972 et

486 2013 625 2071 spes
675 2002 1058 2074 pereuntium
1109 2004 1183 2061 sit
1235 2006 1608 2077 recuperatio
1642 2007 2033 2079 perditorum.
2069 2012 2148 2065 De

485 2090 643 2144 statu
687 2104 801 2146 suo
851 2092 1042 2148 David
1089 2092 1363 2162 cadente,
1418 2110 1599 2151 nemo
1657 2096 1964 2169 superbiat
2009 2114 2024 2153 :
2073 2098 2147 2154 de

482 2173 662 2250 lapsu
690 2177 873 2236 etiam
904 2194 1016 2236 suo
1061 2181 1251 2237 David
1295 2189 1593 2253 surgente,
1619 2201 1799 2241 nemo
1851 2186 2141 2260 desperet.

482 2265 601 2323 Sed
627 2266 882 2326 fortasse
911 2270 1046 2343 quis
1067 2270 1249 2343 dicat,
1278 2272 1327 2327 si
1357 2273 1544 2329 David
1572 2274 1901 2345 imaginem
1934 2276 2142 2334 Christi

478 2356 748 2429 gerebat,
781 2360 1090 2432 quomodo
1141 2362 1363 2419 multas
1396 2380 1613 2418 uxores
1667 2370 1721 2420 ct
1770 2366 2141 2423 concubinas

474 2442 761 2503 habuisse
812 2448 1109 2519 scribitur,
1142 2466 1281 2506 cum
1330 2452 1441 2507 has
1486 2469 1579 2508 res
1627 2454 1894 2509 Christus
1925 2455 2139 2511 exhor-

473 2537 669 2590 rescat
708 2538 765 2590 et
811 2535 1109 2594 damnet?
1149 2541 1267 2595 Hoc
1300 2541 1458 2597 enim
1488 2559 1596 2615 per
1645 2542 1902 2613 ﬁguram
1933 2544 2133 2601 ﬁebat.

472 2620 669 2679 Multas
714 2624 877 2681 enim
932 2641 1148 2683 uxores
1192 2628 1381 2684 David
1431 2631 1757 2687 multarum
1784 2633 2050 2703 gentium
2082 2639 2137 2691 et

470 2710 787 2771 nationum
829 2714 1160 2787 imaginem
1206 2717 1556 2777 indicabant
1589 2739 1601 2776 :
1636 2738 1771 2794 qua
1815 2738 1922 2795 per
1953 2723 2134 2780 fidem

472 2800 688 2859 Christi
733 2805 1035 2862 consortio
1086 2806 1498 2879 jungerentur.
1551 2811 1917 2868 Cuncubina
1993 2829 2133 2870 vero

470 2891 601 2964 ejus
659 2891 999 2966 signiﬁth
1045 2895 1463 2955 haereticorum
1511 2901 1810 2963 ecclesias,
1840 2918 1975 2975 qua
2018 2903 2130 2959 sub

2257 2005 2575 2073 peccatum
2624 2002 2963 2072 negationis
3005 2001 3206 2059 ﬂendo
3248 2002 3486 2060 delevit.
3521 2004 3614 2060 Sic
3661 2004 3814 2063 latro
3857 2006 3921 2062 in

2257 2096 2586 2160 momento,
2620 2090 2680 2146 in
2727 2093 3093 2148 extremitate
3122 2092 3253 2149 vita
3302 2092 3662 2150 conﬁdendo
3701 2097 3917 2163 Deum,

2256 2182 2312 2234 et
2358 2185 2675 2252 peccatum
2722 2197 2898 2236 suum
2945 2182 3388 2253 cognoscendo,
3431 2182 3677 2238 dicens:
3711 2206 3740 2233 α
3788 2186 3921 2240 Nos

2253 2267 2439 2337 digna
2478 2268 2647 2325 factis
2706 2270 3027 2341 recipimus
3077 2273 3273 2341 (Joan.
3307 2274 3452 2343 xui),
3497 2290 3528 2325 ›
3558 2272 3919 2343 paradisum

2251 2359 2602 2430 promeruit.
2635 2360 2747 2415 Sed
2778 2360 2922 2432 quia
2949 2360 3222 2430 exigente
3251 2377 3435 2417 causa
3465 2361 3654 2418 David
3684 2362 3762 2418 ad
3782 2379 3914 2419 me-

2249 2445 2419 2502 dium
2452 2448 2712 2504 deducto
2764 2449 2823 2504 in
2869 2450 3076 2505 ordine
3128 2451 3409 2522 historia,
3439 2452 3585 2507 tanti
3632 2451 3909 2508 facinoris

2246 2537 2605 2593 memoriam
2651 2538 2924 2607 fecimus,
2955 2538 3188 2595 lectoris
3226 2540 3477 2595 fortasse
3521 2540 3761 2597 animus
3784 2558 3908 2597 mo-

2244 2629 2417 2681 vetur
2448 2642 2592 2682 :cur
2642 2627 3025 2699 omnipotens
3077 2631 3230 2683 Deus
3288 2644 3390 2684 eos
3419 2645 3575 2702 quos
3605 2631 3666 2685 in
3702 2646 3913 2703 perpe-

2243 2716 2415 2768 tuum
2437 2714 2630 2785 elegit,
2662 2731 2816 2787 quos
2838 2716 2915 2771 ad
2943 2718 3246 2772 bonorum
3277 2733 3522 2789 quoque
3552 2719 3913 2792 spiritalium

2243 2801 2482 2858 culmen
2508 2803 2781 2867 assumit,
2815 2803 3033 2859 illasos
3058 2821 3094 2860 a
3124 2805 3540 2877 corporalibus
3573 2808 3729 2863 vitiis
3779 2823 3911 2864 non

2241 2894 2541 2949 custodit?
2575 2892 2738 2949 Unde
2759 2892 2901 2965 quia
2934 2894 3207 2949 satisfieri
3230 2895 3401 2950 citius
3424 2896 3748 2965 credimus,
3771 2897 3913 2953 bre-

469 2981 682 3040 Christi
727 2984 991 3041 nominis
1018 2984 1188 3043 titulo
1244 2989 1489 3045 manere
1524 3007 1586 3045 se
1618 2991 1986 3060 gloriantur:
2021 2992 2127 3048 sed
2157 3022 2199 3078 ο
2239 2981 2385 3081 riter
2438 2982 2876 3081 ruqundemus
2905 2983 3227 3081 {Nonnulli
3277 2984 3450 3081 enim.
3490 3000 3605 3081 per:
3650 2992 3912 3057 accepta

462 3071 607 3146 quia
661 3080 909 3149 propter
964 3076 1233 3134 carnalia
1270 3077 1437 3135 lucra
1496 3086 1797 3136 sectantur
1832 3082 2126 3139 Christum

2240 3070 2402 3128 dona
2447 3072 2749 3138 virtutum,
2783 3087 2891 3144 per
2936 3072 3275 3145 impensam
3305 3073 3559 3142 gratiam
3590 3072 3911 3131 bonorum

460 3178 587 3221 non
637 3166 927 3238 conjuges
975 3167 1083 3224 sed
1137 3168 1488 3226 concubina
1522 3178 1829 3228 vocantur.
1863 3172 2127 3245 Denique

459 3268 571 3311 nec
594 3270 767 3327 reges
798 3256 848 3312 si
894 3256 1099 3329 plures
1144 3257 1411 3315 habeant
1460 3277 1677 3316 uxores
1708 3261 1799 3316 vel
1839 3262 2126 3318 concubi-

457 3357 592 3413 nas,
614 3344 842 3400 crimen
871 3348 979 3415 est,
1032 3346 1176 3417 quia
1200 3347 1329 3416 jam
1372 3350 1733 3405 transierunt
1775 3350 1983 3420 ﬁgura
2015 3367 2125 3423 pro

458 3431 683 3505 quibus
714 3446 975 3487 uxorum
1000 3432 1091 3487 vel
1121 3435 1597 3491 concubinarum
1630 3438 1806 3493 venia
1836 3440 2123 3495 concede-

453 3517 679 3575 batur:
712 3523 773 3576 at
826 3533 1011 3590 nunc,
1064 3520 1210 3593 quia
1252 3521 1460 3593 ﬁgura
1519 3526 1901 3595 transierunt,
1948 3527 2119 3582 venia

452 3605 621 3664 nulla
647 3607 845 3665 datur.

1096 3700 1322 3756 CAPUT
1359 3702 1468 3757 ΧΠ.

522 3803 556 3841 ‹
592 3785 740 3845 Misit
758 3800 901 3857 ergo
921 3787 1210 3844 Dominus
1239 3790 1471 3847 Nathan
1501 3790 1578 3847 ad
1609 3790 1819 3863 David,
1842 3790 1948 3865 qui
1971 3807 2110 3848 cum

450 3895 481 3926 α
518 3877 783 3934 venisset
835 3876 914 3934 ad
968 3892 1130 3944 eum,
1164 3877 1312 3935 dixit
1358 3879 1411 3935 ei
1445 3898 1457 3936 :
1488 3883 1618 3937 Duo
1658 3880 1770 3937 viri
1824 3885 1995 3938 erant
2047 3881 2110 3938 in

448 3985 480 4017 «
519 3964 750 4023 civitate
780 3981 923 4036 una,
955 3970 1065 4024 etc.
1100 3988 1130 4018 ››
1160 3968 1483 4026 Sciendum
1531 3975 1623 4027 est
1659 3971 1825 4044 quod
1874 3971 2108 4029 Nathan

442 4054 740 4127 propheta
783 4056 864 4111 ad
911 4056 1097 4113 David
1138 4072 1366 4129 regem,
1388 4075 1513 4115 non
1540 4060 1739 4117 statim
1769 4060 2017 4133 quando
2043 4062 2105 4116 in

442 4141 773 4199 Bethsabee
798 4143 925 4215 ipse
970 4144 1160 4200 David
1205 4148 1492 4218 peccavit,
1522 4164 1557 4205 a
1582 4148 1836 4205 Domino
1883 4149 2103 4205 missus

441 4234 550 4301 est,
583 4231 689 4288 sed
713 4237 1039 4306 postquam
1077 4235 1354 4291 eamdem
1406 4237 1718 4294 mulierem
1756 4238 1817 4293 in
1847 4238 2100 4296 domum

440 4334 616 4378 suam
644 4320 992 4392 introduxit,
1024 4327 1204 4395 atque
1232 4323 1392 4379 ﬁlius
1430 4342 1503 4381 ex
1546 4343 1614 4383 ea
1667 4333 1846 4383 natus
1893 4332 2003 4398 est,
2035 4333 2102 4385 ut

439 4409 762 4469 obstinatio
799 4410 1029 4484 peccati
1057 4412 1441 4470 occasionem
1470 4430 1594 4471 non
1622 4415 1870 4473 haberet
1892 4416 2098 4473 defen-

438 4500 644 4559 sionis.
675 4502 825 4559 Cum
883 4505 1084 4559 autem
1128 4518 1166 4559 a
1209 4504 1546 4577 prapositis
1586 4505 1859 4563 Ecclesia
1914 4507 2097 4579 hujus

434 4591 638 4649 saculi
674 4596 946 4667 potentes
995 4595 1350 4663 arguuntur,
1408 4594 1576 4666 prius
1632 4610 1740 4668 per
1794 4596 2096 4670 quasdam

434 4681 852 4740 similitudines
902 4682 1062 4739 velut
1108 4681 1184 4738 de
1242 4682 1437 4740 alieno
1481 4685 1721 4756 negotio
1750 4686 2094 4760 requirendi

430 4775 592 4828 sunt.
623 4774 691 4828 Et
719 4788 859 4828 cum
888 4776 1116 4830 rectam
1164 4773 1521 4830 sententiam
1549 4774 1727 4848 quasi
1751 4776 1813 4833 in
1839 4776 2095 4834 alterum

431 4863 643 4917 contra
670 4876 733 4917 se
760 4860 879 4933 ipsi
915 4861 1288 4933 protulerint,
1321 4868 1463 4921 tunc
1487 4865 1685 4921 modis
1716 4867 2094 4939 congruenti-

426 4944 545 5003 bus
588 4946 663 5003 de
713 4948 959 5021 proprio
1007 4955 1177 5005 reatu
1205 4951 1454 5010 feriendi
1484 4959 1641 5024 sunt,
1670 4960 1727 5011 et
1770 4961 1834 5013 ut
1860 4962 2091 5014 mentes

427 5035 747 5111 temporali
800 5037 1069 5110 potentia
1115 5038 1381 5111 tumida,
1415 5048 1624 5100 contra
1670 5044 2089 5118 corripientem

425 5139 819 5200 nequaquam
848 5140 911 5182 se
938 5126 1190 5199 erigant,
1221 5143 1359 5203 qua
1386 5130 1500 5188 sibi
1549 5147 1660 5188 suo
1695 5132 1924 5204 judicio
1952 5147 2088 5204 pro-

424 5214 541 5290 prii
570 5215 690 5273 oris
712 5214 922 5286 ligant.

497 5320 527 5350 ‹‹
568 5299 976 5367 Quamobrem
999 5315 1124 5358 non
1148 5302 1386 5359 recedet
1406 5303 1643 5373 gladius
1667 5303 1742 5359 de
1772 5302 1957 5360 domo
1980 5308 2086 5363 tua

422 5412 454 5443 ‹‹
492 5406 686 5467 usque
738 5391 803 5450 in
859 5393 1314 5466 sempiternum.
1358 5412 1387 5441 ››
1440 5395 1586 5448 Nota
1638 5392 1948 5464 quomodo
2006 5394 2081 5450 de

418 5479 605 5540 domo
633 5482 844 5549 David,
888 5482 1004 5539 hoc
1050 5486 1139 5539 est
1186 5479 1397 5555 populi
1447 5481 1811 5550 Judaorum,
1838 5482 2080 5541 ultionis

417 5572 659 5645 gladius
688 5587 886 5645 usque
916 5571 977 5627 in
1006 5576 1293 5627 aeternum
1321 5584 1445 5624 non
1474 5570 1728 5627 recedet.

489 5677 520 5707 α
560 5658 629 5715 Et
669 5655 820 5723 dixit
861 5653 1047 5714 David
1089 5653 1170 5712 ad
1214 5653 1451 5711 Nathan
1484 5670 1497 5711 :
1528 5654 1776 5715 Peccavi
1798 5657 2075 5719 Domino.

2237 3176 2513 3234 operum,
2548 3161 2609 3218 in
2654 3161 2951 3233 superbia
3001 3161 3212 3217 vitium
3253 3162 3497 3230 cadunt,
3543 3163 3647 3218 sed
3691 3167 3906 3219 tamen

2238 3266 2361 3323 quo
2389 3251 2727 3308 ceciderant
2756 3266 2878 3306 non
2905 3254 3258 3321 agnoscunt.
3283 3249 3536 3305 Proinde
3557 3255 3771 3307 contra
3791 3268 3904 3309 eos

2235 3338 2421 3396 hostis
2448 3341 2754 3413 antiquus,
2782 3340 2887 3412 qui
2901 3341 3029 3411 jam
3051 3338 3297 3395 interius
3329 3338 3695 3411 dominatur,
3713 3340 3898 3397 etiam

2232 3430 2489 3484 exterius
2520 3428 2726 3483 savire
2758 3429 3115 3499 permittitur
3148 3447 3160 3484 :
3193 3432 3259 3483 ut
3285 3427 3389 3500 qui
3420 3428 3483 3484 in
3536 3429 3896 3498 cogitatione

2230 3517 2369 3572 elati
2400 3520 2558 3584 sunt,
2588 3530 2695 3586 per
2720 3516 2916 3570 carnis
2936 3516 3238 3571 luxuriam
3265 3522 3737 3587 prosternuntur.
3772 3518 3896 3575 Sci-

2227 3620 2366 3661 mus
2398 3608 2599 3659 autem
2631 3604 2776 3675 quia
2802 3604 3131 3677 aliquando
3160 3606 3360 3661 minus
3389 3612 3499 3677 est,
3525 3608 3589 3663 in
3619 3608 3888 3679 corporis

2225 3693 2669 3766 corruptionem
2701 3693 2935 3765 cadere,
2963 3711 3152 3767 quam
3200 3696 3560 3767 cogitatione
3589 3696 3758 3753 tacita
3808 3711 3884 3751 ex

2223 3783 2552 3841 deliberata
2576 3782 2830 3839 elatione
2851 3799 3122 3857 peccare.
3152 3785 3268 3842 Sed
3294 3801 3434 3842 cum
3462 3787 3664 3842 minus
3692 3785 3888 3859 turpis

2220 3872 2503 3947 superbia
2561 3872 2839 3936 creditur,
2873 3873 3098 3941 minus,
3130 3874 3387 3931 vitatur:
3413 3874 3712 3932 luxuriam
3736 3890 3887 3931 vero

2218 3979 2289 4021 eo
2333 3962 2529 4033 magis
2571 3961 2939 4019 erubescunt
2965 3962 3260 4032 homines,
3289 3964 3396 4037 qui
3438 3964 3616 4021 simul
3663 3979 3886 4023 omnes

2216 4058 2455 4125 turpem
2484 4056 2793 4109 noverunt.
2825 4052 2989 4108 Unde
3009 4052 3076 4107 ﬁt
3104 4052 3480 4127 plerumque,
3508 4058 3574 4110 ut
3600 4054 3882 4113 nonnulli

2213 4146 2351 4215 post
2379 4141 2724 4215 superbiam
2754 4141 2815 4196 in
2846 4140 3147 4198 luxuriam
3177 4147 3541 4215 oorruentes,
3563 4159 3636 4200 ex
3670 4149 3883 4217 aperto

2213 4248 2379 4301 casu,
2413 4230 2646 4286 malum
2688 4230 2879 4304 culpa
2927 4231 3166 4288 latentis
3209 4232 3588 4305 erubescant,
3619 4238 3677 4290 et
3731 4237 3882 4290 tunc

2214 4322 2391 4378 etiam
2448 4320 2683 4390 majora
2733 4320 3060 4391 corrigunt,
3089 4337 3229 4377 cum
3271 4324 3556 4394 prostrati
3606 4323 3670 4378 in
3696 4324 3879 4379 mini-

2212 4409 2327 4465 mis
2375 4408 2619 4478 gravius
2678 4408 3149 4466 confunduntur.
3197 4412 3348 4467 Reos
3402 4411 3563 4468 enim
3614 4427 3680 4468 se
3721 4411 3881 4475 inter

2208 4498 2446 4554 minora
2493 4499 2893 4571 conspiciunt,
2950 4499 3056 4571 qui
3105 4498 3328 4556 liberos
3375 4500 3530 4557 inter
3592 4500 3878 4573 graviora

2206 4587 2608 4645 crediderunt.
2640 4588 2740 4646 Pia
2766 4603 2909 4660 ergo
2939 4589 3175 4645 Domini
3225 4589 3672 4664 dispensatione
3705 4590 3879 4649 laxa.

2202 4681 2321 4745 tos,
2351 4693 2794 4751 nonnunquam
2836 4678 3139 4750 malignus
3184 4679 3427 4752 spiritus
3464 4679 3542 4737 de
3583 4680 3765 4755 culpa
3792 4681 3873 4739 ad

2202 4767 2446 4841 culpam
2507 4768 2699 4837 trahit,
2732 4773 2789 4825 et
2838 4768 2986 4824 dum
3028 4767 3165 4841 plus
3211 4769 3484 4842 percutit,
3534 4769 3675 4827 inde
3721 4786 3871 4828 eum

2199 4873 2386 4931 quem
2415 4862 2674 4930 ceperat,
2706 4858 2958 4914 amittit:
2991 4862 3172 4931 atque
3216 4859 3377 4915 unde
3428 4860 3595 4933 prius
3643 4860 3867 4917 vicisse

2200 4947 2479 5015 cernitur,
2532 4947 2671 5002 inde
2715 4951 3047 5019 superatur.
3084 4948 3471 5006 Considerare
3518 4949 3663 5007 libet
3706 4950 3866 5009 inter

2196 5036 2500 5091 munitum
2551 5035 2755 5105 gratia
2809 5035 3030 5107 sinum,
3087 5036 3336 5107 quando
3408 5039 3565 5095 Deus
3624 5039 3861 5099 miseri-

2196 5124 2414 5181 cordia
2446 5124 2652 5181 favore
2703 5138 2815 5180 nos
2859 5123 3138 5183 continet.
3171 5127 3319 5183 Ecce
3362 5128 3469 5200 qui
3516 5128 3597 5185 de
3638 5129 3858 5187 virtute

2195 5230 2261 5271 se
2290 5212 2516 5284 extulit,
2549 5228 2655 5284 per
2683 5212 2894 5269 vitium
2939 5213 3019 5269 ad
3065 5214 3467 5275 humilitatem
3508 5218 3681 5276 redit.
3740 5218 3857 5286 Qui

2191 5318 2332 5360 vero
2375 5301 2636 5373 acceptis
2702 5300 3019 5357 virtutibus
3075 5303 3395 5375 extollitur,
3449 5322 3577 5363 non
3624 5306 3851 5378 gladio,

2193 5391 2320 5464 sed,
2370 5395 2437 5447 ut
2500 5390 2583 5446 ita
2641 5390 2916 5461 dixerim,
2973 5392 3413 5452 medicamento
3478 5396 3848 5453 vulneratur.

2192 5480 2346 5547 Quid
2388 5479 2548 5557 enim
2596 5484 2684 5535 est
2736 5479 2940 5552 virtus,
2992 5480 3110 5538 nisi
3169 5483 3680 5543 medicamentum
3706 5488 3735 5543 ἲ
3781 5488 3853 5542 Et

2188 5567 2338 5642 quid
2377 5573 2465 5625 est
2503 5567 2734 5641 vitium,
2783 5569 2899 5626 nisi
2945 5570 3209 5629 vulnus?
3244 5574 3390 5646 quia
3440 5590 3583 5646 ergo
3630 5591 3739 5632 nos
3766 5573 3849 5630 de

2188 5656 2632 5717 medicamento
2661 5658 2881 5717 vulnus
2906 5659 3181 5733 facimus,
3207 5660 3346 5721 facit
3371 5662 3471 5721 ille
3491 5663 3571 5721 de
3594 5663 3846 5723 vulnere
