  <div class='ocr_page' id='page_1' title='image "/cluster/home/n/w/nwhite01/storage/ocr_20150623/115/hvd.32044054759790/189.png"; bbox 0 0 4130 6182; ppageno 0'>
   <div class='ocr_carea' id='block_1_1' title="bbox 438 190 541 242">
    <p class='ocr_par' dir='ltr' id='par_1_1' title="bbox 438 190 541 242">
     <span class='ocr_line' id='line_1_1' title="bbox 438 190 541 242; baseline -0.019 0"><span class='ocrx_word' id='word_1_1' title='bbox 438 190 541 242; x_wconf 88' lang='grc'><strong>367</strong></span> 
     </span>
    </p>
   </div>
   <div class='ocr_carea' id='block_1_2' title="bbox 1480 174 2702 247">
    <p class='ocr_par' dir='ltr' id='par_1_2' title="bbox 1480 174 2702 247">
     <span class='ocr_line' id='line_1_2' title="bbox 1480 174 2702 247; baseline 0.002 -14"><span class='ocrx_word' id='word_1_2' title='bbox 1480 182 1837 247; x_wconf 77' lang='lat' dir='ltr'><strong>ANGELOMI</strong></span> <span class='ocrx_word' id='word_1_3' title='bbox 1875 174 2239 235; x_wconf 81' lang='lat' dir='ltr'><strong>LUXOVIEN</strong></span> <span class='ocrx_word' id='word_1_4' title='bbox 2249 175 2351 234; x_wconf 87' lang='lat' dir='ltr'><strong>SIS</strong></span> <span class='ocrx_word' id='word_1_5' title='bbox 2390 178 2702 237; x_wconf 83' lang='lat' dir='ltr'><strong>MONACHI</strong></span> 
     </span>
    </p>
   </div>
   <div class='ocr_carea' id='block_1_3' title="bbox 3749 154 3857 240">
    <p class='ocr_par' dir='ltr' id='par_1_3' title="bbox 3749 154 3857 240">
     <span class='ocr_line' id='line_1_3' title="bbox 3749 154 3857 240; baseline -0.009 0"><span class='ocrx_word' id='word_1_6' title='bbox 3749 154 3857 240; x_wconf 67' lang='lat'><strong>568</strong></span> 
     </span>
    </p>
   </div>
   <div class='ocr_carea' id='block_1_4' title="bbox 439 300 3855 384">
    <p class='ocr_par' dir='ltr' id='par_1_4' title="bbox 439 300 3855 384">
     <span class='ocr_line' id='line_1_4' title="bbox 439 300 3855 384; baseline -0.002 -16"><span class='ocrx_word' id='word_1_7' title='bbox 439 310 668 368; x_wconf 84' lang='lat' dir='ltr'><strong>Christo</strong></span> <span class='ocrx_word' id='word_1_8' title='bbox 693 310 721 364; x_wconf 91' lang='lat' dir='ltr'><strong>J</strong></span> <span class='ocrx_word' id='word_1_9' title='bbox 729 324 857 365; x_wconf 89' lang='lat' dir='ltr'><strong>esu.</strong></span> <span class='ocrx_word' id='word_1_10' title='bbox 875 329 903 357; x_wconf 88' lang='grc'><strong>››</strong></span> <span class='ocrx_word' id='word_1_11' title='bbox 937 309 1231 363; x_wconf 82' lang='lat' dir='ltr'><strong>Coronam</strong></span> <span class='ocrx_word' id='word_1_12' title='bbox 1257 319 1398 375; x_wconf 90' lang='lat' dir='ltr'><strong>ergo</strong></span> <span class='ocrx_word' id='word_1_13' title='bbox 1428 304 1583 374; x_wconf 89' lang='lat' dir='ltr'><strong>regis</strong></span> <span class='ocrx_word' id='word_1_14' title='bbox 1620 302 1831 377; x_wconf 89' lang='lat' dir='ltr'><strong>populi</strong></span> <span class='ocrx_word' id='word_1_15' title='bbox 1856 300 2084 358; x_wconf 83' lang='lat' dir='ltr'><strong>hostilis</strong></span> <span class='ocrx_word' id='word_1_16' title='bbox 2114 303 2161 354; x_wconf 89' lang='lat' dir='ltr'><strong>A</strong></span> <span class='ocrx_word' id='word_1_17' title='bbox 2191 306 2389 375; x_wconf 82' lang='lat' dir='ltr'><strong>rantes</strong></span> <span class='ocrx_word' id='word_1_18' title='bbox 2417 301 2528 358; x_wconf 90' lang='lat' dir='ltr'><strong>sibi</strong></span> <span class='ocrx_word' id='word_1_19' title='bbox 2559 303 2861 384; x_wconf 84' lang='lat' dir='ltr'><strong>malignos</strong></span> <span class='ocrx_word' id='word_1_20' title='bbox 2913 304 3172 378; x_wconf 85' lang='lat' dir='ltr'><strong>spiritus,</strong></span> <span class='ocrx_word' id='word_1_21' title='bbox 3215 303 3275 360; x_wconf 91' lang='lat' dir='ltr'><strong>in</strong></span> <span class='ocrx_word' id='word_1_22' title='bbox 3318 319 3528 361; x_wconf 86' lang='lat' dir='ltr'><strong>necem</strong></span> <span class='ocrx_word' id='word_1_23' title='bbox 3568 319 3855 362; x_wconf 82' lang='lat' dir='ltr'><strong>nostram</strong></span> 
     </span>
    </p>
   </div>
   <div class='ocr_carea' id='block_1_5' title="bbox 441 389 2082 467">
    <p class='ocr_par' dir='ltr' id='par_1_5' title="bbox 441 389 2082 467">
     <span class='ocr_line' id='line_1_5' title="bbox 441 389 2082 467; baseline -0.007 -12"><span class='ocrx_word' id='word_1_24' title='bbox 441 398 631 455; x_wconf 81' lang='lat' dir='ltr'><strong>David</strong></span> <span class='ocrx_word' id='word_1_25' title='bbox 660 398 733 451; x_wconf 89' lang='lat' dir='ltr'><strong>de</strong></span> <span class='ocrx_word' id='word_1_26' title='bbox 755 394 944 467; x_wconf 82' lang='lat' dir='ltr'><strong>capite</strong></span> <span class='ocrx_word' id='word_1_27' title='bbox 970 392 1119 461; x_wconf 85' lang='lat' dir='ltr'><strong>tulit,</strong></span> <span class='ocrx_word' id='word_1_28' title='bbox 1152 396 1210 447; x_wconf 91' lang='lat' dir='ltr'><strong>et</strong></span> <span class='ocrx_word' id='word_1_29' title='bbox 1235 391 1349 447; x_wconf 86' lang='lat' dir='ltr'><strong>sibi</strong></span> <span class='ocrx_word' id='word_1_30' title='bbox 1379 391 1663 449; x_wconf 79' lang='lat' dir='ltr'><strong>diadema</strong></span> <span class='ocrx_word' id='word_1_31' title='bbox 1692 391 1831 446; x_wconf 88' lang='lat' dir='ltr'><strong>inde</strong></span> <span class='ocrx_word' id='word_1_32' title='bbox 1859 389 2082 445; x_wconf 86' lang='lat' dir='ltr'><strong>forma-</strong></span> 
     </span>
    </p>
   </div>
   <div class='ocr_carea' id='block_1_6' title="bbox 439 479 2084 557">
    <p class='ocr_par' dir='ltr' id='par_1_6' title="bbox 439 479 2084 557">
     <span class='ocr_line' id='line_1_6' title="bbox 439 479 2084 557; baseline -0.007 -14"><span class='ocrx_word' id='word_1_33' title='bbox 439 488 541 557; x_wconf 94' lang='lat' dir='ltr'><strong>vit,</strong></span> <span class='ocrx_word' id='word_1_34' title='bbox 574 501 713 540; x_wconf 91' lang='lat' dir='ltr'><strong>cum</strong></span> <span class='ocrx_word' id='word_1_35' title='bbox 739 482 1104 553; x_wconf 87' lang='lat' dir='ltr'><strong>Redemptor</strong></span> <span class='ocrx_word' id='word_1_36' title='bbox 1126 486 1327 537; x_wconf 87' lang='lat' dir='ltr'><strong>noster</strong></span> <span class='ocrx_word' id='word_1_37' title='bbox 1355 496 1426 535; x_wconf 87' lang='lat' dir='ltr'><strong>ex</strong></span> <span class='ocrx_word' id='word_1_38' title='bbox 1458 479 1754 536; x_wconf 90' lang='lat' dir='ltr'><strong>contraria</strong></span> <span class='ocrx_word' id='word_1_39' title='bbox 1795 481 2084 552; x_wconf 84' lang='lat' dir='ltr'><strong>potestate</strong></span> 
     </span>
    </p>
   </div>
   <div class='ocr_carea' id='block_1_7' title="bbox 437 558 2086 644">
    <p class='ocr_par' dir='ltr' id='par_1_7' title="bbox 437 558 2086 644">
     <span class='ocr_line' id='line_1_7' title="bbox 437 558 2086 644; baseline -0.005 -14"><span class='ocrx_word' id='word_1_40' title='bbox 437 588 691 644; x_wconf 84' lang='lat' dir='ltr'><strong>regnum</strong></span> <span class='ocrx_word' id='word_1_41' title='bbox 724 571 1022 637; x_wconf 84' lang='lat' dir='ltr'><strong>auferens,</strong></span> <span class='ocrx_word' id='word_1_42' title='bbox 1053 568 1289 624; x_wconf 89' lang='lat' dir='ltr'><strong>sibimet</strong></span> <span class='ocrx_word' id='word_1_43' title='bbox 1314 558 1545 638; x_wconf 81' lang='lat' dir='ltr'><strong>insigne</strong></span> <span class='ocrx_word' id='word_1_44' title='bbox 1576 568 1863 625; x_wconf 90' lang='lat' dir='ltr'><strong>decorum</strong></span> <span class='ocrx_word' id='word_1_45' title='bbox 1914 582 2086 640; x_wconf 88' lang='lat' dir='ltr'><strong>para-</strong></span> 
     </span>
    </p>
   </div>
   <div class='ocr_carea' id='block_1_8' title="bbox 436 656 2082 728">
    <p class='ocr_par' dir='ltr' id='par_1_8' title="bbox 436 656 2082 728">
     <span class='ocr_line' id='line_1_8' title="bbox 436 656 2082 728; baseline -0.006 -9"><span class='ocrx_word' id='word_1_46' title='bbox 436 663 539 719; x_wconf 93' lang='lat' dir='ltr'><strong>vit.</strong></span> <span class='ocrx_word' id='word_1_47' title='bbox 576 664 716 728; x_wconf 81' lang='lat' dir='ltr'><strong>Quae</strong></span> <span class='ocrx_word' id='word_1_48' title='bbox 748 663 947 715; x_wconf 89' lang='lat' dir='ltr'><strong>autem</strong></span> <span class='ocrx_word' id='word_1_49' title='bbox 978 657 1193 713; x_wconf 91' lang='lat' dir='ltr'><strong>melius</strong></span> <span class='ocrx_word' id='word_1_50' title='bbox 1229 674 1454 714; x_wconf 79' lang='lat' dir='ltr'><strong>corona</strong></span> <span class='ocrx_word' id='word_1_51' title='bbox 1503 657 1692 713; x_wconf 82' lang='lat' dir='ltr'><strong>David</strong></span> <span class='ocrx_word' id='word_1_52' title='bbox 1722 656 2082 726; x_wconf 83' lang='lat' dir='ltr'><strong>intelligitur,</strong></span> 
     </span>
    </p>
   </div>
   <div class='ocr_carea' id='block_1_9' title="bbox 439 744 2088 827">
    <p class='ocr_par' dir='ltr' id='par_1_9' title="bbox 439 744 2088 827">
     <span class='ocr_line' id='line_1_9' title="bbox 439 744 2088 827; baseline -0.007 -19"><span class='ocrx_word' id='word_1_53' title='bbox 439 768 625 827; x_wconf 82' lang='lat' dir='ltr'><strong>quam</strong></span> <span class='ocrx_word' id='word_1_54' title='bbox 656 752 981 804; x_wconf 91' lang='lat' dir='ltr'><strong>conventus</strong></span> <span class='ocrx_word' id='word_1_55' title='bbox 1014 745 1520 819; x_wconf 77' lang='lat' dir='ltr'><strong>populicatholici</strong></span> <span class='ocrx_word' id='word_1_56' title='bbox 1546 744 1571 799; x_wconf 69' lang='grc' dir='ltr'><em>Ἰ</em></span> <span class='ocrx_word' id='word_1_57' title='bbox 1598 761 1734 818; x_wconf 65' lang='lat' dir='ltr'><strong>quae</strong></span> <span class='ocrx_word' id='word_1_58' title='bbox 1755 750 1937 818; x_wconf 92' lang='lat' dir='ltr'><strong>caput</strong></span> <span class='ocrx_word' id='word_1_59' title='bbox 1952 759 2088 798; x_wconf 90' lang='lat' dir='ltr'><strong>nos-</strong></span> 
     </span>
    </p>
   </div>
   <div class='ocr_carea' id='block_1_10' title="bbox 440 830 2085 908">
    <p class='ocr_par' dir='ltr' id='par_1_10' title="bbox 440 830 2085 908">
     <span class='ocr_line' id='line_1_10' title="bbox 440 830 2085 908; baseline -0.006 -13"><span class='ocrx_word' id='word_1_60' title='bbox 440 847 618 908; x_wconf 83' lang='lat' dir='ltr'><strong>trum,</strong></span> <span class='ocrx_word' id='word_1_61' title='bbox 649 852 852 905; x_wconf 85' lang='lat' dir='ltr'><strong>regem</strong></span> <span class='ocrx_word' id='word_1_62' title='bbox 905 834 1175 891; x_wconf 86' lang='lat' dir='ltr'><strong>videlicet</strong></span> <span class='ocrx_word' id='word_1_63' title='bbox 1228 834 1546 906; x_wconf 79' lang='lat' dir='ltr'><strong>Christum,</strong></span> <span class='ocrx_word' id='word_1_64' title='bbox 1601 833 1779 891; x_wconf 92' lang='lat' dir='ltr'><strong>corde</strong></span> <span class='ocrx_word' id='word_1_65' title='bbox 1840 830 2085 889; x_wconf 92' lang='lat' dir='ltr'><strong>credulo</strong></span> 
     </span>
    </p>
   </div>
   <div class='ocr_carea' id='block_1_11' title="bbox 438 923 2088 993">
    <p class='ocr_par' dir='ltr' id='par_1_11' title="bbox 438 923 2088 993">
     <span class='ocr_line' id='line_1_11' title="bbox 438 923 2088 993; baseline -0.005 -9"><span class='ocrx_word' id='word_1_66' title='bbox 438 926 711 984; x_wconf 87' lang='lat' dir='ltr'><strong>nobiliter</strong></span> <span class='ocrx_word' id='word_1_67' title='bbox 735 924 923 980; x_wconf 85' lang='lat' dir='ltr'><strong>ambit</strong></span> <span class='ocrx_word' id='word_1_68' title='bbox 952 929 1007 980; x_wconf 92' lang='lat' dir='ltr'><strong>et</strong></span> <span class='ocrx_word' id='word_1_69' title='bbox 1037 924 1217 993; x_wconf 83' lang='lat' dir='ltr'><strong>digne</strong></span> <span class='ocrx_word' id='word_1_70' title='bbox 1243 939 1611 979; x_wconf 89' lang='lat' dir='ltr'><strong>conversans</strong></span> <span class='ocrx_word' id='word_1_71' title='bbox 1635 923 1911 979; x_wconf 85' lang='lat' dir='ltr'><strong>decenter</strong></span> <span class='ocrx_word' id='word_1_72' title='bbox 1923 935 2088 976; x_wconf 89' lang='lat' dir='ltr'><strong>coro-</strong></span> 
     </span>
    </p>
   </div>
   <div class='ocr_carea' id='block_1_12' title="bbox 438 1012 2090 1075">
    <p class='ocr_par' dir='ltr' id='par_1_12' title="bbox 438 1012 2090 1075">
     <span class='ocr_line' id='line_1_12' title="bbox 438 1012 2090 1075; baseline -0.005 -3"><span class='ocrx_word' id='word_1_73' title='bbox 438 1016 584 1072; x_wconf 83' lang='lat' dir='ltr'><strong>nat?</strong></span> <span class='ocrx_word' id='word_1_74' title='bbox 609 1012 807 1070; x_wconf 87' lang='lat' dir='ltr'><strong>omnis</strong></span> <span class='ocrx_word' id='word_1_75' title='bbox 829 1013 989 1069; x_wconf 90' lang='lat' dir='ltr'><strong>enim</strong></span> <span class='ocrx_word' id='word_1_76' title='bbox 1022 1012 1576 1075; x_wconf 82' lang='lat' dir='ltr'><strong>sanetorumlahor,</strong></span> <span class='ocrx_word' id='word_1_77' title='bbox 1594 1016 1650 1067; x_wconf 89' lang='lat' dir='ltr'><strong>et</strong></span> <span class='ocrx_word' id='word_1_78' title='bbox 1678 1016 1982 1066; x_wconf 86' lang='lat' dir='ltr'><strong>certamen</strong></span> <span class='ocrx_word' id='word_1_79' title='bbox 2007 1012 2090 1063; x_wconf 89' lang='lat' dir='ltr'><strong>at-</strong></span> 
     </span>
    </p>
   </div>
   <div class='ocr_carea' id='block_1_13' title="bbox 439 1098 2085 1177">
    <p class='ocr_par' dir='ltr' id='par_1_13' title="bbox 439 1098 2085 1177">
     <span class='ocr_line' id='line_1_13' title="bbox 439 1098 2085 1177; baseline -0.004 -18"><span class='ocrx_word' id='word_1_80' title='bbox 439 1120 557 1177; x_wconf 90' lang='lat' dir='ltr'><strong>que</strong></span> <span class='ocrx_word' id='word_1_81' title='bbox 588 1102 853 1171; x_wconf 85' lang='lat' dir='ltr'><strong>victoria,</strong></span> <span class='ocrx_word' id='word_1_82' title='bbox 887 1103 965 1158; x_wconf 86' lang='lat' dir='ltr'><strong>ad</strong></span> <span class='ocrx_word' id='word_1_83' title='bbox 990 1102 1283 1157; x_wconf 88' lang='lat' dir='ltr'><strong>honorem</strong></span> <span class='ocrx_word' id='word_1_84' title='bbox 1317 1101 1570 1157; x_wconf 78' lang='lat' dir='ltr'><strong>ccelcstis</strong></span> <span class='ocrx_word' id='word_1_85' title='bbox 1606 1100 1761 1171; x_wconf 85' lang='lat' dir='ltr'><strong>regis</strong></span> <span class='ocrx_word' id='word_1_86' title='bbox 1816 1098 2085 1160; x_wconf 84' lang='lat' dir='ltr'><strong>refertur,</strong></span> 
     </span>
    </p>
   </div>
   <div class='ocr_carea' id='block_1_14' title="bbox 442 1186 2089 1266">
    <p class='ocr_par' dir='ltr' id='par_1_14' title="bbox 442 1186 2089 1266">
     <span class='ocr_line' id='line_1_14' title="bbox 442 1186 2089 1266; baseline -0.003 -21"><span class='ocrx_word' id='word_1_87' title='bbox 442 1216 471 1245; x_wconf 76' lang='grc' dir='ltr'><strong><em>α</em></strong></span> <span class='ocrx_word' id='word_1_88' title='bbox 504 1193 647 1266; x_wconf 89' lang='lat' dir='ltr'><strong>quia</strong></span> <span class='ocrx_word' id='word_1_89' title='bbox 676 1191 803 1264; x_wconf 87' lang='lat' dir='ltr'><strong>ipse</strong></span> <span class='ocrx_word' id='word_1_90' title='bbox 829 1197 918 1247; x_wconf 92' lang='lat' dir='ltr'><strong>est</strong></span> <span class='ocrx_word' id='word_1_91' title='bbox 947 1194 1041 1247; x_wconf 91' lang='lat' dir='ltr'><strong>cui</strong></span> <span class='ocrx_word' id='word_1_92' title='bbox 1059 1206 1237 1246; x_wconf 92' lang='lat' dir='ltr'><strong>omne</strong></span> <span class='ocrx_word' id='word_1_93' title='bbox 1269 1205 1425 1259; x_wconf 87' lang='lat' dir='ltr'><strong>genu</strong></span> <span class='ocrx_word' id='word_1_94' title='bbox 1458 1189 1726 1256; x_wconf 84' lang='lat' dir='ltr'><strong>ﬂectitur,</strong></span> <span class='ocrx_word' id='word_1_95' title='bbox 1760 1186 2089 1243; x_wconf 70' lang='lat' dir='ltr'><strong>cmlestium</strong></span> 
     </span>
    </p>
   </div>
   <div class='ocr_carea' id='block_1_15' title="bbox 441 1273 2090 1352">
    <p class='ocr_par' dir='ltr' id='par_1_15' title="bbox 441 1273 2090 1352">
     <span class='ocr_line' id='line_1_15' title="bbox 441 1273 2090 1352; baseline -0.006 -13"><span class='ocrx_word' id='word_1_96' title='bbox 441 1287 498 1339; x_wconf 90' lang='lat' dir='ltr'><strong>et</strong></span> <span class='ocrx_word' id='word_1_97' title='bbox 518 1281 902 1343; x_wconf 90' lang='lat' dir='ltr'><strong>terrestrium,</strong></span> <span class='ocrx_word' id='word_1_98' title='bbox 937 1284 1116 1352; x_wconf 91' lang='lat' dir='ltr'><strong>atque</strong></span> <span class='ocrx_word' id='word_1_99' title='bbox 1167 1279 1539 1334; x_wconf 82' lang='lat' dir='ltr'><strong>infernorum</strong></span> <span class='ocrx_word' id='word_1_100' title='bbox 1574 1295 1587 1333; x_wconf 94' lang='lat'><strong>:</strong></span> <span class='ocrx_word' id='word_1_101' title='bbox 1621 1282 1680 1332; x_wconf 90' lang='lat' dir='ltr'><strong>et</strong></span> <span class='ocrx_word' id='word_1_102' title='bbox 1731 1275 1929 1332; x_wconf 81' lang='lat' dir='ltr'><strong>omnis</strong></span> <span class='ocrx_word' id='word_1_103' title='bbox 1983 1273 2090 1330; x_wconf 90' lang='lat' dir='ltr'><strong>lin-</strong></span> 
     </span>
    </p>
   </div>
   <div class='ocr_carea' id='block_1_16' title="bbox 445 1363 2091 1442">
    <p class='ocr_par' dir='ltr' id='par_1_16' title="bbox 445 1363 2091 1442">
     <span class='ocr_line' id='line_1_16' title="bbox 445 1363 2091 1442; baseline -0.005 -15"><span class='ocrx_word' id='word_1_104' title='bbox 445 1387 564 1442; x_wconf 88' lang='lat' dir='ltr'><strong>gua</strong></span> <span class='ocrx_word' id='word_1_105' title='bbox 593 1369 926 1436; x_wconf 90' lang='lat' dir='ltr'><strong>conﬁtetur,</strong></span> <span class='ocrx_word' id='word_1_106' title='bbox 971 1368 1115 1441; x_wconf 90' lang='lat' dir='ltr'><strong>quia</strong></span> <span class='ocrx_word' id='word_1_107' title='bbox 1167 1367 1457 1423; x_wconf 85' lang='lat' dir='ltr'><strong>Dominus</strong></span> <span class='ocrx_word' id='word_1_108' title='bbox 1486 1370 1656 1422; x_wconf 90' lang='lat' dir='ltr'><strong>Jesus</strong></span> <span class='ocrx_word' id='word_1_109' title='bbox 1713 1364 1978 1420; x_wconf 76' lang='lat' dir='ltr'><strong>Christus</strong></span> <span class='ocrx_word' id='word_1_110' title='bbox 2027 1363 2091 1418; x_wconf 92' lang='lat' dir='ltr'><strong>in</strong></span> 
     </span>
    </p>
   </div>
   <div class='ocr_carea' id='block_1_17' title="bbox 443 1451 2089 1531">
    <p class='ocr_par' dir='ltr' id='par_1_17' title="bbox 443 1451 2089 1531">
     <span class='ocr_line' id='line_1_17' title="bbox 443 1451 2089 1531; baseline -0.007 -15"><span class='ocrx_word' id='word_1_111' title='bbox 443 1459 631 1531; x_wconf 85' lang='lat' dir='ltr'><strong>gloria</strong></span> <span class='ocrx_word' id='word_1_112' title='bbox 663 1458 871 1514; x_wconf 88' lang='lat' dir='ltr'><strong>estDei</strong></span> <span class='ocrx_word' id='word_1_113' title='bbox 899 1458 1088 1513; x_wconf 86' lang='lat' dir='ltr'><strong>Patris</strong></span> <span class='ocrx_word' id='word_1_114' title='bbox 1121 1457 1308 1526; x_wconf 81' lang='lat' dir='ltr'><strong>(Phil.</strong></span> <span class='ocrx_word' id='word_1_115' title='bbox 1341 1455 1420 1526; x_wconf 80' lang='grc' dir='ltr'><strong>ιι).</strong></span> <span class='ocrx_word' id='word_1_116' title='bbox 1456 1478 1481 1503; x_wconf 77' lang='grc' dir='ltr'><em>η</em></span> <span class='ocrx_word' id='word_1_117' title='bbox 1514 1453 1745 1511; x_wconf 83' lang='lat' dir='ltr'><strong>Rabath</strong></span> <span class='ocrx_word' id='word_1_118' title='bbox 1777 1469 1918 1522; x_wconf 83' lang='lat' dir='ltr'><strong>ergo</strong></span> <span class='ocrx_word' id='word_1_119' title='bbox 1949 1451 2089 1508; x_wconf 88' lang='lat' dir='ltr'><strong>civi-</strong></span> 
     </span>
    </p>
   </div>
   <div class='ocr_carea' id='block_1_18' title="bbox 441 1541 2091 1618">
    <p class='ocr_par' dir='ltr' id='par_1_18' title="bbox 441 1541 2091 1618">
     <span class='ocr_line' id='line_1_18' title="bbox 441 1541 2091 1618; baseline -0.006 -13"><span class='ocrx_word' id='word_1_120' title='bbox 441 1554 533 1605; x_wconf 89' lang='lat' dir='ltr'><strong>tas</strong></span> <span class='ocrx_word' id='word_1_121' title='bbox 562 1547 832 1617; x_wconf 87' lang='lat' dir='ltr'><strong>estregni</strong></span> <span class='ocrx_word' id='word_1_122' title='bbox 862 1548 1144 1611; x_wconf 83' lang='lat' dir='ltr'><strong>Ammon,</strong></span> <span class='ocrx_word' id='word_1_123' title='bbox 1175 1561 1309 1618; x_wconf 66' lang='lat' dir='ltr'><strong>quae</strong></span> <span class='ocrx_word' id='word_1_124' title='bbox 1336 1560 1497 1600; x_wconf 91' lang='lat' dir='ltr'><strong>nunc</strong></span> <span class='ocrx_word' id='word_1_125' title='bbox 1533 1541 1941 1615; x_wconf 80' lang='lat' dir='ltr'><strong>Philadelphia</strong></span> <span class='ocrx_word' id='word_1_126' title='bbox 1989 1556 2091 1596; x_wconf 87' lang='lat' dir='ltr'><strong>vo-</strong></span> 
     </span>
    </p>
   </div>
   <div class='ocr_carea' id='block_1_19' title="bbox 2192 389 3368 466">
    <p class='ocr_par' dir='ltr' id='par_1_19' title="bbox 2192 389 3368 466">
     <span class='ocr_line' id='line_1_19' title="bbox 2192 389 3368 466; baseline 0.004 -23"><span class='ocrx_word' id='word_1_127' title='bbox 2192 389 2511 461; x_wconf 89' lang='lat' dir='ltr'><strong>conspiret,</strong></span> <span class='ocrx_word' id='word_1_128' title='bbox 2536 395 2794 449; x_wconf 84' lang='lat' dir='ltr'><strong>acmorti</strong></span> <span class='ocrx_word' id='word_1_129' title='bbox 2822 398 3123 466; x_wconf 79' lang='lat' dir='ltr'><strong>perpetuae</strong></span> <span class='ocrx_word' id='word_1_130' title='bbox 3153 392 3368 449; x_wconf 88' lang='lat' dir='ltr'><strong>tradat.</strong></span> 
     </span>
    </p>
   </div>
   <div class='ocr_carea' id='block_1_20' title="bbox 2266 480 3855 553">
    <p class='ocr_par' dir='ltr' id='par_1_20' title="bbox 2266 480 3855 553">
     <span class='ocr_line' id='line_1_20' title="bbox 2266 480 3855 553; baseline 0.006 -22"><span class='ocrx_word' id='word_1_131' title='bbox 2266 502 2293 528; x_wconf 89' lang='grc'><strong>‹‹</strong></span> <span class='ocrx_word' id='word_1_132' title='bbox 2328 480 2510 534; x_wconf 87' lang='lat' dir='ltr'><strong>Porro</strong></span> <span class='ocrx_word' id='word_1_133' title='bbox 2535 481 2825 538; x_wconf 85' lang='lat' dir='ltr'><strong>Absalom</strong></span> <span class='ocrx_word' id='word_1_134' title='bbox 2847 483 3084 553; x_wconf 82' lang='lat' dir='ltr'><strong>fugiens</strong></span> <span class='ocrx_word' id='word_1_135' title='bbox 3123 482 3270 538; x_wconf 92' lang='lat' dir='ltr'><strong>abiit</strong></span> <span class='ocrx_word' id='word_1_136' title='bbox 3298 483 3377 538; x_wconf 89' lang='lat' dir='ltr'><strong>ad</strong></span> <span class='ocrx_word' id='word_1_137' title='bbox 3405 483 3729 540; x_wconf 89' lang='lat' dir='ltr'><strong>Tholomai</strong></span> <span class='ocrx_word' id='word_1_138' title='bbox 3786 484 3855 540; x_wconf 86' lang='lat' dir='ltr'><strong>ti-</strong></span> 
     </span>
    </p>
   </div>
   <div class='ocr_carea' id='block_1_21' title="bbox 2193 566 3857 646">
    <p class='ocr_par' dir='ltr' id='par_1_21' title="bbox 2193 566 3857 646">
     <span class='ocr_line' id='line_1_21' title="bbox 2193 566 3857 646; baseline 0.005 -25"><span class='ocrx_word' id='word_1_139' title='bbox 2193 566 2340 624; x_wconf 91' lang='lat' dir='ltr'><strong>lium</strong></span> <span class='ocrx_word' id='word_1_140' title='bbox 2398 570 2707 640; x_wconf 89' lang='lat' dir='ltr'><strong>Ammiud,</strong></span> <span class='ocrx_word' id='word_1_141' title='bbox 2739 586 2944 641; x_wconf 82' lang='lat' dir='ltr'><strong>regem</strong></span> <span class='ocrx_word' id='word_1_142' title='bbox 2976 574 3212 638; x_wconf 85' lang='lat' dir='ltr'><strong>Gessur,</strong></span> <span class='ocrx_word' id='word_1_143' title='bbox 3251 595 3278 621; x_wconf 75' lang='grc' dir='ltr'>υ</span> <span class='ocrx_word' id='word_1_144' title='bbox 3338 576 3473 640; x_wconf 91' lang='lat' dir='ltr'><strong>etc.,</strong></span> <span class='ocrx_word' id='word_1_145' title='bbox 3522 588 3857 646; x_wconf 91' lang='lat' dir='ltr'><strong>usquequo</strong></span> 
     </span>
    </p>
   </div>
   <div class='ocr_carea' id='block_1_22' title="bbox 2195 656 3858 734">
    <p class='ocr_par' dir='ltr' id='par_1_22' title="bbox 2195 656 3858 734">
     <span class='ocr_line' id='line_1_22' title="bbox 2195 656 3858 734; baseline 0.004 -22"><span class='ocrx_word' id='word_1_146' title='bbox 2195 656 2276 713; x_wconf 88' lang='lat' dir='ltr'><strong>ait</strong></span> <span class='ocrx_word' id='word_1_147' title='bbox 2304 676 2365 713; x_wconf 88' lang='lat'><strong>:«</strong></span> <span class='ocrx_word' id='word_1_148' title='bbox 2388 659 2765 733; x_wconf 89' lang='lat' dir='ltr'><strong>Cessavitque</strong></span> <span class='ocrx_word' id='word_1_149' title='bbox 2792 661 2978 717; x_wconf 83' lang='lat' dir='ltr'><strong>David</strong></span> <span class='ocrx_word' id='word_1_150' title='bbox 3006 677 3109 717; x_wconf 92' lang='lat' dir='ltr'><strong>rex</strong></span> <span class='ocrx_word' id='word_1_151' title='bbox 3135 661 3410 734; x_wconf 86' lang='lat' dir='ltr'><strong>persequi</strong></span> <span class='ocrx_word' id='word_1_152' title='bbox 3443 660 3764 729; x_wconf 83' lang='lat' dir='ltr'><strong>Absalom,</strong></span> <span class='ocrx_word' id='word_1_153' title='bbox 3789 678 3858 718; x_wconf 92' lang='lat' dir='ltr'><strong>eo</strong></span> 
     </span>
    </p>
   </div>
   <div class='ocr_carea' id='block_1_23' title="bbox 2197 746 3861 821">
    <p class='ocr_par' dir='ltr' id='par_1_23' title="bbox 2197 746 3861 821">
     <span class='ocr_line' id='line_1_23' title="bbox 2197 746 3861 821; baseline 0.005 -21"><span class='ocrx_word' id='word_1_154' title='bbox 2197 768 2223 794; x_wconf 85' lang='lat'>»</span> <span class='ocrx_word' id='word_1_155' title='bbox 2252 746 2418 818; x_wconf 89' lang='lat' dir='ltr'><strong>quod</strong></span> <span class='ocrx_word' id='word_1_156' title='bbox 2447 747 2792 805; x_wconf 89' lang='lat' dir='ltr'><strong>consolatus</strong></span> <span class='ocrx_word' id='word_1_157' title='bbox 2823 764 3004 821; x_wconf 90' lang='lat' dir='ltr'><strong>super</strong></span> <span class='ocrx_word' id='word_1_158' title='bbox 3032 754 3270 805; x_wconf 85' lang='lat' dir='ltr'><strong>Amnon</strong></span> <span class='ocrx_word' id='word_1_159' title='bbox 3297 749 3556 807; x_wconf 88' lang='lat' dir='ltr'><strong>interitu.</strong></span> <span class='ocrx_word' id='word_1_160' title='bbox 3583 750 3861 808; x_wconf 84' lang='lat' dir='ltr'><strong>Tradunt</strong></span> 
     </span>
    </p>
   </div>
   <div class='ocr_carea' id='block_1_24' title="bbox 2196 836 3860 912">
    <p class='ocr_par' dir='ltr' id='par_1_24' title="bbox 2196 836 3860 912">
     <span class='ocr_line' id='line_1_24' title="bbox 2196 836 3860 912; baseline 0.004 -22"><span class='ocrx_word' id='word_1_161' title='bbox 2196 836 2355 891; x_wconf 92' lang='lat' dir='ltr'><strong>enim</strong></span> <span class='ocrx_word' id='word_1_162' title='bbox 2380 836 2625 905; x_wconf 61' lang='lat' dir='ltr'><strong>Hebraei,</strong></span> <span class='ocrx_word' id='word_1_163' title='bbox 2658 837 2858 894; x_wconf 89' lang='lat' dir='ltr'><strong>sicuta</strong></span> <span class='ocrx_word' id='word_1_164' title='bbox 2874 837 3245 910; x_wconf 91' lang='lat' dir='ltr'><strong>quibusdam</strong></span> <span class='ocrx_word' id='word_1_165' title='bbox 3269 837 3473 909; x_wconf 90' lang='lat' dir='ltr'><strong>didici,</strong></span> <span class='ocrx_word' id='word_1_166' title='bbox 3505 838 3690 912; x_wconf 91' lang='lat' dir='ltr'><strong>quod</strong></span> <span class='ocrx_word' id='word_1_167' title='bbox 3715 841 3860 896; x_wconf 87' lang='lat' dir='ltr'><strong>Tho-</strong></span> 
     </span>
    </p>
   </div>
   <div class='ocr_carea' id='block_1_25' title="bbox 2194 922 3856 1001">
    <p class='ocr_par' dir='ltr' id='par_1_25' title="bbox 2194 922 3856 1001">
     <span class='ocr_line' id='line_1_25' title="bbox 2194 922 3856 1001; baseline 0.004 -23"><span class='ocrx_word' id='word_1_168' title='bbox 2194 922 2379 980; x_wconf 89' lang='lat' dir='ltr'><strong>lomai</strong></span> <span class='ocrx_word' id='word_1_169' title='bbox 2407 930 2576 997; x_wconf 90' lang='lat' dir='ltr'><strong>pater</strong></span> <span class='ocrx_word' id='word_1_170' title='bbox 2628 924 2737 981; x_wconf 87' lang='lat' dir='ltr'><strong>fuit</strong></span> <span class='ocrx_word' id='word_1_171' title='bbox 2787 926 3031 983; x_wconf 82' lang='lat' dir='ltr'><strong>Maacha</strong></span> <span class='ocrx_word' id='word_1_172' title='bbox 3068 927 3275 983; x_wconf 86' lang='lat' dir='ltr'><strong>matris</strong></span> <span class='ocrx_word' id='word_1_173' title='bbox 3316 926 3640 996; x_wconf 81' lang='lat' dir='ltr'><strong>Absalom,</strong></span> <span class='ocrx_word' id='word_1_174' title='bbox 3672 944 3856 1001; x_wconf 88' lang='lat' dir='ltr'><strong>quam</strong></span> 
     </span>
    </p>
   </div>
   <div class='ocr_carea' id='block_1_26' title="bbox 2195 1011 3852 1090">
    <p class='ocr_par' dir='ltr' id='par_1_26' title="bbox 2195 1011 3852 1090">
     <span class='ocr_line' id='line_1_26' title="bbox 2195 1011 3852 1090; baseline 0.004 -24"><span class='ocrx_word' id='word_1_175' title='bbox 2195 1011 2384 1068; x_wconf 86' lang='lat' dir='ltr'><strong>David</strong></span> <span class='ocrx_word' id='word_1_176' title='bbox 2408 1013 2470 1068; x_wconf 92' lang='lat' dir='ltr'><strong>in</strong></span> <span class='ocrx_word' id='word_1_177' title='bbox 2508 1013 2715 1086; x_wconf 72' lang='lat' dir='ltr'><strong>pl‘tEllO</strong></span> <span class='ocrx_word' id='word_1_178' title='bbox 2763 1013 2937 1087; x_wconf 88' lang='lat' dir='ltr'><strong>cepit,</strong></span> <span class='ocrx_word' id='word_1_179' title='bbox 2997 1019 3054 1070; x_wconf 90' lang='lat' dir='ltr'><strong>et</strong></span> <span class='ocrx_word' id='word_1_180' title='bbox 3106 1017 3409 1083; x_wconf 64' lang='lat' dir='ltr'><strong>Caesareae,</strong></span> <span class='ocrx_word' id='word_1_181' title='bbox 3473 1020 3534 1071; x_wconf 91' lang='lat' dir='ltr'><strong>ut</strong></span> <span class='ocrx_word' id='word_1_182' title='bbox 3588 1015 3852 1090; x_wconf 88' lang='lat' dir='ltr'><strong>inquint,</strong></span> 
     </span>
    </p>
   </div>
   <div class='ocr_carea' id='block_1_27' title="bbox 2196 1100 3855 1179">
    <p class='ocr_par' dir='ltr' id='par_1_27' title="bbox 2196 1100 3855 1179">
     <span class='ocr_line' id='line_1_27' title="bbox 2196 1100 3855 1179; baseline 0.004 -24"><span class='ocrx_word' id='word_1_183' title='bbox 2196 1100 2502 1169; x_wconf 87' lang='lat' dir='ltr'><strong>unguibus</strong></span> <span class='ocrx_word' id='word_1_184' title='bbox 2528 1102 2792 1175; x_wconf 69' lang='lat' dir='ltr'><strong>praecisis</strong></span> <span class='ocrx_word' id='word_1_185' title='bbox 2818 1102 3153 1159; x_wconf 90' lang='lat' dir='ltr'><strong>secundum</strong></span> <span class='ocrx_word' id='word_1_186' title='bbox 3173 1103 3391 1175; x_wconf 92' lang='lat' dir='ltr'><strong>legem,</strong></span> <span class='ocrx_word' id='word_1_187' title='bbox 3433 1107 3678 1179; x_wconf 84' lang='lat' dir='ltr'><strong>accepit</strong></span> <span class='ocrx_word' id='word_1_188' title='bbox 3720 1122 3855 1165; x_wconf 88' lang='lat' dir='ltr'><strong>uxo-</strong></span> 
     </span>
    </p>
   </div>
   <div class='ocr_carea' id='block_1_28' title="bbox 2195 1193 3850 1265">
    <p class='ocr_par' dir='ltr' id='par_1_28' title="bbox 2195 1193 3850 1265">
     <span class='ocr_line' id='line_1_28' title="bbox 2195 1193 3850 1265; baseline 0.003 -19"><span class='ocrx_word' id='word_1_189' title='bbox 2195 1207 2345 1262; x_wconf 91' lang='lat' dir='ltr'><strong>rem,</strong></span> <span class='ocrx_word' id='word_1_190' title='bbox 2376 1196 2434 1247; x_wconf 93' lang='lat' dir='ltr'><strong>et</strong></span> <span class='ocrx_word' id='word_1_191' title='bbox 2457 1208 2527 1248; x_wconf 86' lang='lat' dir='ltr'><strong>ex</strong></span> <span class='ocrx_word' id='word_1_192' title='bbox 2555 1209 2627 1249; x_wconf 91' lang='lat' dir='ltr'><strong>ea</strong></span> <span class='ocrx_word' id='word_1_193' title='bbox 2656 1193 2862 1263; x_wconf 89' lang='lat' dir='ltr'><strong>genuit</strong></span> <span class='ocrx_word' id='word_1_194' title='bbox 2889 1193 3147 1250; x_wconf 86' lang='lat' dir='ltr'><strong>Thamar</strong></span> <span class='ocrx_word' id='word_1_195' title='bbox 3175 1199 3234 1249; x_wconf 92' lang='lat' dir='ltr'><strong>et</strong></span> <span class='ocrx_word' id='word_1_196' title='bbox 3273 1194 3561 1251; x_wconf 84' lang='lat' dir='ltr'><strong>Absalom</strong></span> <span class='ocrx_word' id='word_1_197' title='bbox 3592 1214 3608 1265; x_wconf 89' lang='lat'><strong>;</strong></span> <span class='ocrx_word' id='word_1_198' title='bbox 3649 1202 3704 1254; x_wconf 92' lang='lat' dir='ltr'><strong>et</strong></span> <span class='ocrx_word' id='word_1_199' title='bbox 3720 1195 3850 1252; x_wconf 90' lang='lat' dir='ltr'><strong>ideo</strong></span> 
     </span>
    </p>
   </div>
   <div class='ocr_carea' id='block_1_29' title="bbox 2199 1279 3839 1358">
    <p class='ocr_par' dir='ltr' id='par_1_29' title="bbox 2199 1279 3839 1358">
     <span class='ocr_line' id='line_1_29' title="bbox 2199 1279 3839 1358; baseline 0.001 -23"><span class='ocrx_word' id='word_1_200' title='bbox 2199 1279 2277 1335; x_wconf 90' lang='lat' dir='ltr'><strong>ad</strong></span> <span class='ocrx_word' id='word_1_201' title='bbox 2308 1296 2448 1336; x_wconf 91' lang='lat' dir='ltr'><strong>eum</strong></span> <span class='ocrx_word' id='word_1_202' title='bbox 2473 1281 2699 1351; x_wconf 89' lang='lat' dir='ltr'><strong>fugisse</strong></span> <span class='ocrx_word' id='word_1_203' title='bbox 2752 1281 3084 1355; x_wconf 85' lang='lat' dir='ltr'><strong>perhibent.</strong></span> <span class='ocrx_word' id='word_1_204' title='bbox 3128 1286 3276 1339; x_wconf 87' lang='lat' dir='ltr'><strong>Nam</strong></span> <span class='ocrx_word' id='word_1_205' title='bbox 3325 1284 3493 1356; x_wconf 89' lang='lat' dir='ltr'><strong>quod</strong></span> <span class='ocrx_word' id='word_1_206' title='bbox 3542 1286 3839 1358; x_wconf 86' lang='lat' dir='ltr'><strong>sequitur:</strong></span> 
     </span>
    </p>
   </div>
   <div class='ocr_carea' id='block_1_30' title="bbox 2199 1370 3844 1444">
    <p class='ocr_par' dir='ltr' id='par_1_30' title="bbox 2199 1370 3844 1444">
     <span class='ocr_line' id='line_1_30' title="bbox 2199 1370 3844 1444; baseline 0.005 -23"><span class='ocrx_word' id='word_1_207' title='bbox 2199 1370 2635 1444; x_wconf 83' lang='lat' dir='ltr'><strong>«Cessavitque</strong></span> <span class='ocrx_word' id='word_1_208' title='bbox 2662 1372 2848 1427; x_wconf 88' lang='lat' dir='ltr'><strong>David</strong></span> <span class='ocrx_word' id='word_1_209' title='bbox 2901 1373 3183 1444; x_wconf 87' lang='lat' dir='ltr'><strong>persequi</strong></span> <span class='ocrx_word' id='word_1_210' title='bbox 3231 1372 3542 1444; x_wconf 88' lang='lat' dir='ltr'><strong>Absalom,</strong></span> <span class='ocrx_word' id='word_1_211' title='bbox 3568 1397 3599 1424; x_wconf 86' lang='lat'><em>»</em></span> <span class='ocrx_word' id='word_1_212' title='bbox 3648 1375 3709 1431; x_wconf 91' lang='lat' dir='ltr'><strong>in</strong></span> <span class='ocrx_word' id='word_1_213' title='bbox 3750 1376 3844 1430; x_wconf 83' lang='lat' dir='ltr'><strong>He-</strong></span> 
     </span>
    </p>
   </div>
   <div class='ocr_carea' id='block_1_31' title="bbox 2200 1459 3847 1531">
    <p class='ocr_par' dir='ltr' id='par_1_31' title="bbox 2200 1459 3847 1531">
     <span class='ocr_line' id='line_1_31' title="bbox 2200 1459 3847 1531; baseline 0.001 -16"><span class='ocrx_word' id='word_1_214' title='bbox 2200 1459 2386 1529; x_wconf 70' lang='lat' dir='ltr'><strong>braeo,</strong></span> <span class='ocrx_word' id='word_1_215' title='bbox 2415 1464 2479 1516; x_wconf 90' lang='lat' dir='ltr'><strong>ut</strong></span> <span class='ocrx_word' id='word_1_216' title='bbox 2521 1460 2701 1516; x_wconf 90' lang='lat' dir='ltr'><strong>iidem</strong></span> <span class='ocrx_word' id='word_1_217' title='bbox 2757 1460 2989 1517; x_wconf 75' lang='lat' dir='ltr'><strong>Hebraei</strong></span> <span class='ocrx_word' id='word_1_218' title='bbox 3029 1461 3247 1531; x_wconf 84' lang='lat' dir='ltr'><strong>ferunt,</strong></span> <span class='ocrx_word' id='word_1_219' title='bbox 3279 1462 3495 1531; x_wconf 87' lang='lat' dir='ltr'><strong>legitur</strong></span> <span class='ocrx_word' id='word_1_220' title='bbox 3527 1481 3540 1518; x_wconf 90' lang='lat'><strong>:</strong></span> <span class='ocrx_word' id='word_1_221' title='bbox 3589 1461 3847 1521; x_wconf 88' lang='lat' dir='ltr'><strong>Cessavit</strong></span> 
     </span>
    </p>
   </div>
   <div class='ocr_carea' id='block_1_32' title="bbox 2200 1549 3853 1623">
    <p class='ocr_par' dir='ltr' id='par_1_32' title="bbox 2200 1549 3853 1623">
     <span class='ocr_line' id='line_1_32' title="bbox 2200 1549 3853 1623; baseline 0.001 -17"><span class='ocrx_word' id='word_1_222' title='bbox 2200 1550 2402 1623; x_wconf 88' lang='lat' dir='ltr'><strong>itaque</strong></span> <span class='ocrx_word' id='word_1_223' title='bbox 2427 1566 2530 1605; x_wconf 86' lang='lat' dir='ltr'><strong>rex</strong></span> <span class='ocrx_word' id='word_1_224' title='bbox 2561 1550 2740 1613; x_wconf 88' lang='lat' dir='ltr'><strong>exire,</strong></span> <span class='ocrx_word' id='word_1_225' title='bbox 2772 1573 2799 1600; x_wconf 85' lang='lat'><strong><em>»</em></strong></span> <span class='ocrx_word' id='word_1_226' title='bbox 2830 1550 2894 1606; x_wconf 91' lang='lat' dir='ltr'><strong>id</strong></span> <span class='ocrx_word' id='word_1_227' title='bbox 2918 1555 3007 1606; x_wconf 89' lang='lat' dir='ltr'><strong>est</strong></span> <span class='ocrx_word' id='word_1_228' title='bbox 3034 1549 3300 1607; x_wconf 88' lang='lat' dir='ltr'><strong>voluisse</strong></span> <span class='ocrx_word' id='word_1_229' title='bbox 3325 1551 3486 1608; x_wconf 90' lang='lat' dir='ltr'><strong>idem</strong></span> <span class='ocrx_word' id='word_1_230' title='bbox 3521 1554 3715 1610; x_wconf 82' lang='lat' dir='ltr'><strong>David</strong></span> <span class='ocrx_word' id='word_1_231' title='bbox 3739 1550 3853 1609; x_wconf 89' lang='lat' dir='ltr'><strong>exi-</strong></span> 
     </span>
    </p>
   </div>
   <div class='ocr_carea' id='block_1_33' title="bbox 444 1630 3850 1712">
    <p class='ocr_par' dir='ltr' id='par_1_33' title="bbox 444 1630 3850 1712">
     <span class='ocr_line' id='line_1_33' title="bbox 444 1630 3850 1712; baseline 0.001 -18"><span class='ocrx_word' id='word_1_232' title='bbox 444 1643 631 1705; x_wconf 89' lang='lat' dir='ltr'><strong>catur,</strong></span> <span class='ocrx_word' id='word_1_233' title='bbox 656 1636 828 1707; x_wconf 88' lang='lat' dir='ltr'><strong>cujus</strong></span> <span class='ocrx_word' id='word_1_234' title='bbox 856 1635 1128 1691; x_wconf 83' lang='lat' dir='ltr'><strong>menimit</strong></span> <span class='ocrx_word' id='word_1_235' title='bbox 1155 1639 1212 1689; x_wconf 77' lang='lat' dir='ltr'><strong>et</strong></span> <span class='ocrx_word' id='word_1_236' title='bbox 1265 1634 1549 1691; x_wconf 80' lang='lat' dir='ltr'><strong>JeremiaS</strong></span> <span class='ocrx_word' id='word_1_237' title='bbox 1607 1630 1902 1705; x_wconf 68' lang='lat' dir='ltr'><strong>propheta</strong></span> <span class='ocrx_word' id='word_1_238' title='bbox 1950 1632 2089 1696; x_wconf 70' lang='lat' dir='ltr'><strong>(Jer-</strong></span> <span class='ocrx_word' id='word_1_239' title='bbox 2120 1649 2166 1703; x_wconf 85' lang='grc' dir='ltr'>Β</span> <span class='ocrx_word' id='word_1_240' title='bbox 2200 1654 2262 1694; x_wconf 92' lang='lat' dir='ltr'><strong>re</strong></span> <span class='ocrx_word' id='word_1_241' title='bbox 2294 1643 2358 1694; x_wconf 92' lang='lat' dir='ltr'><strong>ut</strong></span> <span class='ocrx_word' id='word_1_242' title='bbox 2378 1637 2689 1694; x_wconf 89' lang='lat' dir='ltr'><strong>reduceret</strong></span> <span class='ocrx_word' id='word_1_243' title='bbox 2710 1638 3020 1707; x_wconf 82' lang='lat' dir='ltr'><strong>Absalom,</strong></span> <span class='ocrx_word' id='word_1_244' title='bbox 3052 1638 3158 1696; x_wconf 92' lang='lat' dir='ltr'><strong>sed</strong></span> <span class='ocrx_word' id='word_1_245' title='bbox 3182 1644 3553 1712; x_wconf 87' lang='lat' dir='ltr'><strong>pertractans</strong></span> <span class='ocrx_word' id='word_1_246' title='bbox 3583 1642 3647 1698; x_wconf 93' lang='lat' dir='ltr'><strong>in</strong></span> <span class='ocrx_word' id='word_1_247' title='bbox 3681 1640 3850 1698; x_wconf 90' lang='lat' dir='ltr'><strong>corde</strong></span> 
     </span>
    </p>
   </div>
   <div class='ocr_carea' id='block_1_34' title="bbox 442 1717 2093 1797">
    <p class='ocr_par' dir='ltr' id='par_1_34' title="bbox 442 1717 2093 1797">
     <span class='ocr_line' id='line_1_34' title="bbox 442 1717 2093 1797; baseline -0.004 -16"><span class='ocrx_word' id='word_1_248' title='bbox 442 1727 617 1797; x_wconf 81' lang='lat' dir='ltr'><strong>xux),</strong></span> <span class='ocrx_word' id='word_1_249' title='bbox 650 1726 1067 1797; x_wconf 88' lang='lat' dir='ltr'><strong>interpretatur</strong></span> <span class='ocrx_word' id='word_1_250' title='bbox 1104 1738 1245 1792; x_wconf 90' lang='lat' dir='ltr'><strong>ergo</strong></span> <span class='ocrx_word' id='word_1_251' title='bbox 1273 1722 1508 1778; x_wconf 81' lang='lat' dir='ltr'><strong>Rabath</strong></span> <span class='ocrx_word' id='word_1_252' title='bbox 1535 1721 1750 1776; x_wconf 82' lang='lat' dir='ltr'><strong>multi:</strong></span> <span class='ocrx_word' id='word_1_253' title='bbox 1784 1723 1839 1775; x_wconf 90' lang='lat' dir='ltr'><strong>et</strong></span> <span class='ocrx_word' id='word_1_254' title='bbox 1894 1717 2093 1775; x_wconf 88' lang='lat' dir='ltr'><strong>Salva-</strong></span> 
     </span>
    </p>
   </div>
   <div class='ocr_carea' id='block_1_35' title="bbox 446 1804 2088 1885">
    <p class='ocr_par' dir='ltr' id='par_1_35' title="bbox 446 1804 2088 1885">
     <span class='ocr_line' id='line_1_35' title="bbox 446 1804 2088 1885; baseline -0.006 -14"><span class='ocrx_word' id='word_1_255' title='bbox 446 1820 537 1871; x_wconf 91' lang='lat' dir='ltr'><strong>tor</strong></span> <span class='ocrx_word' id='word_1_256' title='bbox 568 1815 625 1870; x_wconf 89' lang='lat' dir='ltr'><strong>in</strong></span> <span class='ocrx_word' id='word_1_257' title='bbox 666 1813 979 1885; x_wconf 69' lang='lat' dir='ltr'><strong>Evangelio</strong></span> <span class='ocrx_word' id='word_1_258' title='bbox 1009 1811 1149 1868; x_wconf 90' lang='lat' dir='ltr'><strong>dicit</strong></span> <span class='ocrx_word' id='word_1_259' title='bbox 1178 1828 1191 1866; x_wconf 90' lang='lat'><strong>:</strong></span> <span class='ocrx_word' id='word_1_260' title='bbox 1227 1830 1258 1865; x_wconf 88' lang='grc'><strong>‹</strong></span> <span class='ocrx_word' id='word_1_261' title='bbox 1291 1810 1442 1876; x_wconf 90' lang='lat' dir='ltr'><strong>Quia</strong></span> <span class='ocrx_word' id='word_1_262' title='bbox 1498 1807 1670 1865; x_wconf 91' lang='lat' dir='ltr'><strong>multi</strong></span> <span class='ocrx_word' id='word_1_263' title='bbox 1717 1807 1956 1863; x_wconf 88' lang='lat' dir='ltr'><strong>venient</strong></span> <span class='ocrx_word' id='word_1_264' title='bbox 2010 1804 2088 1862; x_wconf 88' lang='lat' dir='ltr'><strong>ab</strong></span> 
     </span>
    </p>
   </div>
   <div class='ocr_carea' id='block_1_36' title="bbox 446 1895 2095 1968">
    <p class='ocr_par' dir='ltr' id='par_1_36' title="bbox 446 1895 2095 1968">
     <span class='ocr_line' id='line_1_36' title="bbox 446 1895 2095 1968; baseline -0.005 -8"><span class='ocrx_word' id='word_1_265' title='bbox 446 1904 670 1961; x_wconf 90' lang='lat' dir='ltr'><strong>oriente</strong></span> <span class='ocrx_word' id='word_1_266' title='bbox 702 1907 760 1958; x_wconf 91' lang='lat' dir='ltr'><strong>et</strong></span> <span class='ocrx_word' id='word_1_267' title='bbox 786 1901 1111 1968; x_wconf 90' lang='lat' dir='ltr'><strong>occidente,</strong></span> <span class='ocrx_word' id='word_1_268' title='bbox 1146 1905 1203 1957; x_wconf 91' lang='lat' dir='ltr'><strong>et</strong></span> <span class='ocrx_word' id='word_1_269' title='bbox 1232 1898 1583 1956; x_wconf 89' lang='lat' dir='ltr'><strong>recumbent</strong></span> <span class='ocrx_word' id='word_1_270' title='bbox 1617 1912 1759 1953; x_wconf 91' lang='lat' dir='ltr'><strong>cum</strong></span> <span class='ocrx_word' id='word_1_271' title='bbox 1787 1895 2095 1952; x_wconf 81' lang='lat' dir='ltr'><strong>Abraham</strong></span> 
     </span>
    </p>
   </div>
   <div class='ocr_carea' id='block_1_37' title="bbox 447 1986 2093 2061">
    <p class='ocr_par' dir='ltr' id='par_1_37' title="bbox 447 1986 2093 2061">
     <span class='ocr_line' id='line_1_37' title="bbox 447 1986 2093 2061; baseline -0.008 -12"><span class='ocrx_word' id='word_1_272' title='bbox 447 1998 504 2049; x_wconf 91' lang='lat' dir='ltr'><strong>et</strong></span> <span class='ocrx_word' id='word_1_273' title='bbox 530 1996 693 2048; x_wconf 88' lang='lat' dir='ltr'><strong>lsaac</strong></span> <span class='ocrx_word' id='word_1_274' title='bbox 719 1996 775 2047; x_wconf 90' lang='lat' dir='ltr'><strong>et</strong></span> <span class='ocrx_word' id='word_1_275' title='bbox 798 1990 981 2047; x_wconf 82' lang='lat' dir='ltr'><strong>Jacob</strong></span> <span class='ocrx_word' id='word_1_276' title='bbox 1014 1990 1073 2045; x_wconf 92' lang='lat' dir='ltr'><strong>in</strong></span> <span class='ocrx_word' id='word_1_277' title='bbox 1103 2005 1289 2061; x_wconf 91' lang='lat' dir='ltr'><strong>regno</strong></span> <span class='ocrx_word' id='word_1_278' title='bbox 1338 1988 1626 2044; x_wconf 75' lang='lat' dir='ltr'><strong>ccelorum</strong></span> <span class='ocrx_word' id='word_1_279' title='bbox 1656 1987 1871 2055; x_wconf 84' lang='lat' dir='ltr'><strong>(Marc.</strong></span> <span class='ocrx_word' id='word_1_280' title='bbox 1926 1986 2031 2056; x_wconf 81' lang='lat' dir='ltr'><strong>1x).</strong></span> <span class='ocrx_word' id='word_1_281' title='bbox 2064 2006 2093 2035; x_wconf 87' lang='grc'><strong>››</strong></span> 
     </span>
    </p>
   </div>
   <div class='ocr_carea' id='block_1_38' title="bbox 447 2074 2099 2152">
    <p class='ocr_par' dir='ltr' id='par_1_38' title="bbox 447 2074 2099 2152">
     <span class='ocr_line' id='line_1_38' title="bbox 447 2074 2099 2152; baseline -0.002 -17"><span class='ocrx_word' id='word_1_282' title='bbox 447 2082 671 2137; x_wconf 87' lang='lat' dir='ltr'><strong>Verum</strong></span> <span class='ocrx_word' id='word_1_283' title='bbox 724 2082 897 2152; x_wconf 84' lang='lat' dir='ltr'><strong>juxta</strong></span> <span class='ocrx_word' id='word_1_284' title='bbox 953 2079 1265 2135; x_wconf 90' lang='lat' dir='ltr'><strong>historiam</strong></span> <span class='ocrx_word' id='word_1_285' title='bbox 1317 2077 1456 2134; x_wconf 92' lang='lat' dir='ltr'><strong>hinc</strong></span> <span class='ocrx_word' id='word_1_286' title='bbox 1485 2075 1676 2132; x_wconf 86' lang='lat' dir='ltr'><strong>Verba</strong></span> <span class='ocrx_word' id='word_1_287' title='bbox 1729 2076 1963 2131; x_wconf 91' lang='lat' dir='ltr'><strong>dierum</strong></span> <span class='ocrx_word' id='word_1_288' title='bbox 2013 2074 2099 2131; x_wconf 88' lang='lat' dir='ltr'><strong>ita</strong></span> 
     </span>
    </p>
   </div>
   <div class='ocr_carea' id='block_1_39' title="bbox 444 2162 2093 2241">
    <p class='ocr_par' dir='ltr' id='par_1_39' title="bbox 444 2162 2093 2241">
     <span class='ocr_line' id='line_1_39' title="bbox 444 2162 2093 2241; baseline -0.005 -15"><span class='ocrx_word' id='word_1_289' title='bbox 444 2175 692 2227; x_wconf 90' lang='lat' dir='ltr'><strong>narrant</strong></span> <span class='ocrx_word' id='word_1_290' title='bbox 720 2187 733 2224; x_wconf 92' lang='lat'><strong>:</strong></span> <span class='ocrx_word' id='word_1_291' title='bbox 764 2192 792 2223; x_wconf 84' lang='grc'><strong>‹‹</strong></span> <span class='ocrx_word' id='word_1_292' title='bbox 830 2167 1138 2226; x_wconf 82' lang='lat' dir='ltr'><strong>Manubias</strong></span> <span class='ocrx_word' id='word_1_293' title='bbox 1157 2182 1401 2241; x_wconf 88' lang='lat' dir='ltr'><strong>quoque</strong></span> <span class='ocrx_word' id='word_1_294' title='bbox 1420 2164 1585 2221; x_wconf 90' lang='lat' dir='ltr'><strong>urbis</strong></span> <span class='ocrx_word' id='word_1_295' title='bbox 1607 2163 1900 2238; x_wconf 88' lang='lat' dir='ltr'><strong>plurimas</strong></span> <span class='ocrx_word' id='word_1_296' title='bbox 1930 2162 2093 2219; x_wconf 88' lang='lat' dir='ltr'><strong>tulit:</strong></span> 
     </span>
    </p>
   </div>
   <div class='ocr_carea' id='block_1_40' title="bbox 446 2252 2099 2333">
    <p class='ocr_par' dir='ltr' id='par_1_40' title="bbox 446 2252 2099 2333">
     <span class='ocr_line' id='line_1_40' title="bbox 446 2252 2099 2333; baseline -0.005 -18"><span class='ocrx_word' id='word_1_297' title='bbox 446 2260 742 2333; x_wconf 91' lang='lat' dir='ltr'><strong>populum</strong></span> <span class='ocrx_word' id='word_1_298' title='bbox 768 2263 970 2315; x_wconf 88' lang='lat' dir='ltr'><strong>autem</strong></span> <span class='ocrx_word' id='word_1_299' title='bbox 999 2257 1104 2330; x_wconf 86' lang='lat' dir='ltr'><strong>qui</strong></span> <span class='ocrx_word' id='word_1_300' title='bbox 1133 2261 1260 2314; x_wconf 91' lang='lat' dir='ltr'><strong>erat</strong></span> <span class='ocrx_word' id='word_1_301' title='bbox 1284 2256 1347 2312; x_wconf 92' lang='lat' dir='ltr'><strong>in</strong></span> <span class='ocrx_word' id='word_1_302' title='bbox 1377 2271 1448 2311; x_wconf 89' lang='lat' dir='ltr'><strong>ea</strong></span> <span class='ocrx_word' id='word_1_303' title='bbox 1473 2253 1695 2321; x_wconf 86' lang='lat' dir='ltr'><strong>eduxit,</strong></span> <span class='ocrx_word' id='word_1_304' title='bbox 1728 2257 1785 2311; x_wconf 90' lang='lat' dir='ltr'><strong>et</strong></span> <span class='ocrx_word' id='word_1_305' title='bbox 1817 2252 1955 2310; x_wconf 87' lang='lat' dir='ltr'><strong>fecit</strong></span> <span class='ocrx_word' id='word_1_306' title='bbox 2001 2269 2099 2308; x_wconf 90' lang='lat' dir='ltr'><strong>su-</strong></span> 
     </span>
    </p>
   </div>
   <div class='ocr_carea' id='block_1_41' title="bbox 446 2343 2099 2421">
    <p class='ocr_par' dir='ltr' id='par_1_41' title="bbox 446 2343 2099 2421">
     <span class='ocr_line' id='line_1_41' title="bbox 446 2343 2099 2421; baseline -0.005 -15"><span class='ocrx_word' id='word_1_307' title='bbox 446 2365 553 2421; x_wconf 91' lang='lat' dir='ltr'><strong>per</strong></span> <span class='ocrx_word' id='word_1_308' title='bbox 601 2366 705 2405; x_wconf 89' lang='lat' dir='ltr'><strong>eos</strong></span> <span class='ocrx_word' id='word_1_309' title='bbox 761 2347 1010 2405; x_wconf 90' lang='lat' dir='ltr'><strong>tribulas</strong></span> <span class='ocrx_word' id='word_1_310' title='bbox 1058 2350 1115 2401; x_wconf 90' lang='lat' dir='ltr'><strong>et</strong></span> <span class='ocrx_word' id='word_1_311' title='bbox 1163 2346 1384 2413; x_wconf 88' lang='lat' dir='ltr'><strong>trahas,</strong></span> <span class='ocrx_word' id='word_1_312' title='bbox 1444 2349 1501 2400; x_wconf 92' lang='lat' dir='ltr'><strong>et</strong></span> <span class='ocrx_word' id='word_1_313' title='bbox 1546 2343 1765 2400; x_wconf 88' lang='lat' dir='ltr'><strong>ferrata</strong></span> <span class='ocrx_word' id='word_1_314' title='bbox 1812 2346 2099 2414; x_wconf 86' lang='lat' dir='ltr'><strong>carpenta</strong></span> 
     </span>
    </p>
   </div>
   <div class='ocr_carea' id='block_1_42' title="bbox 448 2434 2094 2493">
    <p class='ocr_par' dir='ltr' id='par_1_42' title="bbox 448 2434 2094 2493">
     <span class='ocr_line' id='line_1_42' title="bbox 448 2434 2094 2493; baseline -0.007 0"><span class='ocrx_word' id='word_1_315' title='bbox 448 2438 696 2493; x_wconf 90' lang='lat' dir='ltr'><strong>transire</strong></span> <span class='ocrx_word' id='word_1_316' title='bbox 731 2455 744 2492; x_wconf 93' lang='lat'><strong>:</strong></span> <span class='ocrx_word' id='word_1_317' title='bbox 774 2438 858 2493; x_wconf 90' lang='lat' dir='ltr'><strong>ita</strong></span> <span class='ocrx_word' id='word_1_318' title='bbox 887 2441 950 2492; x_wconf 93' lang='lat' dir='ltr'><strong>ut</strong></span> <span class='ocrx_word' id='word_1_319' title='bbox 981 2435 1420 2491; x_wconf 88' lang='lat' dir='ltr'><strong>dissecarentur</strong></span> <span class='ocrx_word' id='word_1_320' title='bbox 1460 2438 1514 2489; x_wconf 90' lang='lat' dir='ltr'><strong>et</strong></span> <span class='ocrx_word' id='word_1_321' title='bbox 1565 2434 2029 2488; x_wconf 88' lang='lat' dir='ltr'><strong>contererentur.</strong></span> <span class='ocrx_word' id='word_1_322' title='bbox 2064 2452 2094 2480; x_wconf 84' lang='grc'><strong>››</strong></span> 
     </span>
    </p>
   </div>
   <div class='ocr_carea' id='block_1_43' title="bbox 450 2520 2092 2590">
    <p class='ocr_par' dir='ltr' id='par_1_43' title="bbox 450 2520 2092 2590">
     <span class='ocr_line' id='line_1_43' title="bbox 450 2520 2092 2590; baseline -0.005 -8"><span class='ocrx_word' id='word_1_323' title='bbox 450 2526 541 2582; x_wconf 91' lang='lat' dir='ltr'><strong>Sic</strong></span> <span class='ocrx_word' id='word_1_324' title='bbox 571 2524 705 2580; x_wconf 81' lang='lat' dir='ltr'><strong>fecit</strong></span> <span class='ocrx_word' id='word_1_325' title='bbox 751 2524 935 2580; x_wconf 86' lang='lat' dir='ltr'><strong>David</strong></span> <span class='ocrx_word' id='word_1_326' title='bbox 965 2523 1192 2579; x_wconf 88' lang='lat' dir='ltr'><strong>cunctis</strong></span> <span class='ocrx_word' id='word_1_327' title='bbox 1223 2522 1472 2578; x_wconf 81' lang='lat' dir='ltr'><strong>urbibus</strong></span> <span class='ocrx_word' id='word_1_328' title='bbox 1504 2520 1766 2576; x_wconf 76' lang='lat' dir='ltr'><strong>filiorum</strong></span> <span class='ocrx_word' id='word_1_329' title='bbox 1810 2522 2092 2590; x_wconf 88' lang='lat' dir='ltr'><strong>Ammon,</strong></span> 
     </span>
    </p>
   </div>
   <div class='ocr_carea' id='block_1_44' title="bbox 447 2607 2091 2684">
    <p class='ocr_par' dir='ltr' id='par_1_44' title="bbox 447 2607 2091 2684">
     <span class='ocr_line' id='line_1_44' title="bbox 447 2607 2091 2684; baseline -0.003 -15"><span class='ocrx_word' id='word_1_330' title='bbox 447 2618 505 2669; x_wconf 90' lang='lat' dir='ltr'><strong>et</strong></span> <span class='ocrx_word' id='word_1_331' title='bbox 530 2629 807 2669; x_wconf 88' lang='lat' dir='ltr'><strong>reversus</strong></span> <span class='ocrx_word' id='word_1_332' title='bbox 832 2616 921 2668; x_wconf 91' lang='lat' dir='ltr'><strong>est</strong></span> <span class='ocrx_word' id='word_1_333' title='bbox 950 2628 1089 2667; x_wconf 91' lang='lat' dir='ltr'><strong>cum</strong></span> <span class='ocrx_word' id='word_1_334' title='bbox 1148 2611 1314 2667; x_wconf 91' lang='lat' dir='ltr'><strong>omni</strong></span> <span class='ocrx_word' id='word_1_335' title='bbox 1362 2610 1590 2684; x_wconf 90' lang='lat' dir='ltr'><strong>populo</strong></span> <span class='ocrx_word' id='word_1_336' title='bbox 1636 2610 1697 2665; x_wconf 91' lang='lat' dir='ltr'><strong>in</strong></span> <span class='ocrx_word' id='word_1_337' title='bbox 1739 2607 2091 2666; x_wconf 87' lang='lat' dir='ltr'><strong>Jerusalem.</strong></span> 
     </span>
    </p>
   </div>
   <div class='ocr_carea' id='block_1_45' title="bbox 446 2696 2093 2764">
    <p class='ocr_par' dir='ltr' id='par_1_45' title="bbox 446 2696 2093 2764">
     <span class='ocr_line' id='line_1_45' title="bbox 446 2696 2093 2764; baseline -0.002 -8"><span class='ocrx_word' id='word_1_338' title='bbox 446 2701 674 2758; x_wconf 89' lang='lat' dir='ltr'><strong>Idcirco</strong></span> <span class='ocrx_word' id='word_1_339' title='bbox 703 2700 816 2757; x_wconf 91' lang='lat' dir='ltr'><strong>ista</strong></span> <span class='ocrx_word' id='word_1_340' title='bbox 856 2699 1206 2756; x_wconf 89' lang='lat' dir='ltr'><strong>subnectere</strong></span> <span class='ocrx_word' id='word_1_341' title='bbox 1250 2699 1474 2764; x_wconf 84' lang='lat' dir='ltr'><strong>curavi,</strong></span> <span class='ocrx_word' id='word_1_342' title='bbox 1525 2704 1587 2755; x_wconf 90' lang='lat' dir='ltr'><strong>ut</strong></span> <span class='ocrx_word' id='word_1_343' title='bbox 1639 2697 1951 2755; x_wconf 89' lang='lat' dir='ltr'><strong>historiam</strong></span> <span class='ocrx_word' id='word_1_344' title='bbox 2001 2696 2093 2753; x_wconf 89' lang='lat' dir='ltr'><strong>lu-</strong></span> 
     </span>
    </p>
   </div>
   <div class='ocr_carea' id='block_1_46' title="bbox 446 2786 1074 2863">
    <p class='ocr_par' dir='ltr' id='par_1_46' title="bbox 446 2786 1074 2863">
     <span class='ocr_line' id='line_1_46' title="bbox 446 2786 1074 2863; baseline -0.005 -17"><span class='ocrx_word' id='word_1_345' title='bbox 446 2790 639 2847; x_wconf 90' lang='lat' dir='ltr'><strong>cidius</strong></span> <span class='ocrx_word' id='word_1_346' title='bbox 669 2786 1074 2863; x_wconf 88' lang='lat' dir='ltr'><strong>proparalem.</strong></span> 
     </span>
    </p>
   </div>
   <div class='ocr_carea' id='block_1_47' title="bbox 1086 2875 1485 2933">
    <p class='ocr_par' dir='ltr' id='par_1_47' title="bbox 1086 2875 1485 2933">
     <span class='ocr_line' id='line_1_47' title="bbox 1086 2875 1485 2933; baseline -0.005 0"><span class='ocrx_word' id='word_1_347' title='bbox 1086 2875 1312 2933; x_wconf 85' lang='lat' dir='ltr'><strong>CAPUT</strong></span> <span class='ocrx_word' id='word_1_348' title='bbox 1351 2878 1485 2932; x_wconf 89' lang='lat' dir='ltr'><strong>Xlll.</strong></span> 
     </span>
    </p>
   </div>
   <div class='ocr_carea' id='block_1_48' title="bbox 518 2964 2164 3060">
    <p class='ocr_par' dir='ltr' id='par_1_48' title="bbox 518 2964 2164 3060">
     <span class='ocr_line' id='line_1_48' title="bbox 518 2964 2164 3060; baseline -0.002 -36"><span class='ocrx_word' id='word_1_349' title='bbox 518 2966 738 3024; x_wconf 91' lang='lat' dir='ltr'><strong>Deinde</strong></span> <span class='ocrx_word' id='word_1_350' title='bbox 769 2967 1037 3060; x_wconf 76' lang='lat' dir='ltr'><strong>sequitur</strong></span> <span class='ocrx_word' id='word_1_351' title='bbox 1060 2964 1313 3038; x_wconf 86' lang='lat' dir='ltr'><strong>qualiter</strong></span> <span class='ocrx_word' id='word_1_352' title='bbox 1341 2980 1587 3022; x_wconf 88' lang='lat' dir='ltr'><strong>exosam</strong></span> <span class='ocrx_word' id='word_1_353' title='bbox 1617 2964 1828 3020; x_wconf 88' lang='lat' dir='ltr'><strong>habuit</strong></span> <span class='ocrx_word' id='word_1_354' title='bbox 1855 2969 2091 3020; x_wconf 80' lang='lat' dir='ltr'><strong>Amnon</strong></span> <span class='ocrx_word' id='word_1_355' title='bbox 2123 3004 2164 3060; x_wconf 66' lang='grc' dir='ltr'>Ο</span> 
     </span>
    </p>
   </div>
   <div class='ocr_carea' id='block_1_49' title="bbox 444 3056 2093 3128">
    <p class='ocr_par' dir='ltr' id='par_1_49' title="bbox 444 3056 2093 3128">
     <span class='ocr_line' id='line_1_49' title="bbox 444 3056 2093 3128; baseline -0.002 -16"><span class='ocrx_word' id='word_1_356' title='bbox 444 3072 712 3113; x_wconf 90' lang='lat' dir='ltr'><strong>sororem</strong></span> <span class='ocrx_word' id='word_1_357' title='bbox 744 3071 919 3112; x_wconf 91' lang='lat' dir='ltr'><strong>suam</strong></span> <span class='ocrx_word' id='word_1_358' title='bbox 970 3056 1229 3111; x_wconf 88' lang='lat' dir='ltr'><strong>Thamar</strong></span> <span class='ocrx_word' id='word_1_359' title='bbox 1284 3058 1425 3128; x_wconf 90' lang='lat' dir='ltr'><strong>post</strong></span> <span class='ocrx_word' id='word_1_360' title='bbox 1476 3057 1812 3125; x_wconf 90' lang='lat' dir='ltr'><strong>peccatum,</strong></span> <span class='ocrx_word' id='word_1_361' title='bbox 1868 3068 2093 3122; x_wconf 89' lang='lat' dir='ltr'><strong>magno</strong></span> 
     </span>
    </p>
   </div>
   <div class='ocr_carea' id='block_1_50' title="bbox 441 3142 2090 3212">
    <p class='ocr_par' dir='ltr' id='par_1_50' title="bbox 441 3142 2090 3212">
     <span class='ocr_line' id='line_1_50' title="bbox 441 3142 2090 3212; baseline -0.002 -12"><span class='ocrx_word' id='word_1_362' title='bbox 441 3144 582 3200; x_wconf 91' lang='lat' dir='ltr'><strong>odio</strong></span> <span class='ocrx_word' id='word_1_363' title='bbox 611 3144 809 3212; x_wconf 92' lang='lat' dir='ltr'><strong>nimis,</strong></span> <span class='ocrx_word' id='word_1_364' title='bbox 851 3148 961 3201; x_wconf 85' lang='lat' dir='ltr'><strong>etc.</strong></span> <span class='ocrx_word' id='word_1_365' title='bbox 1003 3148 1241 3199; x_wconf 81' lang='lat' dir='ltr'><strong>Amnon</strong></span> <span class='ocrx_word' id='word_1_366' title='bbox 1294 3142 1562 3199; x_wconf 84' lang='lat' dir='ltr'><strong>Thamar</strong></span> <span class='ocrx_word' id='word_1_367' title='bbox 1596 3157 1862 3198; x_wconf 90' lang='lat' dir='ltr'><strong>sororem</strong></span> <span class='ocrx_word' id='word_1_368' title='bbox 1917 3157 2090 3197; x_wconf 91' lang='lat' dir='ltr'><strong>suam</strong></span> 
     </span>
    </p>
   </div>
   <div class='ocr_carea' id='block_1_51' title="bbox 441 3231 2093 3306">
    <p class='ocr_par' dir='ltr' id='par_1_51' title="bbox 441 3231 2093 3306">
     <span class='ocr_line' id='line_1_51' title="bbox 441 3231 2093 3306; baseline -0.002 -17"><span class='ocrx_word' id='word_1_369' title='bbox 441 3249 628 3289; x_wconf 89' lang='lat' dir='ltr'><strong>causa</strong></span> <span class='ocrx_word' id='word_1_370' title='bbox 648 3233 998 3290; x_wconf 78' lang='lat' dir='ltr'><strong>offensionis</strong></span> <span class='ocrx_word' id='word_1_371' title='bbox 1023 3233 1209 3289; x_wconf 85' lang='lat' dir='ltr'><strong>David</strong></span> <span class='ocrx_word' id='word_1_372' title='bbox 1234 3232 1419 3306; x_wconf 91' lang='lat' dir='ltr'><strong>patris</strong></span> <span class='ocrx_word' id='word_1_373' title='bbox 1450 3231 1562 3297; x_wconf 87' lang='lat' dir='ltr'><strong>sui,</strong></span> <span class='ocrx_word' id='word_1_374' title='bbox 1590 3231 1901 3287; x_wconf 82' lang='lat' dir='ltr'><strong>incestavit</strong></span> <span class='ocrx_word' id='word_1_375' title='bbox 1931 3249 1944 3287; x_wconf 92' lang='lat'><strong>:</strong></span> <span class='ocrx_word' id='word_1_376' title='bbox 1978 3231 2093 3286; x_wconf 92' lang='lat' dir='ltr'><strong>hoc</strong></span> 
     </span>
    </p>
   </div>
   <div class='ocr_carea' id='block_1_52' title="bbox 440 3318 2095 3392">
    <p class='ocr_par' dir='ltr' id='par_1_52' title="bbox 440 3318 2095 3392">
     <span class='ocr_line' id='line_1_52' title="bbox 440 3318 2095 3392; baseline -0.002 -14"><span class='ocrx_word' id='word_1_377' title='bbox 440 3323 602 3378; x_wconf 92' lang='lat' dir='ltr'><strong>enim</strong></span> <span class='ocrx_word' id='word_1_378' title='bbox 636 3322 747 3378; x_wconf 88' lang='lat' dir='ltr'><strong>fuit</strong></span> <span class='ocrx_word' id='word_1_379' title='bbox 773 3322 1007 3378; x_wconf 91' lang='lat' dir='ltr'><strong>initium</strong></span> <span class='ocrx_word' id='word_1_380' title='bbox 1038 3322 1307 3378; x_wconf 87' lang='lat' dir='ltr'><strong>scandali</strong></span> <span class='ocrx_word' id='word_1_381' title='bbox 1355 3320 1565 3377; x_wconf 88' lang='lat' dir='ltr'><strong>domui</strong></span> <span class='ocrx_word' id='word_1_382' title='bbox 1591 3320 1744 3392; x_wconf 89' lang='lat' dir='ltr'><strong>ejus.</strong></span> <span class='ocrx_word' id='word_1_383' title='bbox 1792 3318 1965 3384; x_wconf 86' lang='lat' dir='ltr'><strong>Quod</strong></span> <span class='ocrx_word' id='word_1_384' title='bbox 1994 3335 2095 3374; x_wconf 89' lang='lat' dir='ltr'><strong>au-</strong></span> 
     </span>
    </p>
   </div>
   <div class='ocr_carea' id='block_1_53' title="bbox 440 3407 2091 3483">
    <p class='ocr_par' dir='ltr' id='par_1_53' title="bbox 440 3407 2091 3483">
     <span class='ocr_line' id='line_1_53' title="bbox 440 3407 2091 3483; baseline -0.002 -17"><span class='ocrx_word' id='word_1_385' title='bbox 440 3414 559 3466; x_wconf 89' lang='lat' dir='ltr'><strong>tem</strong></span> <span class='ocrx_word' id='word_1_386' title='bbox 590 3415 726 3479; x_wconf 89' lang='lat' dir='ltr'><strong>post</strong></span> <span class='ocrx_word' id='word_1_387' title='bbox 744 3415 1083 3483; x_wconf 90' lang='lat' dir='ltr'><strong>perpetrato</strong></span> <span class='ocrx_word' id='word_1_388' title='bbox 1119 3409 1338 3464; x_wconf 91' lang='lat' dir='ltr'><strong>scelere</strong></span> <span class='ocrx_word' id='word_1_389' title='bbox 1361 3426 1607 3464; x_wconf 77' lang='lat' dir='ltr'><strong>exesam</strong></span> <span class='ocrx_word' id='word_1_390' title='bbox 1640 3424 1777 3464; x_wconf 89' lang='lat' dir='ltr'><strong>eam</strong></span> <span class='ocrx_word' id='word_1_391' title='bbox 1808 3407 2091 3464; x_wconf 87' lang='lat' dir='ltr'><strong>habuisse</strong></span> 
     </span>
    </p>
   </div>
   <div class='ocr_carea' id='block_1_54' title="bbox 437 3494 2090 3570">
    <p class='ocr_par' dir='ltr' id='par_1_54' title="bbox 437 3494 2090 3570">
     <span class='ocr_line' id='line_1_54' title="bbox 437 3494 2090 3570; baseline -0.003 -16"><span class='ocrx_word' id='word_1_392' title='bbox 437 3498 673 3569; x_wconf 86' lang='lat' dir='ltr'><strong>legitur,</strong></span> <span class='ocrx_word' id='word_1_393' title='bbox 705 3514 912 3555; x_wconf 89' lang='lat' dir='ltr'><strong>eorum</strong></span> <span class='ocrx_word' id='word_1_394' title='bbox 941 3512 1266 3570; x_wconf 88' lang='lat' dir='ltr'><strong>personam</strong></span> <span class='ocrx_word' id='word_1_395' title='bbox 1296 3497 1604 3570; x_wconf 84' lang='lat' dir='ltr'><strong>expressit,</strong></span> <span class='ocrx_word' id='word_1_396' title='bbox 1638 3499 1742 3568; x_wconf 88' lang='lat' dir='ltr'><strong>qui</strong></span> <span class='ocrx_word' id='word_1_397' title='bbox 1800 3500 1936 3567; x_wconf 90' lang='lat' dir='ltr'><strong>post</strong></span> <span class='ocrx_word' id='word_1_398' title='bbox 1982 3494 2090 3550; x_wconf 89' lang='lat' dir='ltr'><strong>ad-</strong></span> 
     </span>
    </p>
   </div>
   <div class='ocr_carea' id='block_1_55' title="bbox 358 3582 2093 3658">
    <p class='ocr_par' dir='ltr' id='par_1_55' title="bbox 358 3582 2093 3658">
     <span class='ocr_line' id='line_1_55' title="bbox 358 3582 2093 3658; baseline -0.003 -16"><span class='ocrx_word' id='word_1_399' title='bbox 358 3634 363 3635; x_wconf 41' lang='lat'><strong>,</strong></span> <span class='ocrx_word' id='word_1_400' title='bbox 438 3586 695 3642; x_wconf 90' lang='lat' dir='ltr'><strong>missum</strong></span> <span class='ocrx_word' id='word_1_401' title='bbox 748 3584 1060 3658; x_wconf 87' lang='lat' dir='ltr'><strong>quodlibet</strong></span> <span class='ocrx_word' id='word_1_402' title='bbox 1109 3583 1342 3640; x_wconf 87' lang='lat' dir='ltr'><strong>facinus</strong></span> <span class='ocrx_word' id='word_1_403' title='bbox 1398 3584 1596 3654; x_wconf 86' lang='lat' dir='ltr'><strong>majus</strong></span> <span class='ocrx_word' id='word_1_404' title='bbox 1675 3582 1814 3639; x_wconf 93' lang='lat' dir='ltr'><strong>odio</strong></span> <span class='ocrx_word' id='word_1_405' title='bbox 1865 3582 2093 3638; x_wconf 91' lang='lat' dir='ltr'><strong>habent</strong></span> 
     </span>
    </p>
   </div>
   <div class='ocr_carea' id='block_1_56' title="bbox 437 3670 2089 3747">
    <p class='ocr_par' dir='ltr' id='par_1_56' title="bbox 437 3670 2089 3747">
     <span class='ocr_line' id='line_1_56' title="bbox 437 3670 2089 3747; baseline -0.002 -16"><span class='ocrx_word' id='word_1_406' title='bbox 437 3690 625 3747; x_wconf 89' lang='lat' dir='ltr'><strong>quam</strong></span> <span class='ocrx_word' id='word_1_407' title='bbox 652 3679 788 3730; x_wconf 88' lang='lat' dir='ltr'><strong>ante</strong></span> <span class='ocrx_word' id='word_1_408' title='bbox 820 3674 1324 3747; x_wconf 91' lang='lat' dir='ltr'><strong>perpetrationem</strong></span> <span class='ocrx_word' id='word_1_409' title='bbox 1353 3671 1499 3727; x_wconf 86' lang='lat' dir='ltr'><strong>illud</strong></span> <span class='ocrx_word' id='word_1_410' title='bbox 1527 3671 1879 3738; x_wconf 88' lang='lat' dir='ltr'><strong>dilexerant,</strong></span> <span class='ocrx_word' id='word_1_411' title='bbox 1913 3675 1970 3727; x_wconf 90' lang='lat' dir='ltr'><strong>et</strong></span> <span class='ocrx_word' id='word_1_412' title='bbox 2010 3670 2089 3727; x_wconf 93' lang='lat' dir='ltr'><strong>ob</strong></span> 
     </span>
    </p>
   </div>
   <div class='ocr_carea' id='block_1_57' title="bbox 437 3759 2090 3835">
    <p class='ocr_par' dir='ltr' id='par_1_57' title="bbox 437 3759 2090 3835">
     <span class='ocr_line' id='line_1_57' title="bbox 437 3759 2090 3835; baseline -0.002 -15"><span class='ocrx_word' id='word_1_413' title='bbox 437 3765 553 3820; x_wconf 90' lang='lat' dir='ltr'><strong>hoc</strong></span> <span class='ocrx_word' id='word_1_414' title='bbox 579 3764 751 3819; x_wconf 90' lang='lat' dir='ltr'><strong>citius</strong></span> <span class='ocrx_word' id='word_1_415' title='bbox 782 3763 1018 3820; x_wconf 89' lang='lat' dir='ltr'><strong>veniam</strong></span> <span class='ocrx_word' id='word_1_416' title='bbox 1050 3767 1522 3835; x_wconf 90' lang='lat' dir='ltr'><strong>consequuntur,</strong></span> <span class='ocrx_word' id='word_1_417' title='bbox 1553 3778 1740 3833; x_wconf 89' lang='lat' dir='ltr'><strong>quam</strong></span> <span class='ocrx_word' id='word_1_418' title='bbox 1770 3760 1851 3815; x_wconf 88' lang='lat' dir='ltr'><strong>illi</strong></span> <span class='ocrx_word' id='word_1_419' title='bbox 1872 3759 1977 3833; x_wconf 89' lang='lat' dir='ltr'><strong>qui</strong></span> <span class='ocrx_word' id='word_1_420' title='bbox 2007 3760 2090 3816; x_wconf 82' lang='lat' dir='ltr'><strong>fa-</strong></span> 
     </span>
    </p>
   </div>
   <div class='ocr_carea' id='block_1_58' title="bbox 439 3848 2088 3922">
    <p class='ocr_par' dir='ltr' id='par_1_58' title="bbox 439 3848 2088 3922">
     <span class='ocr_line' id='line_1_58' title="bbox 439 3848 2088 3922; baseline -0.002 -13"><span class='ocrx_word' id='word_1_421' title='bbox 439 3854 603 3909; x_wconf 91' lang='lat' dir='ltr'><strong>ciunt</strong></span> <span class='ocrx_word' id='word_1_422' title='bbox 629 3858 684 3909; x_wconf 90' lang='lat' dir='ltr'><strong>et</strong></span> <span class='ocrx_word' id='word_1_423' title='bbox 708 3852 984 3922; x_wconf 89' lang='lat' dir='ltr'><strong>diligunt,</strong></span> <span class='ocrx_word' id='word_1_424' title='bbox 1039 3851 1088 3906; x_wconf 92' lang='lat' dir='ltr'><strong>si</strong></span> <span class='ocrx_word' id='word_1_425' title='bbox 1116 3856 1319 3907; x_wconf 90' lang='lat' dir='ltr'><strong>tamen</strong></span> <span class='ocrx_word' id='word_1_426' title='bbox 1346 3850 1408 3906; x_wconf 94' lang='lat' dir='ltr'><strong>in</strong></span> <span class='ocrx_word' id='word_1_427' title='bbox 1439 3850 1598 3906; x_wconf 87' lang='lat' dir='ltr'><strong>aliud</strong></span> <span class='ocrx_word' id='word_1_428' title='bbox 1628 3849 1857 3906; x_wconf 90' lang='lat' dir='ltr'><strong>malum</strong></span> <span class='ocrx_word' id='word_1_429' title='bbox 1887 3848 2088 3906; x_wconf 92' lang='lat' dir='ltr'><strong>denuo</strong></span> 
     </span>
    </p>
   </div>
   <div class='ocr_carea' id='block_1_59' title="bbox 435 3938 2087 4013">
    <p class='ocr_par' dir='ltr' id='par_1_59' title="bbox 435 3938 2087 4013">
     <span class='ocr_line' id='line_1_59' title="bbox 435 3938 2087 4013; baseline -0.002 -16"><span class='ocrx_word' id='word_1_430' title='bbox 435 3957 558 3998; x_wconf 93' lang='lat' dir='ltr'><strong>non</strong></span> <span class='ocrx_word' id='word_1_431' title='bbox 589 3941 922 3998; x_wconf 76' lang='lat' dir='ltr'><strong>offendunt.</strong></span> <span class='ocrx_word' id='word_1_432' title='bbox 955 3941 1117 3998; x_wconf 89' lang='lat' dir='ltr'><strong>Sicut</strong></span> <span class='ocrx_word' id='word_1_433' title='bbox 1162 3942 1421 4006; x_wconf 85' lang='lat' dir='ltr'><strong>Amnon,</strong></span> <span class='ocrx_word' id='word_1_434' title='bbox 1454 3939 1557 4013; x_wconf 91' lang='lat' dir='ltr'><strong>qui</strong></span> <span class='ocrx_word' id='word_1_435' title='bbox 1588 3944 1723 4012; x_wconf 93' lang='lat' dir='ltr'><strong>post</strong></span> <span class='ocrx_word' id='word_1_436' title='bbox 1748 3938 2087 3995; x_wconf 90' lang='lat' dir='ltr'><strong>admissum</strong></span> 
     </span>
    </p>
   </div>
   <div class='ocr_carea' id='block_1_60' title="bbox 440 4028 2084 4102">
    <p class='ocr_par' dir='ltr' id='par_1_60' title="bbox 440 4028 2084 4102">
     <span class='ocr_line' id='line_1_60' title="bbox 440 4028 2084 4102; baseline 0 -18"><span class='ocrx_word' id='word_1_437' title='bbox 440 4035 718 4102; x_wconf 90' lang='lat' dir='ltr'><strong>stuprum</strong></span> <span class='ocrx_word' id='word_1_438' title='bbox 739 4031 801 4084; x_wconf 91' lang='lat' dir='ltr'><strong>in</strong></span> <span class='ocrx_word' id='word_1_439' title='bbox 827 4045 1029 4085; x_wconf 90' lang='lat' dir='ltr'><strong>sorore</strong></span> <span class='ocrx_word' id='word_1_440' title='bbox 1057 4046 1188 4102; x_wconf 89' lang='lat' dir='ltr'><strong>sua,</strong></span> <span class='ocrx_word' id='word_1_441' title='bbox 1221 4029 1301 4087; x_wconf 91' lang='lat' dir='ltr'><strong>ob</strong></span> <span class='ocrx_word' id='word_1_442' title='bbox 1327 4029 1441 4084; x_wconf 91' lang='lat' dir='ltr'><strong>hoc</strong></span> <span class='ocrx_word' id='word_1_443' title='bbox 1463 4033 1716 4084; x_wconf 89' lang='lat' dir='ltr'><strong>mortem</strong></span> <span class='ocrx_word' id='word_1_444' title='bbox 1732 4043 1856 4083; x_wconf 93' lang='lat' dir='ltr'><strong>non</strong></span> <span class='ocrx_word' id='word_1_445' title='bbox 1877 4028 2084 4091; x_wconf 89' lang='lat' dir='ltr'><strong>evasit,</strong></span> 
     </span>
    </p>
   </div>
   <div class='ocr_carea' id='block_1_61' title="bbox 436 4116 2089 4189">
    <p class='ocr_par' dir='ltr' id='par_1_61' title="bbox 436 4116 2089 4189">
     <span class='ocr_line' id='line_1_61' title="bbox 436 4116 2089 4189; baseline -0.001 -17"><span class='ocrx_word' id='word_1_446' title='bbox 436 4118 581 4188; x_wconf 91' lang='lat' dir='ltr'><strong>quia</strong></span> <span class='ocrx_word' id='word_1_447' title='bbox 606 4117 976 4188; x_wconf 89' lang='lat' dir='ltr'><strong>ebrietatem,</strong></span> <span class='ocrx_word' id='word_1_448' title='bbox 1007 4133 1144 4189; x_wconf 65' lang='lat' dir='ltr'><strong>quae</strong></span> <span class='ocrx_word' id='word_1_449' title='bbox 1198 4118 1390 4172; x_wconf 86' lang='lat' dir='ltr'><strong>fomes</strong></span> <span class='ocrx_word' id='word_1_450' title='bbox 1417 4122 1503 4172; x_wconf 90' lang='lat' dir='ltr'><strong>est</strong></span> <span class='ocrx_word' id='word_1_451' title='bbox 1530 4116 1801 4183; x_wconf 82' lang='lat' dir='ltr'><strong>luxuriae,</strong></span> <span class='ocrx_word' id='word_1_452' title='bbox 1836 4132 1959 4171; x_wconf 92' lang='lat' dir='ltr'><strong>non</strong></span> <span class='ocrx_word' id='word_1_453' title='bbox 2006 4116 2089 4171; x_wconf 90' lang='lat' dir='ltr'><strong>vi-</strong></span> 
     </span>
    </p>
   </div>
   <div class='ocr_carea' id='block_1_62' title="bbox 437 4204 2085 4273">
    <p class='ocr_par' dir='ltr' id='par_1_62' title="bbox 437 4204 2085 4273">
     <span class='ocr_line' id='line_1_62' title="bbox 437 4204 2085 4273; baseline 0 -14"><span class='ocrx_word' id='word_1_454' title='bbox 437 4204 601 4259; x_wconf 88' lang='lat' dir='ltr'><strong>tavit.</strong></span> <span class='ocrx_word' id='word_1_455' title='bbox 635 4204 922 4260; x_wconf 83' lang='lat' dir='ltr'><strong>Moraliter</strong></span> <span class='ocrx_word' id='word_1_456' title='bbox 946 4221 1086 4259; x_wconf 88' lang='lat' dir='ltr'><strong>vero</strong></span> <span class='ocrx_word' id='word_1_457' title='bbox 1116 4220 1438 4260; x_wconf 90' lang='lat' dir='ltr'><strong>monemur</strong></span> <span class='ocrx_word' id='word_1_458' title='bbox 1464 4205 1579 4260; x_wconf 92' lang='lat' dir='ltr'><strong>hoc</strong></span> <span class='ocrx_word' id='word_1_459' title='bbox 1605 4204 1782 4273; x_wconf 80' lang='lat' dir='ltr'><strong>facto,</strong></span> <span class='ocrx_word' id='word_1_460' title='bbox 1811 4208 1879 4259; x_wconf 94' lang='lat' dir='ltr'><strong>ut</strong></span> <span class='ocrx_word' id='word_1_461' title='bbox 1928 4220 2085 4259; x_wconf 91' lang='lat' dir='ltr'><strong>sem-</strong></span> 
     </span>
    </p>
   </div>
   <div class='ocr_carea' id='block_1_63' title="bbox 438 4291 2084 4365">
    <p class='ocr_par' dir='ltr' id='par_1_63' title="bbox 438 4291 2084 4365">
     <span class='ocr_line' id='line_1_63' title="bbox 438 4291 2084 4365; baseline 0.001 -19"><span class='ocrx_word' id='word_1_462' title='bbox 438 4307 545 4364; x_wconf 89' lang='lat' dir='ltr'><strong>per</strong></span> <span class='ocrx_word' id='word_1_463' title='bbox 561 4296 732 4347; x_wconf 89' lang='lat' dir='ltr'><strong>caute</strong></span> <span class='ocrx_word' id='word_1_464' title='bbox 765 4306 835 4347; x_wconf 90' lang='lat' dir='ltr'><strong>ac</strong></span> <span class='ocrx_word' id='word_1_465' title='bbox 888 4292 1214 4365; x_wconf 91' lang='lat' dir='ltr'><strong>prudenter</strong></span> <span class='ocrx_word' id='word_1_466' title='bbox 1263 4306 1547 4361; x_wconf 81' lang='lat' dir='ltr'><strong>agamus,</strong></span> <span class='ocrx_word' id='word_1_467' title='bbox 1589 4308 1664 4346; x_wconf 91' lang='lat' dir='ltr'><strong>ne</strong></span> <span class='ocrx_word' id='word_1_468' title='bbox 1693 4291 1846 4348; x_wconf 88' lang='lat' dir='ltr'><strong>forte</strong></span> <span class='ocrx_word' id='word_1_469' title='bbox 1889 4292 2084 4348; x_wconf 81' lang='lat' dir='ltr'><strong>domi-</strong></span> 
     </span>
    </p>
   </div>
   <div class='ocr_carea' id='block_1_64' title="bbox 438 4379 2082 4454">
    <p class='ocr_par' dir='ltr' id='par_1_64' title="bbox 438 4379 2082 4454">
     <span class='ocr_line' id='line_1_64' title="bbox 438 4379 2082 4454; baseline 0.001 -18"><span class='ocrx_word' id='word_1_470' title='bbox 438 4379 919 4437; x_wconf 90' lang='lat' dir='ltr'><strong>nenturinnobis</strong></span> <span class='ocrx_word' id='word_1_471' title='bbox 961 4379 1105 4435; x_wconf 89' lang='lat' dir='ltr'><strong>vitia</strong></span> <span class='ocrx_word' id='word_1_472' title='bbox 1134 4386 1187 4436; x_wconf 93' lang='lat' dir='ltr'><strong>et</strong></span> <span class='ocrx_word' id='word_1_473' title='bbox 1220 4380 1499 4454; x_wconf 87' lang='lat' dir='ltr'><strong>princeps</strong></span> <span class='ocrx_word' id='word_1_474' title='bbox 1537 4379 1788 4453; x_wconf 90' lang='lat' dir='ltr'><strong>peccati,</strong></span> <span class='ocrx_word' id='word_1_475' title='bbox 1829 4380 1933 4453; x_wconf 89' lang='lat' dir='ltr'><strong>qui</strong></span> <span class='ocrx_word' id='word_1_476' title='bbox 1976 4381 2082 4437; x_wconf 89' lang='lat' dir='ltr'><strong>fal-</strong></span> 
     </span>
    </p>
   </div>
   <div class='ocr_carea' id='block_1_65' title="bbox 440 4470 2087 4546">
    <p class='ocr_par' dir='ltr' id='par_1_65' title="bbox 440 4470 2087 4546">
     <span class='ocr_line' id='line_1_65' title="bbox 440 4470 2087 4546; baseline -0.001 -17"><span class='ocrx_word' id='word_1_477' title='bbox 440 4489 572 4529; x_wconf 90' lang='lat' dir='ltr'><strong>sam</strong></span> <span class='ocrx_word' id='word_1_478' title='bbox 600 4487 812 4546; x_wconf 90' lang='lat' dir='ltr'><strong>pacem</strong></span> <span class='ocrx_word' id='word_1_479' title='bbox 856 4470 1327 4545; x_wconf 90' lang='lat' dir='ltr'><strong>periclitantibus</strong></span> <span class='ocrx_word' id='word_1_480' title='bbox 1361 4470 1634 4544; x_wconf 86' lang='lat' dir='ltr'><strong>spondet,</strong></span> <span class='ocrx_word' id='word_1_481' title='bbox 1675 4486 1789 4526; x_wconf 91' lang='lat' dir='ltr'><strong>nos</strong></span> <span class='ocrx_word' id='word_1_482' title='bbox 1824 4470 2087 4545; x_wconf 88' lang='lat' dir='ltr'><strong>impara-</strong></span> 
     </span>
    </p>
   </div>
   <div class='ocr_carea' id='block_1_66' title="bbox 435 4559 2083 4634">
    <p class='ocr_par' dir='ltr' id='par_1_66' title="bbox 435 4559 2083 4634">
     <span class='ocr_line' id='line_1_66' title="bbox 435 4559 2083 4634; baseline -0.001 -15"><span class='ocrx_word' id='word_1_483' title='bbox 435 4567 528 4619; x_wconf 90' lang='lat' dir='ltr'><strong>tos</strong></span> <span class='ocrx_word' id='word_1_484' title='bbox 599 4561 930 4627; x_wconf 91' lang='lat' dir='ltr'><strong>inveniens,</strong></span> <span class='ocrx_word' id='word_1_485' title='bbox 1050 4565 1230 4634; x_wconf 91' lang='lat' dir='ltr'><strong>atque</strong></span> <span class='ocrx_word' id='word_1_486' title='bbox 1320 4559 1683 4632; x_wconf 89' lang='lat' dir='ltr'><strong>improvisos</strong></span> <span class='ocrx_word' id='word_1_487' title='bbox 1785 4560 2083 4617; x_wconf 90' lang='lat' dir='ltr'><strong>trucidet:</strong></span> 
     </span>
    </p>
   </div>
   <div class='ocr_carea' id='block_1_67' title="bbox 328 4648 2087 4718">
    <p class='ocr_par' dir='ltr' id='par_1_67' title="bbox 328 4648 2087 4718">
     <span class='ocr_line' id='line_1_67' title="bbox 328 4648 2087 4718; baseline -0.001 -11"><span class='ocrx_word' id='word_1_488' title='bbox 328 4656 331 4661; x_wconf 45' lang='grc' dir='ltr'><strong><em>λ</em></strong></span> <span class='ocrx_word' id='word_1_489' title='bbox 436 4651 589 4708; x_wconf 89' lang='lat' dir='ltr'><strong>sicut</strong></span> <span class='ocrx_word' id='word_1_490' title='bbox 653 4651 941 4708; x_wconf 89' lang='lat' dir='ltr'><strong>Absalom</strong></span> <span class='ocrx_word' id='word_1_491' title='bbox 999 4656 1237 4706; x_wconf 90' lang='lat' dir='ltr'><strong>Amnon</strong></span> <span class='ocrx_word' id='word_1_492' title='bbox 1318 4648 1561 4704; x_wconf 87' lang='lat' dir='ltr'><strong>fratrem</strong></span> <span class='ocrx_word' id='word_1_493' title='bbox 1649 4666 1849 4718; x_wconf 90' lang='lat' dir='ltr'><strong>suum,</strong></span> <span class='ocrx_word' id='word_1_494' title='bbox 1934 4665 2087 4705; x_wconf 91' lang='lat' dir='ltr'><strong>sem-</strong></span> 
     </span>
    </p>
   </div>
   <div class='ocr_carea' id='block_1_68' title="bbox 434 4738 2087 4814">
    <p class='ocr_par' dir='ltr' id='par_1_68' title="bbox 434 4738 2087 4814">
     <span class='ocr_line' id='line_1_68' title="bbox 434 4738 2087 4814; baseline -0.001 -16"><span class='ocrx_word' id='word_1_495' title='bbox 434 4758 543 4813; x_wconf 90' lang='lat' dir='ltr'><strong>per</strong></span> <span class='ocrx_word' id='word_1_496' title='bbox 572 4747 849 4814; x_wconf 86' lang='lat' dir='ltr'><strong>stuprum</strong></span> <span class='ocrx_word' id='word_1_497' title='bbox 881 4744 1140 4798; x_wconf 88' lang='lat' dir='ltr'><strong>Thamar</strong></span> <span class='ocrx_word' id='word_1_498' title='bbox 1169 4741 1477 4797; x_wconf 89' lang='lat' dir='ltr'><strong>incautum</strong></span> <span class='ocrx_word' id='word_1_499' title='bbox 1508 4739 1759 4795; x_wconf 88' lang='lat' dir='ltr'><strong>necavit.</strong></span> <span class='ocrx_word' id='word_1_500' title='bbox 1794 4738 2087 4796; x_wconf 84' lang='lat' dir='ltr'><strong>Absolum</strong></span> 
     </span>
    </p>
   </div>
   <div class='ocr_carea' id='block_1_69' title="bbox 431 4828 2087 4902">
    <p class='ocr_par' dir='ltr' id='par_1_69' title="bbox 431 4828 2087 4902">
     <span class='ocr_line' id='line_1_69' title="bbox 431 4828 2087 4902; baseline 0.002 -19"><span class='ocrx_word' id='word_1_501' title='bbox 431 4837 609 4896; x_wconf 78' lang='lat' dir='ltr'><strong>pater</strong></span> <span class='ocrx_word' id='word_1_502' title='bbox 654 4833 823 4897; x_wconf 86' lang='lat' dir='ltr'><strong>pacis</strong></span> <span class='ocrx_word' id='word_1_503' title='bbox 882 4831 1002 4885; x_wconf 84' lang='lat' dir='ltr'><strong>sive</strong></span> <span class='ocrx_word' id='word_1_504' title='bbox 1053 4832 1247 4899; x_wconf 80' lang='lat' dir='ltr'><strong>patris</strong></span> <span class='ocrx_word' id='word_1_505' title='bbox 1286 4844 1414 4899; x_wconf 72' lang='lat' dir='ltr'><strong>pax</strong></span> <span class='ocrx_word' id='word_1_506' title='bbox 1463 4828 1885 4902; x_wconf 88' lang='lat' dir='ltr'><strong>interpretatur</strong></span> <span class='ocrx_word' id='word_1_507' title='bbox 1915 4833 2087 4886; x_wconf 90' lang='lat' dir='ltr'><strong>:Am-</strong></span> 
     </span>
    </p>
   </div>
   <div class='ocr_carea' id='block_1_70' title="bbox 435 4915 2085 4991">
    <p class='ocr_par' dir='ltr' id='par_1_70' title="bbox 435 4915 2085 4991">
     <span class='ocr_line' id='line_1_70' title="bbox 435 4915 2085 4991; baseline 0.003 -23"><span class='ocrx_word' id='word_1_508' title='bbox 435 4929 558 4968; x_wconf 93' lang='lat' dir='ltr'><strong>non</strong></span> <span class='ocrx_word' id='word_1_509' title='bbox 611 4915 862 4981; x_wconf 85' lang='lat' dir='ltr'><strong>donans,</strong></span> <span class='ocrx_word' id='word_1_510' title='bbox 917 4922 973 4971; x_wconf 92' lang='lat' dir='ltr'><strong>et</strong></span> <span class='ocrx_word' id='word_1_511' title='bbox 1025 4918 1284 4974; x_wconf 86' lang='lat' dir='ltr'><strong>Thamar</strong></span> <span class='ocrx_word' id='word_1_512' title='bbox 1333 4918 1719 4985; x_wconf 81' lang='lat' dir='ltr'><strong>amaritudo;</strong></span> <span class='ocrx_word' id='word_1_513' title='bbox 1769 4918 1872 4991; x_wconf 91' lang='lat' dir='ltr'><strong>qui</strong></span> <span class='ocrx_word' id='word_1_514' title='bbox 1924 4920 2085 4975; x_wconf 90' lang='lat' dir='ltr'><strong>enim</strong></span> 
     </span>
    </p>
   </div>
   <div class='ocr_carea' id='block_1_71' title="bbox 436 5000 2087 5077">
    <p class='ocr_par' dir='ltr' id='par_1_71' title="bbox 436 5000 2087 5077">
     <span class='ocr_line' id='line_1_71' title="bbox 436 5000 2087 5077; baseline 0.002 -21"><span class='ocrx_word' id='word_1_515' title='bbox 436 5000 711 5056; x_wconf 89' lang='lat' dir='ltr'><strong>membra</strong></span> <span class='ocrx_word' id='word_1_516' title='bbox 738 5017 848 5057; x_wconf 91' lang='lat' dir='ltr'><strong>sua</strong></span> <span class='ocrx_word' id='word_1_517' title='bbox 876 5003 1062 5057; x_wconf 90' lang='lat' dir='ltr'><strong>donat</strong></span> <span class='ocrx_word' id='word_1_518' title='bbox 1090 5005 1340 5069; x_wconf 87' lang='lat' dir='ltr'><strong>libidini,</strong></span> <span class='ocrx_word' id='word_1_519' title='bbox 1396 5005 1786 5077; x_wconf 87' lang='lat' dir='ltr'><strong>semetipsum</strong></span> <span class='ocrx_word' id='word_1_520' title='bbox 1845 5005 2087 5061; x_wconf 90' lang='lat' dir='ltr'><strong>tradidit</strong></span> 
     </span>
    </p>
   </div>
   <div class='ocr_carea' id='block_1_72' title="bbox 437 5089 2083 5164">
    <p class='ocr_par' dir='ltr' id='par_1_72' title="bbox 437 5089 2083 5164">
     <span class='ocr_line' id='line_1_72' title="bbox 437 5089 2083 5164; baseline 0.002 -20"><span class='ocrx_word' id='word_1_521' title='bbox 437 5089 655 5145; x_wconf 90' lang='lat' dir='ltr'><strong>servire</strong></span> <span class='ocrx_word' id='word_1_522' title='bbox 676 5089 966 5162; x_wconf 88' lang='lat' dir='ltr'><strong>iniquitati</strong></span> <span class='ocrx_word' id='word_1_523' title='bbox 999 5090 1077 5145; x_wconf 88' lang='lat' dir='ltr'><strong>ad</strong></span> <span class='ocrx_word' id='word_1_524' title='bbox 1103 5090 1500 5162; x_wconf 86' lang='lat' dir='ltr'><strong>iniquitatem,</strong></span> <span class='ocrx_word' id='word_1_525' title='bbox 1549 5094 1609 5148; x_wconf 93' lang='lat' dir='ltr'><strong>in</strong></span> <span class='ocrx_word' id='word_1_526' title='bbox 1642 5094 1867 5164; x_wconf 86' lang='lat' dir='ltr'><strong>peccati</strong></span> <span class='ocrx_word' id='word_1_527' title='bbox 1912 5108 2083 5147; x_wconf 88' lang='lat' dir='ltr'><strong>ama-</strong></span> 
     </span>
    </p>
   </div>
   <div class='ocr_carea' id='block_1_73' title="bbox 435 5175 2083 5252">
    <p class='ocr_par' dir='ltr' id='par_1_73' title="bbox 435 5175 2083 5252">
     <span class='ocr_line' id='line_1_73' title="bbox 435 5175 2083 5252; baseline 0.001 -19"><span class='ocrx_word' id='word_1_528' title='bbox 435 5175 757 5234; x_wconf 91' lang='lat' dir='ltr'><strong>ritudinem</strong></span> <span class='ocrx_word' id='word_1_529' title='bbox 783 5177 985 5234; x_wconf 88' lang='lat' dir='ltr'><strong>cadit:</strong></span> <span class='ocrx_word' id='word_1_530' title='bbox 1020 5178 1155 5233; x_wconf 91' lang='lat' dir='ltr'><strong>licet</strong></span> <span class='ocrx_word' id='word_1_531' title='bbox 1181 5179 1458 5235; x_wconf 89' lang='lat' dir='ltr'><strong>inimicus</strong></span> <span class='ocrx_word' id='word_1_532' title='bbox 1504 5198 1567 5236; x_wconf 91' lang='lat' dir='ltr'><strong>se</strong></span> <span class='ocrx_word' id='word_1_533' title='bbox 1622 5180 1796 5252; x_wconf 90' lang='lat' dir='ltr'><strong>quasi</strong></span> <span class='ocrx_word' id='word_1_534' title='bbox 1847 5183 2083 5252; x_wconf 90' lang='lat' dir='ltr'><strong>patrem</strong></span> 
     </span>
    </p>
   </div>
   <div class='ocr_carea' id='block_1_74' title="bbox 435 5266 2083 5340">
    <p class='ocr_par' dir='ltr' id='par_1_74' title="bbox 435 5266 2083 5340">
     <span class='ocr_line' id='line_1_74' title="bbox 435 5266 2083 5340; baseline 0.002 -18"><span class='ocrx_word' id='word_1_535' title='bbox 435 5266 599 5339; x_wconf 88' lang='lat' dir='ltr'><strong>pacis</strong></span> <span class='ocrx_word' id='word_1_536' title='bbox 628 5271 899 5335; x_wconf 86' lang='lat' dir='ltr'><strong>ostentet;</strong></span> <span class='ocrx_word' id='word_1_537' title='bbox 934 5270 990 5322; x_wconf 90' lang='lat' dir='ltr'><strong>et</strong></span> <span class='ocrx_word' id='word_1_538' title='bbox 1020 5283 1304 5339; x_wconf 86' lang='lat' dir='ltr'><strong>prospera</strong></span> <span class='ocrx_word' id='word_1_539' title='bbox 1334 5284 1443 5340; x_wconf 90' lang='lat' dir='ltr'><strong>pro</strong></span> <span class='ocrx_word' id='word_1_540' title='bbox 1480 5267 1702 5323; x_wconf 88' lang='lat' dir='ltr'><strong>talibus</strong></span> <span class='ocrx_word' id='word_1_541' title='bbox 1735 5267 1901 5322; x_wconf 81' lang='lat' dir='ltr'><strong>factis</strong></span> <span class='ocrx_word' id='word_1_542' title='bbox 1948 5284 2083 5340; x_wconf 91' lang='lat' dir='ltr'><strong>pro-</strong></span> 
     </span>
    </p>
   </div>
   <div class='ocr_carea' id='block_1_75' title="bbox 434 5353 2080 5427">
    <p class='ocr_par' dir='ltr' id='par_1_75' title="bbox 434 5353 2080 5427">
     <span class='ocr_line' id='line_1_75' title="bbox 434 5353 2080 5427; baseline 0.002 -19"><span class='ocrx_word' id='word_1_543' title='bbox 434 5354 637 5409; x_wconf 88' lang='lat' dir='ltr'><strong>venire</strong></span> <span class='ocrx_word' id='word_1_544' title='bbox 668 5353 817 5410; x_wconf 84' lang='lat' dir='ltr'><strong>falso</strong></span> <span class='ocrx_word' id='word_1_545' title='bbox 837 5355 1163 5427; x_wconf 87' lang='lat' dir='ltr'><strong>promittat.</strong></span> <span class='ocrx_word' id='word_1_546' title='bbox 1196 5358 1445 5411; x_wconf 84' lang='lat' dir='ltr'><strong>Necesse</strong></span> <span class='ocrx_word' id='word_1_547' title='bbox 1467 5360 1555 5409; x_wconf 92' lang='lat' dir='ltr'><strong>est</strong></span> <span class='ocrx_word' id='word_1_548' title='bbox 1578 5355 1738 5410; x_wconf 89' lang='lat' dir='ltr'><strong>enim</strong></span> <span class='ocrx_word' id='word_1_549' title='bbox 1768 5359 1835 5410; x_wconf 92' lang='lat' dir='ltr'><strong>ut</strong></span> <span class='ocrx_word' id='word_1_550' title='bbox 1864 5355 1977 5411; x_wconf 92' lang='lat' dir='ltr'><strong>cito</strong></span> <span class='ocrx_word' id='word_1_551' title='bbox 2001 5357 2080 5414; x_wconf 90' lang='lat' dir='ltr'><strong>ad</strong></span> 
     </span>
    </p>
   </div>
   <div class='ocr_carea' id='block_1_76' title="bbox 432 5443 2079 5515">
    <p class='ocr_par' dir='ltr' id='par_1_76' title="bbox 432 5443 2079 5515">
     <span class='ocr_line' id='line_1_76' title="bbox 432 5443 2079 5515; baseline 0.002 -17"><span class='ocrx_word' id='word_1_552' title='bbox 432 5443 843 5515; x_wconf 70' lang='lat' dir='ltr'><strong>paenitentiam</strong></span> <span class='ocrx_word' id='word_1_553' title='bbox 914 5449 1050 5515; x_wconf 87' lang='lat' dir='ltr'><strong>post</strong></span> <span class='ocrx_word' id='word_1_554' title='bbox 1108 5443 1299 5499; x_wconf 90' lang='lat' dir='ltr'><strong>scelus</strong></span> <span class='ocrx_word' id='word_1_555' title='bbox 1360 5443 1698 5514; x_wconf 87' lang='lat' dir='ltr'><strong>redeamus,</strong></span> <span class='ocrx_word' id='word_1_556' title='bbox 1787 5460 1860 5500; x_wconf 91' lang='lat' dir='ltr'><strong>ne</strong></span> <span class='ocrx_word' id='word_1_557' title='bbox 1929 5444 2079 5502; x_wconf 89' lang='lat' dir='ltr'><strong>forte</strong></span> 
     </span>
    </p>
   </div>
   <div class='ocr_carea' id='block_1_77' title="bbox 429 5531 2077 5603">
    <p class='ocr_par' dir='ltr' id='par_1_77' title="bbox 429 5531 2077 5603">
     <span class='ocr_line' id='line_1_77' title="bbox 429 5531 2077 5603; baseline 0.001 -13"><span class='ocrx_word' id='word_1_558' title='bbox 429 5532 735 5603; x_wconf 85' lang='lat' dir='ltr'><strong>diabolus,</strong></span> <span class='ocrx_word' id='word_1_559' title='bbox 782 5533 832 5588; x_wconf 87' lang='lat' dir='ltr'><strong>si</strong></span> <span class='ocrx_word' id='word_1_560' title='bbox 858 5534 1057 5590; x_wconf 89' lang='lat' dir='ltr'><strong>adhuc</strong></span> <span class='ocrx_word' id='word_1_561' title='bbox 1085 5532 1351 5590; x_wconf 88' lang='lat' dir='ltr'><strong>ebrietati</strong></span> <span class='ocrx_word' id='word_1_562' title='bbox 1405 5531 1866 5603; x_wconf 87' lang='lat' dir='ltr'><strong>inservierimus,</strong></span> <span class='ocrx_word' id='word_1_563' title='bbox 1930 5540 1989 5592; x_wconf 91' lang='lat' dir='ltr'><strong>et</strong></span> <span class='ocrx_word' id='word_1_564' title='bbox 2015 5535 2077 5592; x_wconf 91' lang='lat' dir='ltr'><strong>in</strong></span> 
     </span>
    </p>
   </div>
   <div class='ocr_carea' id='block_1_78' title="bbox 429 5616 2072 5696">
    <p class='ocr_par' dir='ltr' id='par_1_78' title="bbox 429 5616 2072 5696">
     <span class='ocr_line' id='line_1_78' title="bbox 429 5616 2072 5696; baseline -0.007 -19"><span class='ocrx_word' id='word_1_565' title='bbox 429 5618 641 5677; x_wconf 83' lang='lat' dir='ltr'><strong>luxum</strong></span> <span class='ocrx_word' id='word_1_566' title='bbox 716 5616 914 5675; x_wconf 75' lang='lat' dir='ltr'><strong>saeculi</strong></span> <span class='ocrx_word' id='word_1_567' title='bbox 1034 5616 1425 5685; x_wconf 83' lang='lat' dir='ltr'><strong>resolvamur,</strong></span> <span class='ocrx_word' id='word_1_568' title='bbox 1547 5631 1654 5689; x_wconf 86' lang='lat' dir='ltr'><strong>per</strong></span> <span class='ocrx_word' id='word_1_569' title='bbox 1762 5620 2072 5696; x_wconf 82' lang='lat' dir='ltr'><strong>obtempe-</strong></span> 
     </span>
    </p>
   </div>
   <div class='ocr_carea' id='block_1_79' title="bbox 2204 1726 3850 1801">
    <p class='ocr_par' dir='ltr' id='par_1_79' title="bbox 2204 1726 3850 1801">
     <span class='ocr_line' id='line_1_79' title="bbox 2204 1726 3850 1801; baseline 0.003 -19"><span class='ocrx_word' id='word_1_570' title='bbox 2204 1743 2336 1797; x_wconf 91' lang='lat' dir='ltr'><strong>suo,</strong></span> <span class='ocrx_word' id='word_1_571' title='bbox 2384 1726 2550 1799; x_wconf 91' lang='lat' dir='ltr'><strong>quod</strong></span> <span class='ocrx_word' id='word_1_572' title='bbox 2596 1727 2829 1801; x_wconf 89' lang='lat' dir='ltr'><strong>quoties</strong></span> <span class='ocrx_word' id='word_1_573' title='bbox 2876 1744 3016 1783; x_wconf 89' lang='lat' dir='ltr'><strong>eum</strong></span> <span class='ocrx_word' id='word_1_574' title='bbox 3074 1727 3320 1791; x_wconf 90' lang='lat' dir='ltr'><strong>videret,</strong></span> <span class='ocrx_word' id='word_1_575' title='bbox 3371 1729 3541 1785; x_wconf 88' lang='lat' dir='ltr'><strong>toties</strong></span> <span class='ocrx_word' id='word_1_576' title='bbox 3580 1730 3850 1787; x_wconf 88' lang='lat' dir='ltr'><strong>dolorem</strong></span> 
     </span>
    </p>
   </div>
   <div class='ocr_carea' id='block_1_80' title="bbox 2202 1802 3850 1876">
    <p class='ocr_par' dir='ltr' id='par_1_80' title="bbox 2202 1802 3850 1876">
     <span class='ocr_line' id='line_1_80' title="bbox 2202 1802 3850 1876; baseline 0.002 -5"><span class='ocrx_word' id='word_1_577' title='bbox 2202 1815 2411 1871; x_wconf 89' lang='lat' dir='ltr'><strong>mortis</strong></span> <span class='ocrx_word' id='word_1_578' title='bbox 2439 1802 2678 1872; x_wconf 82' lang='lat' dir='ltr'><strong>Amnon</strong></span> <span class='ocrx_word' id='word_1_579' title='bbox 2704 1816 2847 1872; x_wconf 90' lang='lat' dir='ltr'><strong>eiad</strong></span> <span class='ocrx_word' id='word_1_580' title='bbox 2867 1816 3225 1873; x_wconf 88' lang='lat' dir='ltr'><strong>memoriam</strong></span> <span class='ocrx_word' id='word_1_581' title='bbox 3249 1817 3593 1876; x_wconf 89' lang='lat' dir='ltr'><strong>reduceret:</strong></span> <span class='ocrx_word' id='word_1_582' title='bbox 3629 1820 3850 1876; x_wconf 90' lang='lat' dir='ltr'><strong>idcirco</strong></span> 
     </span>
    </p>
   </div>
   <div class='ocr_carea' id='block_1_81' title="bbox 2203 1905 3852 1978">
    <p class='ocr_par' dir='ltr' id='par_1_81' title="bbox 2203 1905 3852 1978">
     <span class='ocr_line' id='line_1_81' title="bbox 2203 1905 3852 1978; baseline 0.002 -17"><span class='ocrx_word' id='word_1_583' title='bbox 2203 1921 2472 1962; x_wconf 86' lang='lat' dir='ltr'><strong>cessasse</strong></span> <span class='ocrx_word' id='word_1_584' title='bbox 2528 1905 2743 1962; x_wconf 90' lang='lat' dir='ltr'><strong>dicitur</strong></span> <span class='ocrx_word' id='word_1_585' title='bbox 2782 1905 2940 1961; x_wconf 89' lang='lat' dir='ltr'><strong>exire</strong></span> <span class='ocrx_word' id='word_1_586' title='bbox 2992 1911 3129 1978; x_wconf 92' lang='lat' dir='ltr'><strong>post</strong></span> <span class='ocrx_word' id='word_1_587' title='bbox 3157 1906 3461 1970; x_wconf 86' lang='lat' dir='ltr'><strong>Absalom,</strong></span> <span class='ocrx_word' id='word_1_588' title='bbox 3495 1908 3852 1966; x_wconf 86' lang='lat' dir='ltr'><strong>subauditur</strong></span> 
     </span>
    </p>
   </div>
   <div class='ocr_carea' id='block_1_82' title="bbox 2200 1993 3850 2070">
    <p class='ocr_par' dir='ltr' id='par_1_82' title="bbox 2200 1993 3850 2070">
     <span class='ocr_line' id='line_1_82' title="bbox 2200 1993 3850 2070; baseline 0.001 -20"><span class='ocrx_word' id='word_1_589' title='bbox 2200 1999 2269 2050; x_wconf 92' lang='lat' dir='ltr'><strong>ut</strong></span> <span class='ocrx_word' id='word_1_590' title='bbox 2294 2011 2432 2050; x_wconf 90' lang='lat' dir='ltr'><strong>eum</strong></span> <span class='ocrx_word' id='word_1_591' title='bbox 2462 1993 2540 2050; x_wconf 91' lang='lat' dir='ltr'><strong>ad</strong></span> <span class='ocrx_word' id='word_1_592' title='bbox 2570 1994 2814 2068; x_wconf 90' lang='lat' dir='ltr'><strong>propria</strong></span> <span class='ocrx_word' id='word_1_593' title='bbox 2837 1998 3164 2051; x_wconf 88' lang='lat' dir='ltr'><strong>revocaret.</strong></span> <span class='ocrx_word' id='word_1_594' title='bbox 3191 1994 3339 2050; x_wconf 86' lang='lat' dir='ltr'><strong>Illud</strong></span> <span class='ocrx_word' id='word_1_595' title='bbox 3366 1996 3547 2052; x_wconf 86' lang='lat' dir='ltr'><strong>etiam</strong></span> <span class='ocrx_word' id='word_1_596' title='bbox 3577 1998 3741 2070; x_wconf 88' lang='lat' dir='ltr'><strong>quod</strong></span> <span class='ocrx_word' id='word_1_597' title='bbox 3759 2013 3850 2052; x_wconf 91' lang='lat' dir='ltr'><strong>su-</strong></span> 
     </span>
    </p>
   </div>
   <div class='ocr_carea' id='block_1_83' title="bbox 2202 2082 3847 2158">
    <p class='ocr_par' dir='ltr' id='par_1_83' title="bbox 2202 2082 3847 2158">
     <span class='ocr_line' id='line_1_83' title="bbox 2202 2082 3847 2158; baseline 0.002 -20"><span class='ocrx_word' id='word_1_598' title='bbox 2202 2082 2492 2139; x_wconf 88' lang='lat' dir='ltr'><strong>binfertur</strong></span> <span class='ocrx_word' id='word_1_599' title='bbox 2526 2100 2538 2138; x_wconf 88' lang='lat'><strong>:</strong></span> <span class='ocrx_word' id='word_1_600' title='bbox 2573 2083 2925 2140; x_wconf 89' lang='lat' dir='ltr'><strong>Consolatus</strong></span> <span class='ocrx_word' id='word_1_601' title='bbox 2949 2088 3041 2139; x_wconf 89' lang='lat' dir='ltr'><strong>est</strong></span> <span class='ocrx_word' id='word_1_602' title='bbox 3063 2082 3250 2140; x_wconf 90' lang='lat' dir='ltr'><strong>David</strong></span> <span class='ocrx_word' id='word_1_603' title='bbox 3296 2101 3477 2158; x_wconf 92' lang='lat' dir='ltr'><strong>super</strong></span> <span class='ocrx_word' id='word_1_604' title='bbox 3501 2091 3735 2142; x_wconf 86' lang='lat' dir='ltr'><strong>Amnon</strong></span> <span class='ocrx_word' id='word_1_605' title='bbox 3762 2085 3847 2141; x_wconf 86' lang='lat' dir='ltr'><strong>in-</strong></span> 
     </span>
    </p>
   </div>
   <div class='ocr_carea' id='block_1_84' title="bbox 2203 2171 3848 2248">
    <p class='ocr_par' dir='ltr' id='par_1_84' title="bbox 2203 2171 3848 2248">
     <span class='ocr_line' id='line_1_84' title="bbox 2203 2171 3848 2248; baseline 0.002 -20"><span class='ocrx_word' id='word_1_606' title='bbox 2203 2171 2438 2244; x_wconf 85' lang='lat' dir='ltr'><strong>teritu,»</strong></span> <span class='ocrx_word' id='word_1_607' title='bbox 2469 2172 2552 2228; x_wconf 91' lang='lat' dir='ltr'><strong>ita</strong></span> <span class='ocrx_word' id='word_1_608' title='bbox 2579 2172 2823 2243; x_wconf 88' lang='lat' dir='ltr'><strong>intelligi</strong></span> <span class='ocrx_word' id='word_1_609' title='bbox 2850 2172 3077 2240; x_wconf 90' lang='lat' dir='ltr'><strong>volunt,</strong></span> <span class='ocrx_word' id='word_1_610' title='bbox 3109 2172 3382 2231; x_wconf 90' lang='lat' dir='ltr'><strong>videlicet</strong></span> <span class='ocrx_word' id='word_1_611' title='bbox 3397 2180 3715 2248; x_wconf 83' lang='lat' dir='ltr'><strong>postquam</strong></span> <span class='ocrx_word' id='word_1_612' title='bbox 3742 2190 3848 2231; x_wconf 83' lang='lat' dir='ltr'><strong>no-</strong></span> 
     </span>
    </p>
   </div>
   <div class='ocr_carea' id='block_1_85' title="bbox 2202 2260 3843 2334">
    <p class='ocr_par' dir='ltr' id='par_1_85' title="bbox 2202 2260 3843 2334">
     <span class='ocr_line' id='line_1_85' title="bbox 2202 2260 3843 2334; baseline 0.002 -19"><span class='ocrx_word' id='word_1_613' title='bbox 2202 2260 2311 2317; x_wconf 89' lang='lat' dir='ltr'><strong>luit</strong></span> <span class='ocrx_word' id='word_1_614' title='bbox 2340 2260 2499 2316; x_wconf 82' lang='lat' dir='ltr'><strong>exire</strong></span> <span class='ocrx_word' id='word_1_615' title='bbox 2529 2266 2661 2334; x_wconf 90' lang='lat' dir='ltr'><strong>post</strong></span> <span class='ocrx_word' id='word_1_616' title='bbox 2692 2260 3000 2328; x_wconf 86' lang='lat' dir='ltr'><strong>Absalom,</strong></span> <span class='ocrx_word' id='word_1_617' title='bbox 3023 2266 3087 2317; x_wconf 92' lang='lat' dir='ltr'><strong>ut</strong></span> <span class='ocrx_word' id='word_1_618' title='bbox 3109 2262 3419 2319; x_wconf 90' lang='lat' dir='ltr'><strong>reduceret</strong></span> <span class='ocrx_word' id='word_1_619' title='bbox 3448 2280 3587 2320; x_wconf 90' lang='lat' dir='ltr'><strong>eum</strong></span> <span class='ocrx_word' id='word_1_620' title='bbox 3611 2270 3667 2320; x_wconf 93' lang='lat' dir='ltr'><strong>et</strong></span> <span class='ocrx_word' id='word_1_621' title='bbox 3686 2263 3843 2320; x_wconf 90' lang='lat' dir='ltr'><strong>vide-</strong></span> 
     </span>
    </p>
   </div>
   <div class='ocr_carea' id='block_1_86' title="bbox 2203 2348 3841 2424">
    <p class='ocr_par' dir='ltr' id='par_1_86' title="bbox 2203 2348 3841 2424">
     <span class='ocr_line' id='line_1_86' title="bbox 2203 2348 3841 2424; baseline 0.001 -19"><span class='ocrx_word' id='word_1_622' title='bbox 2203 2354 2364 2405; x_wconf 90' lang='lat' dir='ltr'><strong>retur</strong></span> <span class='ocrx_word' id='word_1_623' title='bbox 2384 2366 2421 2405; x_wconf 91' lang='lat' dir='ltr'><strong>a</strong></span> <span class='ocrx_word' id='word_1_624' title='bbox 2451 2348 2528 2405; x_wconf 88' lang='lat' dir='ltr'><strong>ab</strong></span> <span class='ocrx_word' id='word_1_625' title='bbox 2558 2365 2629 2405; x_wconf 90' lang='lat' dir='ltr'><strong>eo</strong></span> <span class='ocrx_word' id='word_1_626' title='bbox 2655 2350 2834 2423; x_wconf 87' lang='lat' dir='ltr'><strong>coepit</strong></span> <span class='ocrx_word' id='word_1_627' title='bbox 2849 2349 3150 2407; x_wconf 91' lang='lat' dir='ltr'><strong>consolari</strong></span> <span class='ocrx_word' id='word_1_628' title='bbox 3176 2367 3360 2424; x_wconf 91' lang='lat' dir='ltr'><strong>super</strong></span> <span class='ocrx_word' id='word_1_629' title='bbox 3380 2358 3567 2408; x_wconf 91' lang='lat' dir='ltr'><strong>morte</strong></span> <span class='ocrx_word' id='word_1_630' title='bbox 3586 2356 3841 2408; x_wconf 83' lang='lat' dir='ltr'><strong>Amnon.</strong></span> 
     </span>
    </p>
   </div>
   <div class='ocr_carea' id='block_1_87' title="bbox 2204 2438 3836 2512">
    <p class='ocr_par' dir='ltr' id='par_1_87' title="bbox 2204 2438 3836 2512">
     <span class='ocr_line' id='line_1_87' title="bbox 2204 2438 3836 2512; baseline -0.001 -18"><span class='ocrx_word' id='word_1_631' title='bbox 2204 2438 2483 2504; x_wconf 88' lang='lat' dir='ltr'><strong>Quandiu</strong></span> <span class='ocrx_word' id='word_1_632' title='bbox 2497 2438 2659 2494; x_wconf 91' lang='lat' dir='ltr'><strong>enim</strong></span> <span class='ocrx_word' id='word_1_633' title='bbox 2672 2438 2999 2512; x_wconf 87' lang='lat' dir='ltr'><strong>putabatur</strong></span> <span class='ocrx_word' id='word_1_634' title='bbox 3016 2438 3120 2496; x_wconf 90' lang='lat' dir='ltr'><strong>red</strong></span> <span class='ocrx_word' id='word_1_635' title='bbox 3128 2440 3222 2497; x_wconf 91' lang='lat' dir='ltr'><strong>uci</strong></span> <span class='ocrx_word' id='word_1_636' title='bbox 3236 2440 3533 2507; x_wconf 85' lang='lat' dir='ltr'><strong>Absalom,</strong></span> <span class='ocrx_word' id='word_1_637' title='bbox 3551 2447 3612 2495; x_wconf 91' lang='lat' dir='ltr'><strong>ut</strong></span> <span class='ocrx_word' id='word_1_638' title='bbox 3629 2441 3836 2495; x_wconf 85' lang='lat' dir='ltr'><strong>videre-</strong></span> 
     </span>
    </p>
   </div>
   <div class='ocr_carea' id='block_1_88' title="bbox 2205 2528 3828 2602">
    <p class='ocr_par' dir='ltr' id='par_1_88' title="bbox 2205 2528 3828 2602">
     <span class='ocr_line' id='line_1_88' title="bbox 2205 2528 3828 2602; baseline -0.001 -19"><span class='ocrx_word' id='word_1_639' title='bbox 2205 2531 2297 2583; x_wconf 90' lang='lat' dir='ltr'><strong>tur</strong></span> <span class='ocrx_word' id='word_1_640' title='bbox 2325 2543 2363 2584; x_wconf 87' lang='lat' dir='ltr'><strong>a</strong></span> <span class='ocrx_word' id='word_1_641' title='bbox 2392 2528 2599 2600; x_wconf 88' lang='lat' dir='ltr'><strong>David,</strong></span> <span class='ocrx_word' id='word_1_642' title='bbox 2634 2544 2872 2602; x_wconf 91' lang='lat' dir='ltr'><strong>semper</strong></span> <span class='ocrx_word' id='word_1_643' title='bbox 2885 2545 3048 2585; x_wconf 88' lang='lat' dir='ltr'><strong>mors</strong></span> <span class='ocrx_word' id='word_1_644' title='bbox 3077 2532 3312 2586; x_wconf 86' lang='lat' dir='ltr'><strong>Amnon</strong></span> <span class='ocrx_word' id='word_1_645' title='bbox 3489 2528 3577 2584; x_wconf 91' lang='lat' dir='ltr'><strong>sui</strong></span> <span class='ocrx_word' id='word_1_646' title='bbox 3632 2528 3828 2583; x_wconf 86' lang='lat' dir='ltr'><strong>animo</strong></span> 
     </span>
    </p>
   </div>
   <div class='ocr_carea' id='block_1_89' title="bbox 2202 2615 3831 2689">
    <p class='ocr_par' dir='ltr' id='par_1_89' title="bbox 2202 2615 3831 2689">
     <span class='ocr_line' id='line_1_89' title="bbox 2202 2615 3831 2689; baseline -0.002 -17"><span class='ocrx_word' id='word_1_647' title='bbox 2202 2616 2331 2688; x_wconf 90' lang='lat' dir='ltr'><strong>ejus</strong></span> <span class='ocrx_word' id='word_1_648' title='bbox 2382 2617 2779 2673; x_wconf 83' lang='lat' dir='ltr'><strong>occurrebat:</strong></span> <span class='ocrx_word' id='word_1_649' title='bbox 2832 2617 2955 2674; x_wconf 91' lang='lat' dir='ltr'><strong>sive</strong></span> <span class='ocrx_word' id='word_1_650' title='bbox 2999 2616 3331 2674; x_wconf 88' lang='lat' dir='ltr'><strong>consolatus</strong></span> <span class='ocrx_word' id='word_1_651' title='bbox 3379 2622 3470 2673; x_wconf 86' lang='lat' dir='ltr'><strong>est</strong></span> <span class='ocrx_word' id='word_1_652' title='bbox 3498 2632 3676 2689; x_wconf 86' lang='lat' dir='ltr'><strong>super</strong></span> <span class='ocrx_word' id='word_1_653' title='bbox 3703 2615 3831 2687; x_wconf 89' lang='lat' dir='ltr'><strong>ejus</strong></span> 
     </span>
    </p>
   </div>
   <div class='ocr_carea' id='block_1_90' title="bbox 2198 2704 3836 2778">
    <p class='ocr_par' dir='ltr' id='par_1_90' title="bbox 2198 2704 3836 2778">
     <span class='ocr_line' id='line_1_90' title="bbox 2198 2704 3836 2778; baseline -0.002 -17"><span class='ocrx_word' id='word_1_654' title='bbox 2198 2705 2456 2773; x_wconf 91' lang='lat' dir='ltr'><strong>interitu,</strong></span> <span class='ocrx_word' id='word_1_655' title='bbox 2489 2706 2641 2762; x_wconf 92' lang='lat' dir='ltr'><strong>sicut</strong></span> <span class='ocrx_word' id='word_1_656' title='bbox 2663 2705 2838 2762; x_wconf 86' lang='lat' dir='ltr'><strong>nobis</strong></span> <span class='ocrx_word' id='word_1_657' title='bbox 2863 2705 3116 2776; x_wconf 90' lang='lat' dir='ltr'><strong>videtur,</strong></span> <span class='ocrx_word' id='word_1_658' title='bbox 3143 2722 3212 2762; x_wconf 90' lang='lat' dir='ltr'><strong>eo</strong></span> <span class='ocrx_word' id='word_1_659' title='bbox 3240 2704 3408 2778; x_wconf 89' lang='lat' dir='ltr'><strong>quod</strong></span> <span class='ocrx_word' id='word_1_660' title='bbox 3445 2705 3679 2761; x_wconf 87' lang='lat' dir='ltr'><strong>noverit</strong></span> <span class='ocrx_word' id='word_1_661' title='bbox 3701 2719 3836 2760; x_wconf 90' lang='lat' dir='ltr'><strong>eum</strong></span> 
     </span>
    </p>
   </div>
   <div class='ocr_carea' id='block_1_91' title="bbox 2200 2795 3843 2867">
    <p class='ocr_par' dir='ltr' id='par_1_91' title="bbox 2200 2795 3843 2867">
     <span class='ocr_line' id='line_1_91' title="bbox 2200 2795 3843 2867; baseline -0.002 -15"><span class='ocrx_word' id='word_1_662' title='bbox 2200 2795 2566 2867; x_wconf 88' lang='lat' dir='ltr'><strong>ﬂagitiosum</strong></span> <span class='ocrx_word' id='word_1_663' title='bbox 2624 2802 2681 2852; x_wconf 88' lang='lat' dir='ltr'><strong>et</strong></span> <span class='ocrx_word' id='word_1_664' title='bbox 2748 2795 3000 2867; x_wconf 81' lang='lat' dir='ltr'><strong>dignum</strong></span> <span class='ocrx_word' id='word_1_665' title='bbox 3058 2800 3267 2864; x_wconf 90' lang='lat' dir='ltr'><strong>morte,</strong></span> <span class='ocrx_word' id='word_1_666' title='bbox 3366 2795 3699 2867; x_wconf 86' lang='lat' dir='ltr'><strong>meritoque</strong></span> <span class='ocrx_word' id='word_1_667' title='bbox 3743 2809 3843 2866; x_wconf 89' lang='lat' dir='ltr'><strong>pe-</strong></span> 
     </span>
    </p>
   </div>
   <div class='ocr_carea' id='block_1_92' title="bbox 2200 2900 2366 2941">
    <p class='ocr_par' dir='ltr' id='par_1_92' title="bbox 2200 2900 2366 2941">
     <span class='ocr_line' id='line_1_92' title="bbox 2200 2900 2366 2941; baseline 0.006 -1"><span class='ocrx_word' id='word_1_668' title='bbox 2200 2900 2366 2941; x_wconf 75' lang='lat' dir='ltr'><strong>P1888.</strong></span> 
     </span>
    </p>
   </div>
   <div class='ocr_carea' id='block_1_93' title="bbox 2732 3010 3315 3067">
    <p class='ocr_par' dir='ltr' id='par_1_93' title="bbox 2732 3010 3315 3067">
     <span class='ocr_line' id='line_1_93' title="bbox 2732 3010 3315 3067; baseline 0.003 -4"><span class='ocrx_word' id='word_1_669' title='bbox 2732 3012 2955 3067; x_wconf 85' lang='lat' dir='ltr'><strong>CAPUT</strong></span> <span class='ocrx_word' id='word_1_670' title='bbox 2975 3010 3099 3065; x_wconf 85' lang='lat' dir='ltr'><strong>XIV</strong></span> <span class='ocrx_word' id='word_1_671' title='bbox 3119 3013 3177 3065; x_wconf 81' lang='lat' dir='ltr'><strong>et</strong></span> <span class='ocrx_word' id='word_1_672' title='bbox 3207 3011 3315 3066; x_wconf 85' lang='lat' dir='ltr'><strong>XV.</strong></span> 
     </span>
    </p>
   </div>
   <div class='ocr_carea' id='block_1_94' title="bbox 2274 3116 3848 3190">
    <p class='ocr_par' dir='ltr' id='par_1_94' title="bbox 2274 3116 3848 3190">
     <span class='ocr_line' id='line_1_94' title="bbox 2274 3116 3848 3190; baseline 0 -18"><span class='ocrx_word' id='word_1_673' title='bbox 2274 3140 2301 3167; x_wconf 91' lang='grc'><strong>‹‹</strong></span> <span class='ocrx_word' id='word_1_674' title='bbox 2324 3116 2661 3189; x_wconf 88' lang='lat' dir='ltr'><strong>Intelligens</strong></span> <span class='ocrx_word' id='word_1_675' title='bbox 2691 3123 2891 3174; x_wconf 88' lang='lat' dir='ltr'><strong>autem</strong></span> <span class='ocrx_word' id='word_1_676' title='bbox 2911 3117 3060 3174; x_wconf 88' lang='lat' dir='ltr'><strong>Joab</strong></span> <span class='ocrx_word' id='word_1_677' title='bbox 3092 3117 3252 3173; x_wconf 87' lang='lat' dir='ltr'><strong>ﬁlius</strong></span> <span class='ocrx_word' id='word_1_678' title='bbox 3284 3117 3522 3187; x_wconf 65' lang='lat' dir='ltr'><strong>Sarvite,</strong></span> <span class='ocrx_word' id='word_1_679' title='bbox 3556 3117 3720 3190; x_wconf 87' lang='lat' dir='ltr'><strong>quod</strong></span> <span class='ocrx_word' id='word_1_680' title='bbox 3748 3133 3848 3173; x_wconf 93' lang='lat' dir='ltr'><strong>cor</strong></span> 
     </span>
    </p>
   </div>
   <div class='ocr_carea' id='block_1_95' title="bbox 2199 3206 3849 3277">
    <p class='ocr_par' dir='ltr' id='par_1_95' title="bbox 2199 3206 3849 3277">
     <span class='ocr_line' id='line_1_95' title="bbox 2199 3206 3849 3277; baseline 0.001 -16"><span class='ocrx_word' id='word_1_681' title='bbox 2199 3227 2229 3256; x_wconf 88' lang='grc'><strong>‹‹</strong></span> <span class='ocrx_word' id='word_1_682' title='bbox 2268 3206 2431 3277; x_wconf 82' lang='lat' dir='ltr'><strong>regis</strong></span> <span class='ocrx_word' id='word_1_683' title='bbox 2453 3222 2691 3263; x_wconf 88' lang='lat' dir='ltr'><strong>versum</strong></span> <span class='ocrx_word' id='word_1_684' title='bbox 2707 3207 2959 3263; x_wconf 87' lang='lat' dir='ltr'><strong>essetad</strong></span> <span class='ocrx_word' id='word_1_685' title='bbox 2985 3206 3297 3271; x_wconf 90' lang='lat' dir='ltr'><strong>Absalom,</strong></span> <span class='ocrx_word' id='word_1_686' title='bbox 3336 3207 3495 3263; x_wconf 92' lang='lat' dir='ltr'><strong>misit</strong></span> <span class='ocrx_word' id='word_1_687' title='bbox 3521 3206 3849 3272; x_wconf 85' lang='lat' dir='ltr'><strong>Thecuam,</strong></span> 
     </span>
    </p>
   </div>
   <div class='ocr_carea' id='block_1_96' title="bbox 2199 3292 3847 3369">
    <p class='ocr_par' dir='ltr' id='par_1_96' title="bbox 2199 3292 3847 3369">
     <span class='ocr_line' id='line_1_96' title="bbox 2199 3292 3847 3369; baseline -0.001 -18"><span class='ocrx_word' id='word_1_688' title='bbox 2199 3317 2227 3345; x_wconf 85' lang='lat'><strong>«</strong></span> <span class='ocrx_word' id='word_1_689' title='bbox 2268 3301 2325 3352; x_wconf 91' lang='lat' dir='ltr'><strong>et</strong></span> <span class='ocrx_word' id='word_1_690' title='bbox 2355 3295 2485 3352; x_wconf 91' lang='lat' dir='ltr'><strong>tulit</strong></span> <span class='ocrx_word' id='word_1_691' title='bbox 2528 3295 2667 3352; x_wconf 91' lang='lat' dir='ltr'><strong>inde</strong></span> <span class='ocrx_word' id='word_1_692' title='bbox 2698 3296 3007 3352; x_wconf 90' lang='lat' dir='ltr'><strong>mulierem</strong></span> <span class='ocrx_word' id='word_1_693' title='bbox 3068 3295 3422 3368; x_wconf 89' lang='lat' dir='ltr'><strong>sapientem,</strong></span> <span class='ocrx_word' id='word_1_694' title='bbox 3472 3294 3742 3369; x_wconf 86' lang='lat' dir='ltr'><strong>dixitque</strong></span> <span class='ocrx_word' id='word_1_695' title='bbox 3771 3292 3847 3349; x_wconf 89' lang='lat' dir='ltr'><strong>ad</strong></span> 
     </span>
    </p>
   </div>
   <div class='ocr_carea' id='block_1_97' title="bbox 2199 3383 3848 3455">
    <p class='ocr_par' dir='ltr' id='par_1_97' title="bbox 2199 3383 3848 3455">
     <span class='ocr_line' id='line_1_97' title="bbox 2199 3383 3848 3455; baseline -0.002 -14"><span class='ocrx_word' id='word_1_696' title='bbox 2199 3405 2227 3435; x_wconf 75' lang='grc' dir='ltr'><strong>ι(</strong></span> <span class='ocrx_word' id='word_1_697' title='bbox 2269 3401 2402 3441; x_wconf 88' lang='lat' dir='ltr'><strong>eam</strong></span> <span class='ocrx_word' id='word_1_698' title='bbox 2434 3402 2446 3441; x_wconf 94' lang='lat'><strong>:</strong></span> <span class='ocrx_word' id='word_1_699' title='bbox 2481 3387 2708 3455; x_wconf 85' lang='lat' dir='ltr'><strong>Lugere</strong></span> <span class='ocrx_word' id='word_1_700' title='bbox 2739 3390 2792 3441; x_wconf 92' lang='lat' dir='ltr'><strong>te</strong></span> <span class='ocrx_word' id='word_1_701' title='bbox 2819 3384 3058 3454; x_wconf 87' lang='lat' dir='ltr'><strong>simula,</strong></span> <span class='ocrx_word' id='word_1_702' title='bbox 3088 3390 3149 3441; x_wconf 90' lang='lat' dir='ltr'><strong>at</strong></span> <span class='ocrx_word' id='word_1_703' title='bbox 3174 3385 3421 3441; x_wconf 90' lang='lat' dir='ltr'><strong>induere</strong></span> <span class='ocrx_word' id='word_1_704' title='bbox 3474 3389 3636 3440; x_wconf 88' lang='lat' dir='ltr'><strong>veste</strong></span> <span class='ocrx_word' id='word_1_705' title='bbox 3683 3383 3848 3454; x_wconf 90' lang='lat' dir='ltr'><strong>lugu-</strong></span> 
     </span>
    </p>
   </div>
   <div class='ocr_carea' id='block_1_98' title="bbox 2199 3473 3845 3548">
    <p class='ocr_par' dir='ltr' id='par_1_98' title="bbox 2199 3473 3845 3548">
     <span class='ocr_line' id='line_1_98' title="bbox 2199 3473 3845 3548; baseline -0.001 -18"><span class='ocrx_word' id='word_1_706' title='bbox 2199 3496 2227 3521; x_wconf 85' lang='grc'><strong>‹‹</strong></span> <span class='ocrx_word' id='word_1_707' title='bbox 2267 3474 2380 3539; x_wconf 88' lang='lat' dir='ltr'><strong>bri,</strong></span> <span class='ocrx_word' id='word_1_708' title='bbox 2413 3480 2469 3530; x_wconf 91' lang='lat' dir='ltr'><strong>et</strong></span> <span class='ocrx_word' id='word_1_709' title='bbox 2496 3490 2570 3530; x_wconf 92' lang='lat' dir='ltr'><strong>ne</strong></span> <span class='ocrx_word' id='word_1_710' title='bbox 2602 3474 2847 3544; x_wconf 89' lang='lat' dir='ltr'><strong>ungaris</strong></span> <span class='ocrx_word' id='word_1_711' title='bbox 2872 3473 3026 3543; x_wconf 91' lang='lat' dir='ltr'><strong>oleo,</strong></span> <span class='ocrx_word' id='word_1_712' title='bbox 3056 3479 3120 3530; x_wconf 92' lang='lat' dir='ltr'><strong>ut</strong></span> <span class='ocrx_word' id='word_1_713' title='bbox 3149 3474 3228 3529; x_wconf 93' lang='lat' dir='ltr'><strong>sis</strong></span> <span class='ocrx_word' id='word_1_714' title='bbox 3254 3474 3429 3548; x_wconf 87' lang='lat' dir='ltr'><strong>quasi</strong></span> <span class='ocrx_word' id='word_1_715' title='bbox 3458 3473 3673 3529; x_wconf 90' lang='lat' dir='ltr'><strong>mulier</strong></span> <span class='ocrx_word' id='word_1_716' title='bbox 3720 3473 3845 3545; x_wconf 90' lang='lat' dir='ltr'><strong>plu-</strong></span> 
     </span>
    </p>
   </div>
   <div class='ocr_carea' id='block_1_99' title="bbox 2197 3562 3839 3637">
    <p class='ocr_par' dir='ltr' id='par_1_99' title="bbox 2197 3562 3839 3637">
     <span class='ocr_line' id='line_1_99' title="bbox 2197 3562 3839 3637; baseline -0.002 -18"><span class='ocrx_word' id='word_1_717' title='bbox 2197 3585 2226 3612; x_wconf 87' lang='lat'><strong><em>«</em></strong></span> <span class='ocrx_word' id='word_1_718' title='bbox 2266 3563 2418 3619; x_wconf 91' lang='lat' dir='ltr'><strong>rimo</strong></span> <span class='ocrx_word' id='word_1_719' title='bbox 2443 3563 2572 3634; x_wconf 89' lang='lat' dir='ltr'><strong>jam</strong></span> <span class='ocrx_word' id='word_1_720' title='bbox 2594 3568 2860 3637; x_wconf 90' lang='lat' dir='ltr'><strong>tempore</strong></span> <span class='ocrx_word' id='word_1_721' title='bbox 2889 3563 3102 3633; x_wconf 88' lang='lat' dir='ltr'><strong>lugens</strong></span> <span class='ocrx_word' id='word_1_722' title='bbox 3131 3568 3457 3620; x_wconf 90' lang='lat' dir='ltr'><strong>mortuum.</strong></span> <span class='ocrx_word' id='word_1_723' title='bbox 3492 3586 3518 3612; x_wconf 91' lang='grc'><strong>››</strong></span> <span class='ocrx_word' id='word_1_724' title='bbox 3550 3563 3659 3618; x_wconf 91' lang='lat' dir='ltr'><strong>Cor</strong></span> <span class='ocrx_word' id='word_1_725' title='bbox 3686 3562 3839 3631; x_wconf 90' lang='lat' dir='ltr'><strong>regis</strong></span> 
     </span>
    </p>
   </div>
   <div class='ocr_carea' id='block_1_100' title="bbox 2195 3650 3832 3717">
    <p class='ocr_par' dir='ltr' id='par_1_100' title="bbox 2195 3650 3832 3717">
     <span class='ocr_line' id='line_1_100' title="bbox 2195 3650 3832 3717; baseline -0.001 -11"><span class='ocrx_word' id='word_1_726' title='bbox 2195 3668 2437 3707; x_wconf 92' lang='lat' dir='ltr'><strong>versum</strong></span> <span class='ocrx_word' id='word_1_727' title='bbox 2466 3668 2595 3708; x_wconf 90' lang='lat' dir='ltr'><strong>esse</strong></span> <span class='ocrx_word' id='word_1_728' title='bbox 2621 3652 2699 3708; x_wconf 89' lang='lat' dir='ltr'><strong>ad</strong></span> <span class='ocrx_word' id='word_1_729' title='bbox 2727 3652 3014 3709; x_wconf 85' lang='lat' dir='ltr'><strong>Absalom</strong></span> <span class='ocrx_word' id='word_1_730' title='bbox 3059 3652 3279 3709; x_wconf 90' lang='lat' dir='ltr'><strong>vidisse</strong></span> <span class='ocrx_word' id='word_1_731' title='bbox 3327 3653 3536 3709; x_wconf 90' lang='lat' dir='ltr'><strong>dicitur</strong></span> <span class='ocrx_word' id='word_1_732' title='bbox 3561 3650 3726 3717; x_wconf 87' lang='lat' dir='ltr'><strong>Joab,</strong></span> <span class='ocrx_word' id='word_1_733' title='bbox 3764 3664 3832 3704; x_wconf 90' lang='lat' dir='ltr'><strong>eo</strong></span> 
     </span>
    </p>
   </div>
   <div class='ocr_carea' id='block_1_101' title="bbox 2193 3739 3833 3815">
    <p class='ocr_par' dir='ltr' id='par_1_101' title="bbox 2193 3739 3833 3815">
     <span class='ocr_line' id='line_1_101' title="bbox 2193 3739 3833 3815; baseline -0.001 -20"><span class='ocrx_word' id='word_1_734' title='bbox 2193 3741 2357 3814; x_wconf 87' lang='lat' dir='ltr'><strong>quod</strong></span> <span class='ocrx_word' id='word_1_735' title='bbox 2388 3742 2601 3798; x_wconf 87' lang='lat' dir='ltr'><strong>viderit</strong></span> <span class='ocrx_word' id='word_1_736' title='bbox 2621 3758 2758 3797; x_wconf 88' lang='lat' dir='ltr'><strong>cum</strong></span> <span class='ocrx_word' id='word_1_737' title='bbox 2792 3758 2898 3815; x_wconf 88' lang='lat' dir='ltr'><strong>pro</strong></span> <span class='ocrx_word' id='word_1_738' title='bbox 2930 3741 3213 3799; x_wconf 81' lang='lat' dir='ltr'><strong>Absalom</strong></span> <span class='ocrx_word' id='word_1_739' title='bbox 3245 3741 3569 3815; x_wconf 89' lang='lat' dir='ltr'><strong>suspirare,</strong></span> <span class='ocrx_word' id='word_1_740' title='bbox 3598 3745 3653 3796; x_wconf 90' lang='lat' dir='ltr'><strong>et</strong></span> <span class='ocrx_word' id='word_1_741' title='bbox 3687 3739 3750 3794; x_wconf 91' lang='lat' dir='ltr'><strong>in</strong></span> <span class='ocrx_word' id='word_1_742' title='bbox 3767 3754 3833 3794; x_wconf 91' lang='lat' dir='ltr'><strong>eo</strong></span> 
     </span>
    </p>
   </div>
   <div class='ocr_carea' id='block_1_102' title="bbox 2193 3828 3841 3904">
    <p class='ocr_par' dir='ltr' id='par_1_102' title="bbox 2193 3828 3841 3904">
     <span class='ocr_line' id='line_1_102' title="bbox 2193 3828 3841 3904; baseline -0.002 -18"><span class='ocrx_word' id='word_1_743' title='bbox 2193 3829 2479 3887; x_wconf 88' lang='lat' dir='ltr'><strong>intellexit</strong></span> <span class='ocrx_word' id='word_1_744' title='bbox 2506 3830 2674 3904; x_wconf 92' lang='lat' dir='ltr'><strong>quod</strong></span> <span class='ocrx_word' id='word_1_745' title='bbox 2703 3847 2806 3887; x_wconf 93' lang='lat' dir='ltr'><strong>cor</strong></span> <span class='ocrx_word' id='word_1_746' title='bbox 2836 3832 2965 3903; x_wconf 92' lang='lat' dir='ltr'><strong>ejus</strong></span> <span class='ocrx_word' id='word_1_747' title='bbox 2987 3846 3221 3887; x_wconf 91' lang='lat' dir='ltr'><strong>versum</strong></span> <span class='ocrx_word' id='word_1_748' title='bbox 3253 3835 3408 3887; x_wconf 92' lang='lat' dir='ltr'><strong>esset</strong></span> <span class='ocrx_word' id='word_1_749' title='bbox 3436 3830 3516 3886; x_wconf 91' lang='lat' dir='ltr'><strong>ad</strong></span> <span class='ocrx_word' id='word_1_750' title='bbox 3535 3828 3841 3885; x_wconf 84' lang='lat' dir='ltr'><strong>Absalom.</strong></span> 
     </span>
    </p>
   </div>
   <div class='ocr_carea' id='block_1_103' title="bbox 2267 3918 3845 3991">
    <p class='ocr_par' dir='ltr' id='par_1_103' title="bbox 2267 3918 3845 3991">
     <span class='ocr_line' id='line_1_103' title="bbox 2267 3918 3845 3991; baseline 0.002 -21"><span class='ocrx_word' id='word_1_751' title='bbox 2267 3942 2295 3970; x_wconf 88' lang='lat'><strong>«</strong></span> <span class='ocrx_word' id='word_1_752' title='bbox 2324 3919 2473 3976; x_wconf 86' lang='lat' dir='ltr'><strong>Misit</strong></span> <span class='ocrx_word' id='word_1_753' title='bbox 2518 3920 2821 3977; x_wconf 89' lang='lat' dir='ltr'><strong>Thecuam</strong></span> <span class='ocrx_word' id='word_1_754' title='bbox 2851 3924 2908 3975; x_wconf 92' lang='lat' dir='ltr'><strong>et</strong></span> <span class='ocrx_word' id='word_1_755' title='bbox 2927 3919 3056 3976; x_wconf 92' lang='lat' dir='ltr'><strong>tulit</strong></span> <span class='ocrx_word' id='word_1_756' title='bbox 3103 3919 3245 3976; x_wconf 88' lang='lat' dir='ltr'><strong>inde</strong></span> <span class='ocrx_word' id='word_1_757' title='bbox 3273 3918 3585 3975; x_wconf 90' lang='lat' dir='ltr'><strong>mulierem</strong></span> <span class='ocrx_word' id='word_1_758' title='bbox 3615 3918 3845 3991; x_wconf 85' lang='lat' dir='ltr'><strong>sapien-</strong></span> 
     </span>
    </p>
   </div>
   <div class='ocr_carea' id='block_1_104' title="bbox 2196 4007 3849 4081">
    <p class='ocr_par' dir='ltr' id='par_1_104' title="bbox 2196 4007 3849 4081">
     <span class='ocr_line' id='line_1_104' title="bbox 2196 4007 3849 4081; baseline -0.002 -15"><span class='ocrx_word' id='word_1_759' title='bbox 2196 4030 2241 4059; x_wconf 66' lang='grc' dir='ltr'><strong>ιο</strong></span> <span class='ocrx_word' id='word_1_760' title='bbox 2259 4013 2397 4066; x_wconf 90' lang='lat' dir='ltr'><strong>tem.</strong></span> <span class='ocrx_word' id='word_1_761' title='bbox 2434 4032 2461 4059; x_wconf 83' lang='lat'>»</span> <span class='ocrx_word' id='word_1_762' title='bbox 2480 4010 2716 4066; x_wconf 89' lang='lat' dir='ltr'><strong>Thecua</strong></span> <span class='ocrx_word' id='word_1_763' title='bbox 2746 4008 2949 4064; x_wconf 67' lang='lat' dir='ltr'><strong>civitas</strong></span> <span class='ocrx_word' id='word_1_764' title='bbox 2974 4013 3081 4075; x_wconf 93' lang='lat' dir='ltr'><strong>est,</strong></span> <span class='ocrx_word' id='word_1_765' title='bbox 3122 4007 3197 4063; x_wconf 93' lang='lat' dir='ltr'><strong>de</strong></span> <span class='ocrx_word' id='word_1_766' title='bbox 3226 4023 3347 4080; x_wconf 89' lang='lat' dir='ltr'><strong>qua</strong></span> <span class='ocrx_word' id='word_1_767' title='bbox 3370 4007 3479 4063; x_wconf 85' lang='lat' dir='ltr'><strong>fuit</strong></span> <span class='ocrx_word' id='word_1_768' title='bbox 3508 4012 3693 4063; x_wconf 88' lang='lat' dir='ltr'><strong>Amos</strong></span> <span class='ocrx_word' id='word_1_769' title='bbox 3713 4020 3849 4081; x_wconf 79' lang='lat' dir='ltr'><strong>pr0&#39;</strong></span> 
     </span>
    </p>
   </div>
   <div class='ocr_carea' id='block_1_105' title="bbox 2194 4095 3848 4171">
    <p class='ocr_par' dir='ltr' id='par_1_105' title="bbox 2194 4095 3848 4171">
     <span class='ocr_line' id='line_1_105' title="bbox 2194 4095 3848 4171; baseline 0 -18"><span class='ocrx_word' id='word_1_770' title='bbox 2194 4098 2396 4171; x_wconf 91' lang='lat' dir='ltr'><strong>pheta.</strong></span> <span class='ocrx_word' id='word_1_771' title='bbox 2448 4101 2692 4156; x_wconf 86' lang='lat' dir='ltr'><strong>Putatur</strong></span> <span class='ocrx_word' id='word_1_772' title='bbox 2729 4102 2930 4154; x_wconf 89' lang='lat' dir='ltr'><strong>autem</strong></span> <span class='ocrx_word' id='word_1_773' title='bbox 2975 4096 3187 4153; x_wconf 89' lang='lat' dir='ltr'><strong>eadem</strong></span> <span class='ocrx_word' id='word_1_774' title='bbox 3244 4095 3429 4153; x_wconf 89' lang='lat' dir='ltr'><strong>vidua</strong></span> <span class='ocrx_word' id='word_1_775' title='bbox 3471 4096 3606 4153; x_wconf 88' lang='lat' dir='ltr'><strong>avia</strong></span> <span class='ocrx_word' id='word_1_776' title='bbox 3659 4096 3848 4153; x_wconf 88' lang='lat' dir='ltr'><strong>fuisse</strong></span> 
     </span>
    </p>
   </div>
   <div class='ocr_carea' id='block_1_106' title="bbox 2193 4185 3583 4261">
    <p class='ocr_par' dir='ltr' id='par_1_106' title="bbox 2193 4185 3583 4261">
     <span class='ocr_line' id='line_1_106' title="bbox 2193 4185 3583 4261; baseline -0.001 -18"><span class='ocrx_word' id='word_1_777' title='bbox 2193 4187 2466 4259; x_wconf 90' lang='lat' dir='ltr'><strong>ejusdem</strong></span> <span class='ocrx_word' id='word_1_778' title='bbox 2495 4194 2677 4244; x_wconf 90' lang='lat' dir='ltr'><strong>Amos</strong></span> <span class='ocrx_word' id='word_1_779' title='bbox 2703 4187 3029 4261; x_wconf 60' lang='lat' dir='ltr'><strong>prophetae.</strong></span> <span class='ocrx_word' id='word_1_780' title='bbox 3065 4188 3207 4253; x_wconf 61' lang='lat' dir='ltr'><strong>Quae</strong></span> <span class='ocrx_word' id='word_1_781' title='bbox 3238 4185 3583 4259; x_wconf 84' lang='lat' dir='ltr'><strong>respondit:</strong></span> 
     </span>
    </p>
   </div>
   <div class='ocr_carea' id='block_1_107' title="bbox 2267 4275 3851 4346">
    <p class='ocr_par' dir='ltr' id='par_1_107' title="bbox 2267 4275 3851 4346">
     <span class='ocr_line' id='line_1_107' title="bbox 2267 4275 3851 4346; baseline 0.002 -17"><span class='ocrx_word' id='word_1_782' title='bbox 2267 4300 2294 4328; x_wconf 78' lang='grc' dir='ltr'>α</span> <span class='ocrx_word' id='word_1_783' title='bbox 2325 4280 2448 4332; x_wconf 86' lang='lat' dir='ltr'><strong>Heu</strong></span> <span class='ocrx_word' id='word_1_784' title='bbox 2474 4276 2686 4333; x_wconf 88' lang='lat' dir='ltr'><strong>mulier</strong></span> <span class='ocrx_word' id='word_1_785' title='bbox 2714 4275 2897 4333; x_wconf 88' lang='lat' dir='ltr'><strong>vidua</strong></span> <span class='ocrx_word' id='word_1_786' title='bbox 2918 4290 3030 4346; x_wconf 88' lang='lat' dir='ltr'><strong>ego</strong></span> <span class='ocrx_word' id='word_1_787' title='bbox 3058 4292 3213 4332; x_wconf 90' lang='lat' dir='ltr'><strong>sum.</strong></span> <span class='ocrx_word' id='word_1_788' title='bbox 3247 4278 3507 4333; x_wconf 87' lang='lat' dir='ltr'><strong>Mortuus</strong></span> <span class='ocrx_word' id='word_1_789' title='bbox 3531 4280 3620 4332; x_wconf 91' lang='lat' dir='ltr'><strong>est</strong></span> <span class='ocrx_word' id='word_1_790' title='bbox 3644 4281 3851 4332; x_wconf 87' lang='lat' dir='ltr'><strong>autem</strong></span> 
     </span>
    </p>
   </div>
   <div class='ocr_carea' id='block_1_108' title="bbox 2115 4350 3852 4438">
    <p class='ocr_par' dir='ltr' id='par_1_108' title="bbox 2115 4350 3852 4438">
     <span class='ocr_line' id='line_1_108' title="bbox 2115 4350 3852 4438; baseline -0.002 -15"><span class='ocrx_word' id='word_1_791' title='bbox 2115 4350 2161 4404; x_wconf 79' lang='lat' dir='ltr'><strong>D</strong></span> <span class='ocrx_word' id='word_1_792' title='bbox 2199 4389 2226 4416; x_wconf 92' lang='grc'><strong>‹‹</strong></span> <span class='ocrx_word' id='word_1_793' title='bbox 2250 4366 2336 4423; x_wconf 90' lang='lat' dir='ltr'><strong>vir</strong></span> <span class='ocrx_word' id='word_1_794' title='bbox 2364 4382 2557 4436; x_wconf 89' lang='lat' dir='ltr'><strong>meus,</strong></span> <span class='ocrx_word' id='word_1_795' title='bbox 2590 4370 2645 4422; x_wconf 91' lang='lat' dir='ltr'><strong>et</strong></span> <span class='ocrx_word' id='word_1_796' title='bbox 2682 4364 2909 4421; x_wconf 81' lang='lat' dir='ltr'><strong>ancillae</strong></span> <span class='ocrx_word' id='word_1_797' title='bbox 2957 4370 3071 4421; x_wconf 81' lang='lat' dir='ltr'><strong>tuae</strong></span> <span class='ocrx_word' id='word_1_798' title='bbox 3096 4368 3266 4421; x_wconf 90' lang='lat' dir='ltr'><strong>erant</strong></span> <span class='ocrx_word' id='word_1_799' title='bbox 3302 4363 3426 4420; x_wconf 90' lang='lat' dir='ltr'><strong>duo</strong></span> <span class='ocrx_word' id='word_1_800' title='bbox 3452 4364 3577 4433; x_wconf 87' lang='lat' dir='ltr'><strong>ﬁlii,</strong></span> <span class='ocrx_word' id='word_1_801' title='bbox 3611 4364 3719 4438; x_wconf 89' lang='lat' dir='ltr'><strong>qui</strong></span> <span class='ocrx_word' id='word_1_802' title='bbox 3773 4366 3852 4420; x_wconf 86' lang='lat' dir='ltr'><strong>ri-</strong></span> 
     </span>
    </p>
   </div>
   <div class='ocr_carea' id='block_1_109' title="bbox 2196 4453 3855 4527">
    <p class='ocr_par' dir='ltr' id='par_1_109' title="bbox 2196 4453 3855 4527">
     <span class='ocr_line' id='line_1_109' title="bbox 2196 4453 3855 4527; baseline 0.003 -21"><span class='ocrx_word' id='word_1_803' title='bbox 2196 4479 2224 4506; x_wconf 87' lang='grc'><strong>‹(</strong></span> <span class='ocrx_word' id='word_1_804' title='bbox 2257 4456 2381 4512; x_wconf 91' lang='lat' dir='ltr'><strong>xati</strong></span> <span class='ocrx_word' id='word_1_805' title='bbox 2428 4458 2569 4511; x_wconf 92' lang='lat' dir='ltr'><strong>sunt</strong></span> <span class='ocrx_word' id='word_1_806' title='bbox 2616 4454 2905 4511; x_wconf 90' lang='lat' dir='ltr'><strong>adversus</strong></span> <span class='ocrx_word' id='word_1_807' title='bbox 2935 4470 2997 4511; x_wconf 92' lang='lat' dir='ltr'><strong>se</strong></span> <span class='ocrx_word' id='word_1_808' title='bbox 3044 4455 3105 4510; x_wconf 91' lang='lat' dir='ltr'><strong>in</strong></span> <span class='ocrx_word' id='word_1_809' title='bbox 3146 4469 3313 4525; x_wconf 91' lang='lat' dir='ltr'><strong>agro,</strong></span> <span class='ocrx_word' id='word_1_810' title='bbox 3347 4453 3672 4527; x_wconf 90' lang='lat' dir='ltr'><strong>nullusque</strong></span> <span class='ocrx_word' id='word_1_811' title='bbox 3722 4461 3855 4511; x_wconf 88' lang='lat' dir='ltr'><strong>erat</strong></span> 
     </span>
    </p>
   </div>
   <div class='ocr_carea' id='block_1_110' title="bbox 2194 4535 3855 4620">
    <p class='ocr_par' dir='ltr' id='par_1_110' title="bbox 2194 4535 3855 4620">
     <span class='ocr_line' id='line_1_110' title="bbox 2194 4535 3855 4620; baseline 0.002 -23"><span class='ocrx_word' id='word_1_812' title='bbox 2194 4568 2224 4597; x_wconf 78' lang='grc' dir='ltr'><strong><em>κ</em></strong></span> <span class='ocrx_word' id='word_1_813' title='bbox 2264 4545 2365 4620; x_wconf 91' lang='lat' dir='ltr'><strong>qui</strong></span> <span class='ocrx_word' id='word_1_814' title='bbox 2390 4535 2492 4601; x_wconf 76' lang='lat' dir='ltr'><strong>eos</strong></span> <span class='ocrx_word' id='word_1_815' title='bbox 2520 4544 2837 4618; x_wconf 90' lang='lat' dir='ltr'><strong>prohibere</strong></span> <span class='ocrx_word' id='word_1_816' title='bbox 2863 4544 3070 4617; x_wconf 90' lang='lat' dir='ltr'><strong>possit,</strong></span> <span class='ocrx_word' id='word_1_817' title='bbox 3106 4549 3163 4600; x_wconf 92' lang='lat' dir='ltr'><strong>et</strong></span> <span class='ocrx_word' id='word_1_818' title='bbox 3206 4544 3499 4617; x_wconf 91' lang='lat' dir='ltr'><strong>percussit</strong></span> <span class='ocrx_word' id='word_1_819' title='bbox 3518 4543 3664 4600; x_wconf 90' lang='lat' dir='ltr'><strong>alter</strong></span> <span class='ocrx_word' id='word_1_820' title='bbox 3709 4543 3855 4600; x_wconf 88' lang='lat' dir='ltr'><strong>alte-</strong></span> 
     </span>
    </p>
   </div>
   <div class='ocr_carea' id='block_1_111' title="bbox 2195 4633 3847 4705">
    <p class='ocr_par' dir='ltr' id='par_1_111' title="bbox 2195 4633 3847 4705">
     <span class='ocr_line' id='line_1_111' title="bbox 2195 4633 3847 4705; baseline 0.001 -18"><span class='ocrx_word' id='word_1_821' title='bbox 2195 4659 2223 4688; x_wconf 82' lang='grc'><strong>‹‹</strong></span> <span class='ocrx_word' id='word_1_822' title='bbox 2263 4652 2400 4693; x_wconf 92' lang='lat' dir='ltr'><strong>rum</strong></span> <span class='ocrx_word' id='word_1_823' title='bbox 2473 4641 2532 4691; x_wconf 92' lang='lat' dir='ltr'><strong>et</strong></span> <span class='ocrx_word' id='word_1_824' title='bbox 2579 4633 2884 4691; x_wconf 80' lang='lat' dir='ltr'><strong>interfecit.</strong></span> <span class='ocrx_word' id='word_1_825' title='bbox 2945 4637 3012 4691; x_wconf 87' lang='lat' dir='ltr'><strong>Et</strong></span> <span class='ocrx_word' id='word_1_826' title='bbox 3075 4650 3209 4691; x_wconf 90' lang='lat' dir='ltr'><strong>ecce</strong></span> <span class='ocrx_word' id='word_1_827' title='bbox 3292 4649 3663 4705; x_wconf 89' lang='lat' dir='ltr'><strong>consurgens</strong></span> <span class='ocrx_word' id='word_1_828' title='bbox 3710 4635 3847 4690; x_wconf 84' lang='lat' dir='ltr'><strong>uni-</strong></span> 
     </span>
    </p>
   </div>
   <div class='ocr_carea' id='block_1_112' title="bbox 2195 4723 3843 4797">
    <p class='ocr_par' dir='ltr' id='par_1_112' title="bbox 2195 4723 3843 4797">
     <span class='ocr_line' id='line_1_112' title="bbox 2195 4723 3843 4797; baseline 0.002 -18"><span class='ocrx_word' id='word_1_829' title='bbox 2195 4749 2224 4779; x_wconf 84' lang='lat'><strong><em>«</em></strong></span> <span class='ocrx_word' id='word_1_830' title='bbox 2262 4743 2437 4784; x_wconf 90' lang='lat' dir='ltr'><strong>versa</strong></span> <span class='ocrx_word' id='word_1_831' title='bbox 2475 4724 2751 4797; x_wconf 87' lang='lat' dir='ltr'><strong>cognatio</strong></span> <span class='ocrx_word' id='word_1_832' title='bbox 2779 4725 3069 4781; x_wconf 90' lang='lat' dir='ltr'><strong>adversus</strong></span> <span class='ocrx_word' id='word_1_833' title='bbox 3090 4723 3371 4781; x_wconf 90' lang='lat' dir='ltr'><strong>ancillam</strong></span> <span class='ocrx_word' id='word_1_834' title='bbox 3419 4730 3606 4794; x_wconf 90' lang='lat' dir='ltr'><strong>tuam,</strong></span> <span class='ocrx_word' id='word_1_835' title='bbox 3660 4724 3843 4782; x_wconf 91' lang='lat' dir='ltr'><strong>dicit:</strong></span> 
     </span>
    </p>
   </div>
   <div class='ocr_carea' id='block_1_113' title="bbox 2194 4813 3844 4889">
    <p class='ocr_par' dir='ltr' id='par_1_113' title="bbox 2194 4813 3844 4889">
     <span class='ocr_line' id='line_1_113' title="bbox 2194 4813 3844 4889; baseline -0.004 -16"><span class='ocrx_word' id='word_1_836' title='bbox 2194 4839 2223 4867; x_wconf 85' lang='lat'><strong><em>«</em></strong></span> <span class='ocrx_word' id='word_1_837' title='bbox 2262 4816 2450 4874; x_wconf 84' lang='lat' dir='ltr'><strong>Trade</strong></span> <span class='ocrx_word' id='word_1_838' title='bbox 2514 4831 2653 4872; x_wconf 91' lang='lat' dir='ltr'><strong>eum</strong></span> <span class='ocrx_word' id='word_1_839' title='bbox 2732 4813 2834 4888; x_wconf 87' lang='lat' dir='ltr'><strong>qui</strong></span> <span class='ocrx_word' id='word_1_840' title='bbox 2919 4814 3211 4889; x_wconf 91' lang='lat' dir='ltr'><strong>percussit</strong></span> <span class='ocrx_word' id='word_1_841' title='bbox 3284 4814 3528 4871; x_wconf 90' lang='lat' dir='ltr'><strong>fratrem</strong></span> <span class='ocrx_word' id='word_1_842' title='bbox 3583 4830 3786 4870; x_wconf 92' lang='lat' dir='ltr'><strong>suum.</strong></span> <span class='ocrx_word' id='word_1_843' title='bbox 3813 4838 3844 4867; x_wconf 80' lang='lat'><strong><em>»</em></strong></span> 
     </span>
    </p>
   </div>
   <div class='ocr_carea' id='block_1_114' title="bbox 2191 4903 3848 4973">
    <p class='ocr_par' dir='ltr' id='par_1_114' title="bbox 2191 4903 3848 4973">
     <span class='ocr_line' id='line_1_114' title="bbox 2191 4903 3848 4973; baseline -0.001 -12"><span class='ocrx_word' id='word_1_844' title='bbox 2191 4907 2255 4963; x_wconf 92' lang='lat' dir='ltr'><strong>In</strong></span> <span class='ocrx_word' id='word_1_845' title='bbox 2284 4907 2529 4964; x_wconf 90' lang='lat' dir='ltr'><strong>veritate</strong></span> <span class='ocrx_word' id='word_1_846' title='bbox 2555 4911 2776 4973; x_wconf 90' lang='lat' dir='ltr'><strong>autem,</strong></span> <span class='ocrx_word' id='word_1_847' title='bbox 2809 4908 2872 4961; x_wconf 93' lang='lat' dir='ltr'><strong>ut</strong></span> <span class='ocrx_word' id='word_1_848' title='bbox 2902 4904 3131 4961; x_wconf 68' lang='lat' dir='ltr'><strong>Hebraei</strong></span> <span class='ocrx_word' id='word_1_849' title='bbox 3156 4903 3421 4973; x_wconf 89' lang='lat' dir='ltr'><strong>tradunt,</strong></span> <span class='ocrx_word' id='word_1_850' title='bbox 3469 4905 3599 4961; x_wconf 60' lang='lat' dir='ltr'><strong>haec</strong></span> <span class='ocrx_word' id='word_1_851' title='bbox 3628 4903 3848 4960; x_wconf 89' lang='lat' dir='ltr'><strong>mulier</strong></span> 
     </span>
    </p>
   </div>
   <div class='ocr_carea' id='block_1_115' title="bbox 2190 4993 3846 5069">
    <p class='ocr_par' dir='ltr' id='par_1_115' title="bbox 2190 4993 3846 5069">
     <span class='ocr_line' id='line_1_115' title="bbox 2190 4993 3846 5069; baseline -0.002 -15"><span class='ocrx_word' id='word_1_852' title='bbox 2190 4997 2395 5069; x_wconf 90' lang='lat' dir='ltr'><strong>vidua,</strong></span> <span class='ocrx_word' id='word_1_853' title='bbox 2476 4996 2630 5054; x_wconf 90' lang='lat' dir='ltr'><strong>duos</strong></span> <span class='ocrx_word' id='word_1_854' title='bbox 2682 4995 2837 5052; x_wconf 88' lang='lat' dir='ltr'><strong>ﬁlios</strong></span> <span class='ocrx_word' id='word_1_855' title='bbox 2910 4993 3132 5050; x_wconf 90' lang='lat' dir='ltr'><strong>habere</strong></span> <span class='ocrx_word' id='word_1_856' title='bbox 3182 4998 3434 5068; x_wconf 91' lang='lat' dir='ltr'><strong>poterat,</strong></span> <span class='ocrx_word' id='word_1_857' title='bbox 3506 4994 3609 5067; x_wconf 90' lang='lat' dir='ltr'><strong>qui</strong></span> <span class='ocrx_word' id='word_1_858' title='bbox 3665 4994 3846 5050; x_wconf 84' lang='lat' dir='ltr'><strong>rixati</strong></span> 
     </span>
    </p>
   </div>
   <div class='ocr_carea' id='block_1_116' title="bbox 2192 5084 3850 5159">
    <p class='ocr_par' dir='ltr' id='par_1_116' title="bbox 2192 5084 3850 5159">
     <span class='ocr_line' id='line_1_116' title="bbox 2192 5084 3850 5159; baseline 0.001 -18"><span class='ocrx_word' id='word_1_859' title='bbox 2192 5092 2331 5143; x_wconf 90' lang='lat' dir='ltr'><strong>sunt</strong></span> <span class='ocrx_word' id='word_1_860' title='bbox 2357 5089 2419 5143; x_wconf 89' lang='lat' dir='ltr'><strong>in</strong></span> <span class='ocrx_word' id='word_1_861' title='bbox 2440 5102 2588 5157; x_wconf 88' lang='lat' dir='ltr'><strong>agro</strong></span> <span class='ocrx_word' id='word_1_862' title='bbox 2636 5101 2817 5158; x_wconf 90' lang='lat' dir='ltr'><strong>super</strong></span> <span class='ocrx_word' id='word_1_863' title='bbox 2844 5085 3186 5142; x_wconf 66' lang='lat' dir='ltr'><strong>haereditate</strong></span> <span class='ocrx_word' id='word_1_864' title='bbox 3215 5086 3402 5159; x_wconf 90' lang='lat' dir='ltr'><strong>patris</strong></span> <span class='ocrx_word' id='word_1_865' title='bbox 3443 5084 3557 5156; x_wconf 91' lang='lat' dir='ltr'><strong>sui,</strong></span> <span class='ocrx_word' id='word_1_866' title='bbox 3596 5090 3654 5142; x_wconf 91' lang='lat' dir='ltr'><strong>et</strong></span> <span class='ocrx_word' id='word_1_867' title='bbox 3701 5084 3850 5142; x_wconf 86' lang='lat' dir='ltr'><strong>alte-</strong></span> 
     </span>
    </p>
   </div>
   <div class='ocr_carea' id='block_1_117' title="bbox 2186 5174 3844 5248">
    <p class='ocr_par' dir='ltr' id='par_1_117' title="bbox 2186 5174 3844 5248">
     <span class='ocr_line' id='line_1_117' title="bbox 2186 5174 3844 5248; baseline 0.001 -18"><span class='ocrx_word' id='word_1_868' title='bbox 2186 5192 2324 5231; x_wconf 90' lang='lat' dir='ltr'><strong>rum</strong></span> <span class='ocrx_word' id='word_1_869' title='bbox 2350 5177 2426 5231; x_wconf 89' lang='lat' dir='ltr'><strong>ab</strong></span> <span class='ocrx_word' id='word_1_870' title='bbox 2453 5175 2637 5230; x_wconf 90' lang='lat' dir='ltr'><strong>altero</strong></span> <span class='ocrx_word' id='word_1_871' title='bbox 2658 5175 3080 5247; x_wconf 91' lang='lat' dir='ltr'><strong>interemptum</strong></span> <span class='ocrx_word' id='word_1_872' title='bbox 3113 5191 3126 5230; x_wconf 92' lang='lat'><strong>:</strong></span> <span class='ocrx_word' id='word_1_873' title='bbox 3158 5174 3264 5231; x_wconf 91' lang='lat' dir='ltr'><strong>sed</strong></span> <span class='ocrx_word' id='word_1_874' title='bbox 3284 5175 3482 5248; x_wconf 91' lang='lat' dir='ltr'><strong>seipsa</strong></span> <span class='ocrx_word' id='word_1_875' title='bbox 3508 5179 3709 5231; x_wconf 87' lang='lat' dir='ltr'><strong>tamen</strong></span> <span class='ocrx_word' id='word_1_876' title='bbox 3739 5190 3844 5231; x_wconf 90' lang='lat' dir='ltr'><strong>ea-</strong></span> 
     </span>
    </p>
   </div>
   <div class='ocr_carea' id='block_1_118' title="bbox 2187 5263 3847 5338">
    <p class='ocr_par' dir='ltr' id='par_1_118' title="bbox 2187 5263 3847 5338">
     <span class='ocr_line' id='line_1_118' title="bbox 2187 5263 3847 5338; baseline 0.001 -18"><span class='ocrx_word' id='word_1_877' title='bbox 2187 5264 2326 5320; x_wconf 92' lang='lat' dir='ltr'><strong>dem</strong></span> <span class='ocrx_word' id='word_1_878' title='bbox 2375 5264 2560 5320; x_wconf 89' lang='lat' dir='ltr'><strong>vidua</strong></span> <span class='ocrx_word' id='word_1_879' title='bbox 2587 5263 2649 5318; x_wconf 92' lang='lat' dir='ltr'><strong>in</strong></span> <span class='ocrx_word' id='word_1_880' title='bbox 2669 5277 2932 5335; x_wconf 88' lang='lat' dir='ltr'><strong>persona</strong></span> <span class='ocrx_word' id='word_1_881' title='bbox 2963 5263 3150 5321; x_wconf 89' lang='lat' dir='ltr'><strong>David</strong></span> <span class='ocrx_word' id='word_1_882' title='bbox 3170 5264 3390 5338; x_wconf 90' lang='lat' dir='ltr'><strong>posuit,</strong></span> <span class='ocrx_word' id='word_1_883' title='bbox 3414 5270 3472 5321; x_wconf 91' lang='lat' dir='ltr'><strong>et</strong></span> <span class='ocrx_word' id='word_1_884' title='bbox 3500 5263 3656 5321; x_wconf 89' lang='lat' dir='ltr'><strong>duos</strong></span> <span class='ocrx_word' id='word_1_885' title='bbox 3685 5263 3847 5322; x_wconf 88' lang='lat' dir='ltr'><strong>ﬁlios</strong></span> 
     </span>
    </p>
   </div>
   <div class='ocr_carea' id='block_1_119' title="bbox 2187 5352 3850 5426">
    <p class='ocr_par' dir='ltr' id='par_1_119' title="bbox 2187 5352 3850 5426">
     <span class='ocr_line' id='line_1_119' title="bbox 2187 5352 3850 5426; baseline 0.001 -18"><span class='ocrx_word' id='word_1_886' title='bbox 2187 5369 2331 5409; x_wconf 89' lang='lat' dir='ltr'><strong>suos</strong></span> <span class='ocrx_word' id='word_1_887' title='bbox 2389 5353 2447 5409; x_wconf 92' lang='lat' dir='ltr'><strong>in</strong></span> <span class='ocrx_word' id='word_1_888' title='bbox 2488 5367 2747 5426; x_wconf 88' lang='lat' dir='ltr'><strong>persona</strong></span> <span class='ocrx_word' id='word_1_889' title='bbox 2818 5355 3055 5409; x_wconf 90' lang='lat' dir='ltr'><strong>Amnon</strong></span> <span class='ocrx_word' id='word_1_890' title='bbox 3106 5359 3160 5409; x_wconf 91' lang='lat' dir='ltr'><strong>et</strong></span> <span class='ocrx_word' id='word_1_891' title='bbox 3217 5352 3527 5409; x_wconf 87' lang='lat' dir='ltr'><strong>Absalom.</strong></span> <span class='ocrx_word' id='word_1_892' title='bbox 3609 5354 3850 5425; x_wconf 89' lang='lat' dir='ltr'><strong>Cogna-</strong></span> 
     </span>
    </p>
   </div>
   <div class='ocr_carea' id='block_1_120' title="bbox 2185 5442 3847 5513">
    <p class='ocr_par' dir='ltr' id='par_1_120' title="bbox 2185 5442 3847 5513">
     <span class='ocr_line' id='line_1_120' title="bbox 2185 5442 3847 5513; baseline 0.001 -14"><span class='ocrx_word' id='word_1_893' title='bbox 2185 5443 2407 5499; x_wconf 90' lang='lat' dir='ltr'><strong>tionem</strong></span> <span class='ocrx_word' id='word_1_894' title='bbox 2463 5456 2606 5498; x_wconf 92' lang='lat' dir='ltr'><strong>vero</strong></span> <span class='ocrx_word' id='word_1_895' title='bbox 2660 5456 2797 5513; x_wconf 78' lang='lat' dir='ltr'><strong>quae</strong></span> <span class='ocrx_word' id='word_1_896' title='bbox 2846 5443 3217 5498; x_wconf 85' lang='lat' dir='ltr'><strong>consurrexit</strong></span> <span class='ocrx_word' id='word_1_897' title='bbox 3289 5443 3582 5500; x_wconf 88' lang='lat' dir='ltr'><strong>adversus</strong></span> <span class='ocrx_word' id='word_1_898' title='bbox 3643 5442 3847 5500; x_wconf 84' lang='lat' dir='ltr'><strong>tilium</strong></span> 
     </span>
    </p>
   </div>
   <div class='ocr_carea' id='block_1_121' title="bbox 2183 5531 3849 5603">
    <p class='ocr_par' dir='ltr' id='par_1_121' title="bbox 2183 5531 3849 5603">
     <span class='ocr_line' id='line_1_121' title="bbox 2183 5531 3849 5603; baseline 0.004 -18"><span class='ocrx_word' id='word_1_899' title='bbox 2183 5546 2382 5599; x_wconf 90' lang='lat' dir='ltr'><strong>suum,</strong></span> <span class='ocrx_word' id='word_1_900' title='bbox 2404 5532 2465 5587; x_wconf 90' lang='lat' dir='ltr'><strong>in</strong></span> <span class='ocrx_word' id='word_1_901' title='bbox 2486 5545 2746 5603; x_wconf 90' lang='lat' dir='ltr'><strong>persona</strong></span> <span class='ocrx_word' id='word_1_902' title='bbox 2772 5534 3122 5586; x_wconf 70' lang='lat' dir='ltr'><strong>cmterorum</strong></span> <span class='ocrx_word' id='word_1_903' title='bbox 3142 5531 3402 5589; x_wconf 89' lang='lat' dir='ltr'><strong>ﬁliorum</strong></span> <span class='ocrx_word' id='word_1_904' title='bbox 3434 5533 3640 5589; x_wconf 88' lang='lat' dir='ltr'><strong>David.</strong></span> <span class='ocrx_word' id='word_1_905' title='bbox 3667 5534 3849 5591; x_wconf 85' lang='lat' dir='ltr'><strong>Dixit-</strong></span> 
     </span>
    </p>
   </div>
   <div class='ocr_carea' id='block_1_122' title="bbox 2180 5619 2570 5694">
    <p class='ocr_par' dir='ltr' id='par_1_122' title="bbox 2180 5619 2570 5694">
     <span class='ocr_line' id='line_1_122' title="bbox 2180 5619 2570 5694; baseline -0.003 -16"><span class='ocrx_word' id='word_1_906' title='bbox 2180 5636 2302 5694; x_wconf 91' lang='lat' dir='ltr'><strong>que</strong></span> <span class='ocrx_word' id='word_1_907' title='bbox 2321 5619 2534 5678; x_wconf 90' lang='lat' dir='ltr'><strong>mulier</strong></span> <span class='ocrx_word' id='word_1_908' title='bbox 2557 5639 2570 5677; x_wconf 92' lang='lat'><strong>:</strong></span> 
     </span>
    </p>
   </div>
  </div>
