4136 6176
308 183 406 238 369
1299 192 1553 249 ENARR.
1579 193 1646 248 IN
1678 191 1937 249 LIBROS
1962 194 2227 255 REGUM.
2259 233 2327 243 —
2350 204 2420 260 IN
2447 205 2576 260 LIB.
2612 209 2675 261 ll.
3596 213 3703 268 370

369 327 394 355 ‹‹
422 308 626 404 tame,
652 308 903 404 Domine
948 311 1028 366 mi
1079 327 1202 380 rex,
1248 313 1533 387 iniquitas
1581 320 1639 373 et
1666 316 1727 372 in
1758 316 1943 373 domo
1976 323 2023 375 Α
2051 327 2204 379 rant.
2243 327 2353 393 Qui
2401 345 2613 402 pacem
2643 346 2780 386 cum
2809 336 3017 387 nostro
3047 332 3235 388 David
3274 333 3526 389 Domino
3556 333 3704 389 scili-

300 414 321 444 ι
355 396 542 467 patris
571 396 710 466 mei,
743 413 846 453 rex
887 405 1085 456 autem
1112 406 1170 457 et
1197 401 1416 459 domus
1472 405 1601 476 ejus
1660 405 1733 461 sit
1775 404 1944 462 inno-
2050 396 2458 473 cetSalvatore
2474 418 2915 475 haberenoluit.
2931 420 3194 476 Aitenim
3214 421 3373 477 idem
3392 421 3701 480 Absalom.

290 498 515 583 «hcens.
544 505 573 532 ))
600 490 681 540 ΑΟ
713 485 759 541 εἰ
779 486 998 583 diceret
1028 508 1042 545 ε
1069 490 1189 583 -ΡῙὍ
1214 507 1285 547 80
1314 493 1483 565 quod
1517 493 1663 550 alter
1689 494 1850 549 filius
1880 494 1941 550 in
2125 522 2153 549 ‹‹
2188 503 2328 568 Quis
2355 521 2451 561 me
2500 508 2823 564 constituat
2852 508 3119 580 judicem
3150 525 3328 583 super
3378 512 3640 566 terram?
3669 529 3702 565 ι

283 573 544 629 alterum
576 578 1030 646 consurrexerit,
1064 580 1127 636 in
1172 597 1271 637 me
1322 583 1396 638 sit
1451 582 1760 656 iniquitas,
1798 584 1943 656 quia
2050 592 2160 646 etc.
2194 592 2483 651 Simulata
2522 596 2828 654 humilitas
2853 573 2916 653 in
2968 573 3254 654 Absalom
3285 599 3702 657 demonstrata

285 663 536 760 absque
546 665 734 760 culpa
772 683 834 724 es
864 668 922 724 in
954 685 1025 760 eo
1064 671 1230 744 quod
1256 672 1335 728 illi
1368 673 1490 730 duo
1541 673 1753 731 fratres
1791 674 1943 731 inter
2050 682 2174 733 est:
2207 681 2354 737 nihil
2379 683 2539 739 enim
2571 692 2662 740 est
2682 685 2964 756 deterius,
2987 703 3173 759 quam
3198 704 3305 760 per
3330 688 3701 760 hypocrisim

284 768 349 810 se
374 753 793 849 conﬂixerant.
828 761 894 815 Et
937 759 1089 849 sicut
1117 776 1230 832 ego
1274 762 1506 836 absque
1559 763 1738 837 culpa
1782 780 1939 833 sum,
2050 764 2234 824 falsas
2257 770 2497 828 virtutes
2527 775 2877 847 quempiam
2908 753 3296 847 exaggerare,
3328 753 3390 832 et
3418 753 3530 849 per
3582 777 3701 834 ela-

281 859 398 917 pro
426 860 500 900 eo
540 845 709 918 quod
738 847 860 903 duo
902 848 1005 905 ﬁlii
1036 852 1155 907 mei
1184 859 1682 910 consurrexerunt
1727 854 1939 910 adver-
2048 855 2271 914 tionem
2307 861 2504 917 cordis
2547 845 2855 934 majorum
2885 868 3019 920 acta
3036 845 3105 920 et
3157 845 3331 921 fortia
3378 845 3700 939 reprehen-

280 949 425 1027 sum
454 950 539 999 se,
570 935 991 1027 etinterfectus
1022 943 1112 996 est
1137 939 1284 996 alter
1324 941 1402 998 ab
1432 942 1636 1011 altero,
1686 943 1768 1000 ita
1795 948 1849 1000 et
1877 947 1941 999 tu
2048 944 2250 1004 dendo
2279 948 2614 1007 diffamare.
2651 953 2809 1009 Sicut
2827 957 2882 1009 et
2904 952 3188 1009 Absalom
3219 954 3401 1027 patris
3423 935 3513 1009 sui
3533 955 3700 1026 justa

276 1021 521 1117 absque
551 1024 732 1097 culpa
784 1042 866 1117 es,
898 1043 1009 1100 pro
1054 1045 1125 1085 eo
1155 1030 1321 1102 quod
1351 1031 1638 1088 Absalom
1677 1034 1937 1100 Amnon,
2044 1036 2271 1107 judicia
2301 1054 2453 1096 ausu
2482 1043 2796 1098 temerario
2820 1059 3023 1099 coram
3063 1021 3240 1098 omni
3258 1043 3484 1116 populo
3506 1021 3700 1117 repre—

271 1111 541 1184 dignum
567 1119 780 1185 morte,
804 1116 1112 1175 interfecit.
2045 1123 2307 1184 hendere
2325 1144 2450 1185 non
2492 1129 2702 1186 timuit.

348 1221 387 1255 ‹
421 1203 569 1268 Quae
600 1203 720 1260 ait:
750 1206 1111 1263 Recordetur
1138 1223 1244 1264 rex
1274 1208 1510 1265 Domini
1560 1210 1661 1267 Dei
1715 1209 1827 1282 sui,
1877 1215 1943 1266 ut
2121 1236 2149 1264 ι(
2182 1216 2322 1272 Post
2357 1218 2763 1290 quadraginta
2789 1223 2989 1276 autem
3016 1235 3207 1277 annos
3236 1220 3383 1277 dixit
3411 1221 3698 1278 Absalom

270 1313 300 1340 α
329 1292 968 1383 nonmultiplicentur
989 1297 1249 1369 proximi
1292 1298 1605 1370 sanguinis
1655 1299 1733 1357 ad
1762 1299 1940 1356 ulcis-
2049 1325 2078 1352 ‹‹
2113 1304 2190 1359 ad
2230 1321 2467 1376 regem:
2501 1307 2759 1375 Vadam,
2792 1313 2849 1366 et
2896 1308 3150 1365 reddam
3187 1314 3325 1367 vota
3355 1326 3511 1381 mea,
3560 1327 3698 1383 qua:

273 1402 299 1431 ι
331 1381 633 1448 cendum,
661 1388 719 1438 et
767 1399 1152 1459 nequaquam
1207 1388 1565 1445 interﬁciant
1592 1388 1783 1445 ﬁlium
1813 1405 1939 1444 me-
2050 1415 2079 1443 ‹‹
2111 1394 2251 1451 vovi
2280 1397 2534 1452 Domino
2574 1398 2635 1453 in
2666 1397 2924 1454 Hebron.
2962 1422 2990 1449 ››
3022 1399 3532 1469 Quadragesimus
3564 1381 3699 1469 age-

272 1493 299 1517 u
329 1487 475 1526 um.
502 1493 530 1520 η
561 1473 909 1530 Recordatio
939 1474 1035 1531 hic
1082 1492 1192 1550 pro
1215 1477 1559 1549 juramento
1602 1478 1799 1551 posita
1827 1483 1938 1550 est,
2048 1481 2226 1539 batur
2256 1500 2453 1541 annus
2486 1502 2557 1542 ex
2580 1502 2650 1543 eo
2680 1492 2948 1560 tempore
2976 1504 3099 1561 quo
3132 1488 3273 1545 Saul
3304 1488 3466 1545 Nobe
3496 1488 3699 1545 civita-

272 1576 339 1616 ac
381 1561 431 1616 si
464 1569 675 1635 aperte
701 1564 995 1622 diceretur
1025 1585 1039 1623 :
1072 1568 1437 1624 Recordetur
1462 1585 1560 1624 rex
1589 1568 1940 1641 promissio-
2049 1575 2167 1627 tem
2208 1588 2348 1629 cum
2379 1575 2791 1631 sacerdotibus
2820 1577 3122 1646 octoginta
3150 1577 3418 1649 quinque
3460 1582 3701 1649 propter

271 1650 364 1705 nis
383 1667 542 1714 suae,
594 1651 715 1708 imo
739 1654 1082 1724 juramenti,
1114 1672 1237 1729 quo
1267 1656 1411 1713 mihi
1466 1672 1573 1730 per
1615 1658 1938 1714 Dominum
1969 1670 2009 1723 Β
2048 1663 2240 1719 David
2269 1663 2582 1734 interemit,
2616 1670 2671 1721 et
2698 1666 2919 1722 idcirco
2964 1666 3061 1722 hic
3098 1666 3259 1722 idem
3307 1667 3698 1739 quadragesi-

274 1740 471 1796 Deum
499 1757 680 1797 suum
707 1743 1004 1815 pollicitus
1029 1750 1133 1808 est,
1182 1751 1247 1802 ut
1295 1761 1415 1802 non
1474 1745 1941 1819 multiplicantur
2048 1768 2186 1808 mus
2236 1769 2433 1810 annus
2460 1756 2722 1828 ponitur,
2756 1760 2821 1812 ut
2859 1760 3223 1812 monstretur
3241 1756 3509 1812 divinam
3532 1756 3700 1811 ultio-

272 1830 541 1901 proximi
577 1832 887 1901 sanguinis
914 1833 992 1889 ad
1014 1834 1442 1891 ulciscendum.
2050 1856 2191 1897 nem
2218 1843 2489 1900 suscitari
2524 1860 2706 1917 super
2727 1844 2937 1912 David,
2962 1861 3031 1901 eo
3055 1844 3221 1918 quod
3250 1844 3591 1901 Abimelech
3609 1861 3700 1900 sa-

339 1941 369 1968 κ
406 1919 690 1992 Dixitque
720 1920 967 1977 mulier:
1027 1924 1219 1988 Quare
1262 1923 1537 1994 cogitasti
1592 1923 1939 1981 istiusmodi
2051 1932 2353 1989 cerdotem
2420 1933 2716 2001 fefellerit,
2795 1939 2852 1990 et
2908 1940 3154 2007 propter
3214 1950 3355 1990 eum
3430 1934 3703 1991 sacerdo-

273 2029 301 2056 «ι
338 2023 475 2062 rem
499 2014 709 2064 contra
730 2009 1023 2081 populum
1058 2010 1177 2080 Dei,
1201 2016 1258 2066 et
1284 2010 1520 2067 locutus
1549 2017 1636 2067 est
1662 2028 1768 2069 rex
1804 2028 1935 2068 ver-
2050 2024 2178 2076 tum
2216 2021 2410 2077 caedes
2458 2022 2616 2079 facta
2674 2022 2865 2078 fuerit.
2926 2026 3101 2091 Cave,
3133 2023 3339 2090 lector,
3378 2023 3698 2095 plerosque

276 2118 303 2145 α
328 2095 484 2150 bum
512 2096 673 2151 istud
697 2102 759 2152 ut
787 2102 1009 2169 peccet,
1042 2103 1097 2154 et
1126 2114 1251 2155 non
1279 2099 1530 2156 reducat
1548 2101 1804 2172 ejectum
1833 2117 1934 2156 su-
2050 2108 2375 2164 mendosos
2412 2111 2669 2178 codices,
2708 2112 2768 2167 in
2794 2111 3016 2182 quibus
3047 2111 3335 2183 scriptum
3378 2110 3696 2176 invenitur,

280 2208 307 2234 ι(
333 2202 469 2241 um.
503 2210 527 2233 ιι
564 2189 645 2241 Ex
688 2186 803 2242 hoc
831 2187 966 2243 loco
997 2188 1442 2246 demonstratur
1469 2190 1616 2246 illud
1647 2191 1813 2263 quod
1844 2206 1937 2245 su-
2050 2201 2187 2268 post
2213 2202 2494 2269 quatuor,
2529 2215 2651 2254 non
2680 2204 2819 2272 post
2842 2199 3249 2272 quadraginta
3274 2214 3497 2254 annos:
3528 2198 3589 2253 in
3602 2214 3700 2254 ve-

283 2275 485 2344 perius
508 2275 733 2330 dictum
762 2281 881 2331 est:
916 2298 943 2326 ‹‹
986 2277 1247 2333 Cessavit
1271 2278 1460 2333 David
1481 2293 1588 2334 rex
1616 2278 1774 2335 exire
1797 2282 1935 2351 post
2049 2285 2399 2341 tustioribus
2428 2303 2569 2343 vero
2593 2287 2921 2355 codicibus,
2956 2292 3012 2344 et
3037 2288 3097 2342 in
3123 2286 3412 2342 Hebraica
3431 2285 3697 2357 veritate,

280 2362 584 2434 Absalom,
603 2386 631 2412 ιι
652 2363 716 2419 id
745 2370 852 2432 est,
877 2366 1133 2422 cessavit
1172 2371 1236 2422 ut
1264 2382 1387 2423 non
1414 2368 1672 2424 exiretur
1700 2368 1778 2424 ab
1831 2366 1937 2424 8.Ιὶ-
2048 2389 2171 2429 non
2204 2379 2482 2447 quatuor,
2514 2375 2620 2432 sed
2649 2376 3051 2449 quadraginta
3073 2375 3415 2432 scribuntur
3440 2374 3601 2431 anni.
3643 2376 3699 2431 Si

276 2467 401 2524 quo
431 2457 488 2507 et
514 2468 636 2508 non
660 2453 973 2511 reduceret
990 2455 1293 2512 Absalom.
2046 2478 2184 2520 vero
2215 2463 2353 2537 quis
2383 2464 2788 2521 contentiosus
2819 2464 3064 2521 eosdem
3094 2469 3354 2538 quatuor
3382 2479 3579 2519 annos
3603 2480 3697 2519 as-

342 2539 489 2597 lnde
520 2542 606 2596 ait
635 2542 885 2598 mulier:
926 2548 982 2598 et
1008 2543 1243 2600 locutus
1266 2548 1355 2600 est
1378 2560 1482 2600 rex
1506 2544 1758 2600 verbum
1790 2545 1938 2601 illud
2047 2556 2240 2608 truere
2270 2552 2540 2617 voluerit,
2571 2553 2650 2609 ab
2696 2569 2766 2609 eo
2810 2558 3079 2626 tempore
3108 2569 3232 2626 quo
3256 2552 3541 2608 Absalom
3566 2558 3701 2607 Am-

272 2654 297 2679 ‹‹
326 2635 390 2686 ut
418 2637 650 2704 peccet,
682 2637 737 2688 et
766 2648 892 2688 non
913 2632 1161 2690 reducat
1188 2634 1443 2704 ejectum
1477 2649 1676 2688 suum.
1709 2656 1738 2683 ››
1764 2634 1936 2699 Quod
2046 2657 2169 2698 non
2192 2642 2432 2698 fratrem
2457 2659 2635 2699 suum
2665 2642 3175 2715 interfecit,usque
3195 2642 3275 2698 ad
3295 2641 3443 2697 illud
3464 2645 3701 2714 tempus

270 2736 409 2776 vero
441 2721 557 2776 ait:
590 2743 617 2769 ‹‹
651 2722 846 2787 Quare
878 2722 1151 2793 cogitasti
1172 2722 1511 2778 istiusmodi
1549 2739 1676 2779 rem
1726 2728 1936 2781 contra
2044 2747 2168 2804 quo
2189 2731 2341 2803 patri
2357 2731 2536 2788 dixit:
2567 2732 2866 2802 «Vadam,
2885 2737 2938 2788 et
2963 2732 3216 2787 reddam
3240 2734 3382 2787 vota
3410 2746 3547 2785 mea
3566 2746 3702 2803 quae

270 2806 567 2879 populum
600 2808 700 2863 Dei
723 2808 752 2863 ‘I
777 2831 803 2858 ››
834 2809 1126 2882 Populum
1164 2810 1265 2867 Dei
1302 2817 1475 2867 vocat
1502 2811 1785 2867 eumdem
1813 2811 1934 2867 Ab-
2045 2816 2185 2872 vovi
2205 2819 2463 2875 Domino
2491 2819 2554 2875 in
2604 2821 2860 2883 Hebron,
2893 2844 2922 2871 »
2949 2821 3267 2894 perspicue
3317 2835 3379 2875 se
3408 2835 3627 2882 errare.
3653 2818 3702 2874 si

273 2895 484 2961 salom,
521 2898 649 2953 sive
674 2913 780 2953 eos
807 2899 911 2971 qui
936 2915 1075 2954 cum
1104 2898 1205 2954 illo
1238 2904 1438 2956 erant:
1468 2900 1574 2973 qui
1597 2900 1770 2972 quasi
1797 2916 1935 2973 cap-
2047 2904 2360 2975 diligenter
2383 2914 2790 2979 perscrutatus
2810 2909 3005 2981 fuerit,
3028 2909 3286 2965 inveniet
3307 2926 3319 2963 :
3340 2925 3479 2964 cum
3496 2908 3700 2979 utique

276 2982 370 3088 ltivi
403 2985 663 3088 ethejecti
685 2991 874 3088 erant,
905 2989 971 3088 et
998 2986 1165 3059 quod
1211 2986 1812 3088 nonnreducerentur
1855 2987 1935 3043 ad
1966 3032 2006 3088 Ο
2047 2997 2284 3049 Amnon
2308 2995 2633 3063 interfecto,
2668 2997 2955 3054 Absalom
2980 2997 3288 3066 ingressus
3310 2996 3476 3068 apud
3492 2996 3701 3052 Tholo-

272 3070 683 3130 haereditatem
695 3074 819 3146 Dei,
842 3091 916 3131 ne
944 3074 1093 3131 forte
1116 3076 1304 3132 coacti
1325 3075 1439 3132 diis
1461 3076 1668 3132 alienis
1694 3077 1756 3133 in
1780 3081 1936 3133 terra
1966 3070 2006 3088 υ
2046 3081 2167 3137 mai
2197 3098 2401 3153 regem
2426 3084 2619 3139 tribus
2651 3086 2845 3155 annis,
2864 3091 2922 3141 et
2949 3085 3009 3140 in
3038 3084 3401 3140 Hierusalem
3434 3084 3575 3138 inde
3613 3098 3701 3138 re-

275 3160 467 3218 aliena
498 3163 813 3221 servirent.
2046 3174 2317 3237 vocatos,
2338 3187 2459 3227 non
2476 3172 2602 3228 viso
2630 3177 2798 3245 patre
2827 3173 3068 3229 duobus
3093 3177 3363 3228 moratus
3385 3171 3559 3228 annis
3582 3172 3702 3226 fue-

346 3276 374 3302 ι
409 3255 522 3307 Nec
551 3252 679 3308 vult
701 3254 893 3325 perire
916 3255 1069 3309 Deus
1098 3254 1387 3317 animam,
1408 3253 1513 3309 sed
1538 3256 1819 3309 retractat
1840 3269 1935 3308 co-
2047 3258 2141 3319 rit.
2167 3263 2223 3314 et
2252 3265 2417 3315 sexto
2447 3275 2608 3315 anno
2639 3260 2853 3316 faciem
2896 3260 3083 3333 patris
3126 3260 3356 3327 viderit,
3406 3265 3463 3316 et
3493 3265 3699 3316 contra

286 3362 315 3387 ιι
345 3342 539 3407 gitans
560 3356 633 3396 ne
657 3348 858 3414 pereat
882 3343 1120 3415 penitus
1150 3343 1255 3415 qui
1285 3343 1557 3413 abjectus
1577 3347 1687 3399 est.
1721 3364 1749 3391 ››
1780 3349 1860 3398 Ac
1889 3359 1916 3396 s
2049 3362 2188 3402 eum
2213 3347 2683 3420 perduellionem
2701 3349 3083 3422 praeparavit.
3101 3349 3321 3405 Votum
3352 3365 3618 3421 namque
3635 3364 3698 3404 se

293 3428 545 3484 diceret:
570 3430 721 3485 Deus
754 3437 1102 3504 peccatores
1122 3433 1226 3504 qui
1257 3448 1293 3487 a
1317 3431 1561 3488 diabolo
1591 3431 1811 3505 captivi
1839 3430 1915 3487 de
2047 3436 2284 3491 vovisse
2306 3437 2652 3492 mentiendo
2678 3436 2917 3504 dixit,id
2939 3441 3044 3506 est,
3075 3438 3404 3494 orationem
3433 3438 3699 3493 facturus

310 3515 581 3581 tinentur,
614 3523 674 3574 ut
700 3520 776 3575 ad
807 3536 871 3576 se
898 3525 1336 3591 convertantur,
1369 3526 1576 3576 vocat:
1608 3526 1666 3576 et
1718 3524 1781 3577 tu
1833 3520 1938 3593 qui
2045 3523 2260 3580 inloco
2289 3540 2413 3597 quo
2440 3524 2822 3597 requiescunt
2848 3526 3176 3594 Abraham,
3207 3530 3369 3582 Isaac
3400 3531 3453 3581 et
3490 3526 3695 3583 Jacob.

290 3620 415 3661 eum
437 3607 653 3664 imitari
678 3608 888 3678 debes,
910 3626 1017 3666 cur
1039 3625 1161 3666 non
1183 3626 1254 3665 eo
1281 3610 1465 3666 modo
1488 3611 1654 3682 agis?
2121 3637 2147 3663 «
2189 3614 2355 3669 Venit
2383 3618 2584 3670 autem
2614 3618 2672 3669 et
2699 3614 2916 3682 Zadoc,
2941 3620 2998 3671 ct
3029 3613 3288 3671 universi
3316 3615 3526 3671 Levitee
3558 3631 3698 3671 cum

354 3719 381 3745 κ
400 3699 459 3751 Et
482 3698 731 3769 quando
761 3700 1051 3756 tondebat
1076 3699 1362 3772 capillum
1400 3700 1609 3771 (semel
1640 3704 1844 3756 autem
1873 3699 1935 3754 in
2047 3723 2074 3751 ‹‹
2102 3717 2192 3768 eo,
2223 3706 2531 3775 portantes
2560 3718 2763 3759 arcam
2791 3702 3029 3759 foederis
3055 3702 3376 3772 Domini,et
3403 3703 3699 3776 deposue-

306 3804 331 3831 α
353 3799 493 3840 anno
523 3788 929 3860 tondebatur).
964 3812 991 3838 ››
1018 3793 1080 3844 ln
1113 3790 1354 3845 Hebraeo
1385 3790 1563 3859 igitur
1590 3790 1674 3845 ita
1698 3788 1931 3859 legitur:
2048 3812 2075 3840 «
2100 3796 2240 3846 runt
2264 3806 2467 3847 arcam
2494 3791 2616 3848 Dei.
2654 3794 2717 3847 Et
2766 3792 3038 3847 ascendit
3059 3791 3345 3847 Abiathar
3372 3791 3566 3848 donec
3598 3810 3697 3848 ex-

298 3893 323 3919 α
350 3874 408 3928 Et
429 3876 671 3946 quando
711 3876 1084 3933 tondebatur
1121 3882 1304 3950 caput
1356 3877 1507 3948 ejus,
1540 3882 1758 3933 statuto
1789 3882 1938 3933 tem-
2048 3903 2074 3929 «
2108 3879 2302 3951 pletus
2334 3885 2489 3936 esset
2516 3880 2716 3936 omnis
2747 3880 3009 3953 populus
3038 3880 3142 3953 qui
3196 3896 3476 3950 egressus
3506 3881 3700 3939 fuerat

282 3975 411 4033 pore
435 3964 841 4035 tondebatur,
874 3988 902 4015 »
930 3970 986 4022 et
1014 3966 1262 4039 reliqua.
1302 3969 1430 4022 Non
1467 3965 1625 4021 enim
1659 3965 1845 4020 semel
1873 3965 1933 4020 in
2045 3991 2071 4018 ‹‹
2102 3967 2176 4023 de
2204 3968 2465 4024 civitate.
2501 3990 2529 4018 ››
2561 3969 2700 4026 Ideo
2722 3985 2926 4025 arcam
2974 3968 3075 4025 Dei
3103 3968 3453 4041 deposuisse
3483 3969 3698 4026 dicun-

278 4065 454 4119 anno,
491 4061 557 4111 ut
588 4055 783 4111 Latini
838 4055 1073 4112 codices
1126 4056 1371 4121 habent,
1406 4054 1788 4122 tondebatur,
1830 4054 1934 4110 sed
2045 4061 2158 4123 tur,
2186 4061 2247 4112 ut
2270 4057 2559 4113 Dominus
2584 4058 2662 4113 ab
2693 4058 2979 4115 Abiathar
3003 4057 3310 4114 sacerdote
3361 4059 3698 4117 consulere-

271 4146 489 4199 statuto
518 4149 819 4217 tempore,
853 4144 912 4200 id
945 4150 1032 4201 est
1050 4145 1112 4200 in
1142 4146 1384 4214 triginta
1413 4143 1646 4202 diebus.
1681 4144 1794 4201 Sed
1823 4160 1934 4200 nos
2045 4151 2158 4211 tur,
2187 4162 2311 4217 quo
2342 4161 2551 4201 versus
2574 4146 2763 4203 David
2791 4147 2875 4203 ire
2904 4147 3164 4203 deberet.
3216 4147 3564 4204 Ascendisse
3591 4165 3696 4205 au-

264 4228 415 4287 banc
452 4233 809 4305 opinionem
841 4233 1182 4306 aliquorum
1213 4234 1574 4298 amittentes,
1593 4232 1937 4306 simpliciter
2045 4240 2164 4291 tem
2185 4234 2471 4290 Abiathar
2498 4235 2733 4300 dicitur,
2765 4236 2827 4292 id
2857 4241 2949 4293 est
2971 4252 3195 4304 orasse,
3229 4241 3286 4293 ct
3312 4237 3459 4309 quia
3487 4253 3696 4294 oracu-

257 4319 401 4377 sicut
429 4321 604 4394 apud
635 4337 748 4377 nos
797 4321 1030 4392 legitur.
1057 4322 1329 4378 videlicet
1367 4321 1618 4394 quando
1648 4320 1937 4378 tondebat
1961 4382 2004 4402 ἢ
2044 4324 2170 4379 lum
2193 4323 2461 4379 divinum
2481 4340 2606 4380 non
2636 4325 2690 4402 ei
2713 4341 3071 4399 responsum
3094 4330 3205 4393 est,
3228 4325 3448 4382 idcirco
3468 4326 3529 4381 in
3554 4327 3693 4382 sub-

254 4417 433 4483 caput
457 4382 669 4482 (semel
698 4382 900 4467 autem
928 4412 989 4467 in
1020 4382 1183 4467 anno
1214 4410 1361 4467 tond
1382 4382 1593 4482 :batur)
1619 4410 1814 4483 legere
1835 4412 1931 4469 de-
1961 4382 2005 4435 υ
2047 4413 2437 4485 sequentibus
2453 4413 2599 4468 dixit
2630 4382 2837 4477 David:
2868 4419 2932 4470 ut
2956 4382 3359 4487 reportaretur
3398 4430 3537 4470 arca
3592 4414 3693 4471 Dei

254 4500 597 4556 crevimus:
630 4500 777 4573 quia
828 4500 988 4557 hanc
1026 4499 1478 4556 translationem
1510 4515 1583 4555 ex
1639 4500 1930 4558 Hebraico
2040 4501 2104 4559 in
2144 4502 2375 4557 urbem.

254 4587 409 4645 fonte
439 4589 728 4645 haustam
761 4588 1085 4645 credimus.
1116 4589 1301 4645 Porro
1323 4593 1527 4644 autem
1547 4589 1713 4661 quod
1735 4588 1851 4645 ait:
2678 4593 2905 4648 CAPUT
2932 4594 3063 4648 XVl.

317 4700 343 4727 α
368 4673 538 4734 Nam
564 4676 723 4733 sicut
766 4677 1052 4734 Absalom
1090 4677 1180 4732 vir
1207 4692 1326 4733 non
1387 4681 1515 4733 erat
1569 4677 1821 4749 pulcher
1862 4678 1924 4735 in
2109 4702 2137 4730 «
2162 4684 2228 4736 Et
2250 4679 2621 4736 venitDavid
2653 4696 2842 4752 usque
2873 4678 3172 4735 Bahurim.
3218 4681 3284 4734 Et
3326 4692 3464 4733 ecce
3524 4684 3689 4748 egre-

254 4788 280 4814 α
311 4765 492 4822 omni
547 4765 724 4821 Israel
772 4771 830 4822 et
856 4766 1111 4822 decorus
1141 4765 1342 4821 nimis.
1376 4768 1422 4818 Α
1460 4765 1705 4835 vestigio
1752 4766 1922 4839 pedis
2036 4793 2063 4820 «
2087 4769 2364 4825 diebatur
2389 4768 2529 4824 inde
2548 4768 2639 4823 vir
2663 4768 2738 4823 de
2771 4766 3128 4838 cognatione
3149 4766 3287 4822 Saul
3312 4766 3557 4823 nomine
3591 4769 3688 4825 Se-

253 4876 279 4903 ‹‹
311 4871 524 4928 usque
566 4854 645 4910 ad
672 4857 974 4922 verticem,
1006 4871 1128 4911 non
1160 4859 1286 4910 erat
1313 4854 1374 4909 in
1404 4870 1475 4910 eo
1504 4854 1630 4909 ulla
1659 4855 1916 4912 macula.
2035 4879 2065 4912 ‹
2096 4858 2235 4926 mei,
2266 4857 2424 4913 ﬁlius
2484 4860 2654 4926 Gera,
2688 4862 2745 4912 et
2800 4855 3195 4913 maledicebat
3241 4856 3451 4914 David.
3485 4857 3688 4915 Abisai

252 4967 278 4992 κ
311 4945 424 5011 Qui
454 4944 640 4999 etiam
667 4949 874 5015 postea
910 4944 1050 5000 facit
1080 4943 1192 4999 sibi
1219 4959 1429 4999 currus
1460 4948 1515 4998 et
1541 4942 1793 5015 equites,
1816 4944 1919 5016 qui
2033 4968 2064 5001 ‹
2095 4950 2296 5003 autem
2327 4946 2509 5002 dixit:
2536 4945 2773 5002 Vadam
2803 4950 2861 5001 et
2899 4946 3442 5019 amputabo'caput
3472 4947 3623 5018 ejus,
3655 4969 3683 4997 ››

254 5055 281 5079 α
300 5031 695 5105 etjudicium
716 5032 900 5105 patris
926 5037 1089 5088 stans
1113 5033 1364 5105 inporta
1387 5032 1918 5105 reprehendebat.»
2033 5041 2088 5093 et
2135 5034 2384 5107 reliqua,
2448 5050 2765 5108 usquequo
2807 5034 2934 5091 ait:
2988 5034 3143 5101 Quid
3190 5034 3337 5091 mihi
3387 5038 3443 5091 et
3490 5036 3682 5104 vobis,

253 5122 457 5178 Potest
491 5121 819 5191 ﬁguraliter
847 5120 1089 5190 intelligi
1108 5121 1391 5177 Absalom
1414 5121 1540 5194 ipse
1557 5120 1710 5177 ﬁlius
1732 5121 1919 5178 David
2032 5125 2138 5182 ﬁlii
2163 5125 2381 5183 Sarviae
2405 5128 2432 5181 ?
2456 5147 2482 5174 «
2516 5125 2789 5182 dimittite
2829 5130 2893 5182 ut
2944 5125 3281 5181 maledicat.
3319 5147 3347 5175 ››
3398 5125 3685 5181 Hebraeus

252 5208 375 5282 (qui
428 5210 858 5282 interpretatur
901 5212 1095 5280 patris
1118 5225 1269 5279 pax.
1307 5210 1381 5265 de
1411 5226 1535 5283 qua
1581 5212 1922 5285 interpreta-
2032 5230 2158 5271 non
2205 5214 2409 5284 habet,
2471 5236 2499 5264 «
2553 5214 2825 5271 dimittite
2865 5219 2930 5272 ut
2971 5213 3311 5278 maledicat,
3346 5237 3374 5264 »
3407 5213 3513 5270 sed
3564 5219 3686 5270 tan-

257 5298 415 5357 tione
452 5297 676 5354 dicturi
705 5315 914 5355 sumus
964 5299 1021 5354 in
1054 5299 1465 5371 sequentibus)
1502 5300 1759 5370 ﬁguram
1793 5317 1924 5371 ges-
2034 5309 2165 5360 tum
2197 5327 2225 5354 ‹‹
2258 5303 2598 5360 maledicat.
2626 5326 2654 5354 »
2705 5303 2907 5360 Abisai
2956 5302 3121 5360 solus
3170 5303 3443 5359 dixerat:
3491 5325 3519 5352 «
3571 5305 3687 5359 Va-

257 5387 402 5443 tavit
428 5386 649 5460 pOpuli
694 5388 1065 5443 Judasorum:
1123 5387 1228 5460 qui
1266 5387 1419 5444 bene
1483 5389 1738 5445 decorus
1790 5404 1923 5445 esse
2034 5391 2179 5448 dam
2209 5396 2266 5447 et
2291 5391 2625 5465 amputabo
2654 5396 2838 5465 caput
2864 5392 3079 5464 ejus;»
3122 5395 3178 5448 et
3208 5390 3393 5448 David
3446 5390 3525 5447 ad
3553 5390 3685 5447 Abi-

254 5475 524 5543 dicitur,
584 5475 751 5548 quod
808 5476 885 5532 ad
950 5475 1230 5532 eumdem
1298 5477 1593 5550 populum
1658 5477 1923 5548 figurali-
2035 5480 2125 5537 sai
2150 5485 2206 5536 et
2230 5481 2384 5537 Joab
2412 5479 2745 5553 respondit,
2768 5480 3062 5537 dicebszu
3096 5480 3245 5544 Quid
3300 5479 3443 5535 mihi
3492 5484 3547 5535 et
3585 5494 3687 5533 vo-

256 5567 343 5619 ter
401 5564 701 5631 refertur,
767 5569 1009 5637 propter
1062 5580 1319 5635 regnum
1384 5571 1440 5619 et
1500 5565 1923 5630 sacerdotium,
2033 5568 2150 5638 bis,
2174 5567 2277 5623 ﬁlii
2305 5569 2568 5625 Sarviae?
2595 5592 2623 5619 ››
2654 5575 2735 5625 Ac
2788 5569 2834 5624 si
2875 5569 3130 5625 diceret:
3177 5567 3456 5639 Nunquid
3507 5565 3682 5620 vultis

258 5658 446 5726 atque
474 5657 695 5710 caetera
720 5652 887 5711 dona
914 5669 1049 5726 quae
1100 5653 1243 5712 olim
1299 5670 1335 5709 a
1389 5654 1506 5709 Deo
1548 5654 1766 5712 collata
1793 5655 1923 5711 fue-
2037 5655 2368 5714 interﬁcere
2395 5657 2600 5728 istum,
2628 5658 2781 5719 sicut
2816 5656 3186 5719 interfecistis
3216 5655 3457 5712 Abner?
3480 5650 3680 5713 Domi-
