4130 6182
434 167 532 222 371

437 379 573 454 quis
594 386 684 436 est
712 380 815 451 qui
845 379 1025 447 dicat,
1057 394 1244 451 quare
1278 379 1359 435 sic
1388 381 1632 436 fecerit?
1682 379 2084 436 Subauditur:

425 459 632 536 Quare
654 469 736 522 sic
767 467 988 534 fecerit,
1021 484 1143 522 non
1176 469 1482 536 Dominus,
1521 470 1625 524 sed
1658 469 1868 526 Semei.
1900 469 2090 524 Semei

437 556 542 631 qui
568 555 876 613 maledixit
917 556 1128 620 David,
1161 557 1288 629 ipse
1331 563 1441 628 est,
1482 563 1546 614 ut
1597 559 1829 614 Hebraei
1860 559 2087 625 dicunt,

436 645 693 714 Nabath,
723 651 893 720 pater
929 646 1269 716 Jeroboam,
1298 649 1402 722 qui
1431 648 1588 704 ﬁlius
1611 649 1825 705 Jemini
1855 649 2090 718 dicitur,

440 741 499 793 et
525 737 586 793 in
615 735 739 793 zelo
769 736 988 792 domus
1032 736 1172 793 Saul
1203 737 1599 796 maledicebat
1623 739 1831 795 David.
1867 743 2094 794 Nomen

438 840 579 880 Vero
610 825 705 880 avi
734 825 865 896 ejus
893 825 1083 881 Semei
1138 827 1265 896 fuit,
1322 832 1394 883 et-
1420 827 1546 900 ipse
1593 828 1784 884 Semei
1813 844 1885 882 ex
1938 827 2094 882 tribu

441 913 725 986 Ephraim
752 914 858 970 filii
901 916 1122 988 Joseph
1154 917 1392 973 exstitit.
1430 917 1591 973 Unde
1621 923 1677 974 et
1713 917 1872 972 idem
1905 917 2095 973 Semei

439 1001 519 1060 ad
553 1004 736 1060 David
765 1003 951 1060 dixit:
989 1027 1016 1055 «
1063 1005 1295 1062 Primus
1324 1023 1569 1080 quoque
1610 1007 1741 1063 veni
1793 1007 1970 1063 hodie
2021 1006 2094 1062 de

441 1093 607 1149 omni
637 1093 796 1149 tribu
823 1095 1064 1168 Ioseph.
1099 1115 1127 1144 »

514 1205 541 1231 «
575 1184 725 1238 Cum
750 1185 952 1239 autem
983 1184 1242 1240 venisset
1281 1183 1500 1242 Chusai
1530 1185 1836 1242 Arachites
1865 1184 2097 1240 amicus

449 1294 478 1322 ‹‹
507 1271 696 1328 David
726 1271 806 1328 ad
846 1271 1156 1343 Absalom,
1205 1273 1441 1331 locutus
1481 1279 1570 1331 est
1596 1275 1676 1331 ad
1721 1291 1896 1330 eum:
1927 1273 2097 1330 Salve
2147 1291 2154 1299 ·

444 1382 471 1411 α
506 1377 629 1428 rex,
663 1360 826 1416 salve
855 1377 979 1417 rex.
1009 1362 1101 1418 Ad
1126 1379 1310 1436 quem
1339 1363 1623 1420 Absalom
1648 1383 1661 1420 :
1695 1364 1829 1419 Haec
1857 1367 1964 1432 est,
2005 1362 2095 1418 in-

443 1468 474 1504 ‹
505 1449 652 1524 quit,
679 1450 874 1519 gratia
900 1450 979 1506 ad
1009 1451 1274 1508 amicum
1296 1457 1465 1508 tuum
1483 1454 1510 1508 ?
1543 1476 1570 1502 ››
1601 1453 1665 1508 In
1688 1452 1933 1508 Hebraeo
1958 1451 2098 1523 legi-

443 1542 577 1596 tur:
612 1560 640 1588 «
672 1542 804 1596 Hasc
836 1544 942 1607 est,
997 1539 1210 1614 inquit,
1242 1541 1655 1598 misericordia
1705 1541 1785 1597 ad
1833 1541 2098 1598 amicum

1539 167 1910 224 ANGELOM!
1950 165 2406 252 LUXOVIENSIS
2439 171 2750 227 MONACHI

434 304 551 346 nus
581 291 742 348 enim
771 292 1053 364 praecepit
1090 290 1142 345 ei
1203 294 1265 346 ut
1321 291 1701 348 malediceret
1759 289 1966 346 David.
2023 293 2090 345 Et
2118 292 2167 344 A
2204 293 2342 362 (Isa.
2372 293 2429 364 1).
2467 315 2493 341 ››

3749 166 3861 219 372

2553 293 2727 348 Filius
2753 307 2895 359 ergo
2949 290 3076 360 ejus
3124 286 3344 359 impius
3395 287 3619 358 tropice
3665 287 3863 358 accipi

2202 388 2394 454 potest
2424 384 2685 456 populus
2715 382 3023 442 Judaicus,
3067 379 3172 450 qui
3203 393 3341 433 eum
3375 377 3636 432 tradidit.
3674 377 3866 431 Absa-

2201 472 2324 528 lom
2359 478 2582 539 autem,
2618 473 2767 527 sicut
2798 476 2933 526 ante
2961 470 3088 539 jam
3115 467 3341 522 dictum
3374 471 3480 531 est,
3513 466 3866 535 intelligitur

2195 564 2393 632 patris
2411 579 2561 632 pax.
2599 562 2769 628 Quod
2802 560 3020 615 mirum
3043 558 3272 614 videtur
3300 557 3362 612 in
3383 557 3656 622 historia,
3673 557 3865 629 patris

2200 669 2320 725 pax
2351 651 2873 724 quemadmodum
2923 649 3113 722 possit
3165 647 3435 716 intelligi,
3467 647 3572 719 qui
3623 652 3863 719 patrem

2200 742 2359 798 bello
2389 746 2477 797 est
2507 745 2872 814 persecutus.
2906 738 3016 795 Sed
3033 737 3135 809 qui
3166 737 3479 805 diligenter
3508 736 3863 807 allegoriam

2203 831 2539 900 intendunt,
2571 829 2896 901 inspiciunt
2939 826 3227 882 Absalom
3269 841 3397 880 esse
3449 826 3860 883 Hierusalem:

2201 936 2337 992 quae
2361 919 2540 975 etiam
2566 923 2623 974 et
2659 920 2788 987 ipsa
2811 932 2944 986 pax
2965 916 3405 988 interpretatur.
3437 919 3482 969 Α
3514 915 3690 984 cujus
3712 915 3863 971 facie

2203 1009 2261 1064 in
2297 1009 2602 1066 Galilaaam
2634 1008 2805 1077 fugit,
2838 1006 3102 1062 Christus
3127 1004 3420 1069 videlicet,
3449 1005 3552 1076 qui
3589 1021 3728 1060 eam
3759 1020 3867 1077 pa-

2205 1098 2405 1154 tiendo
2434 1098 2734 1164 deserens,
2769 1097 2829 1151 in
2881 1095 3159 1165 gentibus
3217 1110 3323 1165 per
3368 1093 3554 1148 ﬁdem
3598 1095 3861 1150 secessit.

2203 1187 2313 1243 Alii
2343 1188 2648 1256 Absalom,
2678 1187 2900 1242 Judam
2941 1185 3288 1240 traditorem
3323 1184 3642 1255 accipiunt,
3675 1197 3860 1256 quem

2205 1292 2328 1332 non
2359 1276 2588 1331 bonum
2617 1280 2784 1332 tanta
2809 1274 2988 1330 etiam
3039 1273 3318 1328 miranda
3347 1273 3631 1344 patientia
3665 1273 3842 1328 Chris-

2208 1371 2300 1421 tus
2326 1365 2564 1438 pertulit
2593 1370 2886 1437 tanquam
2913 1364 3166 1427 bonum,
3199 1379 3340 1418 cum
3386 1363 3517 1433 ejus
3557 1361 3856 1432 cogitatio-

2207 1470 2312 1510 nes
2344 1470 2464 1510 non
2489 1454 2962 1525 ignoraret.Cum
2992 1451 3644 1515 adhibuiteonvivium,
3663 1451 3724 1506 in
3739 1467 3862 1523 quo

2207 1545 2472 1617 corporis
2503 1550 2561 1600 et
2590 1544 2899 1613 sanguinis
2927 1543 3016 1597 sui
3047 1543 3328 1611 ﬁguram,
3359 1541 3668 1613 discipulis
3700 1557 3866 1596 com-

444 1650 472 1681 α
506 1634 697 1701 tuum,
733 1653 762 1682 »
794 1629 961 1702 quod
981 1647 1105 1687 non
1131 1630 1638 1697 atﬁrmando,sed
1667 1631 1946 1700 negando
1963 1647 2096 1703 pro-
2129 1651 2169 1704 Β
2208 1635 2518 1691 mandavit
2545 1639 2600 1690 et
2633 1634 2907 1690 tradidit:
2942 1631 3106 1704 quod
3140 1631 3399 1704 denique
3431 1631 3490 1686 in
3522 1631 3660 1703 ipsa
3691 1631 3869 1686 tradi-

443 1719 848 1777 nuntiandum
879 1723 998 1791 est;
1026 1725 1082 1778 et
1128 1726 1218 1778 est
1266 1737 1517 1778 sensus:
1577 1721 1973 1779 Misericordia
2011 1725 2101 1777 est

451 1815 555 1884 aut
573 1810 690 1867 dici
721 1810 919 1880 debet,
944 1812 1111 1885 quod
1134 1812 1324 1869 David
1349 1812 1615 1869 amicum
1646 1816 1815 1869 tuum
1836 1811 2100 1868 dimisis-

447 1898 509 1968 ti,
534 1904 753 1957 etcum
775 1915 846 1956 eo
872 1915 996 1956 non
1023 1899 1140 1957 isti.

1053 1991 1277 2046 CAPUT
1338 1991 1495 2046 XVII.

523 2096 551 2124 ‹‹
580 2075 735 2133 Dixit
788 2075 970 2147 igitur
997 2078 1351 2151 Achitophel
1379 2077 1459 2134 ad
1487 2077 1777 2134 Absalom
1801 2095 1814 2133 :
1878 2076 2104 2147 Eligam

454 2187 482 2214 ‹‹
514 2163 663 2220 mihi
692 2164 1015 2222 duodecim
1043 2165 1234 2223 millia
1290 2166 1576 2232 virorum,
1621 2171 1677 2223 et
1734 2181 2105 2236 consurgens

447 2275 476 2306 α
504 2269 832 2328 persequar
864 2255 1052 2312 David
1114 2257 1228 2313 hac
1285 2259 1492 2312 nocte:
1544 2259 1602 2311 et
1655 2255 1880 2312 irruam
1926 2271 2107 2328 super

449 2365 479 2395 α
505 2360 668 2415 eum,
698 2345 926 2419 quippe
955 2345 1062 2419 qui
1111 2345 1307 2403 lassus
1355 2351 1442 2402 est
1481 2350 1537 2404 et
1591 2345 1867 2402 resolutis
1914 2346 2102 2402 mani-

451 2456 481 2486 κ
508 2434 646 2505 bus,
667 2435 1004 2507 percutiam
1033 2451 1193 2492 eum.
1227 2437 1498 2509 Cumque
1521 2435 1738 2507 fugerit
1766 2435 1965 2492 omnis
1997 2450 2104 2507 po-

451 2545 479 2575 «
506 2522 826 2595 pulusqui
853 2539 993 2580 cum
1022 2540 1093 2581 eo
1123 2529 1230 2592 est,
1276 2525 1608 2597 percutiam
1637 2540 1842 2594 regem
1869 2523 2104 2580 desola-

450 2633 478 2663 α
513 2614 663 2680 tum,
693 2615 751 2667 et
775 2611 1065 2668 reducam
1092 2613 1444 2669 universum
1476 2613 1770 2686 pepulum
1791 2613 2105 2685 quomodo

450 2723 481 2752 α
509 2715 721 2757 omnes
750 2701 964 2758 reverti
994 2700 1204 2759 solent.
1239 2720 1269 2755 ›
1305 2701 1555 2773 Scilicet,
1585 2702 1738 2759 sicut
1765 2701 1981 2759 reverti
2008 2718 2104 2758 so-

447 2789 572 2849 lent
596 2788 660 2845 hi
687 2789 792 2863 qui
821 2789 1048 2846 amisso
1078 2790 1140 2847 in
1185 2790 1392 2864 praelio
1420 2807 1558 2864 rege
1589 2795 1986 2860 revertuntur,
2021 2791 2106 2847 sic

450 2879 768 2936 universus
788 2878 1050 2952 populus
1076 2879 1254 2937 Israel
1280 2884 1605 2936 revertetur
1635 2879 1712 2936 ad
1746 2885 1818 2936 te.

522 2991 552 3020 κ
585 2971 652 3026 Et
670 2985 810 3058 cum
839 2967 1116 3025 ceciderit
1137 2985 1297 3025 unus
1324 2968 1574 3041 quilibet
1592 2969 1653 3025 in
1684 2969 2107 3042 principio,au-
2135 3005 2175 3058 ο

452 3080 481 3109 κ
516 3058 642 3116 diat
662 3057 1009 3132 quicunque
1030 3058 1304 3127 audierit,
1327 3062 1385 3114 et
1413 3058 1600 3114 dicet:
1621 3061 1799 3115 Facta
1825 3064 1911 3114 est
1928 3059 2108 3131 plaga

451 3168 484 3205 ‹
508 3149 570 3206 in
600 3149 828 3223 populo
858 3149 964 3222 qui
993 3149 1359 3223 sequebatur
1390 3149 1696 3206 Absalom.
1746 3153 1811 3205 Et
1865 3148 2109 3204 fortissi-

452 3263 482 3291 κ
515 3257 654 3297 mus
677 3240 956 3314 quisque,
985 3240 1158 3312 cujus
1189 3256 1292 3296 cor
1319 3244 1409 3296 est
1433 3240 1610 3313 quasi
1640 3239 1856 3309 leonis,
1887 3255 2109 3312 pavore

453 3352 482 3381 α
517 3329 798 3387 solvetur.
829 3351 859 3380 »
891 3331 955 3386 In
987 3330 1232 3386 Hebraeo
1279 3329 1359 3386 ita
1389 3329 1683 3386 habetur:
1741 3333 1806 3386 Et
1861 3328 2110 3385 fortissi-

452 3434 590 3476 mus
619 3418 751 3489 ipse
801 3417 973 3487 cujus
1001 3433 1106 3473 cor
1135 3418 1264 3486 ejus
1293 3417 1468 3489 quasi
1497 3417 1710 3484 leonis,
1743 3433 1967 3490 pavore
1999 3416 2111 3472 sol-

451 3508 642 3561 vetur.
671 3526 698 3554 »
731 3504 904 3569 Quod
932 3519 1056 3560 non
1083 3504 1466 3570 afﬁrmando,
1518 3506 1623 3560 sed
1664 3505 1946 3575 negando
1977 3520 2111 3576 pro-

452 3591 862 3653 nuntiandum
887 3597 992 3649 est.
1023 3591 1402 3649 Fortissimus
1435 3591 1541 3649 iste
1566 3593 1750 3649 David
1777 3592 2110 3662 intelligen-

457 3680 576 3739 dus
595 3685 703 3750 est,
725 3680 895 3754 quod
926 3685 984 3738 et
1013 3681 1323 3756 sequentia
1348 3680 1678 3738 declarant.

529 3793 558 3822 «
592 3770 710 3830 Scit
738 3770 900 3828 enim
925 3770 1124 3829 omnis
1155 3771 1338 3828 Israel
1360 3770 1568 3828 fortem
1598 3786 1728 3827 esse
1761 3774 1992 3843 patrem
2027 3776 2112 3828 tu-

459 3887 489 3916 ‹‹
521 3879 647 3929 um,
671 3867 730 3920 et
747 3863 1028 3920 robustos
1056 3878 1270 3920 omnes
1297 3863 1403 3936 qui
1449 3879 1587 3918 cum
1613 3879 1685 3919 eo
1738 3867 1894 3919 sunt.
1929 3884 1956 3913 »
2001 3864 2114 3920 Sed

454 3955 603 4028 quid
619 3955 727 4012 iste
739 3953 1048 4029 Achitopel
1062 3954 1379 4026 signiﬁcet,
1397 3954 1670 4010 dicemus
1699 3953 1758 4009 in
1782 3958 2110 4026 posterum.

527 4065 557 4092 ‹‹
581 4043 870 4100 Jonathas
891 4047 1092 4101 autem
1117 4047 1174 4099 et
1188 4043 1514 4099 Achimaas
1541 4043 1783 4099 stabant
1797 4043 1972 4113 juxta
1988 4042 2115 4099 fon-

458 4153 487 4183 «ε
519 4135 640 4188 tem
669 4131 872 4201 Rogel.
906 4132 1066 4189 Abiit
1095 4131 1315 4188 ancilla
1358 4137 1415 4188 et
1443 4132 1740 4188 nuntiavit
1781 4131 1886 4199 eis,
1936 4137 1991 4187 et
2031 4131 2113 4187 illi

459 4241 489 4271 κ
518 4219 766 4293 profecti
793 4225 950 4276 sunt.
981 4241 1010 4270 »
1039 4221 1173 4276 Haec
1207 4219 1422 4276 ancilla
1442 4221 1617 4293 quasi
1646 4220 1890 4276 lavandi
1922 4225 2113 4289 gratia

457 4323 597 4367 cum
618 4308 836 4382 pannis
857 4308 936 4366 ad
965 4308 1192 4365 fontem
1225 4309 1405 4378 Rogel
1434 4309 1598 4376 ierat,
1633 4316 1698 4365 ut
1742 4309 1978 4382 penitus
2015 4327 2108 4366 res

454 4413 582 4456 non
611 4397 1098 4471 deprehendetur
1123 4414 1136 4454 :
1164 4413 1316 4471 puer
1343 4401 1546 4454 autem
1576 4397 1682 4470 qui
1727 4413 1856 4453 rem
1889 4398 2111 4455 indicat

455 4487 763 4556 Absalom,
795 4487 953 4544 ﬁlius
978 4486 1254 4559 ejusdem
1298 4485 1528 4543 ancillae
1578 4486 1866 4558 parvulus
1895 4487 2110 4543 dicitur

457 4578 660 4636 fuisse.
690 4578 860 4635 Prius
873 4578 1035 4635 enim
1052 4576 1345 4652 paulatim
1364 4575 1675 4632 historiam
1701 4576 2110 4632 continuando

455 4668 554 4725 hic
607 4673 852 4741 tangere
902 4667 1304 4737 decrevimus,
1371 4669 1436 4722 ut
1503 4666 1892 4738 postmodum
1963 4666 2112 4739 quid

457 4760 714 4832 mystice
744 4761 1078 4825 continuat,
1127 4758 1481 4831 indagando
1529 4757 1938 4831 propelemus.
2001 4757 2113 4814 Sed

457 4847 604 4920 quia
631 4849 706 4903 de
734 4849 1020 4907 Absalom
1073 4851 1325 4908 historia
1354 4849 1855 4923 praatergreditur,
1908 4865 2115 4904 secun-

459 4935 612 4991 dum
647 4936 996 5006 allegoriam
1026 4941 1407 4998 considerare
1443 4940 1605 5007 libet,
1663 4940 1810 5012 quid
1856 4940 2001 4995 illud
2041 4939 2114 4994 si-

461 5021 720 5094 gniticet,
754 5025 915 5097 quod
944 5027 1245 5099 parricida
1268 5029 1426 5084 ﬁlius
1473 5034 1706 5101 patrem
1757 5029 2109 5100 insequitur.

460 5110 684 5180 Primo,
712 5118 884 5185 pater
908 5114 1039 5185 ejus
1054 5113 1363 5172 declinans
1384 5115 1536 5184 fugit
1559 5121 1696 5173 ante
1724 5117 1935 5172 faciem
1958 5116 2110 5184 ejus,

463 5215 710 5258 securus
741 5201 815 5257 de
835 5202 1111 5259 victoria:
1145 5204 1289 5276 quia
1330 5205 1558 5262 sciebat
1598 5206 1853 5277 impium
1897 5204 2110 5276 perire,

462 5301 648 5362 quem
677 5289 857 5345 etiam
886 5289 1051 5347 ﬂevit
1096 5307 1322 5362 magno
1375 5293 1562 5359 luctu,
1614 5299 1671 5349 et
1721 5291 1961 5348 deﬂevit
1989 5293 2112 5348 exi-

463 5379 593 5433 tum
650 5377 984 5450 parricidae.
1019 5380 1303 5436 Scribitur
1353 5381 1514 5437 enim
1567 5382 1789 5450 fugisse
1843 5381 2023 5437 David
2077 5398 2114 5438 a

465 5465 615 5522 facie
639 5465 914 5524 bellantis
950 5465 1274 5525 adversum
1305 5486 1367 5526 se
1397 5468 1523 5524 ﬁlii.
1557 5473 1623 5525 Et
1652 5469 1794 5525 alibi
1825 5471 2110 5544 scriptum

466 5558 559 5611 est
581 5554 656 5610 de
686 5555 911 5627 populo
943 5557 1327 5626 Hierusalem,
1371 5558 1622 5614 Domino
1666 5558 1929 5616 dicente:
1967 5583 1992 5610 «
2027 5560 2113 5616 Fi-

466 5643 580 5704 lios
599 5644 853 5704 enutrivi
873 5650 931 5705 et
949 5645 1222 5717 exaltavi,
1253 5647 1366 5723 ipsi
1395 5653 1598 5708 autem
1629 5656 1980 5722 spreverunt
2007 5668 2105 5709 me

2211 1723 2368 1779 tione
2399 1727 2457 1779 et
2485 1722 2759 1778 osculum
2791 1721 3042 1792 accepit.
3079 1723 3232 1775 Bene
3263 1719 3611 1787 intelligitur
3649 1735 3868 1790 pacem

2212 1813 2511 1869 Christum
2570 1810 2914 1866 exhibuisse
2950 1809 3220 1865 ti-aditori
3270 1825 3402 1870 suo,
3448 1809 3732 1880 quamvis
3777 1809 3870 1865 ille

2213 1902 2514 1958 sceleratae
2543 1900 2918 1970 cogitationis
2949 1899 3182 1954 interno
3236 1897 3393 1953 bello
3419 1903 3772 1954 vastaretur.
3809 1902 3872 1954 Et

2160 2033 2170 2045 .
2215 1991 2349 2048 ideo
2379 1991 2666 2046 Absalom
2686 1991 2884 2060 patris
2904 2004 3034 2059 pax
3058 1988 3289 2053 dicitur,
3308 1987 3452 2060 quia
3471 1992 3640 2059 pater
3659 1987 3872 2044 habuit

2213 2096 2428 2154 pacem
2458 2096 2647 2151 quam
2674 2077 2768 2134 ille
2799 2094 2920 2133 non
2953 2077 3185 2132 habuit.
3216 2079 3377 2132 Hanc
3397 2076 3554 2131 enim
3580 2077 3871 2148 posterio-

2214 2186 2342 2226 rem
2374 2168 2729 2224 sententiam
2781 2183 2903 2222 non
2958 2166 3430 2222 commentando
3487 2164 3866 2237 protulimus,

2215 2259 2322 2314 sed
2353 2258 2428 2314 de
2459 2258 2628 2313 dictis
2650 2255 2811 2312 beati
2836 2254 3149 2322 Augustini
3178 2271 3251 2310 ex
3282 2254 3447 2310 titulo
3465 2253 3734 2310 videlicet
3754 2259 3866 2309 ter-

2214 2348 2276 2404 tii
2306 2347 2528 2420 psalmi
2552 2346 2611 2401 in
2639 2345 2858 2418 quibus
2881 2349 3176 2415 tanquam
3217 2343 3546 2398 clarissima
3575 2342 3718 2397 tuba
3747 2342 3862 2396 dis-

2214 2437 2485 2510 putando
2516 2450 2806 2490 resonans
2837 2431 3129 2501 edisserit,
3158 2431 3575 2503 decerpsimus.
3622 2428 3854 2482 Achito-

2214 2525 2354 2598 phel
2401 2525 2580 2595 igitur
2631 2523 2754 2596 qui,
2796 2521 3082 2578 recedens
3113 2537 3147 2577 a
3200 2519 3394 2583 David,
3449 2517 3526 2572 ad
3568 2516 3851 2571 Absalom

2214 2612 3090 2683 transmigraverat,haereticos
3118 2608 3402 2679 signiﬁcat
3419 2607 3543 2679 qui,
3571 2607 3862 2662 receden-

2215 2710 2302 2762 tes
2329 2721 2365 2760 a
2396 2704 2633 2760 tramite
2681 2703 2962 2770 veritatis,
2993 2718 3055 2758 se
3083 2699 3306 2756 sociant
3330 2697 3486 2753 hosti
3508 2697 3784 2769 antiquo,
3813 2700 3872 2751 et

2215 2794 2668 2866 subsequuntur
2698 2807 2999 2847 errorem:
3048 2790 3463 2862 interpretatur
3512 2790 3716 2842 autem
3743 2787 3876 2855 fra-

2215 2891 2306 2940 ter
2350 2899 2512 2940 meus
2561 2883 2777 2938 cadens
2814 2900 2825 2936 :
2868 2880 3148 2935 Gilonites
3201 2893 3339 2932 vero
3393 2877 3872 2946 transmigratio.

2213 2976 2432 3031 Contra
2455 2989 2609 3046 quos
2649 2973 2941 3045 propheta
2968 2970 3308 3043 increpans,
3333 2967 3503 3022 dicit:
3531 2989 3557 3016 «
3593 2968 3657 3021 In
3681 2966 3878 3022 Domi-

2214 3080 2294 3120 no
2323 3063 2584 3123 conﬁdo.
2611 3061 2922 3135 quomodo
2975 3060 3168 3114 dicitis
3208 3059 3423 3114 animae
3456 3073 3627 3123 meae,
3689 3061 3880 3112 trans-

2216 3154 2409 3223 migra
2439 3153 2499 3209 in
2526 3157 2791 3208 montem
2824 3151 2975 3205 sicut
3003 3165 3211 3222 passer
3233 3149 3421 3216 (Psal.
3457 3148 3516 3217 x)
3547 3147 3574 3201 ?
3600 3169 3626 3195 »
3665 3149 3732 3202 Et
3753 3161 3876 3201 me-

2216 3245 2327 3300 rito
2361 3244 2508 3300 tales
2533 3243 2751 3316 laqueo
2779 3240 3004 3296 diaboli
3037 3245 3216 3311 atque
3243 3238 3483 3293 malitiae
3515 3253 3636 3291 sua:
3692 3237 3876 3291 vitam

2218 3334 2526 3406 propriam
2558 3331 2793 3400 ﬁniunt,
2828 3329 2934 3402 qui
2967 3328 3224 3383 alienam
3256 3327 3458 3400 pravis
3489 3325 3878 3380 suasionibus

2219 3435 2601 3493 corrumpere
2635 3422 2936 3487 satagunt.
2969 3417 3126 3474 Sicut
3157 3417 3284 3488 ipse
3324 3416 3383 3470 in
3413 3415 3658 3487 propria
3688 3414 3877 3469 domo

2221 3509 2546 3582 suspendio
2595 3509 2829 3576 interiit,
2864 3507 2968 3579 qui
2999 3507 3207 3562 aliena:
3238 3505 3395 3568 vitae,
3427 3503 3539 3558 hoc
3570 3507 3658 3558 est
3681 3502 3872 3556 David

2218 3598 2534 3656 insidiatus
2589 3602 2696 3653 est.
2733 3598 2897 3653 Unde
2929 3597 3219 3668 scriptum
3251 3599 3376 3650 est:
3411 3615 3440 3644 «
3473 3592 3574 3658 Qui
3605 3591 3752 3645 fodit
3780 3592 3868 3644 fo-

2219 3703 2416 3757 veam,
2488 3686 2708 3742 incidet
2779 3687 2842 3741 in
2914 3685 3076 3742 illam
3148 3685 3349 3755 (Prov.
3420 3697 3618 3746 xxv1',
3697 3680 3866 3735 Eccl.

2219 3781 2304 3844 x).
2328 3798 2356 3825 »
2407 3775 2521 3832 Sed
2550 3775 2697 3848 quid
2728 3775 2897 3831 aliter
2941 3772 3251 3844 signiﬁcet,
3283 3772 3550 3827 dicemus
3583 3769 3645 3826 in
3674 3773 3875 3842 poste-

2221 3883 2376 3924 rum.

2295 3979 2322 4007 ‹‹
2354 3956 2525 4013 Venit
2555 3960 2754 4012 autem
2787 3960 2841 4010 et
2874 3953 3063 4010 Sadoc
3113 3958 3162 4008 et
3221 3951 3479 4007 universi
3511 3949 3706 4005 levitas
3740 3963 3881 4004 cum

2222 4065 2253 4101 ‹
2285 4065 2375 4114 eo,
2409 4051 2716 4120 portantes
2749 4061 2951 4100 arcam
2983 4041 3219 4098 fmderis
3249 4042 3440 4107 Dci,et
3467 4041 3884 4112 deposuerunt

2224 4157 2252 4187 ‹‹
2283 4151 2484 4192 arcam
2519 4135 2640 4190 Dei.
2675 4138 2738 4189 Et
2766 4133 3037 4189 ascendit
3062 4129 3575 4197 Abiathar,donec
3606 4129 3881 4202 expletus

2225 4245 2254 4278 ‹
2286 4229 2372 4281 est
2404 4225 2600 4281 omnis
2631 4223 2914 4296 populus,
2935 4223 3037 4295 qui
3069 4238 3350 4292 egressus
3371 4219 3562 4275 fuerat
3586 4219 3662 4274 de
3687 4219 3885 4274 civita—

2223 4336 2252 4364 ‹‹
2287 4320 2359 4370 te.
2397 4317 2461 4370 Et
2489 4313 2635 4368 dixit
2664 4327 2767 4367 rex
2792 4313 2866 4367 ad
2903 4311 3132 4368 Sadoc:
3171 4314 3422 4382 Heporta
3450 4323 3657 4364 arcam
3692 4308 3791 4362 Dei
3821 4307 3884 4362 in

2223 4423 2250 4453 κ
2287 4403 2520 4458 urbem.
2567 4402 2620 4456 Si
2652 4401 2935 4456 invenero
2984 4399 3235 4467 gratiam
3267 4399 3324 4453 in
3379 4397 3567 4453 Oculis
3622 4395 3888 4462 Domini,

2224 4517 2252 4542 ‹‹
2282 4491 2525 4548 reducet
2556 4506 2650 4545 me
2699 4495 2756 4545 et
2783 4489 3053 4544 ostendet
3082 4487 3224 4542 mihi
3259 4503 3395 4541 eam
3423 4489 3479 4540 et
3527 4484 3894 4540 tabernacu-

2224 4605 2251 4631 «
2276 4582 2398 4636 lum
2434 4597 2632 4635 suum.
2667 4579 2723 4634 Si
2753 4583 2953 4633 autem
2977 4576 3205 4641 dixerit,
3242 4580 3365 4630 Non
3389 4575 3593 4646 places
3621 4594 3672 4645 ι,
3706 4579 3762 4629 et
3791 4589 3896 4629 re-

2220 4671 2403 4744 liqua.
2432 4673 2561 4725 lam
2593 4669 2752 4724 enim
2782 4667 2945 4740 quod
2980 4666 3309 4721 secundum
3332 4663 3646 4719 historiam
3676 4664 3789 4718 ista
3813 4664 3905 4719 si-

2225 4760 2507 4831 gniﬁcent
2535 4758 2990 4814 inculcavimus.
3026 4758 3314 4810 Creterum
3354 4758 3649 4825 quantum
3686 4753 3765 4807 ad
3802 4753 3902 4808 al-

2223 4851 2434 4906 tiorem
2493 4848 2943 4917 intelligentiam
2986 4844 3254 4916 pertinet,
3329 4842 3521 4898 Sadoc
3571 4842 3905 4912 sacerdos,

2221 4941 2326 5012 qui
2352 4941 2771 5011 interpretatur
2780 4941 3004 5008 justus,
3034 4933 3137 5006 qui
3168 4949 3368 4988 arcam
3417 4931 3652 4986 Domini
3684 4947 3908 5004 repor-

2223 5031 2366 5085 tavit
2407 5029 2467 5084 in
2499 5029 2732 5095 urbem,
2781 5040 3105 5099 personam
3139 5022 3388 5092 gestavit
3420 5025 3804 5090 sanctorum,
3839 5030 3910 5081 et

2222 5133 2433 5174 eorum
2471 5117 2744 5173 videlicet
2789 5116 2892 5188 qui
2945 5118 3212 5186 tempore
3259 5111 3559 5183 passionis
3619 5111 3906 5185 Domini,

2223 5206 2355 5261 licet
2376 5221 2626 5277 corpore
2653 5206 2713 5260 in
2745 5205 2909 5260 brevi
2956 5203 3032 5257 ab
3064 5218 3134 5257 eo
3186 5201 3608 5270 discesserunt,
3649 5199 3777 5256 ﬁde
3810 5206 3911 5260 ta-

2223 5311 2361 5350 men
2393 5299 2451 5350 et
2477 5293 2792 5349 dilectione
2825 5293 3069 5348 minime
3113 5289 3367 5362 separati
3396 5293 3554 5343 sunt.

2296 5407 2323 5433 ‹‹
2353 5383 2582 5440 Etdixit
2603 5382 2788 5437 David
2822 5382 2896 5436 ad
2935 5378 3504 5437 ChusaiArachitem
3539 5377 3628 5431 :Si
3646 5381 3912 5437 veneris

2222 5495 2247 5522 ‹‹
2277 5489 2534 5533 mecum,
2559 5472 2672 5526 eris
2697 5471 2837 5526 mihi
2879 5471 3062 5534 oneri,
3094 5492 3120 5517 »
3157 5475 3266 5524 etc.
3306 5471 3453 5522 Nam
3493 5470 3548 5520 et
3568 5465 3677 5521 iste
3700 5468 3910 5528 etiam

2221 5561 2439 5619 Chusai
2455 5561 2684 5616 amicus
2703 5560 3018 5632 David.qui
3032 5556 3766 5630 interpretaturfeslinans
3780 5562 3913 5629 qui

2220 5656 2276 5708 et
2292 5650 2369 5707 ab
2385 5665 2456 5707 eo
2471 5649 2532 5706 in
2551 5651 2914 5708 Hierusalem
2945 5651 3267 5714 revertens,
3300 5642 3618 5701 consilium
3642 5645 3880 5706 Achito
