  <div class='ocr_page' id='page_1' title='image "/cluster/home/n/w/nwhite01/storage/ocr_20150623/115/hvd.32044054759790/192.png"; bbox 0 0 4136 6176; ppageno 0'>
   <div class='ocr_carea' id='block_1_1' title="bbox 324 123 428 179">
    <p class='ocr_par' dir='ltr' id='par_1_1' title="bbox 324 123 428 179">
     <span class='ocr_line' id='line_1_1' title="bbox 324 123 428 179; baseline -0.01 0"><span class='ocrx_word' id='word_1_1' title='bbox 324 123 428 179; x_wconf 74' lang='grc'>373</span> 
     </span>
    </p>
   </div>
   <div class='ocr_carea' id='block_1_2' title="bbox 1307 115 2767 175">
    <p class='ocr_par' dir='ltr' id='par_1_2' title="bbox 1307 115 2767 175">
     <span class='ocr_line' id='line_1_2' title="bbox 1307 115 2767 175; baseline -0.005 0"><span class='ocrx_word' id='word_1_2' title='bbox 1307 118 1562 175; x_wconf 80' lang='lat' dir='ltr'>ENARR.</span> <span class='ocrx_word' id='word_1_3' title='bbox 1606 118 1673 174; x_wconf 84' lang='lat' dir='ltr'>IN</span> <span class='ocrx_word' id='word_1_4' title='bbox 1713 115 1972 171; x_wconf 78' lang='lat' dir='ltr'>LIBROS</span> <span class='ocrx_word' id='word_1_5' title='bbox 2019 115 2278 172; x_wconf 74' lang='lat' dir='ltr'><strong>BEGUM.</strong></span> <span class='ocrx_word' id='word_1_6' title='bbox 2317 147 2386 157; x_wconf 89' lang='lat'>—</span> <span class='ocrx_word' id='word_1_7' title='bbox 2424 119 2493 173; x_wconf 85' lang='lat' dir='ltr'><strong>IN</strong></span> <span class='ocrx_word' id='word_1_8' title='bbox 2533 118 2659 172; x_wconf 85' lang='lat' dir='ltr'>LIB.</span> <span class='ocrx_word' id='word_1_9' title='bbox 2703 117 2767 171; x_wconf 90' lang='lat' dir='ltr'><strong>II.</strong></span> 
     </span>
    </p>
   </div>
   <div class='ocr_carea' id='block_1_3' title="bbox 3639 120 3745 176">
    <p class='ocr_par' dir='ltr' id='par_1_3' title="bbox 3639 120 3745 176">
     <span class='ocr_line' id='line_1_3' title="bbox 3639 120 3745 176; baseline 0 0"><span class='ocrx_word' id='word_1_10' title='bbox 3639 120 3745 176; x_wconf 68' lang='grc'>3⁸74</span> 
     </span>
    </p>
   </div>
   <div class='ocr_carea' id='block_1_4' title="bbox 315 238 3743 317">
    <p class='ocr_par' dir='ltr' id='par_1_4' title="bbox 315 238 3743 317">
     <span class='ocr_line' id='line_1_4' title="bbox 315 238 3743 317; baseline 0 -19"><span class='ocrx_word' id='word_1_11' title='bbox 315 241 453 317; x_wconf 88' lang='lat' dir='ltr'>phel</span> <span class='ocrx_word' id='word_1_12' title='bbox 483 243 818 316; x_wconf 83' lang='lat' dir='ltr'>dissipavit,</span> <span class='ocrx_word' id='word_1_13' title='bbox 846 259 1168 316; x_wconf 84' lang='lat' dir='ltr'>personam</span> <span class='ocrx_word' id='word_1_14' title='bbox 1200 242 1448 313; x_wconf 78' lang='lat' dir='ltr'>gestavit</span> <span class='ocrx_word' id='word_1_15' title='bbox 1492 257 1698 297; x_wconf 89' lang='lat' dir='ltr'>eorum</span> <span class='ocrx_word' id='word_1_16' title='bbox 1743 239 1848 313; x_wconf 87' lang='lat' dir='ltr'>qui</span> <span class='ocrx_word' id='word_1_17' title='bbox 1877 254 1970 295; x_wconf 89' lang='lat' dir='ltr'>oc-</span> <span class='ocrx_word' id='word_1_18' title='bbox 2003 238 2054 291; x_wconf 83' lang='lat' dir='ltr'><strong>A</strong></span> <span class='ocrx_word' id='word_1_19' title='bbox 2085 241 2300 296; x_wconf 89' lang='lat' dir='ltr'>mentis</span> <span class='ocrx_word' id='word_1_20' title='bbox 2323 241 2398 297; x_wconf 86' lang='lat' dir='ltr'>ad</span> <span class='ocrx_word' id='word_1_21' title='bbox 2417 241 2573 298; x_wconf 90' lang='lat' dir='ltr'>male</span> <span class='ocrx_word' id='word_1_22' title='bbox 2590 245 2929 314; x_wconf 89' lang='lat' dir='ltr'>perpetrata</span> <span class='ocrx_word' id='word_1_23' title='bbox 2944 242 3325 298; x_wconf 85' lang='lat' dir='ltr'>recurrimus.</span> <span class='ocrx_word' id='word_1_24' title='bbox 3352 243 3501 298; x_wconf 87' lang='lat' dir='ltr'>Leve</span> <span class='ocrx_word' id='word_1_25' title='bbox 3517 241 3743 316; x_wconf 80' lang='lat' dir='ltr'>quippe</span> 
     </span>
    </p>
   </div>
   <div class='ocr_carea' id='block_1_5' title="bbox 316 330 1969 407">
    <p class='ocr_par' dir='ltr' id='par_1_5' title="bbox 316 330 1969 407">
     <span class='ocr_line' id='line_1_5' title="bbox 316 330 1969 407; baseline -0.004 -17"><span class='ocrx_word' id='word_1_26' title='bbox 316 335 468 390; x_wconf 87' lang='lat' dir='ltr'>culte</span> <span class='ocrx_word' id='word_1_27' title='bbox 499 338 673 390; x_wconf 89' lang='lat' dir='ltr'>erant</span> <span class='ocrx_word' id='word_1_28' title='bbox 701 351 775 389; x_wconf 80' lang='lat' dir='ltr'><strong>ex</strong></span> <span class='ocrx_word' id='word_1_29' title='bbox 805 335 1028 407; x_wconf 90' lang='lat' dir='ltr'>populo</span> <span class='ocrx_word' id='word_1_30' title='bbox 1049 334 1392 390; x_wconf 77' lang='lat' dir='ltr'>Iudaeorum</span> <span class='ocrx_word' id='word_1_31' title='bbox 1419 332 1696 404; x_wconf 78' lang='lat' dir='ltr'>discipuli</span> <span class='ocrx_word' id='word_1_32' title='bbox 1719 330 1969 395; x_wconf 89' lang='lat' dir='ltr'>Domini,</span> 
     </span>
    </p>
   </div>
   <div class='ocr_carea' id='block_1_6' title="bbox 309 420 1972 496">
    <p class='ocr_par' dir='ltr' id='par_1_6' title="bbox 309 420 1972 496">
     <span class='ocr_line' id='line_1_6' title="bbox 309 420 1972 496; baseline -0.004 -16"><span class='ocrx_word' id='word_1_33' title='bbox 309 425 462 480; x_wconf 91' lang='lat' dir='ltr'>sicut</span> <span class='ocrx_word' id='word_1_34' title='bbox 494 425 604 481; x_wconf 86' lang='lat' dir='ltr'>fuit</span> <span class='ocrx_word' id='word_1_35' title='bbox 635 424 992 480; x_wconf 78' lang='lat' dir='ltr'>Nicodemus</span> <span class='ocrx_word' id='word_1_36' title='bbox 1019 428 1075 480; x_wconf 92' lang='lat' dir='ltr'>et</span> <span class='ocrx_word' id='word_1_37' title='bbox 1092 425 1314 496; x_wconf 88' lang='lat' dir='ltr'>Joseph</span> <span class='ocrx_word' id='word_1_38' title='bbox 1336 424 1413 478; x_wconf 88' lang='lat' dir='ltr'>ab</span> <span class='ocrx_word' id='word_1_39' title='bbox 1466 423 1848 489; x_wconf 75' lang='lat' dir='ltr'>Arimatluea,</span> <span class='ocrx_word' id='word_1_40' title='bbox 1883 420 1972 474; x_wconf 88' lang='lat' dir='ltr'>vel</span> 
     </span>
    </p>
   </div>
   <div class='ocr_carea' id='block_1_7' title="bbox 309 510 1972 584">
    <p class='ocr_par' dir='ltr' id='par_1_7' title="bbox 309 510 1972 584">
     <span class='ocr_line' id='line_1_7' title="bbox 309 510 1972 584; baseline -0.004 -14"><span class='ocrx_word' id='word_1_41' title='bbox 309 514 507 570; x_wconf 63' lang='lat' dir='ltr'>caeteri</span> <span class='ocrx_word' id='word_1_42' title='bbox 538 513 912 584; x_wconf 88' lang='lat' dir='ltr'>hujusmodi.</span> <span class='ocrx_word' id='word_1_43' title='bbox 959 515 1155 569; x_wconf 82' lang='lat' dir='ltr'>Potest</span> <span class='ocrx_word' id='word_1_44' title='bbox 1197 513 1376 568; x_wconf 89' lang='lat' dir='ltr'>etiam</span> <span class='ocrx_word' id='word_1_45' title='bbox 1426 512 1584 568; x_wconf 90' lang='lat' dir='ltr'>credi</span> <span class='ocrx_word' id='word_1_46' title='bbox 1639 510 1972 580; x_wconf 82' lang='lat' dir='ltr'>signiﬁcare</span> 
     </span>
    </p>
   </div>
   <div class='ocr_carea' id='block_1_8' title="bbox 305 599 1970 675">
    <p class='ocr_par' dir='ltr' id='par_1_8' title="bbox 305 599 1970 675">
     <span class='ocr_line' id='line_1_8' title="bbox 305 599 1970 675; baseline -0.001 -19"><span class='ocrx_word' id='word_1_47' title='bbox 305 603 621 659; x_wconf 77' lang='lat' dir='ltr'>credentes</span> <span class='ocrx_word' id='word_1_48' title='bbox 653 619 724 658; x_wconf 83' lang='lat' dir='ltr'>ex</span> <span class='ocrx_word' id='word_1_49' title='bbox 753 603 1052 672; x_wconf 83' lang='lat' dir='ltr'>gentibus,</span> <span class='ocrx_word' id='word_1_50' title='bbox 1082 602 1186 675; x_wconf 91' lang='lat' dir='ltr'>qui</span> <span class='ocrx_word' id='word_1_51' title='bbox 1217 603 1352 657; x_wconf 92' lang='lat' dir='ltr'>licet</span> <span class='ocrx_word' id='word_1_52' title='bbox 1383 619 1523 658; x_wconf 91' lang='lat' dir='ltr'>cum</span> <span class='ocrx_word' id='word_1_53' title='bbox 1553 600 1834 656; x_wconf 81' lang='lat' dir='ltr'>Absalom</span> <span class='ocrx_word' id='word_1_54' title='bbox 1866 599 1970 655; x_wconf 88' lang='lat' dir='ltr'>ali-</span> 
     </span>
    </p>
   </div>
   <div class='ocr_carea' id='block_1_9' title="bbox 304 689 1970 766">
    <p class='ocr_par' dir='ltr' id='par_1_9' title="bbox 304 689 1970 766">
     <span class='ocr_line' id='line_1_9' title="bbox 304 689 1970 766; baseline -0.003 -17"><span class='ocrx_word' id='word_1_55' title='bbox 304 693 560 766; x_wconf 84' lang='lat' dir='ltr'>quando</span> <span class='ocrx_word' id='word_1_56' title='bbox 582 693 764 748; x_wconf 91' lang='lat' dir='ltr'>fuisse</span> <span class='ocrx_word' id='word_1_57' title='bbox 782 693 889 747; x_wconf 87' lang='lat' dir='ltr'>visi</span> <span class='ocrx_word' id='word_1_58' title='bbox 911 697 1068 760; x_wconf 91' lang='lat' dir='ltr'>sunt,</span> <span class='ocrx_word' id='word_1_59' title='bbox 1089 697 1290 749; x_wconf 88' lang='lat' dir='ltr'>tamen</span> <span class='ocrx_word' id='word_1_60' title='bbox 1309 693 1511 765; x_wconf 83' lang='lat' dir='ltr'>pravis</span> <span class='ocrx_word' id='word_1_61' title='bbox 1534 692 1662 761; x_wconf 84' lang='lat' dir='ltr'>ejus</span> <span class='ocrx_word' id='word_1_62' title='bbox 1688 689 1970 762; x_wconf 84' lang='lat' dir='ltr'>operibus</span> 
     </span>
    </p>
   </div>
   <div class='ocr_carea' id='block_1_10' title="bbox 302 779 1970 853">
    <p class='ocr_par' dir='ltr' id='par_1_10' title="bbox 302 779 1970 853">
     <span class='ocr_line' id='line_1_10' title="bbox 302 779 1970 853; baseline -0.004 -12"><span class='ocrx_word' id='word_1_63' title='bbox 302 799 424 841; x_wconf 89' lang='lat' dir='ltr'>non</span> <span class='ocrx_word' id='word_1_64' title='bbox 460 788 634 839; x_wconf 89' lang='lat' dir='ltr'>erant</span> <span class='ocrx_word' id='word_1_65' title='bbox 663 783 1195 850; x_wconf 83' lang='lat' dir='ltr'>communicantes,</span> <span class='ocrx_word' id='word_1_66' title='bbox 1237 799 1346 837; x_wconf 89' lang='lat' dir='ltr'>nec</span> <span class='ocrx_word' id='word_1_67' title='bbox 1378 781 1719 853; x_wconf 85' lang='lat' dir='ltr'>Achitophel</span> <span class='ocrx_word' id='word_1_68' title='bbox 1751 779 1970 852; x_wconf 90' lang='lat' dir='ltr'>iniquis</span> 
     </span>
    </p>
   </div>
   <div class='ocr_carea' id='block_1_11' title="bbox 299 871 1966 944">
    <p class='ocr_par' dir='ltr' id='par_1_11' title="bbox 299 871 1966 944">
     <span class='ocr_line' id='line_1_11' title="bbox 299 871 1966 944; baseline -0.002 -15"><span class='ocrx_word' id='word_1_69' title='bbox 299 873 800 943; x_wconf 85' lang='lat' dir='ltr'>suggestionibus</span> <span class='ocrx_word' id='word_1_70' title='bbox 845 889 1117 944; x_wconf 87' lang='lat' dir='ltr'>unquam</span> <span class='ocrx_word' id='word_1_71' title='bbox 1143 872 1613 928; x_wconf 85' lang='lat' dir='ltr'>consentientes:</span> <span class='ocrx_word' id='word_1_72' title='bbox 1673 871 1775 926; x_wconf 88' lang='lat' dir='ltr'>sed</span> <span class='ocrx_word' id='word_1_73' title='bbox 1829 886 1966 926; x_wconf 89' lang='lat' dir='ltr'>cum</span> 
     </span>
    </p>
   </div>
   <div class='ocr_carea' id='block_1_12' title="bbox 297 959 1966 1033">
    <p class='ocr_par' dir='ltr' id='par_1_12' title="bbox 297 959 1966 1033">
     <span class='ocr_line' id='line_1_12' title="bbox 297 959 1966 1033; baseline -0.003 -14"><span class='ocrx_word' id='word_1_74' title='bbox 297 959 496 1019; x_wconf 81' lang='lat' dir='ltr'>David</span> <span class='ocrx_word' id='word_1_75' title='bbox 517 961 770 1017; x_wconf 87' lang='lat' dir='ltr'>ﬁdeliter</span> <span class='ocrx_word' id='word_1_76' title='bbox 797 966 1276 1033; x_wconf 88' lang='lat' dir='ltr'>permanserunt.</span> <span class='ocrx_word' id='word_1_77' title='bbox 1309 965 1731 1033; x_wconf 81' lang='lat' dir='ltr'>Interpretatur</span> <span class='ocrx_word' id='word_1_78' title='bbox 1764 964 1966 1016; x_wconf 91' lang='lat' dir='ltr'>autem</span> 
     </span>
    </p>
   </div>
   <div class='ocr_carea' id='block_1_13' title="bbox 293 1051 1963 1121">
    <p class='ocr_par' dir='ltr' id='par_1_13' title="bbox 293 1051 1963 1121">
     <span class='ocr_line' id='line_1_13' title="bbox 293 1051 1963 1121; baseline -0.002 -12"><span class='ocrx_word' id='word_1_79' title='bbox 293 1051 525 1110; x_wconf 81' lang='lat' dir='ltr'>Chusai</span> <span class='ocrx_word' id='word_1_80' title='bbox 549 1052 867 1121; x_wconf 52' lang='lat' dir='ltr'>{El/1mm,</span> <span class='ocrx_word' id='word_1_81' title='bbox 918 1051 1222 1107; x_wconf 87' lang='lat' dir='ltr'>Arachites</span> <span class='ocrx_word' id='word_1_82' title='bbox 1270 1052 1580 1120; x_wconf 77' lang='lat' dir='ltr'>longitudo</span> <span class='ocrx_word' id='word_1_83' title='bbox 1620 1066 1769 1106; x_wconf 85' lang='lat' dir='ltr'>mea.</span> <span class='ocrx_word' id='word_1_84' title='bbox 1817 1051 1963 1105; x_wconf 90' lang='lat' dir='ltr'>Hinc</span> 
     </span>
    </p>
   </div>
   <div class='ocr_carea' id='block_1_14' title="bbox 292 1140 1966 1214">
    <p class='ocr_par' dir='ltr' id='par_1_14' title="bbox 292 1140 1966 1214">
     <span class='ocr_line' id='line_1_14' title="bbox 292 1140 1966 1214; baseline -0.001 -17"><span class='ocrx_word' id='word_1_85' title='bbox 292 1152 547 1214; x_wconf 87' lang='lat' dir='ltr'>quoque</span> <span class='ocrx_word' id='word_1_86' title='bbox 595 1141 655 1196; x_wconf 91' lang='lat' dir='ltr'>in</span> <span class='ocrx_word' id='word_1_87' title='bbox 725 1141 1022 1213; x_wconf 83' lang='lat' dir='ltr'>propheta</span> <span class='ocrx_word' id='word_1_88' title='bbox 1076 1141 1364 1212; x_wconf 88' lang='lat' dir='ltr'>scriptum</span> <span class='ocrx_word' id='word_1_89' title='bbox 1419 1144 1506 1196; x_wconf 88' lang='lat' dir='ltr'>est</span> <span class='ocrx_word' id='word_1_90' title='bbox 1553 1159 1564 1194; x_wconf 92' lang='lat'>:</span> <span class='ocrx_word' id='word_1_91' title='bbox 1644 1162 1670 1188; x_wconf 77' lang='grc' dir='ltr'>κ</span> <span class='ocrx_word' id='word_1_92' title='bbox 1726 1140 1966 1195; x_wconf 82' lang='lat' dir='ltr'>Mutavit</span> 
     </span>
    </p>
   </div>
   <div class='ocr_carea' id='block_1_15' title="bbox 291 1227 1962 1301">
    <p class='ocr_par' dir='ltr' id='par_1_15' title="bbox 291 1227 1962 1301">
     <span class='ocr_line' id='line_1_15' title="bbox 291 1227 1962 1301; baseline 0.002 -21"><span class='ocrx_word' id='word_1_93' title='bbox 291 1227 577 1300; x_wconf 54' lang='lat' dir='ltr'>{EthiOps</span> <span class='ocrx_word' id='word_1_94' title='bbox 593 1228 811 1301; x_wconf 83' lang='lat' dir='ltr'>pellem</span> <span class='ocrx_word' id='word_1_95' title='bbox 834 1245 1008 1284; x_wconf 88' lang='lat' dir='ltr'>suam</span> <span class='ocrx_word' id='word_1_96' title='bbox 1026 1229 1165 1300; x_wconf 81' lang='lat' dir='ltr'>(Jer.</span> <span class='ocrx_word' id='word_1_97' title='bbox 1191 1234 1336 1294; x_wconf 81' lang='lat' dir='ltr'>xm);</span> <span class='ocrx_word' id='word_1_98' title='bbox 1356 1252 1383 1278; x_wconf 88' lang='lat'>»</span> <span class='ocrx_word' id='word_1_99' title='bbox 1415 1229 1650 1284; x_wconf 88' lang='lat' dir='ltr'>etillud:</span> <span class='ocrx_word' id='word_1_100' title='bbox 1679 1251 1706 1279; x_wconf 85' lang='lat'><strong>«</strong></span> <span class='ocrx_word' id='word_1_101' title='bbox 1741 1229 1962 1284; x_wconf 65' lang='lat' dir='ltr'>zEthio-</span> 
     </span>
    </p>
   </div>
   <div class='ocr_carea' id='block_1_16' title="bbox 289 1318 1961 1391">
    <p class='ocr_par' dir='ltr' id='par_1_16' title="bbox 289 1318 1961 1391">
     <span class='ocr_line' id='line_1_16' title="bbox 289 1318 1961 1391; baseline 0.001 -18"><span class='ocrx_word' id='word_1_102' title='bbox 289 1319 416 1390; x_wconf 86' lang='lat' dir='ltr'>pia,</span> <span class='ocrx_word' id='word_1_103' title='bbox 450 1319 668 1391; x_wconf 90' lang='lat' dir='ltr'>inquit,</span> <span class='ocrx_word' id='word_1_104' title='bbox 705 1318 938 1375; x_wconf 85' lang='lat' dir='ltr'>festinet</span> <span class='ocrx_word' id='word_1_105' title='bbox 966 1335 1184 1375; x_wconf 87' lang='lat' dir='ltr'>manus</span> <span class='ocrx_word' id='word_1_106' title='bbox 1232 1320 1374 1376; x_wconf 91' lang='lat' dir='ltr'>dare</span> <span class='ocrx_word' id='word_1_107' title='bbox 1406 1322 1546 1375; x_wconf 93' lang='lat' dir='ltr'>Deo.</span> <span class='ocrx_word' id='word_1_108' title='bbox 1581 1341 1607 1367; x_wconf 85' lang='grc'><strong>››</strong></span> <span class='ocrx_word' id='word_1_109' title='bbox 1641 1319 1791 1384; x_wconf 90' lang='lat' dir='ltr'>Quia</span> <span class='ocrx_word' id='word_1_110' title='bbox 1818 1334 1961 1388; x_wconf 87' lang='lat' dir='ltr'>gen-</span> 
     </span>
    </p>
   </div>
   <div class='ocr_carea' id='block_1_17' title="bbox 287 1407 1959 1480">
    <p class='ocr_par' dir='ltr' id='par_1_17' title="bbox 287 1407 1959 1480">
     <span class='ocr_line' id='line_1_17' title="bbox 287 1407 1959 1480; baseline 0.002 -19"><span class='ocrx_word' id='word_1_111' title='bbox 287 1407 410 1462; x_wconf 87' lang='lat' dir='ltr'>tilis</span> <span class='ocrx_word' id='word_1_112' title='bbox 441 1407 712 1480; x_wconf 89' lang='lat' dir='ltr'>populus</span> <span class='ocrx_word' id='word_1_113' title='bbox 739 1412 1064 1480; x_wconf 87' lang='lat' dir='ltr'>postquam</span> <span class='ocrx_word' id='word_1_114' title='bbox 1106 1425 1167 1464; x_wconf 91' lang='lat' dir='ltr'>se</span> <span class='ocrx_word' id='word_1_115' title='bbox 1211 1408 1523 1476; x_wconf 77' lang='lat' dir='ltr'>nigredine</span> <span class='ocrx_word' id='word_1_116' title='bbox 1574 1414 1959 1480; x_wconf 83' lang='lat' dir='ltr'>peccatorum</span> 
     </span>
    </p>
   </div>
   <div class='ocr_carea' id='block_1_18' title="bbox 287 1497 1961 1571">
    <p class='ocr_par' dir='ltr' id='par_1_18' title="bbox 287 1497 1961 1571">
     <span class='ocr_line' id='line_1_18' title="bbox 287 1497 1961 1571; baseline 0.002 -21"><span class='ocrx_word' id='word_1_117' title='bbox 287 1497 478 1566; x_wconf 78' lang='lat' dir='ltr'>exnit,</span> <span class='ocrx_word' id='word_1_118' title='bbox 528 1512 849 1569; x_wconf 87' lang='lat' dir='ltr'>nunquam</span> <span class='ocrx_word' id='word_1_119' title='bbox 882 1514 917 1552; x_wconf 89' lang='lat' dir='ltr'>a</span> <span class='ocrx_word' id='word_1_120' title='bbox 968 1503 1134 1569; x_wconf 85' lang='lat' dir='ltr'>tergo</span> <span class='ocrx_word' id='word_1_121' title='bbox 1189 1499 1423 1553; x_wconf 88' lang='lat' dir='ltr'>Domini</span> <span class='ocrx_word' id='word_1_122' title='bbox 1452 1498 1731 1553; x_wconf 90' lang='lat' dir='ltr'>recessit:</span> <span class='ocrx_word' id='word_1_123' title='bbox 1771 1501 1826 1554; x_wconf 92' lang='lat' dir='ltr'>et</span> <span class='ocrx_word' id='word_1_124' title='bbox 1857 1499 1961 1571; x_wconf 90' lang='lat' dir='ltr'>qui</span> 
     </span>
    </p>
   </div>
   <div class='ocr_carea' id='block_1_19' title="bbox 286 1587 1883 1662">
    <p class='ocr_par' dir='ltr' id='par_1_19' title="bbox 286 1587 1883 1662">
     <span class='ocr_line' id='line_1_19' title="bbox 286 1587 1883 1662; baseline 0.002 -21"><span class='ocrx_word' id='word_1_125' title='bbox 286 1594 416 1642; x_wconf 86' lang='lat' dir='ltr'>erat</span> <span class='ocrx_word' id='word_1_126' title='bbox 443 1587 650 1658; x_wconf 82' lang='lat' dir='ltr'>longe,</span> <span class='ocrx_word' id='word_1_127' title='bbox 684 1588 877 1644; x_wconf 89' lang='lat' dir='ltr'>factus</span> <span class='ocrx_word' id='word_1_128' title='bbox 907 1593 993 1645; x_wconf 91' lang='lat' dir='ltr'>est</span> <span class='ocrx_word' id='word_1_129' title='bbox 1022 1605 1209 1662; x_wconf 89' lang='lat' dir='ltr'>prope</span> <span class='ocrx_word' id='word_1_130' title='bbox 1243 1590 1303 1644; x_wconf 91' lang='lat' dir='ltr'>in</span> <span class='ocrx_word' id='word_1_131' title='bbox 1333 1591 1623 1658; x_wconf 82' lang='lat' dir='ltr'>sanguine</span> <span class='ocrx_word' id='word_1_132' title='bbox 1654 1589 1883 1644; x_wconf 86' lang='lat' dir='ltr'>Christi.</span> 
     </span>
    </p>
   </div>
   <div class='ocr_carea' id='block_1_20' title="bbox 355 1684 1958 1760">
    <p class='ocr_par' dir='ltr' id='par_1_20' title="bbox 355 1684 1958 1760">
     <span class='ocr_line' id='line_1_20' title="bbox 355 1684 1958 1760; baseline 0.004 -22"><span class='ocrx_word' id='word_1_133' title='bbox 355 1713 381 1738; x_wconf 80' lang='grc' dir='ltr'>ι</span> <span class='ocrx_word' id='word_1_134' title='bbox 412 1684 645 1742; x_wconf 89' lang='lat' dir='ltr'>Deinde</span> <span class='ocrx_word' id='word_1_135' title='bbox 695 1686 963 1759; x_wconf 88' lang='lat' dir='ltr'>sequitur</span> <span class='ocrx_word' id='word_1_136' title='bbox 1009 1687 1265 1760; x_wconf 88' lang='lat' dir='ltr'>qualiter</span> <span class='ocrx_word' id='word_1_137' title='bbox 1301 1688 1556 1744; x_wconf 90' lang='lat' dir='ltr'>occurrit</span> <span class='ocrx_word' id='word_1_138' title='bbox 1607 1688 1789 1743; x_wconf 87' lang='lat' dir='ltr'>David</span> <span class='ocrx_word' id='word_1_139' title='bbox 1820 1688 1958 1746; x_wconf 90' lang='lat' dir='ltr'>Siba</span> 
     </span>
    </p>
   </div>
   <div class='ocr_carea' id='block_1_21' title="bbox 283 1775 1960 1848">
    <p class='ocr_par' dir='ltr' id='par_1_21' title="bbox 283 1775 1960 1848">
     <span class='ocr_line' id='line_1_21' title="bbox 283 1775 1960 1848; baseline 0.003 -18"><span class='ocrx_word' id='word_1_140' title='bbox 283 1790 440 1847; x_wconf 90' lang='lat' dir='ltr'>puer</span> <span class='ocrx_word' id='word_1_141' title='bbox 471 1775 894 1848; x_wconf 82' lang='lat' dir='ltr'>Miphiboseth,</span> <span class='ocrx_word' id='word_1_142' title='bbox 928 1792 1066 1832; x_wconf 91' lang='lat' dir='ltr'>cum</span> <span class='ocrx_word' id='word_1_143' title='bbox 1098 1777 1337 1833; x_wconf 92' lang='lat' dir='ltr'>duobus</span> <span class='ocrx_word' id='word_1_144' title='bbox 1369 1777 1554 1834; x_wconf 90' lang='lat' dir='ltr'>asinis</span> <span class='ocrx_word' id='word_1_145' title='bbox 1593 1778 1870 1848; x_wconf 85' lang='lat' dir='ltr'>oneratis,</span> <span class='ocrx_word' id='word_1_146' title='bbox 1904 1783 1960 1835; x_wconf 91' lang='lat' dir='ltr'>et</span> 
     </span>
    </p>
   </div>
   <div class='ocr_carea' id='block_1_22' title="bbox 282 1865 1956 1939">
    <p class='ocr_par' dir='ltr' id='par_1_22' title="bbox 282 1865 1956 1939">
     <span class='ocr_line' id='line_1_22' title="bbox 282 1865 1956 1939; baseline 0.003 -20"><span class='ocrx_word' id='word_1_147' title='bbox 282 1865 579 1920; x_wconf 89' lang='lat' dir='ltr'>mentitus</span> <span class='ocrx_word' id='word_1_148' title='bbox 635 1870 724 1921; x_wconf 92' lang='lat' dir='ltr'>est</span> <span class='ocrx_word' id='word_1_149' title='bbox 751 1866 826 1921; x_wconf 92' lang='lat' dir='ltr'>de</span> <span class='ocrx_word' id='word_1_150' title='bbox 875 1866 1122 1922; x_wconf 92' lang='lat' dir='ltr'>domino</span> <span class='ocrx_word' id='word_1_151' title='bbox 1172 1883 1301 1934; x_wconf 90' lang='lat' dir='ltr'>suo,</span> <span class='ocrx_word' id='word_1_152' title='bbox 1351 1871 1406 1922; x_wconf 92' lang='lat' dir='ltr'>et</span> <span class='ocrx_word' id='word_1_153' title='bbox 1451 1871 1765 1939; x_wconf 86' lang='lat' dir='ltr'>propterea</span> <span class='ocrx_word' id='word_1_154' title='bbox 1797 1869 1876 1924; x_wconf 86' lang='lat' dir='ltr'>ait</span> <span class='ocrx_word' id='word_1_155' title='bbox 1904 1869 1956 1924; x_wconf 91' lang='lat' dir='ltr'>ei</span> 
     </span>
    </p>
   </div>
   <div class='ocr_carea' id='block_1_23' title="bbox 283 1953 1957 2028">
    <p class='ocr_par' dir='ltr' id='par_1_23' title="bbox 283 1953 1957 2028">
     <span class='ocr_line' id='line_1_23' title="bbox 283 1953 1957 2028; baseline 0.004 -22"><span class='ocrx_word' id='word_1_156' title='bbox 283 1953 519 2009; x_wconf 85' lang='lat' dir='ltr'>David:</span> <span class='ocrx_word' id='word_1_157' title='bbox 559 1973 581 2006; x_wconf 77' lang='grc' dir='ltr'>ι</span> <span class='ocrx_word' id='word_1_158' title='bbox 618 1957 742 2010; x_wconf 89' lang='lat' dir='ltr'>Tua</span> <span class='ocrx_word' id='word_1_159' title='bbox 801 1954 916 2010; x_wconf 91' lang='lat' dir='ltr'>sint</span> <span class='ocrx_word' id='word_1_160' title='bbox 942 1955 1166 2020; x_wconf 88' lang='lat' dir='ltr'>omnia,</span> <span class='ocrx_word' id='word_1_161' title='bbox 1201 1971 1336 2027; x_wconf 79' lang='lat' dir='ltr'>quae</span> <span class='ocrx_word' id='word_1_162' title='bbox 1387 1955 1628 2011; x_wconf 90' lang='lat' dir='ltr'>fuerunt</span> <span class='ocrx_word' id='word_1_163' title='bbox 1675 1956 1957 2028; x_wconf 83' lang='lat' dir='ltr'>Miphibo-</span> 
     </span>
    </p>
   </div>
   <div class='ocr_carea' id='block_1_24' title="bbox 288 2043 1955 2118">
    <p class='ocr_par' dir='ltr' id='par_1_24' title="bbox 288 2043 1955 2118">
     <span class='ocr_line' id='line_1_24' title="bbox 288 2043 1955 2118; baseline 0.001 -19"><span class='ocrx_word' id='word_1_164' title='bbox 288 2044 437 2099; x_wconf 89' lang='lat' dir='ltr'>seth.</span> <span class='ocrx_word' id='word_1_165' title='bbox 484 2065 513 2092; x_wconf 88' lang='lat'>»</span> <span class='ocrx_word' id='word_1_166' title='bbox 576 2043 724 2099; x_wconf 87' lang='lat' dir='ltr'>Hinc</span> <span class='ocrx_word' id='word_1_167' title='bbox 785 2045 944 2100; x_wconf 93' lang='lat' dir='ltr'>enim</span> <span class='ocrx_word' id='word_1_168' title='bbox 1001 2045 1465 2113; x_wconf 87' lang='lat' dir='ltr'>demonstratur,</span> <span class='ocrx_word' id='word_1_169' title='bbox 1514 2046 1658 2117; x_wconf 89' lang='lat' dir='ltr'>quia</span> <span class='ocrx_word' id='word_1_170' title='bbox 1715 2046 1955 2118; x_wconf 90' lang='lat' dir='ltr'>spiritus</span> 
     </span>
    </p>
   </div>
   <div class='ocr_carea' id='block_1_25' title="bbox 289 2131 1952 2207">
    <p class='ocr_par' dir='ltr' id='par_1_25' title="bbox 289 2131 1952 2207">
     <span class='ocr_line' id='line_1_25' title="bbox 289 2131 1952 2207; baseline 0.002 -19"><span class='ocrx_word' id='word_1_171' title='bbox 289 2131 623 2205; x_wconf 69' lang='lat' dir='ltr'>prophetiae</span> <span class='ocrx_word' id='word_1_172' title='bbox 656 2135 834 2202; x_wconf 88' lang='lat' dir='ltr'>(sicut</span> <span class='ocrx_word' id='word_1_173' title='bbox 867 2136 1142 2206; x_wconf 87' lang='lat' dir='ltr'>superius</span> <span class='ocrx_word' id='word_1_174' title='bbox 1159 2135 1468 2206; x_wconf 82' lang='lat' dir='ltr'>diximus),</span> <span class='ocrx_word' id='word_1_175' title='bbox 1491 2135 1798 2207; x_wconf 88' lang='lat' dir='ltr'>prophetis</span> <span class='ocrx_word' id='word_1_176' title='bbox 1830 2153 1952 2192; x_wconf 89' lang='lat' dir='ltr'>non</span> 
     </span>
    </p>
   </div>
   <div class='ocr_carea' id='block_1_26' title="bbox 298 2223 1952 2296">
    <p class='ocr_par' dir='ltr' id='par_1_26' title="bbox 298 2223 1952 2296">
     <span class='ocr_line' id='line_1_26' title="bbox 298 2223 1952 2296; baseline 0.005 -21"><span class='ocrx_word' id='word_1_177' title='bbox 298 2237 530 2294; x_wconf 87' lang='lat' dir='ltr'>semper</span> <span class='ocrx_word' id='word_1_178' title='bbox 556 2223 749 2291; x_wconf 90' lang='lat' dir='ltr'>adest,</span> <span class='ocrx_word' id='word_1_179' title='bbox 782 2240 894 2279; x_wconf 83' lang='lat' dir='ltr'>nec</span> <span class='ocrx_word' id='word_1_180' title='bbox 915 2241 944 2279; x_wconf 92' lang='lat' dir='ltr'><strong>e</strong></span> <span class='ocrx_word' id='word_1_181' title='bbox 975 2225 1251 2296; x_wconf 79' lang='lat' dir='ltr'>proximo</span> <span class='ocrx_word' id='word_1_182' title='bbox 1285 2231 1631 2295; x_wconf 86' lang='lat' dir='ltr'>tanguntur.</span> <span class='ocrx_word' id='word_1_183' title='bbox 1660 2230 1806 2282; x_wconf 84' lang='lat' dir='ltr'>Nam</span> <span class='ocrx_word' id='word_1_184' title='bbox 1841 2229 1952 2284; x_wconf 89' lang='lat' dir='ltr'>Da-</span> 
     </span>
    </p>
   </div>
   <div class='ocr_carea' id='block_1_27' title="bbox 296 2302 1953 2385">
    <p class='ocr_par' dir='ltr' id='par_1_27' title="bbox 296 2302 1953 2385">
     <span class='ocr_line' id='line_1_27' title="bbox 296 2302 1953 2385; baseline 0.005 -20"><span class='ocrx_word' id='word_1_185' title='bbox 296 2310 397 2366; x_wconf 84' lang='lat' dir='ltr'>vid</span> <span class='ocrx_word' id='word_1_186' title='bbox 420 2329 655 2368; x_wconf 89' lang='lat' dir='ltr'>servum</span> <span class='ocrx_word' id='word_1_187' title='bbox 689 2302 1101 2385; x_wconf 83' lang='lat' dir='ltr'>Miphiboseth,</span> <span class='ocrx_word' id='word_1_188' title='bbox 1150 2315 1287 2370; x_wconf 86' lang='lat' dir='ltr'>Siba</span> <span class='ocrx_word' id='word_1_189' title='bbox 1331 2315 1624 2380; x_wconf 89' lang='lat' dir='ltr'>videlicet,</span> <span class='ocrx_word' id='word_1_190' title='bbox 1677 2315 1786 2370; x_wconf 90' lang='lat' dir='ltr'>sibi</span> <span class='ocrx_word' id='word_1_191' title='bbox 1814 2333 1953 2373; x_wconf 90' lang='lat' dir='ltr'>con-</span> 
     </span>
    </p>
   </div>
   <div class='ocr_carea' id='block_1_28' title="bbox 287 2401 1951 2468">
    <p class='ocr_par' dir='ltr' id='par_1_28' title="bbox 287 2401 1951 2468">
     <span class='ocr_line' id='line_1_28' title="bbox 287 2401 1951 2468; baseline 0.004 -13"><span class='ocrx_word' id='word_1_192' title='bbox 287 2403 376 2455; x_wconf 87' lang='lat' dir='ltr'>tra</span> <span class='ocrx_word' id='word_1_193' title='bbox 406 2401 728 2457; x_wconf 87' lang='lat' dir='ltr'>dominum</span> <span class='ocrx_word' id='word_1_194' title='bbox 773 2420 951 2458; x_wconf 89' lang='lat' dir='ltr'>suum</span> <span class='ocrx_word' id='word_1_195' title='bbox 995 2403 1379 2460; x_wconf 89' lang='lat' dir='ltr'>mentientem</span> <span class='ocrx_word' id='word_1_196' title='bbox 1411 2421 1531 2460; x_wconf 90' lang='lat' dir='ltr'>non</span> <span class='ocrx_word' id='word_1_197' title='bbox 1562 2405 1862 2468; x_wconf 84' lang='lat' dir='ltr'>intellexit,</span> <span class='ocrx_word' id='word_1_198' title='bbox 1897 2411 1951 2463; x_wconf 89' lang='lat' dir='ltr'>et</span> 
     </span>
    </p>
   </div>
   <div class='ocr_carea' id='block_1_29' title="bbox 283 2489 1948 2568">
    <p class='ocr_par' dir='ltr' id='par_1_29' title="bbox 283 2489 1948 2568">
     <span class='ocr_line' id='line_1_29' title="bbox 283 2489 1948 2568; baseline 0.005 -23"><span class='ocrx_word' id='word_1_199' title='bbox 283 2489 419 2546; x_wconf 90' lang='lat' dir='ltr'>ideo</span> <span class='ocrx_word' id='word_1_200' title='bbox 452 2492 662 2548; x_wconf 89' lang='lat' dir='ltr'>omnia</span> <span class='ocrx_word' id='word_1_201' title='bbox 695 2493 925 2548; x_wconf 89' lang='lat' dir='ltr'>domini</span> <span class='ocrx_word' id='word_1_202' title='bbox 953 2493 1042 2548; x_wconf 90' lang='lat' dir='ltr'>sui</span> <span class='ocrx_word' id='word_1_203' title='bbox 1075 2494 1126 2549; x_wconf 93' lang='lat' dir='ltr'>ei</span> <span class='ocrx_word' id='word_1_204' title='bbox 1155 2495 1464 2550; x_wconf 88' lang='lat' dir='ltr'>concessit.</span> <span class='ocrx_word' id='word_1_205' title='bbox 1496 2495 1598 2551; x_wconf 84' lang='lat' dir='ltr'>Cui</span> <span class='ocrx_word' id='word_1_206' title='bbox 1631 2496 1677 2550; x_wconf 90' lang='lat' dir='ltr'>si</span> <span class='ocrx_word' id='word_1_207' title='bbox 1710 2496 1948 2568; x_wconf 90' lang='lat' dir='ltr'>spiritus</span> 
     </span>
    </p>
   </div>
   <div class='ocr_carea' id='block_1_30' title="bbox 283 2576 1946 2655">
    <p class='ocr_par' dir='ltr' id='par_1_30' title="bbox 283 2576 1946 2655">
     <span class='ocr_line' id='line_1_30' title="bbox 283 2576 1946 2655; baseline 0.005 -22"><span class='ocrx_word' id='word_1_208' title='bbox 283 2576 619 2651; x_wconf 72' lang='lat' dir='ltr'>prophetiae</span> <span class='ocrx_word' id='word_1_209' title='bbox 687 2581 942 2646; x_wconf 88' lang='lat' dir='ltr'>adesset,</span> <span class='ocrx_word' id='word_1_210' title='bbox 1007 2582 1391 2638; x_wconf 89' lang='lat' dir='ltr'>mentientem</span> <span class='ocrx_word' id='word_1_211' title='bbox 1457 2582 1946 2655; x_wconf 89' lang='lat' dir='ltr'>deprehenderet.</span> 
     </span>
    </p>
   </div>
   <div class='ocr_carea' id='block_1_31' title="bbox 281 2669 1946 2746">
    <p class='ocr_par' dir='ltr' id='par_1_31' title="bbox 281 2669 1946 2746">
     <span class='ocr_line' id='line_1_31' title="bbox 281 2669 1946 2746; baseline 0.005 -26"><span class='ocrx_word' id='word_1_212' title='bbox 281 2669 498 2724; x_wconf 77' lang='lat' dir='ltr'>Verum</span> <span class='ocrx_word' id='word_1_213' title='bbox 547 2684 580 2724; x_wconf 89' lang='lat' dir='ltr'>e</span> <span class='ocrx_word' id='word_1_214' title='bbox 612 2669 893 2740; x_wconf 83' lang='lat' dir='ltr'>proximo</span> <span class='ocrx_word' id='word_1_215' title='bbox 941 2673 1131 2725; x_wconf 89' lang='lat' dir='ltr'>tactus</span> <span class='ocrx_word' id='word_1_216' title='bbox 1164 2685 1285 2725; x_wconf 89' lang='lat' dir='ltr'>non</span> <span class='ocrx_word' id='word_1_217' title='bbox 1317 2671 1525 2732; x_wconf 83' lang='lat' dir='ltr'>fuerat,</span> <span class='ocrx_word' id='word_1_218' title='bbox 1576 2689 1714 2728; x_wconf 91' lang='lat' dir='ltr'>cum</span> <span class='ocrx_word' id='word_1_219' title='bbox 1768 2689 1946 2746; x_wconf 88' lang='lat' dir='ltr'>supe-</span> 
     </span>
    </p>
   </div>
   <div class='ocr_carea' id='block_1_32' title="bbox 283 2757 1946 2830">
    <p class='ocr_par' dir='ltr' id='par_1_32' title="bbox 283 2757 1946 2830">
     <span class='ocr_line' id='line_1_32' title="bbox 283 2757 1946 2830; baseline 0.004 -19"><span class='ocrx_word' id='word_1_220' title='bbox 283 2757 402 2812; x_wconf 89' lang='lat' dir='ltr'>rius</span> <span class='ocrx_word' id='word_1_221' title='bbox 429 2761 677 2813; x_wconf 70' lang='lat' dir='ltr'>Amasae</span> <span class='ocrx_word' id='word_1_222' title='bbox 708 2758 1084 2830; x_wconf 88' lang='lat' dir='ltr'>promiserat,</span> <span class='ocrx_word' id='word_1_223' title='bbox 1132 2759 1339 2815; x_wconf 87' lang='lat' dir='ltr'>dicens</span> <span class='ocrx_word' id='word_1_224' title='bbox 1366 2779 1377 2816; x_wconf 94' lang='lat'>:</span> <span class='ocrx_word' id='word_1_225' title='bbox 1429 2764 1560 2817; x_wconf 79' lang='lat' dir='ltr'>Haec</span> <span class='ocrx_word' id='word_1_226' title='bbox 1594 2761 1768 2818; x_wconf 90' lang='lat' dir='ltr'>faciat</span> <span class='ocrx_word' id='word_1_227' title='bbox 1799 2763 1946 2818; x_wconf 89' lang='lat' dir='ltr'>mihi</span> 
     </span>
    </p>
   </div>
   <div class='ocr_carea' id='block_1_33' title="bbox 284 2846 1946 2918">
    <p class='ocr_par' dir='ltr' id='par_1_33' title="bbox 284 2846 1946 2918">
     <span class='ocr_line' id='line_1_33' title="bbox 284 2846 1946 2918; baseline 0.004 -17"><span class='ocrx_word' id='word_1_228' title='bbox 284 2849 336 2902; x_wconf 89' lang='lat' dir='ltr'>et</span> <span class='ocrx_word' id='word_1_229' title='bbox 360 2847 490 2902; x_wconf 84' lang='lat' dir='ltr'>haec</span> <span class='ocrx_word' id='word_1_230' title='bbox 523 2846 736 2914; x_wconf 88' lang='lat' dir='ltr'>addat,</span> <span class='ocrx_word' id='word_1_231' title='bbox 767 2848 815 2902; x_wconf 90' lang='lat' dir='ltr'>si</span> <span class='ocrx_word' id='word_1_232' title='bbox 859 2863 980 2902; x_wconf 90' lang='lat' dir='ltr'>non</span> <span class='ocrx_word' id='word_1_233' title='bbox 1021 2849 1306 2918; x_wconf 83' lang='lat' dir='ltr'>magister</span> <span class='ocrx_word' id='word_1_234' title='bbox 1351 2849 1569 2905; x_wconf 80' lang='lat' dir='ltr'>militiae</span> <span class='ocrx_word' id='word_1_235' title='bbox 1619 2851 1800 2906; x_wconf 84' lang='lat' dir='ltr'>fueris</span> <span class='ocrx_word' id='word_1_236' title='bbox 1850 2869 1946 2909; x_wconf 91' lang='lat' dir='ltr'>co-</span> 
     </span>
    </p>
   </div>
   <div class='ocr_carea' id='block_1_34' title="bbox 2084 330 3743 402">
    <p class='ocr_par' dir='ltr' id='par_1_34' title="bbox 2084 330 3743 402">
     <span class='ocr_line' id='line_1_34' title="bbox 2084 330 3743 402; baseline 0.003 -18"><span class='ocrx_word' id='word_1_237' title='bbox 2084 330 2380 386; x_wconf 82' lang='lat' dir='ltr'>videbitur</span> <span class='ocrx_word' id='word_1_238' title='bbox 2409 331 2573 402; x_wconf 86' lang='lat' dir='ltr'>quod</span> <span class='ocrx_word' id='word_1_239' title='bbox 2601 331 2820 402; x_wconf 88' lang='lat' dir='ltr'>injuria</span> <span class='ocrx_word' id='word_1_240' title='bbox 2842 332 3228 400; x_wconf 87' lang='lat' dir='ltr'>percutimur,</span> <span class='ocrx_word' id='word_1_241' title='bbox 3245 331 3394 386; x_wconf 90' lang='lat' dir='ltr'>dum</span> <span class='ocrx_word' id='word_1_242' title='bbox 3414 331 3478 386; x_wconf 89' lang='lat' dir='ltr'>in</span> <span class='ocrx_word' id='word_1_243' title='bbox 3511 331 3743 390; x_wconf 79' lang='lat' dir='ltr'>actione</span> 
     </span>
    </p>
   </div>
   <div class='ocr_carea' id='block_1_35' title="bbox 2082 420 3742 494">
    <p class='ocr_par' dir='ltr' id='par_1_35' title="bbox 2082 420 3742 494">
     <span class='ocr_line' id='line_1_35' title="bbox 2082 420 3742 494; baseline 0.004 -20"><span class='ocrx_word' id='word_1_244' title='bbox 2082 425 2286 475; x_wconf 88' lang='lat' dir='ltr'>nostra</span> <span class='ocrx_word' id='word_1_245' title='bbox 2330 420 2754 494; x_wconf 85' lang='lat' dir='ltr'>conspicimus,</span> <span class='ocrx_word' id='word_1_246' title='bbox 2809 421 2951 493; x_wconf 89' lang='lat' dir='ltr'>quia</span> <span class='ocrx_word' id='word_1_247' title='bbox 2993 422 3166 493; x_wconf 88' lang='lat' dir='ltr'>pejus</span> <span class='ocrx_word' id='word_1_248' title='bbox 3219 423 3310 477; x_wconf 90' lang='lat' dir='ltr'>est</span> <span class='ocrx_word' id='word_1_249' title='bbox 3347 421 3514 494; x_wconf 90' lang='lat' dir='ltr'>quod</span> <span class='ocrx_word' id='word_1_250' title='bbox 3561 437 3742 481; x_wconf 82' lang='lat' dir='ltr'>mere-</span> 
     </span>
    </p>
   </div>
   <div class='ocr_carea' id='block_1_36' title="bbox 2081 509 3742 584">
    <p class='ocr_par' dir='ltr' id='par_1_36' title="bbox 2081 509 3742 584">
     <span class='ocr_line' id='line_1_36' title="bbox 2081 509 3742 584; baseline 0.004 -21"><span class='ocrx_word' id='word_1_251' title='bbox 2081 525 2236 564; x_wconf 88' lang='lat' dir='ltr'>mur.</span> <span class='ocrx_word' id='word_1_252' title='bbox 2262 509 2471 581; x_wconf 91' lang='lat' dir='ltr'>Sicque</span> <span class='ocrx_word' id='word_1_253' title='bbox 2502 510 2566 565; x_wconf 86' lang='lat' dir='ltr'>fit</span> <span class='ocrx_word' id='word_1_254' title='bbox 2593 514 2657 565; x_wconf 91' lang='lat' dir='ltr'>ut</span> <span class='ocrx_word' id='word_1_255' title='bbox 2686 510 3307 581; x_wconf 69' lang='lat' dir='ltr'>contumeliis,gratite</span> <span class='ocrx_word' id='word_1_256' title='bbox 3333 509 3531 582; x_wconf 90' lang='lat' dir='ltr'>potius</span> <span class='ocrx_word' id='word_1_257' title='bbox 3551 526 3742 584; x_wconf 88' lang='lat' dir='ltr'>quam</span> 
     </span>
    </p>
   </div>
   <div class='ocr_carea' id='block_1_37' title="bbox 2078 597 3740 673">
    <p class='ocr_par' dir='ltr' id='par_1_37' title="bbox 2078 597 3740 673">
     <span class='ocr_line' id='line_1_37' title="bbox 2078 597 3740 673; baseline 0.002 -19"><span class='ocrx_word' id='word_1_258' title='bbox 2078 597 2178 654; x_wconf 67' lang='lat' dir='ltr'>irae</span> <span class='ocrx_word' id='word_1_259' title='bbox 2209 600 2378 655; x_wconf 84' lang='lat' dir='ltr'>reddi</span> <span class='ocrx_word' id='word_1_260' title='bbox 2393 601 2412 671; x_wconf 96' lang='lat' dir='ltr'>j</span> <span class='ocrx_word' id='word_1_261' title='bbox 2427 598 2739 666; x_wconf 82' lang='lat' dir='ltr'>uheantur,</span> <span class='ocrx_word' id='word_1_262' title='bbox 2760 617 3021 673; x_wconf 88' lang='lat' dir='ltr'>quarum</span> <span class='ocrx_word' id='word_1_263' title='bbox 3041 601 3379 657; x_wconf 86' lang='lat' dir='ltr'>interventu</span> <span class='ocrx_word' id='word_1_264' title='bbox 3399 602 3519 657; x_wconf 92' lang='lat' dir='ltr'>Deo</span> <span class='ocrx_word' id='word_1_265' title='bbox 3535 600 3740 672; x_wconf 86' lang='lat' dir='ltr'>judice</span> 
     </span>
    </p>
   </div>
   <div class='ocr_carea' id='block_1_38' title="bbox 2078 689 3740 763">
    <p class='ocr_par' dir='ltr' id='par_1_38' title="bbox 2078 689 3740 763">
     <span class='ocr_line' id='line_1_38' title="bbox 2078 689 3740 763; baseline 0.003 -19"><span class='ocrx_word' id='word_1_266' title='bbox 2078 704 2260 760; x_wconf 88' lang='lat' dir='ltr'>poena</span> <span class='ocrx_word' id='word_1_267' title='bbox 2299 690 2538 758; x_wconf 84' lang='lat' dir='ltr'>gravior</span> <span class='ocrx_word' id='word_1_268' title='bbox 2566 689 2850 746; x_wconf 85' lang='lat' dir='ltr'>declinari</span> <span class='ocrx_word' id='word_1_269' title='bbox 2900 705 3077 763; x_wconf 86' lang='lat' dir='ltr'>posse</span> <span class='ocrx_word' id='word_1_270' title='bbox 3117 689 3460 746; x_wconf 86' lang='lat' dir='ltr'>conﬂditur.</span> <span class='ocrx_word' id='word_1_271' title='bbox 3508 709 3538 744; x_wconf 88' lang='grc'>‹</span> <span class='ocrx_word' id='word_1_272' title='bbox 3567 692 3634 747; x_wconf 82' lang='lat' dir='ltr'>Et</span> <span class='ocrx_word' id='word_1_273' title='bbox 3657 691 3740 749; x_wconf 87' lang='lat' dir='ltr'>ait</span> 
     </span>
    </p>
   </div>
   <div class='ocr_carea' id='block_1_39' title="bbox 2081 778 3738 838">
    <p class='ocr_par' dir='ltr' id='par_1_39' title="bbox 2081 778 3738 838">
     <span class='ocr_line' id='line_1_39' title="bbox 2081 778 3738 838; baseline 0.002 -4"><span class='ocrx_word' id='word_1_274' title='bbox 2081 778 2297 834; x_wconf 84' lang='lat' dir='ltr'>David:</span> <span class='ocrx_word' id='word_1_275' title='bbox 2336 783 2449 835; x_wconf 87' lang='lat' dir='ltr'>Cur</span> <span class='ocrx_word' id='word_1_276' title='bbox 2470 779 2772 836; x_wconf 83' lang='lat' dir='ltr'>efﬁcimini</span> <span class='ocrx_word' id='word_1_277' title='bbox 2805 781 2952 835; x_wconf 91' lang='lat' dir='ltr'>mihi</span> <span class='ocrx_word' id='word_1_278' title='bbox 2981 780 3160 835; x_wconf 89' lang='lat' dir='ltr'>hodie</span> <span class='ocrx_word' id='word_1_279' title='bbox 3189 780 3249 836; x_wconf 91' lang='lat' dir='ltr'>in</span> <span class='ocrx_word' id='word_1_280' title='bbox 3283 780 3508 836; x_wconf 79' lang='lat' dir='ltr'>Satan?</span> <span class='ocrx_word' id='word_1_281' title='bbox 3530 799 3558 830; x_wconf 83' lang='lat'>»</span> <span class='ocrx_word' id='word_1_282' title='bbox 3593 781 3738 838; x_wconf 85' lang='lat' dir='ltr'>Huic</span> 
     </span>
    </p>
   </div>
   <div class='ocr_carea' id='block_1_40' title="bbox 2078 868 3732 942">
    <p class='ocr_par' dir='ltr' id='par_1_40' title="bbox 2078 868 3732 942">
     <span class='ocr_line' id='line_1_40' title="bbox 2078 868 3732 942; baseline 0.002 -20"><span class='ocrx_word' id='word_1_283' title='bbox 2078 868 2268 924; x_wconf 90' lang='lat' dir='ltr'>simile</span> <span class='ocrx_word' id='word_1_284' title='bbox 2306 873 2502 925; x_wconf 86' lang='lat' dir='ltr'>Petrus</span> <span class='ocrx_word' id='word_1_285' title='bbox 2549 869 2880 942; x_wconf 85' lang='lat' dir='ltr'>apostolus,</span> <span class='ocrx_word' id='word_1_286' title='bbox 2928 869 3062 926; x_wconf 91' lang='lat' dir='ltr'>licet</span> <span class='ocrx_word' id='word_1_287' title='bbox 3107 869 3449 926; x_wconf 87' lang='lat' dir='ltr'>inﬁrmitate</span> <span class='ocrx_word' id='word_1_288' title='bbox 3493 870 3732 941; x_wconf 82' lang='lat' dir='ltr'>mentis,</span> 
     </span>
    </p>
   </div>
   <div class='ocr_carea' id='block_1_41' title="bbox 2075 959 3732 1033">
    <p class='ocr_par' dir='ltr' id='par_1_41' title="bbox 2075 959 3732 1033">
     <span class='ocr_line' id='line_1_41' title="bbox 2075 959 3732 1033; baseline 0.001 -19"><span class='ocrx_word' id='word_1_289' title='bbox 2075 975 2198 1015; x_wconf 91' lang='lat' dir='ltr'>non</span> <span class='ocrx_word' id='word_1_290' title='bbox 2224 963 2452 1016; x_wconf 88' lang='lat' dir='ltr'>tumore</span> <span class='ocrx_word' id='word_1_291' title='bbox 2475 961 2691 1023; x_wconf 88' lang='lat' dir='ltr'>cordis,</span> <span class='ocrx_word' id='word_1_292' title='bbox 2718 961 2868 1016; x_wconf 87' lang='lat' dir='ltr'>sicut</span> <span class='ocrx_word' id='word_1_293' title='bbox 2888 960 3090 1016; x_wconf 84' lang='lat' dir='ltr'>Abisai</span> <span class='ocrx_word' id='word_1_294' title='bbox 3114 978 3126 1015; x_wconf 93' lang='lat'>:</span> <span class='ocrx_word' id='word_1_295' title='bbox 3149 961 3354 1017; x_wconf 90' lang='lat' dir='ltr'>audita</span> <span class='ocrx_word' id='word_1_296' title='bbox 3375 959 3576 1016; x_wconf 84' lang='lat' dir='ltr'>futura</span> <span class='ocrx_word' id='word_1_297' title='bbox 3596 976 3732 1033; x_wconf 88' lang='lat' dir='ltr'>pas-</span> 
     </span>
    </p>
   </div>
   <div class='ocr_carea' id='block_1_42' title="bbox 2077 1049 3732 1124">
    <p class='ocr_par' dir='ltr' id='par_1_42' title="bbox 2077 1049 3732 1124">
     <span class='ocr_line' id='line_1_42' title="bbox 2077 1049 3732 1124; baseline 0.001 -20"><span class='ocrx_word' id='word_1_298' title='bbox 2077 1049 2244 1106; x_wconf 90' lang='lat' dir='ltr'>sione</span> <span class='ocrx_word' id='word_1_299' title='bbox 2273 1050 2505 1106; x_wconf 91' lang='lat' dir='ltr'>Domini</span> <span class='ocrx_word' id='word_1_300' title='bbox 2539 1051 2669 1124; x_wconf 90' lang='lat' dir='ltr'>ipse</span> <span class='ocrx_word' id='word_1_301' title='bbox 2715 1050 3102 1123; x_wconf 88' lang='lat' dir='ltr'>respondisse</span> <span class='ocrx_word' id='word_1_302' title='bbox 3134 1051 3198 1106; x_wconf 90' lang='lat' dir='ltr'>in</span> <span class='ocrx_word' id='word_1_303' title='bbox 3244 1050 3562 1122; x_wconf 78' lang='lat' dir='ltr'>Evangelia</span> <span class='ocrx_word' id='word_1_304' title='bbox 3585 1049 3732 1120; x_wconf 86' lang='lat' dir='ltr'>legi-</span> 
     </span>
    </p>
   </div>
   <div class='ocr_carea' id='block_1_43' title="bbox 2075 1139 3732 1212">
    <p class='ocr_par' dir='ltr' id='par_1_43' title="bbox 2075 1139 3732 1212">
     <span class='ocr_line' id='line_1_43' title="bbox 2075 1139 3732 1212; baseline 0.003 -19"><span class='ocrx_word' id='word_1_305' title='bbox 2075 1142 2189 1209; x_wconf 89' lang='lat' dir='ltr'>tur,</span> <span class='ocrx_word' id='word_1_306' title='bbox 2221 1139 2460 1195; x_wconf 87' lang='lat' dir='ltr'>dicens:</span> <span class='ocrx_word' id='word_1_307' title='bbox 2493 1162 2518 1189; x_wconf 84' lang='lat'><strong>«</strong></span> <span class='ocrx_word' id='word_1_308' title='bbox 2572 1140 2738 1196; x_wconf 78' lang='lat' dir='ltr'>Absit</span> <span class='ocrx_word' id='word_1_309' title='bbox 2768 1157 2805 1196; x_wconf 90' lang='lat' dir='ltr'>a</span> <span class='ocrx_word' id='word_1_310' title='bbox 2833 1144 2908 1210; x_wconf 90' lang='lat' dir='ltr'>te,</span> <span class='ocrx_word' id='word_1_311' title='bbox 2965 1141 3236 1212; x_wconf 77' lang='lat' dir='ltr'>Domine,-</span> <span class='ocrx_word' id='word_1_312' title='bbox 3263 1156 3387 1196; x_wconf 90' lang='lat' dir='ltr'>non</span> <span class='ocrx_word' id='word_1_313' title='bbox 3441 1139 3542 1196; x_wconf 85' lang='lat' dir='ltr'>ﬁet</span> <span class='ocrx_word' id='word_1_314' title='bbox 3566 1139 3732 1198; x_wconf 87' lang='lat' dir='ltr'>istud</span> 
     </span>
    </p>
   </div>
   <div class='ocr_carea' id='block_1_44' title="bbox 2074 1229 3732 1302">
    <p class='ocr_par' dir='ltr' id='par_1_44' title="bbox 2074 1229 3732 1302">
     <span class='ocr_line' id='line_1_44' title="bbox 2074 1229 3732 1302; baseline 0.003 -19"><span class='ocrx_word' id='word_1_315' title='bbox 2074 1229 2287 1299; x_wconf 79' lang='lat' dir='ltr'>(Marc.</span> <span class='ocrx_word' id='word_1_316' title='bbox 2314 1234 2460 1294; x_wconf 82' lang='lat' dir='ltr'><strong>VIII).</strong></span> <span class='ocrx_word' id='word_1_317' title='bbox 2497 1254 2522 1280; x_wconf 83' lang='lat'>»</span> <span class='ocrx_word' id='word_1_318' title='bbox 2572 1234 2686 1288; x_wconf 87' lang='lat' dir='ltr'>Cur</span> <span class='ocrx_word' id='word_1_319' title='bbox 2731 1231 3018 1286; x_wconf 89' lang='lat' dir='ltr'>Dominus</span> <span class='ocrx_word' id='word_1_320' title='bbox 3068 1247 3098 1286; x_wconf 93' lang='lat' dir='ltr'>e</span> <span class='ocrx_word' id='word_1_321' title='bbox 3131 1229 3452 1302; x_wconf 88' lang='lat' dir='ltr'>contrario,</span> <span class='ocrx_word' id='word_1_322' title='bbox 3485 1230 3635 1288; x_wconf 85' lang='lat' dir='ltr'>sicut</span> <span class='ocrx_word' id='word_1_323' title='bbox 3672 1234 3732 1289; x_wconf 87' lang='lat' dir='ltr'>et</span> 
     </span>
    </p>
   </div>
   <div class='ocr_carea' id='block_1_45' title="bbox 2073 1317 3731 1392">
    <p class='ocr_par' dir='ltr' id='par_1_45' title="bbox 2073 1317 3731 1392">
     <span class='ocr_line' id='line_1_45' title="bbox 2073 1317 3731 1392; baseline 0.003 -21"><span class='ocrx_word' id='word_1_324' title='bbox 2073 1317 2256 1372; x_wconf 89' lang='lat' dir='ltr'>David</span> <span class='ocrx_word' id='word_1_325' title='bbox 2287 1317 2507 1386; x_wconf 83' lang='lat' dir='ltr'>Abisai,</span> <span class='ocrx_word' id='word_1_326' title='bbox 2559 1318 2927 1391; x_wconf 88' lang='lat' dir='ltr'>increpando</span> <span class='ocrx_word' id='word_1_327' title='bbox 2958 1318 3303 1392; x_wconf 88' lang='lat' dir='ltr'>respondit:</span> <span class='ocrx_word' id='word_1_328' title='bbox 3345 1339 3369 1372; x_wconf 74' lang='grc' dir='ltr'>ι</span> <span class='ocrx_word' id='word_1_329' title='bbox 3404 1318 3566 1376; x_wconf 88' lang='lat' dir='ltr'>Vade</span> <span class='ocrx_word' id='word_1_330' title='bbox 3593 1323 3731 1392; x_wconf 83' lang='lat' dir='ltr'>post</span> 
     </span>
    </p>
   </div>
   <div class='ocr_carea' id='block_1_46' title="bbox 2071 1407 3725 1482">
    <p class='ocr_par' dir='ltr' id='par_1_46' title="bbox 2071 1407 3725 1482">
     <span class='ocr_line' id='line_1_46' title="bbox 2071 1407 3725 1482; baseline 0.002 -21"><span class='ocrx_word' id='word_1_331' title='bbox 2071 1423 2166 1462; x_wconf 89' lang='lat' dir='ltr'>me</span> <span class='ocrx_word' id='word_1_332' title='bbox 2213 1409 2452 1470; x_wconf 89' lang='lat' dir='ltr'>Satana,</span> <span class='ocrx_word' id='word_1_333' title='bbox 2507 1408 2650 1481; x_wconf 89' lang='lat' dir='ltr'>quia</span> <span class='ocrx_word' id='word_1_334' title='bbox 2713 1425 2834 1464; x_wconf 90' lang='lat' dir='ltr'>non</span> <span class='ocrx_word' id='word_1_335' title='bbox 2885 1408 3056 1482; x_wconf 86' lang='lat' dir='ltr'>.sapis</span> <span class='ocrx_word' id='word_1_336' title='bbox 3100 1424 3170 1464; x_wconf 91' lang='lat' dir='ltr'>ea</span> <span class='ocrx_word' id='word_1_337' title='bbox 3223 1424 3359 1481; x_wconf 70' lang='lat' dir='ltr'>quae</span> <span class='ocrx_word' id='word_1_338' title='bbox 3415 1407 3516 1464; x_wconf 91' lang='lat' dir='ltr'>Dei</span> <span class='ocrx_word' id='word_1_339' title='bbox 3568 1411 3725 1478; x_wconf 89' lang='lat' dir='ltr'>sunt,</span> 
     </span>
    </p>
   </div>
   <div class='ocr_carea' id='block_1_47' title="bbox 2072 1496 3729 1572">
    <p class='ocr_par' dir='ltr' id='par_1_47' title="bbox 2072 1496 3729 1572">
     <span class='ocr_line' id='line_1_47' title="bbox 2072 1496 3729 1572; baseline 0.003 -22"><span class='ocrx_word' id='word_1_340' title='bbox 2072 1496 2176 1551; x_wconf 89' lang='lat' dir='ltr'>sed</span> <span class='ocrx_word' id='word_1_341' title='bbox 2202 1513 2337 1568; x_wconf 70' lang='lat' dir='ltr'>quae</span> <span class='ocrx_word' id='word_1_342' title='bbox 2363 1497 2678 1553; x_wconf 90' lang='lat' dir='ltr'>hominum</span> <span class='ocrx_word' id='word_1_343' title='bbox 2704 1499 2900 1569; x_wconf 70' lang='lat' dir='ltr'>(Ibid).</span> <span class='ocrx_word' id='word_1_344' title='bbox 2937 1519 2964 1548; x_wconf 89' lang='lat'><strong>»</strong></span> <span class='ocrx_word' id='word_1_345' title='bbox 3002 1531 3070 1540; x_wconf 91' lang='lat'>——</span> <span class='ocrx_word' id='word_1_346' title='bbox 3115 1519 3144 1548; x_wconf 89' lang='lat'>«</span> <span class='ocrx_word' id='word_1_347' title='bbox 3177 1501 3244 1554; x_wconf 86' lang='lat' dir='ltr'>Et</span> <span class='ocrx_word' id='word_1_348' title='bbox 3269 1496 3349 1555; x_wconf 88' lang='lat' dir='ltr'>ait</span> <span class='ocrx_word' id='word_1_349' title='bbox 3377 1497 3729 1572; x_wconf 81' lang='lat' dir='ltr'>Achitophel</span> 
     </span>
    </p>
   </div>
   <div class='ocr_carea' id='block_1_48' title="bbox 1991 1586 3727 1662">
    <p class='ocr_par' dir='ltr' id='par_1_48' title="bbox 1991 1586 3727 1662">
     <span class='ocr_line' id='line_1_48' title="bbox 1991 1586 3727 1662; baseline -0.001 -17"><span class='ocrx_word' id='word_1_350' title='bbox 1991 1593 2031 1645; x_wconf 89' lang='grc' dir='ltr'>Β</span> <span class='ocrx_word' id='word_1_351' title='bbox 2069 1586 2148 1642; x_wconf 85' lang='lat' dir='ltr'>ad</span> <span class='ocrx_word' id='word_1_352' title='bbox 2198 1587 2515 1643; x_wconf 78' lang='lat' dir='ltr'>Absalom:</span> <span class='ocrx_word' id='word_1_353' title='bbox 2573 1589 2927 1657; x_wconf 85' lang='lat' dir='ltr'>lnngredere</span> <span class='ocrx_word' id='word_1_354' title='bbox 2985 1588 3064 1644; x_wconf 90' lang='lat' dir='ltr'>ad</span> <span class='ocrx_word' id='word_1_355' title='bbox 3119 1587 3488 1644; x_wconf 89' lang='lat' dir='ltr'>concubinas</span> <span class='ocrx_word' id='word_1_356' title='bbox 3540 1587 3727 1662; x_wconf 88' lang='lat' dir='ltr'>patris</span> 
     </span>
    </p>
   </div>
   <div class='ocr_carea' id='block_1_49' title="bbox 2067 1676 3724 1753">
    <p class='ocr_par' dir='ltr' id='par_1_49' title="bbox 2067 1676 3724 1753">
     <span class='ocr_line' id='line_1_49' title="bbox 2067 1676 3724 1753; baseline 0.004 -22"><span class='ocrx_word' id='word_1_357' title='bbox 2067 1676 2171 1732; x_wconf 91' lang='lat' dir='ltr'>tui.</span> <span class='ocrx_word' id='word_1_358' title='bbox 2207 1695 2235 1728; x_wconf 83' lang='grc'><strong>»</strong></span> <span class='ocrx_word' id='word_1_359' title='bbox 2267 1681 2378 1733; x_wconf 78' lang='lat' dir='ltr'>etc.</span> <span class='ocrx_word' id='word_1_360' title='bbox 2406 1678 2790 1734; x_wconf 83' lang='lat' dir='ltr'>Concubinas</span> <span class='ocrx_word' id='word_1_361' title='bbox 2817 1678 3002 1734; x_wconf 89' lang='lat' dir='ltr'>David</span> <span class='ocrx_word' id='word_1_362' title='bbox 3053 1694 3207 1753; x_wconf 89' lang='lat' dir='ltr'>quas</span> <span class='ocrx_word' id='word_1_363' title='bbox 3237 1676 3527 1736; x_wconf 85' lang='lat' dir='ltr'>Absalom</span> <span class='ocrx_word' id='word_1_364' title='bbox 3565 1679 3724 1738; x_wconf 87' lang='lat' dir='ltr'>ﬁlius</span> 
     </span>
    </p>
   </div>
   <div class='ocr_carea' id='block_1_50' title="bbox 2067 1766 3724 1840">
    <p class='ocr_par' dir='ltr' id='par_1_50' title="bbox 2067 1766 3724 1840">
     <span class='ocr_line' id='line_1_50' title="bbox 2067 1766 3724 1840; baseline 0.003 -18"><span class='ocrx_word' id='word_1_365' title='bbox 2067 1766 2196 1836; x_wconf 89' lang='lat' dir='ltr'>ejus</span> <span class='ocrx_word' id='word_1_366' title='bbox 2240 1767 2465 1824; x_wconf 86' lang='lat' dir='ltr'>nefarie</span> <span class='ocrx_word' id='word_1_367' title='bbox 2520 1768 2750 1840; x_wconf 91' lang='lat' dir='ltr'>polluit,</span> <span class='ocrx_word' id='word_1_368' title='bbox 2807 1768 3066 1839; x_wconf 81' lang='lat' dir='ltr'>figuram</span> <span class='ocrx_word' id='word_1_369' title='bbox 3118 1768 3404 1825; x_wconf 83' lang='lat' dir='ltr'>habuisse</span> <span class='ocrx_word' id='word_1_370' title='bbox 3458 1769 3724 1828; x_wconf 69' lang='lat' dir='ltr'>Judaicaa</span> 
     </span>
    </p>
   </div>
   <div class='ocr_carea' id='block_1_51' title="bbox 2065 1855 3720 1932">
    <p class='ocr_par' dir='ltr' id='par_1_51' title="bbox 2065 1855 3720 1932">
     <span class='ocr_line' id='line_1_51' title="bbox 2065 1855 3720 1932; baseline 0.003 -21"><span class='ocrx_word' id='word_1_371' title='bbox 2065 1855 2257 1928; x_wconf 88' lang='lat' dir='ltr'>plebis</span> <span class='ocrx_word' id='word_1_372' title='bbox 2303 1873 2424 1913; x_wconf 90' lang='lat' dir='ltr'>non</span> <span class='ocrx_word' id='word_1_373' title='bbox 2476 1857 2730 1913; x_wconf 91' lang='lat' dir='ltr'>dubium</span> <span class='ocrx_word' id='word_1_374' title='bbox 2788 1862 2896 1928; x_wconf 90' lang='lat' dir='ltr'>est,</span> <span class='ocrx_word' id='word_1_375' title='bbox 2953 1875 3109 1931; x_wconf 91' lang='lat' dir='ltr'>quas</span> <span class='ocrx_word' id='word_1_376' title='bbox 3156 1858 3428 1928; x_wconf 83' lang='lat' dir='ltr'>magistri</span> <span class='ocrx_word' id='word_1_377' title='bbox 3483 1860 3720 1932; x_wconf 79' lang='lat' dir='ltr'>erroris,</span> 
     </span>
    </p>
   </div>
   <div class='ocr_carea' id='block_1_52' title="bbox 2066 1945 3720 2020">
    <p class='ocr_par' dir='ltr' id='par_1_52' title="bbox 2066 1945 3720 2020">
     <span class='ocr_line' id='line_1_52' title="bbox 2066 1945 3720 2020; baseline 0.004 -20"><span class='ocrx_word' id='word_1_378' title='bbox 2066 1945 2282 2002; x_wconf 62' lang='lat' dir='ltr'>Scriba:</span> <span class='ocrx_word' id='word_1_379' title='bbox 2303 1946 2575 2002; x_wconf 91' lang='lat' dir='ltr'>videlicet</span> <span class='ocrx_word' id='word_1_380' title='bbox 2601 1952 2657 2003; x_wconf 89' lang='lat' dir='ltr'>et</span> <span class='ocrx_word' id='word_1_381' title='bbox 2678 1946 2977 2013; x_wconf 63' lang='lat' dir='ltr'>Pharisaei,</span> <span class='ocrx_word' id='word_1_382' title='bbox 2997 1947 3170 2003; x_wconf 90' lang='lat' dir='ltr'>vanis</span> <span class='ocrx_word' id='word_1_383' title='bbox 3196 1948 3720 2020; x_wconf 87' lang='lat' dir='ltr'>superstitionibus</span> 
     </span>
    </p>
   </div>
   <div class='ocr_carea' id='block_1_53' title="bbox 2063 2035 3718 2110">
    <p class='ocr_par' dir='ltr' id='par_1_53' title="bbox 2063 2035 3718 2110">
     <span class='ocr_line' id='line_1_53' title="bbox 2063 2035 3718 2110; baseline 0.003 -22"><span class='ocrx_word' id='word_1_384' title='bbox 2063 2035 2206 2099; x_wconf 91' lang='lat' dir='ltr'>suis,</span> <span class='ocrx_word' id='word_1_385' title='bbox 2242 2039 2418 2107; x_wconf 90' lang='lat' dir='ltr'>atque</span> <span class='ocrx_word' id='word_1_386' title='bbox 2449 2052 2557 2108; x_wconf 89' lang='lat' dir='ltr'>per</span> <span class='ocrx_word' id='word_1_387' title='bbox 2586 2052 2839 2108; x_wconf 89' lang='lat' dir='ltr'>pravam</span> <span class='ocrx_word' id='word_1_388' title='bbox 2883 2036 3218 2092; x_wconf 88' lang='lat' dir='ltr'>doctrinam</span> <span class='ocrx_word' id='word_1_389' title='bbox 3248 2041 3718 2110; x_wconf 81' lang='lat' dir='ltr'>corrumpentes,</span> 
     </span>
    </p>
   </div>
   <div class='ocr_carea' id='block_1_54' title="bbox 2063 2123 3720 2194">
    <p class='ocr_par' dir='ltr' id='par_1_54' title="bbox 2063 2123 3720 2194">
     <span class='ocr_line' id='line_1_54' title="bbox 2063 2123 3720 2194; baseline 0.002 -15"><span class='ocrx_word' id='word_1_390' title='bbox 2063 2139 2099 2179; x_wconf 90' lang='lat' dir='ltr'>a</span> <span class='ocrx_word' id='word_1_391' title='bbox 2125 2125 2378 2180; x_wconf 91' lang='lat' dir='ltr'>Domino</span> <span class='ocrx_word' id='word_1_392' title='bbox 2409 2128 2548 2180; x_wconf 88' lang='lat' dir='ltr'>Jesu</span> <span class='ocrx_word' id='word_1_393' title='bbox 2579 2125 2809 2180; x_wconf 90' lang='lat' dir='ltr'>Christo</span> <span class='ocrx_word' id='word_1_394' title='bbox 2850 2141 2984 2181; x_wconf 88' lang='lat' dir='ltr'>eam</span> <span class='ocrx_word' id='word_1_395' title='bbox 3030 2125 3291 2181; x_wconf 89' lang='lat' dir='ltr'>alienam</span> <span class='ocrx_word' id='word_1_396' title='bbox 3323 2123 3608 2194; x_wconf 82' lang='lat' dir='ltr'>fecerunt,</span> <span class='ocrx_word' id='word_1_397' title='bbox 3640 2126 3720 2183; x_wconf 86' lang='lat' dir='ltr'>sl-</span> 
     </span>
    </p>
   </div>
   <div class='ocr_carea' id='block_1_55' title="bbox 2061 2214 3719 2272">
    <p class='ocr_par' dir='ltr' id='par_1_55' title="bbox 2061 2214 3719 2272">
     <span class='ocr_line' id='line_1_55' title="bbox 2061 2214 3719 2272; baseline 0.002 -4"><span class='ocrx_word' id='word_1_398' title='bbox 2061 2219 2160 2269; x_wconf 91' lang='lat' dir='ltr'>cut</span> <span class='ocrx_word' id='word_1_399' title='bbox 2188 2218 2244 2269; x_wconf 92' lang='lat' dir='ltr'>et</span> <span class='ocrx_word' id='word_1_400' title='bbox 2291 2215 2544 2270; x_wconf 79' lang='lat' dir='ltr'>haeretici</span> <span class='ocrx_word' id='word_1_401' title='bbox 2592 2215 2802 2271; x_wconf 90' lang='lat' dir='ltr'>crebro</span> <span class='ocrx_word' id='word_1_402' title='bbox 2850 2215 3046 2271; x_wconf 85' lang='lat' dir='ltr'>facere</span> <span class='ocrx_word' id='word_1_403' title='bbox 3075 2230 3200 2271; x_wconf 93' lang='lat' dir='ltr'>non</span> <span class='ocrx_word' id='word_1_404' title='bbox 3228 2218 3540 2270; x_wconf 86' lang='lat' dir='ltr'>verentur:</span> <span class='ocrx_word' id='word_1_405' title='bbox 3569 2214 3719 2272; x_wconf 89' lang='lat' dir='ltr'>dum</span> 
     </span>
    </p>
   </div>
   <div class='ocr_carea' id='block_1_56' title="bbox 2060 2303 3720 2378">
    <p class='ocr_par' dir='ltr' id='par_1_56' title="bbox 2060 2303 3720 2378">
     <span class='ocr_line' id='line_1_56' title="bbox 2060 2303 3720 2378; baseline 0.002 -19"><span class='ocrx_word' id='word_1_406' title='bbox 2060 2307 2336 2375; x_wconf 86' lang='lat' dir='ltr'>apostata</span> <span class='ocrx_word' id='word_1_407' title='bbox 2360 2304 2624 2374; x_wconf 83' lang='lat' dir='ltr'>Angelus</span> <span class='ocrx_word' id='word_1_408' title='bbox 2651 2304 2954 2376; x_wconf 90' lang='lat' dir='ltr'>quosdam</span> <span class='ocrx_word' id='word_1_409' title='bbox 2984 2304 3087 2378; x_wconf 85' lang='lat' dir='ltr'>qui</span> <span class='ocrx_word' id='word_1_410' title='bbox 3125 2303 3399 2360; x_wconf 90' lang='lat' dir='ltr'>videntur</span> <span class='ocrx_word' id='word_1_411' title='bbox 3427 2317 3632 2374; x_wconf 85' lang='lat' dir='ltr'>regere</span> <span class='ocrx_word' id='word_1_412' title='bbox 3662 2309 3720 2363; x_wconf 87' lang='lat' dir='ltr'>et</span> 
     </span>
    </p>
   </div>
   <div class='ocr_carea' id='block_1_57' title="bbox 2058 2391 3716 2466">
    <p class='ocr_par' dir='ltr' id='par_1_57' title="bbox 2058 2391 3716 2466">
     <span class='ocr_line' id='line_1_57' title="bbox 2058 2391 3716 2466; baseline 0.002 -19"><span class='ocrx_word' id='word_1_413' title='bbox 2058 2393 2355 2448; x_wconf 90' lang='lat' dir='ltr'>custodire</span> <span class='ocrx_word' id='word_1_414' title='bbox 2383 2394 2678 2466; x_wconf 91' lang='lat' dir='ltr'>populum</span> <span class='ocrx_word' id='word_1_415' title='bbox 2709 2394 2829 2461; x_wconf 92' lang='lat' dir='ltr'>Dei,</span> <span class='ocrx_word' id='word_1_416' title='bbox 2868 2396 3160 2466; x_wconf 89' lang='lat' dir='ltr'>tanquam</span> <span class='ocrx_word' id='word_1_417' title='bbox 3207 2391 3576 2449; x_wconf 82' lang='lat' dir='ltr'>concubinas</span> <span class='ocrx_word' id='word_1_418' title='bbox 3607 2391 3716 2451; x_wconf 78' lang='lat' dir='ltr'>d0-</span> 
     </span>
    </p>
   </div>
   <div class='ocr_carea' id='block_1_58' title="bbox 2057 2475 3719 2556">
    <p class='ocr_par' dir='ltr' id='par_1_58' title="bbox 2057 2475 3719 2556">
     <span class='ocr_line' id='line_1_58' title="bbox 2057 2475 3719 2556; baseline 0.002 -20"><span class='ocrx_word' id='word_1_419' title='bbox 2057 2497 2224 2537; x_wconf 89' lang='lat' dir='ltr'>mum</span> <span class='ocrx_word' id='word_1_420' title='bbox 2255 2482 2461 2552; x_wconf 87' lang='lat' dir='ltr'>David,</span> <span class='ocrx_word' id='word_1_421' title='bbox 2513 2483 2792 2539; x_wconf 75' lang='lat' dir='ltr'>haeretica</span> <span class='ocrx_word' id='word_1_422' title='bbox 2844 2483 3136 2556; x_wconf 90' lang='lat' dir='ltr'>pravitate</span> <span class='ocrx_word' id='word_1_423' title='bbox 3167 2481 3532 2552; x_wconf 91' lang='lat' dir='ltr'>seducendo,</span> <span class='ocrx_word' id='word_1_424' title='bbox 3564 2475 3719 2540; x_wconf 85' lang='lat' dir='ltr'>deci-</span> 
     </span>
    </p>
   </div>
   <div class='ocr_carea' id='block_1_59' title="bbox 2055 2567 3716 2647">
    <p class='ocr_par' dir='ltr' id='par_1_59' title="bbox 2055 2567 3716 2647">
     <span class='ocr_line' id='line_1_59' title="bbox 2055 2567 3716 2647; baseline 0.001 -20"><span class='ocrx_word' id='word_1_425' title='bbox 2055 2570 2141 2644; x_wconf 89' lang='lat' dir='ltr'>pit</span> <span class='ocrx_word' id='word_1_426' title='bbox 2172 2587 2278 2644; x_wconf 89' lang='lat' dir='ltr'>per</span> <span class='ocrx_word' id='word_1_427' title='bbox 2307 2589 2429 2628; x_wconf 89' lang='lat' dir='ltr'>eos.</span> <span class='ocrx_word' id='word_1_428' title='bbox 2465 2573 2556 2628; x_wconf 87' lang='lat' dir='ltr'>Ad</span> <span class='ocrx_word' id='word_1_429' title='bbox 2604 2590 2756 2647; x_wconf 90' lang='lat' dir='ltr'>quas</span> <span class='ocrx_word' id='word_1_430' title='bbox 2805 2577 3007 2630; x_wconf 87' lang='lat' dir='ltr'>tamen</span> <span class='ocrx_word' id='word_1_431' title='bbox 3052 2571 3240 2628; x_wconf 83' lang='lat' dir='ltr'>David</span> <span class='ocrx_word' id='word_1_432' title='bbox 3289 2569 3444 2628; x_wconf 89' lang='lat' dir='ltr'>ultra</span> <span class='ocrx_word' id='word_1_433' title='bbox 3471 2585 3594 2628; x_wconf 91' lang='lat' dir='ltr'>non</span> <span class='ocrx_word' id='word_1_434' title='bbox 3624 2567 3716 2629; x_wconf 90' lang='lat' dir='ltr'>in-</span> 
     </span>
    </p>
   </div>
   <div class='ocr_carea' id='block_1_60' title="bbox 2057 2658 3713 2736">
    <p class='ocr_par' dir='ltr' id='par_1_60' title="bbox 2057 2658 3713 2736">
     <span class='ocr_line' id='line_1_60' title="bbox 2057 2658 3713 2736; baseline 0.002 -21"><span class='ocrx_word' id='word_1_435' title='bbox 2057 2661 2340 2729; x_wconf 89' lang='lat' dir='ltr'>greditur,</span> <span class='ocrx_word' id='word_1_436' title='bbox 2367 2663 2470 2718; x_wconf 86' lang='lat' dir='ltr'>sed</span> <span class='ocrx_word' id='word_1_437' title='bbox 2501 2663 2560 2717; x_wconf 91' lang='lat' dir='ltr'>in</span> <span class='ocrx_word' id='word_1_438' title='bbox 2584 2662 2856 2719; x_wconf 89' lang='lat' dir='ltr'>custodia</span> <span class='ocrx_word' id='word_1_439' title='bbox 2884 2661 3092 2736; x_wconf 91' lang='lat' dir='ltr'>positis</span> <span class='ocrx_word' id='word_1_440' title='bbox 3126 2658 3413 2717; x_wconf 90' lang='lat' dir='ltr'>alimenta</span> <span class='ocrx_word' id='word_1_441' title='bbox 3448 2659 3713 2735; x_wconf 67' lang='lat' dir='ltr'>praebet;</span> 
     </span>
    </p>
   </div>
   <div class='ocr_carea' id='block_1_61' title="bbox 2052 2750 3716 2825">
    <p class='ocr_par' dir='ltr' id='par_1_61' title="bbox 2052 2750 3716 2825">
     <span class='ocr_line' id='line_1_61' title="bbox 2052 2750 3716 2825; baseline 0.002 -19"><span class='ocrx_word' id='word_1_442' title='bbox 2052 2750 2322 2824; x_wconf 73' lang='lat' dir='ltr'>ipsaeque</span> <span class='ocrx_word' id='word_1_443' title='bbox 2352 2753 2411 2808; x_wconf 93' lang='lat' dir='ltr'>in</span> <span class='ocrx_word' id='word_1_444' title='bbox 2438 2751 2724 2810; x_wconf 87' lang='lat' dir='ltr'>viduitate</span> <span class='ocrx_word' id='word_1_445' title='bbox 2755 2753 3037 2825; x_wconf 84' lang='lat' dir='ltr'>viventes,</span> <span class='ocrx_word' id='word_1_446' title='bbox 3089 2751 3312 2808; x_wconf 74' lang='lat' dir='ltr'>clausae</span> <span class='ocrx_word' id='word_1_447' title='bbox 3358 2753 3497 2808; x_wconf 82' lang='lat' dir='ltr'>sunt</span> <span class='ocrx_word' id='word_1_448' title='bbox 3523 2767 3716 2825; x_wconf 90' lang='lat' dir='ltr'>usque</span> 
     </span>
    </p>
   </div>
   <div class='ocr_carea' id='block_1_62' title="bbox 2055 2833 3716 2916">
    <p class='ocr_par' dir='ltr' id='par_1_62' title="bbox 2055 2833 3716 2916">
     <span class='ocr_line' id='line_1_62' title="bbox 2055 2833 3716 2916; baseline 0.003 -22"><span class='ocrx_word' id='word_1_449' title='bbox 2055 2839 2133 2894; x_wconf 91' lang='lat' dir='ltr'>ad</span> <span class='ocrx_word' id='word_1_450' title='bbox 2155 2840 2314 2897; x_wconf 89' lang='lat' dir='ltr'>diem</span> <span class='ocrx_word' id='word_1_451' title='bbox 2350 2843 2556 2898; x_wconf 90' lang='lat' dir='ltr'>mortis</span> <span class='ocrx_word' id='word_1_452' title='bbox 2583 2860 2725 2913; x_wconf 68' lang='lat' dir='ltr'>suae,</span> <span class='ocrx_word' id='word_1_453' title='bbox 2757 2843 2901 2916; x_wconf 90' lang='lat' dir='ltr'>quia</span> <span class='ocrx_word' id='word_1_454' title='bbox 2932 2841 3080 2898; x_wconf 94' lang='lat' dir='ltr'>dum</span> <span class='ocrx_word' id='word_1_455' title='bbox 3111 2840 3344 2916; x_wconf 90' lang='lat' dir='ltr'>decepti</span> <span class='ocrx_word' id='word_1_456' title='bbox 3379 2839 3458 2897; x_wconf 86' lang='lat' dir='ltr'>ab</span> <span class='ocrx_word' id='word_1_457' title='bbox 3484 2833 3716 2899; x_wconf 63' lang='lat' dir='ltr'>haereti-</span> 
     </span>
    </p>
   </div>
   <div class='ocr_carea' id='block_1_63' title="bbox 281 2927 3714 3012">
    <p class='ocr_par' dir='ltr' id='par_1_63' title="bbox 281 2927 3714 3012">
     <span class='ocr_line' id='line_1_63' title="bbox 281 2927 3714 3012; baseline 0.001 -26"><span class='ocrx_word' id='word_1_458' title='bbox 281 2941 406 2990; x_wconf 61' lang='grc' dir='ltr'>γεω</span> <span class='ocrx_word' id='word_1_459' title='bbox 437 2949 538 2990; x_wconf 86' lang='lat' dir='ltr'>me.</span> <span class='ocrx_word' id='word_1_460' title='bbox 565 2935 736 2990; x_wconf 85' lang='lat' dir='ltr'>omni</span> <span class='ocrx_word' id='word_1_461' title='bbox 782 2937 1048 3008; x_wconf 84' lang='lat' dir='ltr'>tempore</span> <span class='ocrx_word' id='word_1_462' title='bbox 1098 2953 1208 3009; x_wconf 80' lang='lat' dir='ltr'>pro</span> <span class='ocrx_word' id='word_1_463' title='bbox 1255 2938 1425 3006; x_wconf 69' lang='lat' dir='ltr'>Joab,</span> <span class='ocrx_word' id='word_1_464' title='bbox 1481 2938 1750 2995; x_wconf 74' lang='lat' dir='ltr'>videlicet</span> <span class='ocrx_word' id='word_1_465' title='bbox 1795 2941 1942 3012; x_wconf 73' lang='lat' dir='ltr'>quid</span> <span class='ocrx_word' id='word_1_466' title='bbox 1975 2947 2016 3005; x_wconf 72' lang='grc' dir='ltr'><strong>ρ</strong></span> <span class='ocrx_word' id='word_1_467' title='bbox 2054 2929 2136 2983; x_wconf 92' lang='lat' dir='ltr'>cis</span> <span class='ocrx_word' id='word_1_468' title='bbox 2164 2945 2200 2984; x_wconf 90' lang='lat' dir='ltr'>a</span> <span class='ocrx_word' id='word_1_469' title='bbox 2228 2929 2325 2985; x_wconf 89' lang='lat' dir='ltr'>via</span> <span class='ocrx_word' id='word_1_470' title='bbox 2351 2930 2610 2987; x_wconf 86' lang='lat' dir='ltr'>veritatis</span> <span class='ocrx_word' id='word_1_471' title='bbox 2645 2931 3012 3002; x_wconf 88' lang='lat' dir='ltr'>oberrantes,</span> <span class='ocrx_word' id='word_1_472' title='bbox 3033 2931 3235 2986; x_wconf 89' lang='lat' dir='ltr'>denuo</span> <span class='ocrx_word' id='word_1_473' title='bbox 3259 2930 3334 2986; x_wconf 90' lang='lat' dir='ltr'>ad</span> <span class='ocrx_word' id='word_1_474' title='bbox 3358 2943 3494 2986; x_wconf 90' lang='lat' dir='ltr'>eam</span> <span class='ocrx_word' id='word_1_475' title='bbox 3521 2927 3714 2988; x_wconf 84' lang='lat' dir='ltr'>redire</span> 
     </span>
    </p>
   </div>
   <div class='ocr_carea' id='block_1_64' title="bbox 284 3024 1944 3096">
    <p class='ocr_par' dir='ltr' id='par_1_64' title="bbox 284 3024 1944 3096">
     <span class='ocr_line' id='line_1_64' title="bbox 284 3024 1944 3096; baseline 0.004 -18"><span class='ocrx_word' id='word_1_476' title='bbox 284 3029 633 3096; x_wconf 88' lang='lat' dir='ltr'>sequeretur</span> <span class='ocrx_word' id='word_1_477' title='bbox 661 3024 1129 3094; x_wconf 83' lang='lat' dir='ltr'>ignorans.Quia</span> <span class='ocrx_word' id='word_1_478' title='bbox 1172 3029 1393 3082; x_wconf 86' lang='lat' dir='ltr'>Amasa</span> <span class='ocrx_word' id='word_1_479' title='bbox 1414 3027 1574 3082; x_wconf 92' lang='lat' dir='ltr'>idem</span> <span class='ocrx_word' id='word_1_480' title='bbox 1595 3043 1717 3083; x_wconf 93' lang='lat' dir='ltr'>non</span> <span class='ocrx_word' id='word_1_481' title='bbox 1749 3029 1944 3085; x_wconf 89' lang='lat' dir='ltr'>solum</span> 
     </span>
    </p>
   </div>
   <div class='ocr_carea' id='block_1_65' title="bbox 283 3112 1944 3188">
    <p class='ocr_par' dir='ltr' id='par_1_65' title="bbox 283 3112 1944 3188">
     <span class='ocr_line' id='line_1_65' title="bbox 283 3112 1944 3188; baseline 0.004 -20"><span class='ocrx_word' id='word_1_482' title='bbox 283 3112 690 3187; x_wconf 88' lang='lat' dir='ltr'>principatum</span> <span class='ocrx_word' id='word_1_483' title='bbox 721 3113 940 3170; x_wconf 70' lang='lat' dir='ltr'>militia:</span> <span class='ocrx_word' id='word_1_484' title='bbox 963 3131 1072 3186; x_wconf 91' lang='lat' dir='ltr'>pro</span> <span class='ocrx_word' id='word_1_485' title='bbox 1096 3115 1244 3170; x_wconf 86' lang='lat' dir='ltr'>Joab</span> <span class='ocrx_word' id='word_1_486' title='bbox 1287 3132 1410 3171; x_wconf 93' lang='lat' dir='ltr'>non</span> <span class='ocrx_word' id='word_1_487' title='bbox 1455 3117 1798 3188; x_wconf 88' lang='lat' dir='ltr'>susciperet,</span> <span class='ocrx_word' id='word_1_488' title='bbox 1839 3119 1944 3174; x_wconf 91' lang='lat' dir='ltr'>sed</span> 
     </span>
    </p>
   </div>
   <div class='ocr_carea' id='block_1_66' title="bbox 289 3202 1940 3276">
    <p class='ocr_par' dir='ltr' id='par_1_66' title="bbox 289 3202 1940 3276">
     <span class='ocr_line' id='line_1_66' title="bbox 289 3202 1940 3276; baseline 0.004 -20"><span class='ocrx_word' id='word_1_489' title='bbox 289 3203 462 3258; x_wconf 84' lang='lat' dir='ltr'>etiam</span> <span class='ocrx_word' id='word_1_490' title='bbox 486 3206 628 3275; x_wconf 89' lang='lat' dir='ltr'>post</span> <span class='ocrx_word' id='word_1_491' title='bbox 655 3202 806 3259; x_wconf 88' lang='lat' dir='ltr'>Joab</span> <span class='ocrx_word' id='word_1_492' title='bbox 854 3204 1175 3276; x_wconf 87' lang='lat' dir='ltr'>paululum</span> <span class='ocrx_word' id='word_1_493' title='bbox 1224 3204 1412 3260; x_wconf 87' lang='lat' dir='ltr'>vitam</span> <span class='ocrx_word' id='word_1_494' title='bbox 1443 3205 1655 3260; x_wconf 88' lang='lat' dir='ltr'>ﬁniret.</span> <span class='ocrx_word' id='word_1_495' title='bbox 1701 3209 1764 3261; x_wconf 90' lang='lat' dir='ltr'>Et</span> <span class='ocrx_word' id='word_1_496' title='bbox 1804 3223 1940 3262; x_wconf 92' lang='lat' dir='ltr'>cum</span> 
     </span>
    </p>
   </div>
   <div class='ocr_carea' id='block_1_67' title="bbox 295 3290 1945 3365">
    <p class='ocr_par' dir='ltr' id='par_1_67' title="bbox 295 3290 1945 3365">
     <span class='ocr_line' id='line_1_67' title="bbox 295 3290 1945 3365; baseline 0.005 -21"><span class='ocrx_word' id='word_1_497' title='bbox 295 3290 588 3362; x_wconf 81' lang='lat' dir='ltr'>templum</span> <span class='ocrx_word' id='word_1_498' title='bbox 618 3295 730 3347; x_wconf 90' lang='lat' dir='ltr'>Deo</span> <span class='ocrx_word' id='word_1_499' title='bbox 777 3298 1121 3349; x_wconf 87' lang='lat' dir='ltr'>construere</span> <span class='ocrx_word' id='word_1_500' title='bbox 1164 3293 1366 3359; x_wconf 91' lang='lat' dir='ltr'>voluit,</span> <span class='ocrx_word' id='word_1_501' title='bbox 1399 3293 1545 3365; x_wconf 90' lang='lat' dir='ltr'>quid</span> <span class='ocrx_word' id='word_1_502' title='bbox 1575 3310 1606 3349; x_wconf 91' lang='lat' dir='ltr'>e</span> <span class='ocrx_word' id='word_1_503' title='bbox 1627 3294 1824 3351; x_wconf 91' lang='lat' dir='ltr'>vicino</span> <span class='ocrx_word' id='word_1_504' title='bbox 1856 3313 1945 3352; x_wconf 92' lang='lat' dir='ltr'>se-</span> 
     </span>
    </p>
   </div>
   <div class='ocr_carea' id='block_1_68' title="bbox 303 3381 1938 3456">
    <p class='ocr_par' dir='ltr' id='par_1_68' title="bbox 303 3381 1938 3456">
     <span class='ocr_line' id='line_1_68' title="bbox 303 3381 1938 3456; baseline 0.005 -23"><span class='ocrx_word' id='word_1_505' title='bbox 303 3381 580 3450; x_wconf 87' lang='lat' dir='ltr'>queretur</span> <span class='ocrx_word' id='word_1_506' title='bbox 610 3381 895 3453; x_wconf 88' lang='lat' dir='ltr'>nesciens,</span> <span class='ocrx_word' id='word_1_507' title='bbox 948 3383 1304 3454; x_wconf 89' lang='lat' dir='ltr'>prophetam</span> <span class='ocrx_word' id='word_1_508' title='bbox 1337 3381 1588 3438; x_wconf 88' lang='lat' dir='ltr'>alterum</span> <span class='ocrx_word' id='word_1_509' title='bbox 1615 3384 1938 3456; x_wconf 89' lang='lat' dir='ltr'>requisivit.</span> 
     </span>
    </p>
   </div>
   <div class='ocr_carea' id='block_1_69' title="bbox 306 3466 1940 3543">
    <p class='ocr_par' dir='ltr' id='par_1_69' title="bbox 306 3466 1940 3543">
     <span class='ocr_line' id='line_1_69' title="bbox 306 3466 1940 3543; baseline 0.007 -24"><span class='ocrx_word' id='word_1_510' title='bbox 306 3482 337 3519; x_wconf 64' lang='grc' dir='ltr'><em>ι</em></span> <span class='ocrx_word' id='word_1_511' title='bbox 392 3466 558 3523; x_wconf 79' lang='lat' dir='ltr'>Venit</span> <span class='ocrx_word' id='word_1_512' title='bbox 607 3481 742 3539; x_wconf 86' lang='lat' dir='ltr'>ergo</span> <span class='ocrx_word' id='word_1_513' title='bbox 787 3487 890 3526; x_wconf 79' lang='lat' dir='ltr'>rex</span> <span class='ocrx_word' id='word_1_514' title='bbox 947 3471 1130 3527; x_wconf 91' lang='lat' dir='ltr'>David</span> <span class='ocrx_word' id='word_1_515' title='bbox 1179 3487 1369 3543; x_wconf 89' lang='lat' dir='ltr'>usque</span> <span class='ocrx_word' id='word_1_516' title='bbox 1427 3471 1730 3529; x_wconf 90' lang='lat' dir='ltr'>Bahurim.</span> <span class='ocrx_word' id='word_1_517' title='bbox 1796 3477 1940 3531; x_wconf 89' lang='lat' dir='ltr'>Ecce</span> 
     </span>
    </p>
   </div>
   <div class='ocr_carea' id='block_1_70' title="bbox 300 3554 1938 3630">
    <p class='ocr_par' dir='ltr' id='par_1_70' title="bbox 300 3554 1938 3630">
     <span class='ocr_line' id='line_1_70' title="bbox 300 3554 1938 3630; baseline 0.005 -19"><span class='ocrx_word' id='word_1_518' title='bbox 300 3554 702 3625; x_wconf 69' lang='lat' dir='ltr'>Egrediebatur</span> <span class='ocrx_word' id='word_1_519' title='bbox 772 3559 912 3615; x_wconf 89' lang='lat' dir='ltr'>inde</span> <span class='ocrx_word' id='word_1_520' title='bbox 983 3559 1072 3615; x_wconf 90' lang='lat' dir='ltr'>vir</span> <span class='ocrx_word' id='word_1_521' title='bbox 1141 3559 1216 3615; x_wconf 93' lang='lat' dir='ltr'>de</span> <span class='ocrx_word' id='word_1_522' title='bbox 1286 3560 1640 3630; x_wconf 86' lang='lat' dir='ltr'>cognatione</span> <span class='ocrx_word' id='word_1_523' title='bbox 1717 3562 1938 3620; x_wconf 91' lang='lat' dir='ltr'>domus</span> 
     </span>
    </p>
   </div>
   <div class='ocr_carea' id='block_1_71' title="bbox 302 3646 1939 3716">
    <p class='ocr_par' dir='ltr' id='par_1_71' title="bbox 302 3646 1939 3716">
     <span class='ocr_line' id='line_1_71' title="bbox 302 3646 1939 3716; baseline 0.006 -16"><span class='ocrx_word' id='word_1_524' title='bbox 302 3646 450 3712; x_wconf 85' lang='lat' dir='ltr'>Saul,</span> <span class='ocrx_word' id='word_1_525' title='bbox 493 3649 736 3704; x_wconf 90' lang='lat' dir='ltr'>nomine</span> <span class='ocrx_word' id='word_1_526' title='bbox 793 3648 1004 3716; x_wconf 89' lang='lat' dir='ltr'>Semei,</span> <span class='ocrx_word' id='word_1_527' title='bbox 1064 3649 1221 3704; x_wconf 83' lang='lat' dir='ltr'>ﬁlius</span> <span class='ocrx_word' id='word_1_528' title='bbox 1285 3652 1447 3712; x_wconf 88' lang='lat' dir='ltr'>Bera,</span> <span class='ocrx_word' id='word_1_529' title='bbox 1507 3655 1563 3706; x_wconf 91' lang='lat' dir='ltr'>et</span> <span class='ocrx_word' id='word_1_530' title='bbox 1620 3652 1939 3710; x_wconf 90' lang='lat' dir='ltr'>maledice-</span> 
     </span>
    </p>
   </div>
   <div class='ocr_carea' id='block_1_72' title="bbox 311 3724 1940 3809">
    <p class='ocr_par' dir='ltr' id='par_1_72' title="bbox 311 3724 1940 3809">
     <span class='ocr_line' id='line_1_72' title="bbox 311 3724 1940 3809; baseline 0.006 -21"><span class='ocrx_word' id='word_1_531' title='bbox 311 3724 422 3798; x_wconf 85' lang='lat' dir='ltr'>bat,</span> <span class='ocrx_word' id='word_1_532' title='bbox 464 3754 489 3782; x_wconf 65' lang='grc' dir='ltr'><strong>ν)</strong></span> <span class='ocrx_word' id='word_1_533' title='bbox 537 3735 740 3806; x_wconf 86' lang='lat' dir='ltr'>David,</span> <span class='ocrx_word' id='word_1_534' title='bbox 792 3741 926 3808; x_wconf 91' lang='lat' dir='ltr'>etc.,</span> <span class='ocrx_word' id='word_1_535' title='bbox 973 3752 1166 3809; x_wconf 90' lang='lat' dir='ltr'>usque</span> <span class='ocrx_word' id='word_1_536' title='bbox 1216 3751 1336 3808; x_wconf 92' lang='lat' dir='ltr'>quo</span> <span class='ocrx_word' id='word_1_537' title='bbox 1381 3738 1496 3794; x_wconf 90' lang='lat' dir='ltr'>ait:</span> <span class='ocrx_word' id='word_1_538' title='bbox 1549 3741 1763 3805; x_wconf 83' lang='lat' dir='ltr'>«Quid</span> <span class='ocrx_word' id='word_1_539' title='bbox 1794 3741 1940 3797; x_wconf 92' lang='lat' dir='ltr'>mihi</span> 
     </span>
    </p>
   </div>
   <div class='ocr_carea' id='block_1_73' title="bbox 310 3823 1937 3892">
    <p class='ocr_par' dir='ltr' id='par_1_73' title="bbox 310 3823 1937 3892">
     <span class='ocr_line' id='line_1_73' title="bbox 310 3823 1937 3892; baseline 0.007 -16"><span class='ocrx_word' id='word_1_540' title='bbox 310 3825 358 3876; x_wconf 74' lang='lat' dir='ltr'>et</span> <span class='ocrx_word' id='word_1_541' title='bbox 382 3823 550 3889; x_wconf 86' lang='lat' dir='ltr'>vobis,</span> <span class='ocrx_word' id='word_1_542' title='bbox 584 3827 689 3882; x_wconf 85' lang='lat' dir='ltr'>ﬂlii</span> <span class='ocrx_word' id='word_1_543' title='bbox 738 3826 978 3892; x_wconf 64' lang='lat' dir='ltr'>Sarvim,</span> <span class='ocrx_word' id='word_1_544' title='bbox 1031 3843 1137 3882; x_wconf 89' lang='lat' dir='ltr'>cur</span> <span class='ocrx_word' id='word_1_545' title='bbox 1185 3825 1525 3882; x_wconf 76' lang='lat' dir='ltr'>eﬂiciamini</span> <span class='ocrx_word' id='word_1_546' title='bbox 1575 3830 1721 3884; x_wconf 90' lang='lat' dir='ltr'>mihi</span> <span class='ocrx_word' id='word_1_547' title='bbox 1759 3829 1937 3887; x_wconf 90' lang='lat' dir='ltr'>hodie</span> 
     </span>
    </p>
   </div>
   <div class='ocr_carea' id='block_1_74' title="bbox 295 3908 1940 3988">
    <p class='ocr_par' dir='ltr' id='par_1_74' title="bbox 295 3908 1940 3988">
     <span class='ocr_line' id='line_1_74' title="bbox 295 3908 1940 3988; baseline 0.006 -23"><span class='ocrx_word' id='word_1_548' title='bbox 295 3908 348 3965; x_wconf 88' lang='lat' dir='ltr'>in</span> <span class='ocrx_word' id='word_1_549' title='bbox 389 3911 612 3971; x_wconf 79' lang='lat' dir='ltr'>Satan?</span> <span class='ocrx_word' id='word_1_550' title='bbox 659 3917 894 3972; x_wconf 91' lang='lat' dir='ltr'>Dimitte</span> <span class='ocrx_word' id='word_1_551' title='bbox 939 3933 1096 3972; x_wconf 91' lang='lat' dir='ltr'>eum.</span> <span class='ocrx_word' id='word_1_552' title='bbox 1151 3937 1178 3965; x_wconf 82' lang='lat'>»</span> <span class='ocrx_word' id='word_1_553' title='bbox 1228 3916 1489 3971; x_wconf 88' lang='lat' dir='ltr'>Perfecta</span> <span class='ocrx_word' id='word_1_554' title='bbox 1527 3919 1812 3988; x_wconf 89' lang='lat' dir='ltr'>patientia</span> <span class='ocrx_word' id='word_1_555' title='bbox 1841 3920 1940 3975; x_wconf 90' lang='lat' dir='ltr'>illa</span> 
     </span>
    </p>
   </div>
   <div class='ocr_carea' id='block_1_75' title="bbox 287 4004 1937 4076">
    <p class='ocr_par' dir='ltr' id='par_1_75' title="bbox 287 4004 1937 4076">
     <span class='ocr_line' id='line_1_75' title="bbox 287 4004 1937 4076; baseline 0.007 -22"><span class='ocrx_word' id='word_1_556' title='bbox 287 4005 364 4056; x_wconf 90' lang='lat' dir='ltr'>est</span> <span class='ocrx_word' id='word_1_557' title='bbox 389 4017 524 4058; x_wconf 90' lang='lat' dir='ltr'>eum</span> <span class='ocrx_word' id='word_1_558' title='bbox 569 4004 825 4060; x_wconf 89' lang='lat' dir='ltr'>libenter</span> <span class='ocrx_word' id='word_1_559' title='bbox 860 4005 1165 4072; x_wconf 83' lang='lat' dir='ltr'>sustinere,</span> <span class='ocrx_word' id='word_1_560' title='bbox 1197 4004 1291 4060; x_wconf 90' lang='lat' dir='ltr'>cui</span> <span class='ocrx_word' id='word_1_561' title='bbox 1322 4004 1490 4060; x_wconf 87' lang='lat' dir='ltr'>facile</span> <span class='ocrx_word' id='word_1_562' title='bbox 1521 4005 1656 4076; x_wconf 89' lang='lat' dir='ltr'>quis</span> <span class='ocrx_word' id='word_1_563' title='bbox 1689 4007 1937 4065; x_wconf 90' lang='lat' dir='ltr'>reddere</span> 
     </span>
    </p>
   </div>
   <div class='ocr_carea' id='block_1_76' title="bbox 283 4089 1940 4169">
    <p class='ocr_par' dir='ltr' id='par_1_76' title="bbox 283 4089 1940 4169">
     <span class='ocr_line' id='line_1_76' title="bbox 283 4089 1940 4169; baseline 0.005 -24"><span class='ocrx_word' id='word_1_564' title='bbox 283 4089 557 4148; x_wconf 82' lang='lat' dir='ltr'>talionem</span> <span class='ocrx_word' id='word_1_565' title='bbox 590 4097 823 4165; x_wconf 88' lang='lat' dir='ltr'>potest:</span> <span class='ocrx_word' id='word_1_566' title='bbox 881 4095 1029 4149; x_wconf 89' lang='lat' dir='ltr'>sicut</span> <span class='ocrx_word' id='word_1_567' title='bbox 1059 4095 1120 4150; x_wconf 91' lang='lat' dir='ltr'>in</span> <span class='ocrx_word' id='word_1_568' title='bbox 1171 4093 1361 4149; x_wconf 90' lang='lat' dir='ltr'>David</span> <span class='ocrx_word' id='word_1_569' title='bbox 1402 4099 1642 4151; x_wconf 90' lang='lat' dir='ltr'>ostensa</span> <span class='ocrx_word' id='word_1_570' title='bbox 1671 4101 1777 4163; x_wconf 91' lang='lat' dir='ltr'>est,</span> <span class='ocrx_word' id='word_1_571' title='bbox 1833 4098 1940 4169; x_wconf 91' lang='lat' dir='ltr'>qui</span> 
     </span>
    </p>
   </div>
   <div class='ocr_carea' id='block_1_77' title="bbox 274 4171 1939 4257">
    <p class='ocr_par' dir='ltr' id='par_1_77' title="bbox 274 4171 1939 4257">
     <span class='ocr_line' id='line_1_77' title="bbox 274 4171 1939 4257; baseline 0.006 -24"><span class='ocrx_word' id='word_1_572' title='bbox 274 4171 802 4251; x_wconf 87' lang='lat' dir='ltr'>blasphemantem</span> <span class='ocrx_word' id='word_1_573' title='bbox 830 4199 890 4238; x_wconf 90' lang='lat' dir='ltr'>se</span> <span class='ocrx_word' id='word_1_574' title='bbox 919 4183 1108 4240; x_wconf 92' lang='lat' dir='ltr'>Semei</span> <span class='ocrx_word' id='word_1_575' title='bbox 1158 4182 1352 4252; x_wconf 87' lang='lat' dir='ltr'>magis</span> <span class='ocrx_word' id='word_1_576' title='bbox 1386 4183 1612 4240; x_wconf 91' lang='lat' dir='ltr'>studuit</span> <span class='ocrx_word' id='word_1_577' title='bbox 1649 4185 1939 4257; x_wconf 89' lang='lat' dir='ltr'>patienter</span> 
     </span>
    </p>
   </div>
   <div class='ocr_carea' id='block_1_78' title="bbox 2053 3015 3710 3088">
    <p class='ocr_par' dir='ltr' id='par_1_78' title="bbox 2053 3015 3710 3088">
     <span class='ocr_line' id='line_1_78' title="bbox 2053 3015 3710 3088; baseline 0.002 -17"><span class='ocrx_word' id='word_1_578' title='bbox 2053 3016 2458 3086; x_wconf 90' lang='lat' dir='ltr'>dissimulant,</span> <span class='ocrx_word' id='word_1_579' title='bbox 2484 3035 2606 3074; x_wconf 92' lang='lat' dir='ltr'>non</span> <span class='ocrx_word' id='word_1_580' title='bbox 2645 3024 2782 3074; x_wconf 91' lang='lat' dir='ltr'>sunt</span> <span class='ocrx_word' id='word_1_581' title='bbox 2811 3018 2976 3088; x_wconf 88' lang='lat' dir='ltr'>digni</span> <span class='ocrx_word' id='word_1_582' title='bbox 3007 3017 3449 3074; x_wconf 87' lang='lat' dir='ltr'>cohabitatione</span> <span class='ocrx_word' id='word_1_583' title='bbox 3479 3015 3710 3087; x_wconf 86' lang='lat' dir='ltr'>Christi,</span> 
     </span>
    </p>
   </div>
   <div class='ocr_carea' id='block_1_79' title="bbox 2052 3106 3711 3178">
    <p class='ocr_par' dir='ltr' id='par_1_79' title="bbox 2052 3106 3711 3178">
     <span class='ocr_line' id='line_1_79' title="bbox 2052 3106 3711 3178; baseline 0 -16"><span class='ocrx_word' id='word_1_584' title='bbox 2052 3106 2158 3162; x_wconf 91' lang='lat' dir='ltr'>sed</span> <span class='ocrx_word' id='word_1_585' title='bbox 2214 3107 2422 3177; x_wconf 85' lang='lat' dir='ltr'>clausi,</span> <span class='ocrx_word' id='word_1_586' title='bbox 2478 3108 2538 3162; x_wconf 91' lang='lat' dir='ltr'>id</span> <span class='ocrx_word' id='word_1_587' title='bbox 2596 3110 2684 3162; x_wconf 90' lang='lat' dir='ltr'>est</span> <span class='ocrx_word' id='word_1_588' title='bbox 2734 3107 2990 3178; x_wconf 88' lang='lat' dir='ltr'>separati</span> <span class='ocrx_word' id='word_1_589' title='bbox 3042 3111 3098 3163; x_wconf 90' lang='lat' dir='ltr'>et</span> <span class='ocrx_word' id='word_1_590' title='bbox 3143 3120 3179 3163; x_wconf 87' lang='lat' dir='ltr'>a</span> <span class='ocrx_word' id='word_1_591' title='bbox 3231 3106 3534 3162; x_wconf 85' lang='lat' dir='ltr'>consortio</span> <span class='ocrx_word' id='word_1_592' title='bbox 3579 3106 3711 3178; x_wconf 83' lang='lat' dir='ltr'>ejus</span> 
     </span>
    </p>
   </div>
   <div class='ocr_carea' id='block_1_80' title="bbox 2051 3191 3712 3267">
    <p class='ocr_par' dir='ltr' id='par_1_80' title="bbox 2051 3191 3712 3267">
     <span class='ocr_line' id='line_1_80' title="bbox 2051 3191 3712 3267; baseline 0.002 -18"><span class='ocrx_word' id='word_1_593' title='bbox 2051 3195 2248 3261; x_wconf 91' lang='lat' dir='ltr'>alieni,</span> <span class='ocrx_word' id='word_1_594' title='bbox 2300 3200 2675 3267; x_wconf 90' lang='lat' dir='ltr'>permanent.</span> <span class='ocrx_word' id='word_1_595' title='bbox 2727 3196 2839 3252; x_wconf 92' lang='lat' dir='ltr'>Sed</span> <span class='ocrx_word' id='word_1_596' title='bbox 2899 3195 3161 3251; x_wconf 88' lang='lat' dir='ltr'>clemens</span> <span class='ocrx_word' id='word_1_597' title='bbox 3208 3191 3324 3262; x_wconf 88' lang='lat' dir='ltr'>ille,</span> <span class='ocrx_word' id='word_1_598' title='bbox 3369 3192 3474 3267; x_wconf 87' lang='lat' dir='ltr'>qui</span> <span class='ocrx_word' id='word_1_599' title='bbox 3523 3193 3712 3253; x_wconf 85' lang='lat' dir='ltr'>solem</span> 
     </span>
    </p>
   </div>
   <div class='ocr_carea' id='block_1_81' title="bbox 2050 3280 3714 3356">
    <p class='ocr_par' dir='ltr' id='par_1_81' title="bbox 2050 3280 3714 3356">
     <span class='ocr_line' id='line_1_81' title="bbox 2050 3280 3714 3356; baseline 0.002 -18"><span class='ocrx_word' id='word_1_600' title='bbox 2050 3298 2227 3339; x_wconf 92' lang='lat' dir='ltr'>suum</span> <span class='ocrx_word' id='word_1_601' title='bbox 2258 3280 2394 3340; x_wconf 91' lang='lat' dir='ltr'>oriri</span> <span class='ocrx_word' id='word_1_602' title='bbox 2427 3284 2564 3340; x_wconf 91' lang='lat' dir='ltr'>facit</span> <span class='ocrx_word' id='word_1_603' title='bbox 2595 3299 2774 3356; x_wconf 90' lang='lat' dir='ltr'>super</span> <span class='ocrx_word' id='word_1_604' title='bbox 2799 3283 2993 3340; x_wconf 88' lang='lat' dir='ltr'>bonos</span> <span class='ocrx_word' id='word_1_605' title='bbox 3023 3287 3078 3340; x_wconf 91' lang='lat' dir='ltr'>et</span> <span class='ocrx_word' id='word_1_606' title='bbox 3115 3283 3331 3354; x_wconf 87' lang='lat' dir='ltr'>malos,</span> <span class='ocrx_word' id='word_1_607' title='bbox 3362 3298 3486 3340; x_wconf 91' lang='lat' dir='ltr'>non</span> <span class='ocrx_word' id='word_1_608' title='bbox 3515 3281 3714 3342; x_wconf 85' lang='lat' dir='ltr'>renuit</span> 
     </span>
    </p>
   </div>
   <div class='ocr_carea' id='block_1_82' title="bbox 2045 3365 3712 3446">
    <p class='ocr_par' dir='ltr' id='par_1_82' title="bbox 2045 3365 3712 3446">
     <span class='ocr_line' id='line_1_82' title="bbox 2045 3365 3712 3446; baseline 0.001 -18"><span class='ocrx_word' id='word_1_609' title='bbox 2045 3371 2355 3428; x_wconf 79' lang='lat' dir='ltr'>beneﬁciis</span> <span class='ocrx_word' id='word_1_610' title='bbox 2385 3373 2507 3428; x_wconf 89' lang='lat' dir='ltr'>suis</span> <span class='ocrx_word' id='word_1_611' title='bbox 2537 3375 2780 3446; x_wconf 85' lang='lat' dir='ltr'>pastum</span> <span class='ocrx_word' id='word_1_612' title='bbox 2813 3371 3033 3428; x_wconf 89' lang='lat' dir='ltr'>talibus</span> <span class='ocrx_word' id='word_1_613' title='bbox 3063 3369 3124 3428; x_wconf 92' lang='lat' dir='ltr'>in</span> <span class='ocrx_word' id='word_1_614' title='bbox 3159 3365 3272 3428; x_wconf 91' lang='lat' dir='ltr'>hoc</span> <span class='ocrx_word' id='word_1_615' title='bbox 3302 3371 3532 3430; x_wconf 91' lang='lat' dir='ltr'>mundo</span> <span class='ocrx_word' id='word_1_616' title='bbox 3563 3387 3712 3446; x_wconf 67' lang='lat' dir='ltr'>pra:-</span> 
     </span>
    </p>
   </div>
   <div class='ocr_carea' id='block_1_83' title="bbox 2045 3456 3713 3530">
    <p class='ocr_par' dir='ltr' id='par_1_83' title="bbox 2045 3456 3713 3530">
     <span class='ocr_line' id='line_1_83' title="bbox 2045 3456 3713 3530; baseline 0.003 -13"><span class='ocrx_word' id='word_1_617' title='bbox 2045 3461 2206 3528; x_wconf 91' lang='lat' dir='ltr'>bere,</span> <span class='ocrx_word' id='word_1_618' title='bbox 2237 3465 2301 3520; x_wconf 91' lang='lat' dir='ltr'>ut</span> <span class='ocrx_word' id='word_1_619' title='bbox 2329 3479 2436 3530; x_wconf 89' lang='lat' dir='ltr'>per</span> <span class='ocrx_word' id='word_1_620' title='bbox 2466 3462 2681 3520; x_wconf 90' lang='lat' dir='ltr'>collata</span> <span class='ocrx_word' id='word_1_621' title='bbox 2726 3459 3018 3520; x_wconf 84' lang='lat' dir='ltr'>beneﬁcia</span> <span class='ocrx_word' id='word_1_622' title='bbox 3067 3456 3447 3520; x_wconf 79' lang='lat' dir='ltr'>Occasionem</span> <span class='ocrx_word' id='word_1_623' title='bbox 3490 3461 3713 3522; x_wconf 80' lang='lat' dir='ltr'>tribuat</span> 
     </span>
    </p>
   </div>
   <div class='ocr_carea' id='block_1_84' title="bbox 2047 3551 2448 3609">
    <p class='ocr_par' dir='ltr' id='par_1_84' title="bbox 2047 3551 2448 3609">
     <span class='ocr_line' id='line_1_84' title="bbox 2047 3551 2448 3609; baseline 0.005 -2"><span class='ocrx_word' id='word_1_624' title='bbox 2047 3551 2448 3609; x_wconf 89' lang='lat' dir='ltr'>convertendi.</span> 
     </span>
    </p>
   </div>
   <div class='ocr_carea' id='block_1_85' title="bbox 2120 3651 3708 3732">
    <p class='ocr_par' dir='ltr' id='par_1_85' title="bbox 2120 3651 3708 3732">
     <span class='ocr_line' id='line_1_85' title="bbox 2120 3651 3708 3732; baseline 0.007 -22"><span class='ocrx_word' id='word_1_625' title='bbox 2120 3660 2149 3700; x_wconf 76' lang='grc' dir='ltr'>ι)</span> <span class='ocrx_word' id='word_1_626' title='bbox 2182 3683 2210 3710; x_wconf 70' lang='grc' dir='ltr'>ρ(</span> <span class='ocrx_word' id='word_1_627' title='bbox 2245 3661 2396 3716; x_wconf 81' lang='lat' dir='ltr'>Dixit</span> <span class='ocrx_word' id='word_1_628' title='bbox 2421 3659 2599 3730; x_wconf 85' lang='lat' dir='ltr'>igitur</span> <span class='ocrx_word' id='word_1_629' title='bbox 2631 3654 2981 3732; x_wconf 71' lang='lat' dir='ltr'>Actitophel</span> <span class='ocrx_word' id='word_1_630' title='bbox 3004 3656 3078 3716; x_wconf 88' lang='lat' dir='ltr'>ad</span> <span class='ocrx_word' id='word_1_631' title='bbox 3113 3651 3442 3718; x_wconf 76' lang='lat' dir='ltr'>Absalom:</span> <span class='ocrx_word' id='word_1_632' title='bbox 3478 3658 3708 3732; x_wconf 80' lang='lat' dir='ltr'>Eligam</span> 
     </span>
    </p>
   </div>
   <div class='ocr_carea' id='block_1_86' title="bbox 2049 3747 3708 3822">
    <p class='ocr_par' dir='ltr' id='par_1_86' title="bbox 2049 3747 3708 3822">
     <span class='ocr_line' id='line_1_86' title="bbox 2049 3747 3708 3822; baseline 0.005 -23"><span class='ocrx_word' id='word_1_633' title='bbox 2049 3772 2078 3800; x_wconf 78' lang='grc' dir='ltr'><strong><em>α</em></strong></span> <span class='ocrx_word' id='word_1_634' title='bbox 2119 3748 2285 3816; x_wconf 91' lang='lat' dir='ltr'>mihi,</span> <span class='ocrx_word' id='word_1_635' title='bbox 2315 3749 2636 3806; x_wconf 89' lang='lat' dir='ltr'>duodecim</span> <span class='ocrx_word' id='word_1_636' title='bbox 2684 3748 2871 3805; x_wconf 89' lang='lat' dir='ltr'>millia</span> <span class='ocrx_word' id='word_1_637' title='bbox 2913 3747 3201 3821; x_wconf 89' lang='lat' dir='ltr'>virorum,</span> <span class='ocrx_word' id='word_1_638' title='bbox 3233 3748 3291 3806; x_wconf 89' lang='lat' dir='ltr'>et</span> <span class='ocrx_word' id='word_1_639' title='bbox 3333 3765 3708 3822; x_wconf 83' lang='lat' dir='ltr'>consurgens</span> 
     </span>
    </p>
   </div>
   <div class='ocr_carea' id='block_1_87' title="bbox 2047 3829 3707 3913">
    <p class='ocr_par' dir='ltr' id='par_1_87' title="bbox 2047 3829 3707 3913">
     <span class='ocr_line' id='line_1_87' title="bbox 2047 3829 3707 3913; baseline 0.005 -25"><span class='ocrx_word' id='word_1_640' title='bbox 2047 3860 2075 3888; x_wconf 88' lang='grc'>‹‹</span> <span class='ocrx_word' id='word_1_641' title='bbox 2117 3853 2446 3909; x_wconf 84' lang='lat' dir='ltr'>persequar</span> <span class='ocrx_word' id='word_1_642' title='bbox 2485 3835 2672 3894; x_wconf 87' lang='lat' dir='ltr'>David</span> <span class='ocrx_word' id='word_1_643' title='bbox 2719 3838 2832 3894; x_wconf 89' lang='lat' dir='ltr'>hac</span> <span class='ocrx_word' id='word_1_644' title='bbox 2859 3835 3052 3894; x_wconf 82' lang='lat' dir='ltr'>nocte.</span> <span class='ocrx_word' id='word_1_645' title='bbox 3106 3861 3133 3887; x_wconf 83' lang='grc'><strong>»</strong></span> <span class='ocrx_word' id='word_1_646' title='bbox 3176 3829 3550 3911; x_wconf 76' lang='lat' dir='ltr'>Achitophel,</span> <span class='ocrx_word' id='word_1_647' title='bbox 3598 3839 3707 3913; x_wconf 88' lang='lat' dir='ltr'>qui</span> 
     </span>
    </p>
   </div>
   <div class='ocr_carea' id='block_1_88' title="bbox 2045 3924 3706 3998">
    <p class='ocr_par' dir='ltr' id='par_1_88' title="bbox 2045 3924 3706 3998">
     <span class='ocr_line' id='line_1_88' title="bbox 2045 3924 3706 3998; baseline 0.002 -16"><span class='ocrx_word' id='word_1_648' title='bbox 2045 3927 2334 3982; x_wconf 89' lang='lat' dir='ltr'>adversus</span> <span class='ocrx_word' id='word_1_649' title='bbox 2367 3924 2552 3981; x_wconf 90' lang='lat' dir='ltr'>David</span> <span class='ocrx_word' id='word_1_650' title='bbox 2578 3925 2913 3998; x_wconf 91' lang='lat' dir='ltr'>pessimum</span> <span class='ocrx_word' id='word_1_651' title='bbox 2963 3925 3129 3983; x_wconf 89' lang='lat' dir='ltr'>dedit</span> <span class='ocrx_word' id='word_1_652' title='bbox 3167 3925 3502 3992; x_wconf 90' lang='lat' dir='ltr'>consilium,</span> <span class='ocrx_word' id='word_1_653' title='bbox 3533 3926 3706 3985; x_wconf 64' lang='lat' dir='ltr'>Juda</span> 
     </span>
    </p>
   </div>
   <div class='ocr_carea' id='block_1_89' title="bbox 2047 4014 3708 4089">
    <p class='ocr_par' dir='ltr' id='par_1_89' title="bbox 2047 4014 3708 4089">
     <span class='ocr_line' id='line_1_89' title="bbox 2047 4014 3708 4089; baseline 0.002 -19"><span class='ocrx_word' id='word_1_654' title='bbox 2047 4014 2368 4089; x_wconf 90' lang='lat' dir='ltr'>proditoris</span> <span class='ocrx_word' id='word_1_655' title='bbox 2424 4014 2677 4083; x_wconf 80' lang='lat' dir='ltr'>gestavit</span> <span class='ocrx_word' id='word_1_656' title='bbox 2709 4031 3053 4088; x_wconf 89' lang='lat' dir='ltr'>personam,</span> <span class='ocrx_word' id='word_1_657' title='bbox 3101 4014 3205 4088; x_wconf 91' lang='lat' dir='ltr'>qui</span> <span class='ocrx_word' id='word_1_658' title='bbox 3234 4014 3454 4072; x_wconf 73' lang='lat' dir='ltr'>Judaeis</span> <span class='ocrx_word' id='word_1_659' title='bbox 3501 4016 3708 4074; x_wconf 86' lang='lat' dir='ltr'>adver-</span> 
     </span>
    </p>
   </div>
   <div class='ocr_carea' id='block_1_90' title="bbox 2051 4100 3708 4178">
    <p class='ocr_par' dir='ltr' id='par_1_90' title="bbox 2051 4100 3708 4178">
     <span class='ocr_line' id='line_1_90' title="bbox 2051 4100 3708 4178; baseline 0.002 -19"><span class='ocrx_word' id='word_1_660' title='bbox 2051 4121 2153 4159; x_wconf 90' lang='lat' dir='ltr'>sus</span> <span class='ocrx_word' id='word_1_661' title='bbox 2185 4104 2480 4160; x_wconf 89' lang='lat' dir='ltr'>Christum</span> <span class='ocrx_word' id='word_1_662' title='bbox 2514 4104 2677 4160; x_wconf 92' lang='lat' dir='ltr'>dedit</span> <span class='ocrx_word' id='word_1_663' title='bbox 2711 4102 3026 4161; x_wconf 92' lang='lat' dir='ltr'>consilium</span> <span class='ocrx_word' id='word_1_664' title='bbox 3069 4100 3446 4178; x_wconf 89' lang='lat' dir='ltr'>proditionis.</span> <span class='ocrx_word' id='word_1_665' title='bbox 3475 4103 3708 4164; x_wconf 76' lang='lat' dir='ltr'>Achito-</span> 
     </span>
    </p>
   </div>
   <div class='ocr_carea' id='block_1_91' title="bbox 2047 4192 3707 4268">
    <p class='ocr_par' dir='ltr' id='par_1_91' title="bbox 2047 4192 3707 4268">
     <span class='ocr_line' id='line_1_91' title="bbox 2047 4192 3707 4268; baseline 0.002 -20"><span class='ocrx_word' id='word_1_666' title='bbox 2047 4192 2188 4266; x_wconf 93' lang='lat' dir='ltr'>phel</span> <span class='ocrx_word' id='word_1_667' title='bbox 2216 4193 2440 4266; x_wconf 89' lang='lat' dir='ltr'>quippe</span> <span class='ocrx_word' id='word_1_668' title='bbox 2467 4193 2886 4265; x_wconf 91' lang='lat' dir='ltr'>interpretatur</span> <span class='ocrx_word' id='word_1_669' title='bbox 2917 4193 3098 4251; x_wconf 81' lang='lat' dir='ltr'>ruina</span> <span class='ocrx_word' id='word_1_670' title='bbox 3125 4194 3366 4267; x_wconf 78' lang='lat' dir='ltr'>fratris,</span> <span class='ocrx_word' id='word_1_671' title='bbox 3399 4195 3567 4268; x_wconf 93' lang='lat' dir='ltr'>quod</span> <span class='ocrx_word' id='word_1_672' title='bbox 3591 4193 3707 4268; x_wconf 77' lang='lat' dir='ltr'>ipsi</span> 
     </span>
    </p>
   </div>
   <div class='ocr_carea' id='block_1_92' title="bbox 274 4264 3705 4357">
    <p class='ocr_par' dir='ltr' id='par_1_92' title="bbox 274 4264 3705 4357">
     <span class='ocr_line' id='line_1_92' title="bbox 274 4264 3705 4357; baseline 0.006 -36"><span class='ocrx_word' id='word_1_673' title='bbox 274 4264 411 4324; x_wconf 87' lang='lat' dir='ltr'>ferre</span> <span class='ocrx_word' id='word_1_674' title='bbox 440 4285 643 4342; x_wconf 86' lang='lat' dir='ltr'>quam</span> <span class='ocrx_word' id='word_1_675' title='bbox 677 4270 876 4326; x_wconf 87' lang='lat' dir='ltr'>ulcisci</span> <span class='ocrx_word' id='word_1_676' title='bbox 903 4289 914 4325; x_wconf 93' lang='lat'>:</span> <span class='ocrx_word' id='word_1_677' title='bbox 951 4288 1089 4326; x_wconf 92' lang='lat' dir='ltr'>cum</span> <span class='ocrx_word' id='word_1_678' title='bbox 1133 4287 1271 4326; x_wconf 91' lang='lat' dir='ltr'>eum</span> <span class='ocrx_word' id='word_1_679' title='bbox 1305 4276 1386 4327; x_wconf 93' lang='lat' dir='ltr'>tot</span> <span class='ocrx_word' id='word_1_680' title='bbox 1414 4271 1565 4328; x_wconf 92' lang='lat' dir='ltr'>vitiis</span> <span class='ocrx_word' id='word_1_681' title='bbox 1593 4279 1846 4343; x_wconf 86' lang='lat' dir='ltr'>urgeret,</span> <span class='ocrx_word' id='word_1_682' title='bbox 1881 4282 1936 4333; x_wconf 91' lang='lat' dir='ltr'>et</span> <span class='ocrx_word' id='word_1_683' title='bbox 1968 4302 2012 4356; x_wconf 77' lang='grc' dir='ltr'>ι)</span> <span class='ocrx_word' id='word_1_684' title='bbox 2049 4264 2218 4338; x_wconf 65' lang='lat' dir='ltr'>.Iudre</span> <span class='ocrx_word' id='word_1_685' title='bbox 2235 4264 2521 4355; x_wconf 84' lang='lat' dir='ltr'>proditori</span> <span class='ocrx_word' id='word_1_686' title='bbox 2539 4264 2746 4356; x_wconf 89' lang='lat' dir='ltr'>procul</span> <span class='ocrx_word' id='word_1_687' title='bbox 2763 4281 2950 4339; x_wconf 93' lang='lat' dir='ltr'>dubio</span> <span class='ocrx_word' id='word_1_688' title='bbox 2971 4264 3264 4354; x_wconf 86' lang='lat' dir='ltr'>congruit:</span> <span class='ocrx_word' id='word_1_689' title='bbox 3289 4264 3584 4357; x_wconf 71' lang='lat' dir='ltr'>quiruina</span> <span class='ocrx_word' id='word_1_690' title='bbox 3602 4264 3705 4342; x_wconf 75' lang='lat' dir='ltr'>ex-</span> 
     </span>
    </p>
   </div>
   <div class='ocr_carea' id='block_1_93' title="bbox 273 4359 1938 4432">
    <p class='ocr_par' dir='ltr' id='par_1_93' title="bbox 273 4359 1938 4432">
     <span class='ocr_line' id='line_1_93' title="bbox 273 4359 1938 4432; baseline 0.005 -19"><span class='ocrx_word' id='word_1_691' title='bbox 273 4360 476 4415; x_wconf 80' lang='lat' dir='ltr'>armati</span> <span class='ocrx_word' id='word_1_692' title='bbox 513 4375 802 4432; x_wconf 90' lang='lat' dir='ltr'>proceres</span> <span class='ocrx_word' id='word_1_693' title='bbox 834 4360 1036 4416; x_wconf 91' lang='lat' dir='ltr'>ulcisci</span> <span class='ocrx_word' id='word_1_694' title='bbox 1070 4359 1516 4428; x_wconf 89' lang='lat' dir='ltr'>contenderent,</span> <span class='ocrx_word' id='word_1_695' title='bbox 1552 4361 1668 4418; x_wconf 87' lang='lat' dir='ltr'>ait:</span> <span class='ocrx_word' id='word_1_696' title='bbox 1722 4387 1750 4413; x_wconf 82' lang='grc'>‹‹</span> <span class='ocrx_word' id='word_1_697' title='bbox 1785 4366 1938 4431; x_wconf 90' lang='lat' dir='ltr'>Quid</span> 
     </span>
    </p>
   </div>
   <div class='ocr_carea' id='block_1_94' title="bbox 269 4447 1940 4511">
    <p class='ocr_par' dir='ltr' id='par_1_94' title="bbox 269 4447 1940 4511">
     <span class='ocr_line' id='line_1_94' title="bbox 269 4447 1940 4511; baseline 0.007 -11"><span class='ocrx_word' id='word_1_698' title='bbox 269 4447 405 4502; x_wconf 89' lang='lat' dir='ltr'>mihi</span> <span class='ocrx_word' id='word_1_699' title='bbox 437 4453 500 4504; x_wconf 88' lang='lat' dir='ltr'>et</span> <span class='ocrx_word' id='word_1_700' title='bbox 532 4448 717 4503; x_wconf 84' lang='lat' dir='ltr'>vobis</span> <span class='ocrx_word' id='word_1_701' title='bbox 747 4448 850 4503; x_wconf 84' lang='lat' dir='ltr'>ﬁlii</span> <span class='ocrx_word' id='word_1_702' title='bbox 880 4449 1100 4505; x_wconf 78' lang='lat' dir='ltr'>Sarviae</span> <span class='ocrx_word' id='word_1_703' title='bbox 1120 4452 1146 4505; x_wconf 86' lang='lat'>‘?</span> <span class='ocrx_word' id='word_1_704' title='bbox 1171 4450 1445 4506; x_wconf 90' lang='lat' dir='ltr'>Dimittite</span> <span class='ocrx_word' id='word_1_705' title='bbox 1494 4466 1634 4506; x_wconf 88' lang='lat' dir='ltr'>eum</span> <span class='ocrx_word' id='word_1_706' title='bbox 1665 4455 1731 4509; x_wconf 92' lang='lat' dir='ltr'>ut</span> <span class='ocrx_word' id='word_1_707' title='bbox 1759 4455 1940 4511; x_wconf 89' lang='lat' dir='ltr'>male-</span> 
     </span>
    </p>
   </div>
   <div class='ocr_carea' id='block_1_95' title="bbox 267 4533 1943 4617">
    <p class='ocr_par' dir='ltr' id='par_1_95' title="bbox 267 4533 1943 4617">
     <span class='ocr_line' id='line_1_95' title="bbox 267 4533 1943 4617; baseline 0.008 -29"><span class='ocrx_word' id='word_1_708' title='bbox 267 4533 419 4594; x_wconf 89' lang='lat' dir='ltr'>dicat</span> <span class='ocrx_word' id='word_1_709' title='bbox 442 4537 636 4608; x_wconf 74' lang='lat' dir='ltr'>juxta</span> <span class='ocrx_word' id='word_1_710' title='bbox 679 4543 1046 4612; x_wconf 59' lang='lat' dir='ltr'>praeceptum</span> <span class='ocrx_word' id='word_1_711' title='bbox 1090 4539 1344 4609; x_wconf 90' lang='lat' dir='ltr'>Domini,</span> <span class='ocrx_word' id='word_1_712' title='bbox 1379 4540 1426 4595; x_wconf 90' lang='lat' dir='ltr'>si</span> <span class='ocrx_word' id='word_1_713' title='bbox 1455 4540 1604 4598; x_wconf 90' lang='lat' dir='ltr'>forte</span> <span class='ocrx_word' id='word_1_714' title='bbox 1663 4545 1943 4617; x_wconf 87' lang='lat' dir='ltr'>respiciat</span> 
     </span>
    </p>
   </div>
   <div class='ocr_carea' id='block_1_96' title="bbox 267 4624 1943 4698">
    <p class='ocr_par' dir='ltr' id='par_1_96' title="bbox 267 4624 1943 4698">
     <span class='ocr_line' id='line_1_96' title="bbox 267 4624 1943 4698; baseline 0.007 -20"><span class='ocrx_word' id='word_1_715' title='bbox 267 4625 565 4683; x_wconf 79' lang='lat' dir='ltr'>Dominus</span> <span class='ocrx_word' id='word_1_716' title='bbox 593 4624 670 4682; x_wconf 85' lang='lat' dir='ltr'>ad</span> <span class='ocrx_word' id='word_1_717' title='bbox 702 4626 1083 4683; x_wconf 83' lang='lat' dir='ltr'>aﬁlictionem</span> <span class='ocrx_word' id='word_1_718' title='bbox 1106 4644 1328 4698; x_wconf 90' lang='lat' dir='ltr'>meam,</span> <span class='ocrx_word' id='word_1_719' title='bbox 1347 4633 1405 4684; x_wconf 93' lang='lat' dir='ltr'>et</span> <span class='ocrx_word' id='word_1_720' title='bbox 1432 4629 1644 4686; x_wconf 91' lang='lat' dir='ltr'>reddat</span> <span class='ocrx_word' id='word_1_721' title='bbox 1672 4633 1943 4690; x_wconf 89' lang='lat' dir='ltr'>mihibo-</span> 
     </span>
    </p>
   </div>
   <div class='ocr_carea' id='block_1_97' title="bbox 265 4717 1941 4795">
    <p class='ocr_par' dir='ltr' id='par_1_97' title="bbox 265 4717 1941 4795">
     <span class='ocr_line' id='line_1_97' title="bbox 265 4717 1941 4795; baseline 0.007 -27"><span class='ocrx_word' id='word_1_722' title='bbox 265 4729 402 4773; x_wconf 90' lang='lat' dir='ltr'>num</span> <span class='ocrx_word' id='word_1_723' title='bbox 434 4733 561 4790; x_wconf 89' lang='lat' dir='ltr'>pro</span> <span class='ocrx_word' id='word_1_724' title='bbox 597 4717 1014 4772; x_wconf 88' lang='lat' dir='ltr'>maledictione</span> <span class='ocrx_word' id='word_1_725' title='bbox 1032 4717 1148 4773; x_wconf 87' lang='lat' dir='ltr'>hac</span> <span class='ocrx_word' id='word_1_726' title='bbox 1164 4717 1474 4774; x_wconf 90' lang='lat' dir='ltr'>hodierna.</span> <span class='ocrx_word' id='word_1_727' title='bbox 1500 4740 1526 4768; x_wconf 88' lang='grc'><strong>››</strong></span> <span class='ocrx_word' id='word_1_728' title='bbox 1553 4721 1779 4785; x_wconf 89' lang='lat' dir='ltr'>Quibus</span> <span class='ocrx_word' id='word_1_729' title='bbox 1800 4737 1941 4795; x_wconf 89' lang='lat' dir='ltr'>pro-</span> 
     </span>
    </p>
   </div>
   <div class='ocr_carea' id='block_1_98' title="bbox 265 4803 1938 4882">
    <p class='ocr_par' dir='ltr' id='par_1_98' title="bbox 265 4803 1938 4882">
     <span class='ocr_line' id='line_1_98' title="bbox 265 4803 1938 4882; baseline 0.007 -24"><span class='ocrx_word' id='word_1_730' title='bbox 265 4803 408 4863; x_wconf 87' lang='lat' dir='ltr'>fecto</span> <span class='ocrx_word' id='word_1_731' title='bbox 433 4805 655 4864; x_wconf 84' lang='lat' dir='ltr'>verbis</span> <span class='ocrx_word' id='word_1_732' title='bbox 682 4807 926 4877; x_wconf 89' lang='lat' dir='ltr'>indicat,</span> <span class='ocrx_word' id='word_1_733' title='bbox 944 4807 1088 4880; x_wconf 92' lang='lat' dir='ltr'>quia</span> <span class='ocrx_word' id='word_1_734' title='bbox 1103 4823 1211 4879; x_wconf 91' lang='lat' dir='ltr'>pro</span> <span class='ocrx_word' id='word_1_735' title='bbox 1242 4813 1581 4882; x_wconf 88' lang='lat' dir='ltr'>perpetrato</span> <span class='ocrx_word' id='word_1_736' title='bbox 1607 4809 1938 4869; x_wconf 88' lang='lat' dir='ltr'>Bethsabee</span> 
     </span>
    </p>
   </div>
   <div class='ocr_carea' id='block_1_99' title="bbox 267 4894 1939 4968">
    <p class='ocr_par' dir='ltr' id='par_1_99' title="bbox 267 4894 1939 4968">
     <span class='ocr_line' id='line_1_99' title="bbox 267 4894 1939 4968; baseline 0.007 -22"><span class='ocrx_word' id='word_1_737' title='bbox 267 4894 500 4966; x_wconf 84' lang='lat' dir='ltr'>scelere,</span> <span class='ocrx_word' id='word_1_738' title='bbox 530 4901 961 4966; x_wconf 82' lang='lat' dir='ltr'>exsurgentem</span> <span class='ocrx_word' id='word_1_739' title='bbox 996 4901 1202 4952; x_wconf 89' lang='lat' dir='ltr'>contra</span> <span class='ocrx_word' id='word_1_740' title='bbox 1241 4914 1302 4953; x_wconf 91' lang='lat' dir='ltr'>se</span> <span class='ocrx_word' id='word_1_741' title='bbox 1348 4897 1537 4953; x_wconf 85' lang='lat' dir='ltr'>ﬁlium</span> <span class='ocrx_word' id='word_1_742' title='bbox 1567 4897 1818 4968; x_wconf 86' lang='lat' dir='ltr'>fugiens,</span> <span class='ocrx_word' id='word_1_743' title='bbox 1846 4919 1939 4958; x_wconf 91' lang='lat' dir='ltr'>re-</span> 
     </span>
    </p>
   </div>
   <div class='ocr_carea' id='block_1_100' title="bbox 265 4977 1940 5063">
    <p class='ocr_par' dir='ltr' id='par_1_100' title="bbox 265 4977 1940 5063">
     <span class='ocr_line' id='line_1_100' title="bbox 265 4977 1940 5063; baseline 0.007 -26"><span class='ocrx_word' id='word_1_744' title='bbox 265 4979 428 5041; x_wconf 77' lang='lat' dir='ltr'>duxit</span> <span class='ocrx_word' id='word_1_745' title='bbox 448 4977 533 5042; x_wconf 87' lang='lat' dir='ltr'>ad</span> <span class='ocrx_word' id='word_1_746' title='bbox 552 4985 833 5041; x_wconf 89' lang='lat' dir='ltr'>animum</span> <span class='ocrx_word' id='word_1_747' title='bbox 850 4985 1080 5042; x_wconf 91' lang='lat' dir='ltr'>malum</span> <span class='ocrx_word' id='word_1_748' title='bbox 1099 4985 1263 5058; x_wconf 92' lang='lat' dir='ltr'>quod</span> <span class='ocrx_word' id='word_1_749' title='bbox 1280 4988 1724 5059; x_wconf 87' lang='lat' dir='ltr'>perpetravit.et</span> <span class='ocrx_word' id='word_1_750' title='bbox 1740 5006 1940 5063; x_wconf 63' lang='lat' dir='ltr'>{equa-</span> 
     </span>
    </p>
   </div>
   <div class='ocr_carea' id='block_1_101' title="bbox 266 5073 1940 5146">
    <p class='ocr_par' dir='ltr' id='par_1_101' title="bbox 266 5073 1940 5146">
     <span class='ocr_line' id='line_1_101' title="bbox 266 5073 1940 5146; baseline 0.008 -21"><span class='ocrx_word' id='word_1_751' title='bbox 266 5073 501 5130; x_wconf 90' lang='lat' dir='ltr'>nimiter</span> <span class='ocrx_word' id='word_1_752' title='bbox 521 5073 772 5146; x_wconf 86' lang='lat' dir='ltr'>pertulit</span> <span class='ocrx_word' id='word_1_753' title='bbox 797 5074 962 5146; x_wconf 92' lang='lat' dir='ltr'>quod</span> <span class='ocrx_word' id='word_1_754' title='bbox 981 5073 1290 5138; x_wconf 89' lang='lat' dir='ltr'>audivit,et</span> <span class='ocrx_word' id='word_1_755' title='bbox 1306 5077 1740 5134; x_wconf 87' lang='lat' dir='ltr'>contumeliosa</span> <span class='ocrx_word' id='word_1_756' title='bbox 1753 5081 1940 5138; x_wconf 89' lang='lat' dir='ltr'>verba</span> 
     </span>
    </p>
   </div>
   <div class='ocr_carea' id='block_1_102' title="bbox 268 5163 1938 5241">
    <p class='ocr_par' dir='ltr' id='par_1_102' title="bbox 268 5163 1938 5241">
     <span class='ocr_line' id='line_1_102' title="bbox 268 5163 1938 5241; baseline 0.007 -26"><span class='ocrx_word' id='word_1_757' title='bbox 268 5175 381 5218; x_wconf 90' lang='lat' dir='ltr'>non</span> <span class='ocrx_word' id='word_1_758' title='bbox 413 5168 552 5219; x_wconf 87' lang='lat' dir='ltr'>tam</span> <span class='ocrx_word' id='word_1_759' title='bbox 589 5163 864 5219; x_wconf 90' lang='lat' dir='ltr'>convicia</span> <span class='ocrx_word' id='word_1_760' title='bbox 894 5179 1083 5236; x_wconf 89' lang='lat' dir='ltr'>quam</span> <span class='ocrx_word' id='word_1_761' title='bbox 1115 5163 1413 5234; x_wconf 91' lang='lat' dir='ltr'>adjutoria</span> <span class='ocrx_word' id='word_1_762' title='bbox 1434 5167 1938 5241; x_wconf 90' lang='lat' dir='ltr'>credidit,quibus</span> 
     </span>
    </p>
   </div>
   <div class='ocr_carea' id='block_1_103' title="bbox 271 5245 1939 5325">
    <p class='ocr_par' dir='ltr' id='par_1_103' title="bbox 271 5245 1939 5325">
     <span class='ocr_line' id='line_1_103' title="bbox 271 5245 1939 5325; baseline 0.008 -24"><span class='ocrx_word' id='word_1_763' title='bbox 271 5263 328 5304; x_wconf 90' lang='lat' dir='ltr'>se</span> <span class='ocrx_word' id='word_1_764' title='bbox 357 5251 620 5324; x_wconf 84' lang='lat' dir='ltr'>purgari</span> <span class='ocrx_word' id='word_1_765' title='bbox 649 5245 882 5324; x_wconf 91' lang='lat' dir='ltr'>sibique</span> <span class='ocrx_word' id='word_1_766' title='bbox 913 5253 1180 5322; x_wconf 84' lang='lat' dir='ltr'>misereri</span> <span class='ocrx_word' id='word_1_767' title='bbox 1208 5269 1384 5325; x_wconf 89' lang='lat' dir='ltr'>posse</span> <span class='ocrx_word' id='word_1_768' title='bbox 1432 5253 1736 5313; x_wconf 88' lang='lat' dir='ltr'>indicavit.</span> <span class='ocrx_word' id='word_1_769' title='bbox 1776 5261 1939 5316; x_wconf 77' lang='lat' dir='ltr'>Tunc</span> 
     </span>
    </p>
   </div>
   <div class='ocr_carea' id='block_1_104' title="bbox 268 5341 1936 5415">
    <p class='ocr_par' dir='ltr' id='par_1_104' title="bbox 268 5341 1936 5415">
     <span class='ocr_line' id='line_1_104' title="bbox 268 5341 1936 5415; baseline 0.007 -21"><span class='ocrx_word' id='word_1_770' title='bbox 268 5341 421 5397; x_wconf 90' lang='lat' dir='ltr'>enim</span> <span class='ocrx_word' id='word_1_771' title='bbox 447 5341 622 5398; x_wconf 87' lang='lat' dir='ltr'>illata</span> <span class='ocrx_word' id='word_1_772' title='bbox 640 5343 910 5398; x_wconf 89' lang='lat' dir='ltr'>convicia</span> <span class='ocrx_word' id='word_1_773' title='bbox 927 5342 1079 5398; x_wconf 91' lang='lat' dir='ltr'>bene</span> <span class='ocrx_word' id='word_1_774' title='bbox 1108 5343 1450 5415; x_wconf 89' lang='lat' dir='ltr'>toleramus,</span> <span class='ocrx_word' id='word_1_775' title='bbox 1467 5359 1603 5398; x_wconf 92' lang='lat' dir='ltr'>cum</span> <span class='ocrx_word' id='word_1_776' title='bbox 1625 5345 1686 5400; x_wconf 89' lang='lat' dir='ltr'>in</span> <span class='ocrx_word' id='word_1_777' title='bbox 1710 5352 1936 5405; x_wconf 64' lang='lat' dir='ltr'>secreto</span> 
     </span>
    </p>
   </div>
   <div class='ocr_carea' id='block_1_105' title="bbox 334 5517 1937 5594">
    <p class='ocr_par' dir='ltr' id='par_1_105' title="bbox 334 5517 1937 5594">
     <span class='ocr_line' id='line_1_105' title="bbox 334 5517 1937 5594; baseline 0.007 -23"><span class='ocrx_word' id='word_1_778' title='bbox 334 5517 979 5594; x_wconf 15' lang='lat' dir='ltr'>f_Hic,_iniexemp_lari</span> <span class='ocrx_word' id='word_1_779' title='bbox 1002 5524 1233 5594; x_wconf 86' lang='lat' dir='ltr'>nostro,</span> <span class='ocrx_word' id='word_1_780' title='bbox 1278 5536 1522 5594; x_wconf 75' lang='lat' dir='ltr'>rursum</span> <span class='ocrx_word' id='word_1_781' title='bbox 1551 5523 1795 5594; x_wconf 91' lang='lat' dir='ltr'>ponitur</span> <span class='ocrx_word' id='word_1_782' title='bbox 1823 5527 1937 5582; x_wconf 85' lang='lat' dir='ltr'>CA-</span> 
     </span>
    </p>
   </div>
   <div class='ocr_carea' id='block_1_106' title="bbox 267 5587 1771 5662">
    <p class='ocr_par' dir='ltr' id='par_1_106' title="bbox 267 5587 1771 5662">
     <span class='ocr_line' id='line_1_106' title="bbox 267 5587 1771 5662; baseline 0.007 -22"><span class='ocrx_word' id='word_1_783' title='bbox 267 5587 403 5644; x_wconf 84' lang='lat' dir='ltr'>PUT</span> <span class='ocrx_word' id='word_1_784' title='bbox 434 5590 580 5648; x_wconf 81' lang='lat' dir='ltr'>XVI.</span> <span class='ocrx_word' id='word_1_785' title='bbox 611 5587 912 5662; x_wconf 81' lang='lat' dir='ltr'>Expositio</span> <span class='ocrx_word' id='word_1_786' title='bbox 941 5591 1100 5649; x_wconf 89' lang='lat' dir='ltr'>enim</span> <span class='ocrx_word' id='word_1_787' title='bbox 1130 5587 1268 5649; x_wconf 86' lang='lat' dir='ltr'>ante</span> <span class='ocrx_word' id='word_1_788' title='bbox 1297 5591 1457 5649; x_wconf 84' lang='lat' dir='ltr'>dicta</span> <span class='ocrx_word' id='word_1_789' title='bbox 1479 5587 1771 5653; x_wconf 76' lang='lat' dir='ltr'>retractat.</span> 
     </span>
    </p>
   </div>
   <div class='ocr_carea' id='block_1_107' title="bbox 2049 4363 3705 4444">
    <p class='ocr_par' dir='ltr' id='par_1_107' title="bbox 2049 4363 3705 4444">
     <span class='ocr_line' id='line_1_107' title="bbox 2049 4363 3705 4444; baseline 0.003 -18"><span class='ocrx_word' id='word_1_790' title='bbox 2049 4373 2192 4428; x_wconf 90' lang='lat' dir='ltr'>stitit</span> <span class='ocrx_word' id='word_1_791' title='bbox 2209 4371 2364 4428; x_wconf 92' lang='lat' dir='ltr'>illius</span> <span class='ocrx_word' id='word_1_792' title='bbox 2385 4371 2489 4444; x_wconf 89' lang='lat' dir='ltr'>qui</span> <span class='ocrx_word' id='word_1_793' title='bbox 2519 4363 2801 4442; x_wconf 84' lang='lat' dir='ltr'>dignatus</span> <span class='ocrx_word' id='word_1_794' title='bbox 2819 4376 2906 4430; x_wconf 90' lang='lat' dir='ltr'>est</span> <span class='ocrx_word' id='word_1_795' title='bbox 2925 4372 3154 4430; x_wconf 90' lang='lat' dir='ltr'>dicere:</span> <span class='ocrx_word' id='word_1_796' title='bbox 3184 4371 3453 4430; x_wconf 89' lang='lat' dir='ltr'>Narrabo</span> <span class='ocrx_word' id='word_1_797' title='bbox 3478 4389 3705 4431; x_wconf 90' lang='lat' dir='ltr'>nomen</span> 
     </span>
    </p>
   </div>
   <div class='ocr_carea' id='block_1_108' title="bbox 2049 4458 3707 4534">
    <p class='ocr_par' dir='ltr' id='par_1_108' title="bbox 2049 4458 3707 4534">
     <span class='ocr_line' id='line_1_108' title="bbox 2049 4458 3707 4534; baseline 0.001 -17"><span class='ocrx_word' id='word_1_798' title='bbox 2049 4464 2218 4517; x_wconf 92' lang='lat' dir='ltr'>tuum</span> <span class='ocrx_word' id='word_1_799' title='bbox 2251 4459 2530 4517; x_wconf 84' lang='lat' dir='ltr'>fratribus</span> <span class='ocrx_word' id='word_1_800' title='bbox 2561 4461 2710 4517; x_wconf 91' lang='lat' dir='ltr'>meis</span> <span class='ocrx_word' id='word_1_801' title='bbox 2737 4458 2922 4533; x_wconf 84' lang='lat' dir='ltr'>(Psal.</span> <span class='ocrx_word' id='word_1_802' title='bbox 2957 4465 3089 4528; x_wconf 79' lang='lat' dir='ltr'>xxr).</span> <span class='ocrx_word' id='word_1_803' title='bbox 3127 4485 3156 4512; x_wconf 91' lang='lat'>»</span> <span class='ocrx_word' id='word_1_804' title='bbox 3192 4460 3301 4528; x_wconf 90' lang='lat' dir='ltr'>Qui</span> <span class='ocrx_word' id='word_1_805' title='bbox 3332 4466 3389 4518; x_wconf 90' lang='lat' dir='ltr'>et</span> <span class='ocrx_word' id='word_1_806' title='bbox 3412 4459 3707 4534; x_wconf 82' lang='lat' dir='ltr'>disposita.</span> 
     </span>
    </p>
   </div>
   <div class='ocr_carea' id='block_1_109' title="bbox 2047 4547 3705 4625">
    <p class='ocr_par' dir='ltr' id='par_1_109' title="bbox 2047 4547 3705 4625">
     <span class='ocr_line' id='line_1_109' title="bbox 2047 4547 3705 4625; baseline 0 -18"><span class='ocrx_word' id='word_1_807' title='bbox 2047 4552 2232 4608; x_wconf 93' lang='lat' dir='ltr'>domo</span> <span class='ocrx_word' id='word_1_808' title='bbox 2259 4567 2389 4621; x_wconf 91' lang='lat' dir='ltr'>sua,</span> <span class='ocrx_word' id='word_1_809' title='bbox 2423 4555 2633 4624; x_wconf 90' lang='lat' dir='ltr'>postea</span> <span class='ocrx_word' id='word_1_810' title='bbox 2659 4552 2987 4625; x_wconf 91' lang='lat' dir='ltr'>suspendio</span> <span class='ocrx_word' id='word_1_811' title='bbox 3013 4549 3247 4607; x_wconf 84' lang='lat' dir='ltr'>interiit.</span> <span class='ocrx_word' id='word_1_812' title='bbox 3285 4551 3405 4606; x_wconf 82' lang='lat' dir='ltr'>Hoc</span> <span class='ocrx_word' id='word_1_813' title='bbox 3431 4551 3488 4606; x_wconf 91' lang='lat' dir='ltr'>et</span> <span class='ocrx_word' id='word_1_814' title='bbox 3515 4547 3546 4603; x_wconf 87' lang='lat' dir='ltr'>J</span> <span class='ocrx_word' id='word_1_815' title='bbox 3553 4547 3705 4607; x_wconf 84' lang='lat' dir='ltr'>udas</span> 
     </span>
    </p>
   </div>
   <div class='ocr_carea' id='block_1_110' title="bbox 2045 4637 3701 4710">
    <p class='ocr_par' dir='ltr' id='par_1_110' title="bbox 2045 4637 3701 4710">
     <span class='ocr_line' id='line_1_110' title="bbox 2045 4637 3701 4710; baseline 0 -14"><span class='ocrx_word' id='word_1_816' title='bbox 2045 4641 2107 4696; x_wconf 90' lang='lat' dir='ltr'>in</span> <span class='ocrx_word' id='word_1_817' title='bbox 2136 4640 2452 4710; x_wconf 86' lang='lat' dir='ltr'>Evangelio</span> <span class='ocrx_word' id='word_1_818' title='bbox 2485 4640 2844 4709; x_wconf 90' lang='lat' dir='ltr'>similiter,ut</span> <span class='ocrx_word' id='word_1_819' title='bbox 2857 4638 3212 4710; x_wconf 89' lang='lat' dir='ltr'>Achitophel</span> <span class='ocrx_word' id='word_1_820' title='bbox 3229 4638 3440 4694; x_wconf 87' lang='lat' dir='ltr'>fecisse</span> <span class='ocrx_word' id='word_1_821' title='bbox 3465 4637 3701 4710; x_wconf 83' lang='lat' dir='ltr'>legitur.</span> 
     </span>
    </p>
   </div>
   <div class='ocr_carea' id='block_1_111' title="bbox 2049 4725 3705 4801">
    <p class='ocr_par' dir='ltr' id='par_1_111' title="bbox 2049 4725 3705 4801">
     <span class='ocr_line' id='line_1_111' title="bbox 2049 4725 3705 4801; baseline 0.001 -17"><span class='ocrx_word' id='word_1_822' title='bbox 2049 4729 2191 4784; x_wconf 85' lang='lat' dir='ltr'>Hinc</span> <span class='ocrx_word' id='word_1_823' title='bbox 2223 4729 2490 4801; x_wconf 88' lang='lat' dir='ltr'>sequitur</span> <span class='ocrx_word' id='word_1_824' title='bbox 2541 4727 2796 4800; x_wconf 89' lang='lat' dir='ltr'>qualiter</span> <span class='ocrx_word' id='word_1_825' title='bbox 2840 4727 3129 4783; x_wconf 88' lang='lat' dir='ltr'>Jonathas</span> <span class='ocrx_word' id='word_1_826' title='bbox 3156 4731 3213 4783; x_wconf 92' lang='lat' dir='ltr'>et</span> <span class='ocrx_word' id='word_1_827' title='bbox 3247 4725 3572 4786; x_wconf 82' lang='lat' dir='ltr'>Achimaas</span> <span class='ocrx_word' id='word_1_828' title='bbox 3622 4726 3705 4786; x_wconf 74' lang='lat' dir='ltr'>ad</span> 
     </span>
    </p>
   </div>
   <div class='ocr_carea' id='block_1_112' title="bbox 2047 4813 3706 4889">
    <p class='ocr_par' dir='ltr' id='par_1_112' title="bbox 2047 4813 3706 4889">
     <span class='ocr_line' id='line_1_112' title="bbox 2047 4813 3706 4889; baseline 0.002 -16"><span class='ocrx_word' id='word_1_829' title='bbox 2047 4817 2485 4889; x_wconf 83' lang='lat' dir='ltr'>explorandum</span> <span class='ocrx_word' id='word_1_830' title='bbox 2517 4817 2830 4872; x_wconf 91' lang='lat' dir='ltr'>consilium</span> <span class='ocrx_word' id='word_1_831' title='bbox 2859 4813 3165 4884; x_wconf 84' lang='lat' dir='ltr'>Absalom,</span> <span class='ocrx_word' id='word_1_832' title='bbox 3190 4819 3248 4874; x_wconf 92' lang='lat' dir='ltr'>et</span> <span class='ocrx_word' id='word_1_833' title='bbox 3270 4815 3460 4875; x_wconf 87' lang='lat' dir='ltr'>David</span> <span class='ocrx_word' id='word_1_834' title='bbox 3487 4833 3706 4876; x_wconf 88' lang='lat' dir='ltr'>renun-</span> 
     </span>
    </p>
   </div>
   <div class='ocr_carea' id='block_1_113' title="bbox 2047 4899 3706 4977">
    <p class='ocr_par' dir='ltr' id='par_1_113' title="bbox 2047 4899 3706 4977">
     <span class='ocr_line' id='line_1_113' title="bbox 2047 4899 3706 4977; baseline 0.004 -15"><span class='ocrx_word' id='word_1_835' title='bbox 2047 4907 2341 4973; x_wconf 85' lang='lat' dir='ltr'>tiandum,</span> <span class='ocrx_word' id='word_1_836' title='bbox 2370 4905 2632 4962; x_wconf 89' lang='lat' dir='ltr'>derelicti</span> <span class='ocrx_word' id='word_1_837' title='bbox 2663 4910 2822 4977; x_wconf 86' lang='lat' dir='ltr'>sunt,</span> <span class='ocrx_word' id='word_1_838' title='bbox 2855 4909 2911 4962; x_wconf 89' lang='lat' dir='ltr'>et</span> <span class='ocrx_word' id='word_1_839' title='bbox 2938 4899 3233 4975; x_wconf 86' lang='lat' dir='ltr'>fugientes</span> <span class='ocrx_word' id='word_1_840' title='bbox 3253 4905 3706 4974; x_wconf 84' lang='lat' dir='ltr'>declinaverunt</span> 
     </span>
    </p>
   </div>
   <div class='ocr_carea' id='block_1_114' title="bbox 2046 4987 3706 5071">
    <p class='ocr_par' dir='ltr' id='par_1_114' title="bbox 2046 4987 3706 5071">
     <span class='ocr_line' id='line_1_114' title="bbox 2046 4987 3706 5071; baseline 0.005 -20"><span class='ocrx_word' id='word_1_841' title='bbox 2046 4995 2107 5051; x_wconf 91' lang='lat' dir='ltr'>in</span> <span class='ocrx_word' id='word_1_842' title='bbox 2125 5018 2151 5046; x_wconf 91' lang='grc'>‹‹</span> <span class='ocrx_word' id='word_1_843' title='bbox 2171 4987 2422 5051; x_wconf 90' lang='lat' dir='ltr'>domum</span> <span class='ocrx_word' id='word_1_844' title='bbox 2448 4994 2767 5066; x_wconf 88' lang='lat' dir='ltr'>cujusdam</span> <span class='ocrx_word' id='word_1_845' title='bbox 2784 4993 2890 5051; x_wconf 91' lang='lat' dir='ltr'>viri</span> <span class='ocrx_word' id='word_1_846' title='bbox 2910 4991 2972 5051; x_wconf 92' lang='lat' dir='ltr'>in</span> <span class='ocrx_word' id='word_1_847' title='bbox 3001 4993 3417 5071; x_wconf 83' lang='lat' dir='ltr'>Bahurim,qui</span> <span class='ocrx_word' id='word_1_848' title='bbox 3440 4996 3706 5064; x_wconf 78' lang='lat' dir='ltr'>habebat</span> 
     </span>
    </p>
   </div>
   <div class='ocr_carea' id='block_1_115' title="bbox 2045 5083 3700 5158">
    <p class='ocr_par' dir='ltr' id='par_1_115' title="bbox 2045 5083 3700 5158">
     <span class='ocr_line' id='line_1_115' title="bbox 2045 5083 3700 5158; baseline 0.005 -18"><span class='ocrx_word' id='word_1_849' title='bbox 2045 5088 2296 5158; x_wconf 91' lang='lat' dir='ltr'>puteum</span> <span class='ocrx_word' id='word_1_850' title='bbox 2324 5086 2386 5138; x_wconf 90' lang='lat' dir='ltr'>in</span> <span class='ocrx_word' id='word_1_851' title='bbox 2417 5084 2712 5141; x_wconf 89' lang='lat' dir='ltr'>vestibulo</span> <span class='ocrx_word' id='word_1_852' title='bbox 2744 5101 2874 5154; x_wconf 88' lang='lat' dir='ltr'>suo,</span> <span class='ocrx_word' id='word_1_853' title='bbox 2905 5089 2962 5142; x_wconf 91' lang='lat' dir='ltr'>et</span> <span class='ocrx_word' id='word_1_854' title='bbox 2989 5083 3430 5146; x_wconf 82' lang='lat' dir='ltr'>descenderunt</span> <span class='ocrx_word' id='word_1_855' title='bbox 3454 5087 3516 5147; x_wconf 89' lang='lat' dir='ltr'>in</span> <span class='ocrx_word' id='word_1_856' title='bbox 3539 5105 3700 5148; x_wconf 87' lang='lat' dir='ltr'>eum.</span> 
     </span>
    </p>
   </div>
   <div class='ocr_carea' id='block_1_116' title="bbox 2045 5171 3705 5255">
    <p class='ocr_par' dir='ltr' id='par_1_116' title="bbox 2045 5171 3705 5255">
     <span class='ocr_line' id='line_1_116' title="bbox 2045 5171 3705 5255; baseline 0.007 -29"><span class='ocrx_word' id='word_1_857' title='bbox 2045 5171 2194 5227; x_wconf 89' lang='lat' dir='ltr'>Tulit</span> <span class='ocrx_word' id='word_1_858' title='bbox 2205 5176 2405 5230; x_wconf 88' lang='lat' dir='ltr'>autem</span> <span class='ocrx_word' id='word_1_859' title='bbox 2418 5172 2712 5244; x_wconf 91' lang='lat' dir='ltr'>mulier,et</span> <span class='ocrx_word' id='word_1_860' title='bbox 2731 5172 3295 5248; x_wconf 84' lang='lat' dir='ltr'>expanditvelamen</span> <span class='ocrx_word' id='word_1_861' title='bbox 3311 5193 3492 5252; x_wconf 89' lang='lat' dir='ltr'>super</span> <span class='ocrx_word' id='word_1_862' title='bbox 3514 5194 3584 5238; x_wconf 84' lang='lat' dir='ltr'>os</span> <span class='ocrx_word' id='word_1_863' title='bbox 3594 5195 3705 5255; x_wconf 88' lang='lat' dir='ltr'>pu-</span> 
     </span>
    </p>
   </div>
   <div class='ocr_carea' id='block_1_117' title="bbox 2043 5260 3704 5340">
    <p class='ocr_par' dir='ltr' id='par_1_117' title="bbox 2043 5260 3704 5340">
     <span class='ocr_line' id='line_1_117' title="bbox 2043 5260 3704 5340; baseline 0.006 -24"><span class='ocrx_word' id='word_1_864' title='bbox 2043 5260 2118 5316; x_wconf 89' lang='lat' dir='ltr'>tei</span> <span class='ocrx_word' id='word_1_865' title='bbox 2148 5262 2322 5333; x_wconf 87' lang='lat' dir='ltr'>quasi</span> <span class='ocrx_word' id='word_1_866' title='bbox 2353 5262 2582 5318; x_wconf 88' lang='lat' dir='ltr'>siccans</span> <span class='ocrx_word' id='word_1_867' title='bbox 2603 5263 2961 5336; x_wconf 89' lang='lat' dir='ltr'>ptisanas,et</span> <span class='ocrx_word' id='word_1_868' title='bbox 2983 5263 3065 5320; x_wconf 90' lang='lat' dir='ltr'>sic</span> <span class='ocrx_word' id='word_1_869' title='bbox 3082 5264 3382 5325; x_wconf 89' lang='lat' dir='ltr'>reslatuit.</span> <span class='ocrx_word' id='word_1_870' title='bbox 3407 5285 3437 5321; x_wconf 82' lang='grc'>›</span> <span class='ocrx_word' id='word_1_871' title='bbox 3468 5267 3704 5340; x_wconf 83' lang='lat' dir='ltr'>Signiﬁ-</span> 
     </span>
    </p>
   </div>
   <div class='ocr_carea' id='block_1_118' title="bbox 2045 5347 3704 5431">
    <p class='ocr_par' dir='ltr' id='par_1_118' title="bbox 2045 5347 3704 5431">
     <span class='ocr_line' id='line_1_118' title="bbox 2045 5347 3704 5431; baseline 0.007 -27"><span class='ocrx_word' id='word_1_872' title='bbox 2045 5353 2397 5406; x_wconf 85' lang='lat' dir='ltr'>cantantem</span> <span class='ocrx_word' id='word_1_873' title='bbox 2421 5349 2517 5407; x_wconf 91' lang='lat' dir='ltr'>isti</span> <span class='ocrx_word' id='word_1_874' title='bbox 2546 5350 2668 5408; x_wconf 92' lang='lat' dir='ltr'>duo</span> <span class='ocrx_word' id='word_1_875' title='bbox 2694 5347 3274 5423; x_wconf 86' lang='lat' dir='ltr'>juvenes,Jonathas</span> <span class='ocrx_word' id='word_1_876' title='bbox 3294 5349 3704 5431; x_wconf 87' lang='lat' dir='ltr'>videlicet,qui</span> 
     </span>
    </p>
   </div>
   <div class='ocr_carea' id='block_1_119' title="bbox 2114 5526 3222 5604">
    <p class='ocr_par' dir='ltr' id='par_1_119' title="bbox 2114 5526 3222 5604">
     <span class='ocr_line' id='line_1_119' title="bbox 2114 5526 3222 5604; baseline 0.006 -22"><span class='ocrx_word' id='word_1_877' title='bbox 2114 5526 2143 5567; x_wconf 72' lang='grc' dir='ltr'>ιι</span> <span class='ocrx_word' id='word_1_878' title='bbox 2171 5528 2389 5585; x_wconf 88' lang='lat' dir='ltr'>Iterum</span> <span class='ocrx_word' id='word_1_879' title='bbox 2420 5544 2664 5604; x_wconf 90' lang='lat' dir='ltr'>quoque</span> <span class='ocrx_word' id='word_1_880' title='bbox 2692 5529 2790 5587; x_wconf 89' lang='lat' dir='ltr'>hic</span> <span class='ocrx_word' id='word_1_881' title='bbox 2815 5527 3040 5589; x_wconf 79' lang='lat' dir='ltr'>CAPUT</span> <span class='ocrx_word' id='word_1_882' title='bbox 3066 5529 3222 5590; x_wconf 85' lang='lat' dir='ltr'><strong>XVII.</strong></span> 
     </span>
    </p>
   </div>
  </div>
