4092 6178
396 120 503 173 375

1406 108 1415 117 κ
1500 111 1857 169 ANGELOMI
1912 98 2363 161 LUXOVIENSIS
2401 99 2745 167 MQNACHI-

3711 94 3820 163 .379

398 243 818 315 interpretatur
842 202 1132 297 columbae
1160 237 1482 303 domum,et
1510 232 2061 302 Achimaasfrater
2091 229 2139 281 Α
2170 227 2503 315 autumant,
2520 240 2555 279 a
2584 222 2805 296 quibus
2831 219 3031 293 plures
3053 215 3392 289 consumpti
3417 229 3604 287 quam
3621 211 3822 282 gladio

402 345 589 402 meus,
614 346 716 387 eos
746 343 848 400 qui
876 342 983 398 per
1024 326 1279 394 gratiam
1327 325 1518 379 sancti
1570 324 1817 397 Spiritus
1847 319 2054 382 renati,

404 424 464 476 et
489 419 553 474 in
582 424 833 472 numero
858 414 1109 470 fratrum
1140 417 1279 469 sunt
1322 412 1579 485 ascripti.
1615 412 1725 479 Qui
1789 410 2064 468 receden-

407 513 492 564 tes
536 505 614 561 ab
660 503 950 560 Absalom
997 502 1253 573 fugiunt.
1298 518 1436 558 cum
1487 502 1785 572 malignos
1825 500 2062 576 spiritus

405 593 659 652 evadere
689 596 986 665 quaerunt.
1038 591 1105 647 Hi
1147 605 1290 660 ergo
1343 591 1581 647 stabant
1617 593 1790 661 juxta
1838 591 2062 646 fontem

409 684 611 755 Bogel,
644 684 747 756 qui
777 683 1199 754 interpretatur
1224 682 1413 736 tristis
1456 681 1549 737 vel
1595 680 1886 736 deorsum.
1924 696 2063 735 cum

410 773 709 830 tristitiam
757 776 813 825 et
858 770 1208 842 despectum
1257 768 1318 824 in
1376 770 1489 824 hoc
1520 769 1748 825 mundo
1774 772 2066 841 appetunt

410 861 654 926 habere,
683 863 927 932 propter
965 858 1219 914 c‘celestis
1245 859 1412 927 regni
1459 858 1843 913 desiderium.
1878 856 2064 913 Decli-

410 953 559 1006 nant
585 961 729 1018 ergo
757 948 990 1004 concito
1016 947 1208 1016 gradu
1230 946 1520 1016 fugientes
1542 946 1601 1001 in
1620 945 1870 1001 domum
1901 944 2065 1015 cuju-

415 1040 592 1095 sdam
619 1038 729 1094 viri
748 1037 808 1093 in
840 1036 1141 1102 Bahurim,
1171 1036 1276 1108 qui
1303 1037 1465 1091 locus
1494 1036 1915 1107 interpretatur
1952 1035 2067 1090 ele-

416 1134 544 1186 ctus
571 1126 693 1183 sive
726 1126 989 1197 juvenis.
1037 1141 1176 1180 cum
1223 1124 1641 1181 adolescentiae
1686 1129 1960 1196 tempora
2006 1123 2067 1178 in

415 1215 772 1273 memmium
802 1213 1112 1270 reducunt.
1162 1213 1539 1269 Descendunt
1585 1213 1643 1269 in
1668 1217 1918 1286 puteum
1964 1211 2071 1285 qui

417 1310 545 1363 erat
562 1305 624 1360 in
652 1302 967 1372 vestibulo,
992 1318 1130 1358 cum
1152 1302 1452 1375 patientiae
1482 1318 1542 1358 se
1561 1301 1864 1357 humiliter
1889 1300 2071 1372 subji-

419 1393 583 1450 ciunt
610 1409 743 1464 quae
772 1391 1000 1447 cunctis
1044 1390 1382 1447 necessaria
1408 1395 1515 1461 est,
1543 1394 1679 1446 ante
1709 1390 1891 1446 ﬁnem
1923 1389 2074 1445 scili-

2170 311 2362 367 vorati
2392 311 2649 367 fuerunt.

2244 423 2271 452 «
2320 401 2579 457 Acccidit
2620 406 2820 458 autem
2875 404 2939 454 ut
2992 399 3263 454 occurret
3316 392 3601 449 Absalom
3639 391 3828 448 servis

2173 491 2383 562 David,
2415 492 2631 549 sedens
2662 490 2846 559 mulo,
2881 512 2907 538 ››
2952 492 3060 544 etc.
3094 485 3378 542 Absalom
3422 482 3586 538 mulo
3614 481 3708 537 cui
3733 482 3828 536 iu-

2173 581 2408 637 sederat
2434 584 2905 655 pertranseunte,
2935 577 3062 651 ipse
3101 573 3349 648 quercui
3375 572 3689 633 inhaerens,
3731 570 3827 626 in-

2174 675 2259 727 ter
2288 671 2504 727 coelum
2530 675 2587 726 et
2616 676 2834 727 terram
2879 681 3213 740 suspensus
3262 668 3367 719 est.
3423 662 3511 718 Sic
3542 659 3832 716 nimirum

2172 761 2388 817 Scribae
2419 768 2475 816 et
2504 759 2799 824 Pharisaei,
2847 755 3147 831 principes
3178 752 3550 818 Judaeorum,
3580 750 3641 805 in
3668 748 3835 819 ligno

2175 851 2363 909 crucis
2391 851 2452 906 in
2482 867 2605 923 quo
2631 849 2952 905 Dominum
3001 848 3208 901 Jesum
3259 841 3558 898 Christum
3588 837 3838 908 afﬁgen-

2177 946 2260 997 tes
2294 939 2723 1012 supenderunt,
2755 936 2988 993 occulto
3026 932 3252 1005 judicio
3295 931 3356 986 in
3405 928 3618 985 eodem
3665 925 3836 997 ligno

2174 1030 2443 1085 damnati
2467 1033 2622 1094 sunt,
2639 1033 2819 1100 atque
2849 1026 3132 1081 eumdem
3160 1020 3454 1095 populum
3483 1017 3835 1091 Judaaorum

2175 1120 2280 1191 qui
2308 1116 2532 1173 carnali
2565 1116 2788 1185 sensui,
2812 1115 2970 1170 velut
3011 1108 3397 1168 irrationabili
3444 1106 3610 1163 mulo
3639 1105 3842 1179 praesi-

2176 1207 2315 1264 dere
2364 1206 2737 1271 videbantur,
2783 1205 2845 1260 in
2897 1201 3331 1275 dispersionem
3379 1196 3646 1268 gentium
3694 1209 3831 1268 per-

2179 1300 2577 1366 transeuntes,
2610 1294 2722 1366 ip.i
2756 1292 3156 1366 principatum
3205 1287 3426 1363 pariter
3451 1290 3508 1342 et
3535 1282 3837 1358 populum

2180 1386 2524 1441 amiserunt.
2550 1383 2825 1438 Dicamus
2852 1386 2907 1436 et
2933 1376 3326 1444 manifestius,
3349 1373 3515 1448 quod
3547 1370 3842 1428 Absalom

420 1486 510 1540 cet
537 1480 846 1556 praesentis
875 1481 1027 1536 vitae.
1048 1479 1571 1554 Expanditmulier
1591 1479 1864 1536 velamen
1895 1494 2076 1552 super
2182 1472 2345 1530 mulo
2373 1472 2606 1542 fugiens
2655 1471 2718 1526 in
2742 1485 2968 1544 quercu
3020 1483 3127 1541 per
3160 1464 3475 1556 caesariem,
3496 1460 3705 1556 capitis
3744 1458 3846 1556 sui

400 1580 492 1629 cs
522 1548 685 1644 putei
711 1586 849 1625 cum
877 1548 1152 1626 Ecclesia
1173 1585 1417 1642 precum
1462 1568 1813 1625 assiduitate
1861 1548 2077 1624 delicta
2105 1579 2147 1631 Β
2184 1578 2514 1635 suspensus
2540 1566 2646 1626 est,
2677 1560 2789 1615 hoc
2831 1556 3207 1629 significabat
3246 1554 3413 1628 quod
3453 1550 3672 1608 Iudaeis
3700 1548 3849 1606 stul-

417 1661 747 1735 juventutis
775 1666 830 1718 et
865 1660 1215 1731 ignorantiae
1247 1677 1494 1717 suorum
1537 1659 1798 1715 ﬁliorum
1828 1660 2081 1717 abscon-
2185 1653 2320 1709 titize
2348 1649 2604 1707 carnalis
2649 1665 2830 1706 sensu
2876 1647 3317 1711 incumbentes,
3370 1645 3613 1715 propter
3642 1655 3847 1735 super-

400 1733 566 1808 ,dere
596 1754 780 1807 certat
802 1749 981 1823 quasi
1004 1749 1235 1806 siccans
1272 1750 1564 1822 ptisanas,
1597 1765 1736 1805 eum
1772 1749 1966 1806 carnis
1991 1748 2080 1804 la-
2188 1741 2578 1797 stitiositatem
2604 1737 3013 1811 pharisaicam
3061 1735 3255 1804 legem
3295 1733 3699 1803 corrumpant.
3746 1743 3853 1800 Per

422 1840 672 1898 sciviam
712 1822 837 1913 peri
864 1839 1239 1896 continentia:
1286 1840 1548 1909 rigorem
1579 1839 1951 1909 constringit.
1986 1838 2079 1896 Sic
2186 1832 2383 1905 ipsam
2410 1845 2597 1902 quam
2648 1827 2727 1884 ad
2767 1825 3195 1883 correctionem
3254 1823 3384 1913 vitae
3434 1822 3850 1913 perceperant.

426 1935 485 1988 et
510 1945 608 1986 res
634 1928 779 1985 latet
826 1928 1319 1999 transgressionis
1372 1928 1646 1985 videlicet
1688 1929 1973 1984 humanae
1999 1927 2083 1983 vi-

427 2023 522 2085 tae,
550 2017 695 2090 quia
723 2033 830 2090 per
860 2017 1271 2073 assiduitatem
1302 2032 1550 2089 precum
1582 2018 1642 2073 in
1674 2016 2084 2090 compunctio-

427 2123 505 2164 ne
532 2106 963 2179 lacrymarum,
989 2110 1046 2162 et
1070 2122 1176 2179 per
1195 2107 1649 2177 castigationem
1667 2107 1933 2179 corporis
1962 2122 2089 2182 om-

427 2190 530 2247 nia
549 2189 763 2247 delicta
782 2190 1256 2261 absconduntur,
1305 2207 1374 2248 ac
1404 2192 1681 2247 homines
1719 2208 1756 2247 a
1785 2206 2088 2264 persecus-

430 2275 597 2332 sione
626 2275 857 2348 antiqui
881 2275 1069 2331 hostis
1099 2275 1345 2349 protecti
1374 2275 1723 2333 liberantur.
1757 2299 1785 2327 «
1820 2279 2088 2349 Cumque

429 2364 690 2421 venisset
714 2363 902 2420 David
930 2364 993 2419 in
1014 2369 1213 2421 castra
1236 2366 1411 2421 Sochi
1442 2365 1599 2421 filius
1622 2367 1856 2421 Naahas
1885 2365 1960 2421 de
1981 2368 2088 2422 Ra-

405 2452 578 2513 .bath
602 2452 862 2509 ﬁliorum
896 2455 1177 2521 Ammon,
1210 2458 1267 2510 et
1301 2454 1519 2527 Machir
1555 2454 1713 2510 ﬁlius
1753 2454 1987 2509 Amihel
2014 2454 2087 2509 de

432 2535 727 2603 Lodabar,
758 2542 815 2592 et
844 2535 1120 2593 Berzellai
1140 2537 1477 2593 Galaadites
1508 2537 1582 2592 de
1605 2538 1890 2612 Rogelim,
1920 2538 2091 2594 obtu-

428 2623 627 2681 lerunt
650 2625 704 2680 ei
734 2624 1009 2682 stratoria
1055 2629 1113 2682 et
1144 2626 1384 2697 tapetiu,
1419 2650 1445 2677 ››
1477 2631 1586 2683 etc.
1622 2630 1827 2685 Castra
1857 2628 1958 2683 ubi
1990 2645 2087 2683 ve-

432 2712 521 2769 nit
548 2712 735 2769 David
768 2713 1053 2770 Hebraice
1082 2714 1353 2771 Manaim
1383 2714 1682 2785 leguntur,
1714 2717 1863 2773 sicut
1907 2733 2091 2791 supra

431 2801 767 2870 innuimus,
808 2802 904 2858 hic
953 2806 1047 2859 est
1092 2802 1262 2859 locus
1294 2803 1395 2860 ubi
1421 2803 1584 2860 obvii
1621 2804 1862 2861 fuerunt
1904 2806 2089 2863 Jacob

433 2890 633 2962 angeli
658 2890 782 2961 Dei,
814 2891 966 2948 sicut
991 2891 1053 2948 in
1082 2893 1293 2950 Genesi
1316 2892 1549 2963 legitur.
1607 2894 1771 2950 Unde
1798 2895 2087 2968 scriptum

420 2983 555 3061 est:
613 3001 643 3029 ‹‹
671 2979 914 3037 Vocavit
962 2981 1147 3037 Jacob
1198 2997 1423 3038 nomen
1466 2981 1581 3038 loci
1624 2984 1889 3040 Manaim
1923 2984 2086 3057 (Gen.

432 3070 648 3141 xxxn),
668 3092 695 3120 »
712 3069 773 3126 id
790 3074 879 3127 est
905 3075 1121 3127 castra.
1149 3070 1289 3127 Sobi
1308 3086 1577 3144 namque
1596 3072 1820 3145 quievit
1839 3072 1920 3129 ibi
1951 3091 2090 3130 cum

434 3158 808 3228 muneribus,
841 3158 920 3215 ad
950 3159 1158 3228 David,
1188 3159 1345 3215 ﬁlius
1388 3160 1496 3217 fuit
1523 3161 1718 3218 Nahas
1748 3162 1922 3232 regis,
1952 3179 2091 3219 cum

435 3265 559 3323 quo
587 3249 882 3322 pugnavit
904 3249 1078 3307 Saul:
1107 3267 1230 3324 quo
1261 3255 1518 3322 mortuo,
1551 3251 1693 3308 dixit
1725 3251 1949 3308 David:
1986 3254 2092 3307 Fa-

416 3338 595 3405 ciam
622 3337 1095 3395 misericordiam
1124 3356 1263 3395 cum
1293 3345 1551 3396 Ammon
1581 3341 1734 3397 sicut
1762 3340 1898 3397 fecit
1925 3345 2095 3414 pater

439 3426 568 3496 ejus
596 3426 800 3481 Nahas
830 3441 1091 3481 mecum.
1119 3430 1478 3499 lnterempto
1508 3444 1648 3484 vero
1679 3445 1716 3484 a
1744 3429 1929 3485 David
1958 3433 2093 3484 Am-

439 3528 606 3582 mon,
636 3513 742 3586 qui
765 3516 820 3569 ei
846 3513 985 3568 inde
1016 3512 1323 3570 calvandis
1352 3516 1538 3571 servis
1567 3517 1689 3593 suis
1716 3517 1966 3588 injurias
2009 3516 2092 3573 fe-

440 3605 620 3669 cerat,
642 3600 998 3658 constitutus
1029 3607 1117 3658 est
1146 3602 1224 3659 ab
1248 3602 1464 3659 eodem
1499 3605 1702 3676 David,
1731 3606 1793 3662 in
1823 3605 1955 3662 loco
1984 3607 2098 3663 fra-

441 3689 546 3747 tris
576 3690 672 3746 sui
694 3691 853 3747 Sobi.
886 3692 1178 3748 Caeterum
1204 3692 1539 3766 spiritaliter
1559 3694 1916 3768 obsequium
1941 3697 1994 3766 ej
2006 3714 2093 3764 us,

441 3778 539 3837 vel
566 3784 917 3837 ceterorum
946 3780 1323 3839 Galilaeorum
1350 3783 1560 3852 David,
1594 3784 1882 3851 delatum,
1912 3784 2096 3842 ﬁdem

442 3869 857 3943 praetendebat
882 3870 1091 3944 populi
1136 3872 1404 3943 gentium
1431 3872 1493 3928 in
1549 3873 1868 3931 Dominum
1896 3877 2097 3931 Jesum

446 3959 765 4017 Christum.
797 3964 945 4018 Nam
990 3962 1142 4018 sicut
1186 3962 1375 4019 David
1405 3966 1879 4036 persecutionem
1921 3966 2099 4022 decli-

442 4063 599 4104 nans
627 4047 733 4104 ﬁlii
762 4049 852 4105 sui
881 4049 961 4106 ab
988 4050 1354 4108 Hierusalem
1384 4053 1644 4117 recessit,
1671 4059 1851 4128 atque
1884 4070 1920 4109 a
1951 4054 2101 4111 Gali-

445 4134 572 4191 laeis
597 4135 857 4206 benigne
882 4142 1195 4210 susceptus
1223 4143 1345 4195 est:
1385 4141 1468 4196 sic
1498 4141 1779 4197 nimirum
1814 4143 2102 4199 Dominus

444 4225 619 4282 Jesus
644 4225 903 4281 Christus
932 4224 1012 4281 ob
1041 4228 1401 4300 impietatem
1449 4229 1688 4286 Iudaeos
1732 4230 2033 4302 deserens,
2066 4247 2104 4288 a

449 4312 675 4386 populo
721 4313 989 4383 gentium
1036 4287 1354 4389 susceptus
1397 4321 1522 4373 est:
1577 4318 1679 4391 qui
1708 4318 1927 4374 multos
1949 4287 2100 4376 ﬁde.
2129 4287 2173 4342 Π

450 4400 920 4459 lium'varietate
957 4401 1246 4460 virtutum
1301 4409 1358 4461 et
1409 4404 1817 4464 doctrinarum
1856 4413 2102 4466 ornatos

452 4490 700 4549 contulit
722 4490 992 4548 Domino.

902 4568 909 4575 ‘
1061 4583 1287 4640 CAPUT
1324 4584 1508 4641 XVlll.

525 4690 555 4720 α
596 4671 662 4726 Et
689 4670 973 4743 praecepit
999 4686 1103 4727 rex
1121 4671 1270 4728 Joab
1293 4677 1350 4729 et
1372 4674 1573 4731 Abisai
1603 4678 1660 4732 et
1680 4677 1863 4734 Ethaei
1879 4676 2104 4734 dicens:

453 4778 483 4807 «
527 4759 766 4815 Servate
805 4760 952 4816 mihi
992 4777 1247 4834 puerum
1275 4763 1580 4821 Absalom.
1612 4783 1644 4818 ›
1694 4766 1867 4832 Quod
1906 4771 2109 4824 autem

452 4845 739 4902 Absalom
768 4853 936 4919 pater
966 4850 1095 4921 ejus
1145 4853 1328 4909 David
1372 4871 1628 4928 puerum
1671 4857 1955 4931 appellat,
1986 4874 2109 4915 non

458 4931 660 5004 utique
689 4939 860 4989 aetate
890 4937 1108 5006 carnis,
1137 4939 1241 4996 sed
1267 4944 1553 5013 parvitate
1585 4960 1818 5015 sensus,
1881 4946 1994 5002 hoc
2024 4949 2112 5003 est

455 5018 719 5084 stultitia.
750 5037 874 5079 non
894 5024 1053 5081 mole
1083 5030 1348 5101 corporis
1379 5033 1537 5090 dicit.

527 5131 555 5159 «
597 5109 726 5166 Fuit
752 5115 954 5168 autem
982 5113 1065 5171 ibi
1103 5117 1379 5189 praelium
1425 5122 1766 5196 dispersum
1818 5139 1998 5197 super
2028 5123 2111 5179 fa-

455 5217 488 5253 ‹
526 5197 680 5255 ciem
710 5200 907 5258 omnis
932 5206 1122 5275 terrae,
1172 5211 1229 5263 et
1257 5210 1447 5268 multo
1487 5212 1688 5285 plures
1737 5217 1906 5269 erant
1951 5228 2110 5286 quos

455 5308 487 5337 «
527 5286 711 5344 saltus
736 5301 1201 5366 consumpserat
1237 5296 1312 5353 de
1354 5300 1601 5373 populo,
1651 5315 1836 5372 quam
1865 5299 1926 5355 hi
1953 5316 2110 5373 quos

453 5389 484 5424 ‹
521 5382 834 5435 voraverat
863 5380 1098 5450 gladius
1131 5385 1192 5441 in
1216 5386 1392 5445 bello.
1426 5407 1456 5441 ›
1485 5387 1679 5443 Saltus
1717 5388 1812 5443 hic
1842 5388 1947 5460 qui
1974 5388 2109 5460 plu-

449 5477 545 5552 res
573 5471 1024 5543 consumpsisse
1065 5474 1280 5533 dicitur
1302 5494 1491 5552 quam
1543 5476 1780 5547 gladius
1830 5496 2107 5536 vorasse:

448 5550 671 5616 bestias
717 5557 1137 5636 ferocissimas,
1167 5550 1415 5643 quaeiin
1463 5566 1619 5630 saltu
1653 5573 1844 5643 erant,
1876 5570 2107 5632 Hebraei

2189 1920 2396 1978 mortis
2420 1918 2801 1975 occasionem
2824 1916 3180 1973 habuerant.
3215 1912 3379 1969 Unde
3405 1916 3462 1967 et
3489 1910 3764 1966 Salvator
3790 1907 3851 1963 in

2192 2008 2512 2077 Evangelio
2539 2007 2688 2063 dixit
2716 2006 2795 2063 ad
2825 2022 2962 2062 eos:
2996 2028 3020 2054 α
3053 2003 3237 2060 Nolite
3254 2000 3526 2058 arbitrari
3546 1997 3710 2072 quod
3738 2012 3855 2067 ego

2193 2103 2584 2175 accusaturus
2606 2098 2718 2152 sim
2747 2111 2856 2151 vos
2888 2093 3051 2167 apud
3086 2096 3315 2148 Patrem
3361 2105 3584 2145 meum.
3616 2090 3854 2159 Moyses

2194 2187 2356 2244 enim
2410 2186 2471 2242 in
2527 2201 2709 2259 quem
2771 2201 2875 2239 vos
2933 2181 3250 2251 confiditis,
3300 2179 3396 2235 ille
3449 2194 3557 2233 vos
3606 2177 3860 2232 accusat

2196 2278 2395 2349 (Joan.
2429 2276 2505 2348 v).
2542 2298 2570 2326 ››
2601 2274 2752 2331 Joab
2799 2289 2936 2330 vero
2984 2272 3043 2327 in
3095 2287 3198 2327 cor
3239 2267 3525 2325 Absalom
3574 2270 3691 2322 tres
3717 2263 3852 2321 lan-

2198 2383 2334 2424 ceas
2363 2365 2574 2436 inﬁgit,
2611 2380 2749 2420 cum
2780 2363 3064 2435 antiquus
3096 2360 3279 2417 hostis
3310 2356 3678 2430 superbiam,
3707 2369 3846 2409 ava—

2196 2456 2394 2512 ritiam
2423 2459 2481 2510 et
2528 2452 2815 2509 invidiam
2876 2467 2981 2507 seu
3038 2448 3352 2523 perﬁdiam
3400 2446 3459 2501 in
3495 2461 3597 2502 cor
3625 2439 3846 2499 Iudaici

2200 2544 2404 2618 populi
2424 2542 2692 2609 immisit,
2709 2558 2846 2614 quae
2876 2540 2986 2597 illis
3006 2539 3269 2595 maxime
3296 2533 3645 2609 perditionis
3670 2544 3855 2588 causa

2198 2639 2386 2691 erant.
2419 2632 2670 2704 Superbi
2687 2632 2946 2695 fuerunt,
2969 2628 3068 2702 qui
3099 2629 3159 2684 in
3193 2629 3542 2696 contemptu
3575 2622 3673 2678 Dei
3692 2619 3857 2677 idola

2199 2723 2660 2781 fabricaverunt.
2691 2719 2901 2794 Cupidi
2931 2718 3190 2787 fuerunt,
3216 2715 3321 2801 qui
3347 2730 3454 2786 per
3485 2710 3860 2768 transitorias

2200 2812 2486 2869 virtutum
2516 2809 2739 2866 deliciis
2769 2806 3202 2881 praeponebant
3224 2822 3237 2859 :
3259 2799 3482 2875 perﬁdi
3507 2816 3647 2857 vero
3678 2802 3737 2855 et
3768 2799 3861 2853 in-

2203 2902 2343 2968 vidi,
2380 2901 2484 2974 qui
2527 2914 2649 2955 non
2680 2898 2874 2954 solum
2927 2896 3098 2952 dictis
3122 2893 3268 2963 legis
3320 2896 3376 2946 et
3419 2888 3863 2962 prophetarum

2202 2990 2643 3065 repugnabant,
2671 2987 2776 3043 sed
2807 2986 2982 3043 etiam
3011 2983 3200 3057 ipsius
3228 2978 3551 3037 Salvatoris
3581 2991 3859 3065 praesen-

2202 3064 2346 3138 tiam
2378 3078 2763 3152 spernebant,
2797 3080 2854 3132 et
2876 3072 3181 3131 beneﬁciis
3224 3071 3353 3141 ejus
3377 3066 3595 3137 ingrati
3624 3064 3869 3122 exstite-

2200 3175 2354 3226 rant.
2390 3169 2533 3225 Hinc
2558 3171 2615 3224 et
2668 3167 2727 3223 in
2753 3164 3033 3239 passione
3060 3178 3172 3218 sua
3198 3159 3556 3231 blasphema
3598 3168 3748 3210 voce
3783 3152 3865 3210 ad

2203 3259 2455 3315 Pilatum
2488 3256 2809 3313 dicebant:
2843 3276 2871 3303 ‹‹
2906 3257 3032 3310 Non
3054 3250 3349 3307 habemus
3373 3261 3577 3317 regem
3598 3243 3715 3299 nisi
3744 3246 3862 3300 Ca:-

2200 3365 2416 3405 sarem.
2450 3371 2478 3397 »
2506 3346 2737 3416 Ingrati
2760 3342 3103 3400 exstiterant
3123 3340 3419 3396 dicentes:
3447 3355 3477 3388 (
3504 3335 3562 3393 Si
3587 3334 3751 3389 hunc
3780 3331 3863 3387 di-

2201 3438 2405 3504 mittis,
2432 3450 2553 3491 non
2583 3450 2647 3489 es
2677 3434 2906 3490 amicus
2928 3428 3182 3485 Caesaris
3217 3429 3410 3498 (Joan.
3431 3428 3580 3489 xix).
3618 3445 3645 3472 ››
3677 3421 3860 3476 Absa-

2200 3526 2321 3582 lom
2378 3538 2622 3597 quoque
2679 3526 2818 3594 post
2844 3520 3145 3575 interitum
3193 3516 3253 3572 in
3297 3508 3854 3581 foveam,grandem

2203 3615 2424 3670 missus
2453 3617 2543 3667 est
2573 3626 2712 3667 cum
2743 3608 2985 3682 iniquus
3009 3605 3264 3679 quisque
3297 3609 3432 3677 post
3454 3601 3682 3657 obitum
3727 3610 3851 3651 car-

2206 3702 2298 3758 nis
2332 3702 2393 3757 in
2420 3700 2624 3756 lacum
2671 3697 2887 3754 inferni
2918 3694 3221 3764 mergitur.
3266 3694 3454 3763 Super
3480 3703 3665 3762 quem
3694 3698 3855 3740 acer-

2208 3807 2318 3846 vus
2348 3788 2614 3862 lapidem
2642 3784 2985 3856 congeritur
3009 3802 3021 3838 :
3074 3798 3214 3839 cum
3242 3779 3459 3836 duritia
3496 3775 3713 3832 mentis
3739 3787 3860 3862 sua:

2208 3879 2289 3936 illi
2310 3858 2729 3952 exprobratur.
2750 3873 2930 3931 David
2949 3872 3305 3929 exstinctum
3324 3867 3566 3943 quidem
3608 3858 3869 3952 ploravit

2210 3985 2349 4025 cum
2379 3949 2682 4024 interitum
2714 3963 2917 4038 populi
2958 3961 3187 4017 Judaici
3236 3958 3524 4015 Dominus
3568 3952 3751 4021 ﬂevit,
3797 3949 3866 4004 si-

2212 4064 2312 4115 cut
2336 4058 2397 4114 in
2421 4055 2737 4126 Evangelio
2766 4052 3016 4123 legitur:
3046 4071 3074 4101 «ι
3100 4049 3312 4104 Videns
3332 4046 3632 4102 civitatem
3664 4042 3868 4096 Hieru-

2213 4146 2420 4213 salem,
2455 4144 2616 4200 ﬂevit
2646 4157 2828 4215 super
2852 4140 3017 4196 illam
3055 4140 3221 4210 (Luc.
3257 4140 3355 4201 ix).
3393 4157 3421 4184 »
3477 4131 3660 4203 Cujus
3689 4129 3867 4215 mise:

2213 4235 2313 4291 riae
2344 4234 2405 4290 in
2434 4236 2668 4289 tantum
2719 4213 3078 4303 compassus
3107 4230 3214 4292 est,
3250 4230 3312 4280 ut
3353 4222 3532 4280 etiam
3562 4235 3762 4291 usque
3791 4213 3867 4272 ad

2214 4328 2468 4381 mortem
2521 4320 2731 4389 crucis,
2764 4318 2826 4374 in
2872 4316 3203 4373 eruditione
3234 4319 3290 4369 et
3329 4328 3473 4369 cura
3503 4308 3717 4367 salutis
3749 4320 3868 4360 sum

2212 4409 2625 4486 permanserit.

2287 4525 2313 4553 ιι
2344 4501 2599 4555 Currens
2642 4511 2784 4567 ergo
2813 4493 3135 4552 Achimaas
3166 4507 3272 4565 per
3308 4489 3471 4546 viam
3500 4480 3867 4558 compendii,

2216 4588 2485 4646 transivit
2514 4585 2711 4645 Chusi.
2747 4608 2775 4635 »
2800 4583 3117 4640 Achimaas
3154 4580 3311 4636 ﬁlius
3344 4576 3601 4641 Sadoch,
3630 4574 3742 4647 qui
3772 4587 3871 4644 po-

2216 4678 2424 4736 sterior
2452 4676 2631 4750 coepit
2658 4679 2715 4731 et
2733 4673 2897 4748 prior
2925 4673 3052 4746 ipse
3072 4666 3477 4744 praecucurrit,
3501 4663 3868 4721 alacritatem

2217 4764 2626 4843 quorumdam
2643 4767 2990 4822 sanctorum
3019 4759 3434 4833 praeﬁgurasse
3459 4769 3582 4809 non
3612 4750 3870 4843 dubium

2218 4841 2326 4915 est.
2350 4857 2460 4924 Qui
2490 4872 2627 4913 cum
2660 4854 2778 4910 sint
2802 4850 3191 4909 conversione
3220 4844 3548 4913 novissimi,
3579 4841 3871 4915 plurimos

2218 4952 2422 5003 tamen
2451 4962 2526 5002 ex
2545 4945 2630 5002 eis
2658 4942 2760 5017 qui
2808 4941 2942 4998 illos
2988 4938 3196 5012 praeire
3243 4934 3621 4997 videbantur,
3666 4930 3789 4986 ﬁde
3817 4929 3874 4982 et

2216 5035 2530 5093 dilectione
2560 5038 2740 5106 atque
2768 5031 2998 5087 fervore
3029 5026 3271 5099 spiritus
3301 5021 3681 5080 antecedunt.

2831 5117 3061 5172 CAPUT
3098 5114 3256 5169 XIX.

2286 5234 2316 5269 α
2348 5212 2632 5285 Venitque
2661 5207 2976 5265 universus
3003 5202 3266 5276 populus
3294 5216 3501 5257 coram
3531 5214 3688 5269 rege.
3721 5220 3749 5248 »
3781 5191 3870 5251 Ille

2214 5302 2489 5361 videlicet
2515 5299 2621 5375 qui
2646 5313 2787 5354 cum
2829 5292 3019 5352 David
3057 5295 3489 5364 permanserat.
3535 5286 3708 5354 Quod
3734 5294 3869 5375 vero

2218 5392 2319 5448 ait.
2349 5414 2375 5440 «
2408 5368 2588 5446 Israel
2616 5386 2767 5457 fugit
2812 5385 2875 5441 in
2905 5380 3293 5440 tabernacula
3329 5395 3458 5443 sua,
3498 5400 3523 5426 η
3572 5376 3632 5432 hi
3661 5368 3866 5457 intelli-

2216 5479 2391 5552 gendi
2427 5482 2566 5534 sunt
2593 5455 2709 5551 qui
2720 5491 2861 5537 cum
2886 5470 3175 5535 Absalom
3195 5466 3669 5548 perduellionem
3690 5455 3868 5519 rebel-

2213 5571 2300 5627 les
2319 5569 2683 5627 exstiterant.
