4130 6182
261 217 355 272 3⁸17
1250 212 1499 267 ΕΝΛΒΒ.
1545 211 1608 266 ΙΝ
1650 207 1896 264 LIBROS

2029 208 2190 264 GUM.
2231 239 2298 250 ——
2337 206 2404 265 ΙΝ
2448 209 2575 265 LIB.
2616 213 2679 265 Il.

3569 211 3674 266 378

327 361 352 387 ‹‹
390 335 788 409 Miphiboseth
817 350 1076 408 quoque,
1099 333 1256 390 ﬁlius
1282 333 1572 400 Jonathaa,
1604 329 1912 388 descendit
1938 332 1988 384 Δ
2027 330 2178 386 vitas
2199 332 2342 387 urbs
2369 332 2594 388 consilii
2619 332 2854 388 exstitit.
2887 337 2942 387 et
2967 332 3070 404 qui
3094 330 3334 404 aliquod
3356 332 3671 388 consilium

260 451 284 475 «
320 427 378 481 in
404 441 734 481 occursum
766 424 922 493 regis
971 423 1146 479 illotis
1178 423 1463 496 pedibus.
1496 444 1524 471 »
1573 427 1634 477 In
1670 420 1912 476 Hebraeo

255 531 369 572 non
401 516 558 583 lotis,
580 513 684 568 sed
715 514 954 583 infectis
973 513 1186 582 legitur
1201 511 1912 586 pedibus.Feceratnam-

254 621 367 678 que
400 603 540 673 sibi,
574 608 639 657 ut
669 601 895 657 Hebrmi
920 601 1184 672 tradunt,
1206 601 1441 672 ligneos
1467 600 1671 673 pedes,
1697 599 1914 671 quibus

259 693 339 748 uti
367 691 546 765 quasi
576 707 684 762 pro
713 690 1087 745 naturalibus
1144 689 1398 752 solebat,
1433 689 1583 744 sicut
1613 688 1804 744 solent
1834 687 1915 742 fa-

262 798 389 838 cere
413 779 630 846 claudi,
653 779 1171 852 quemadmodum
1202 785 1258 835 et
1287 778 1383 834 ille
1415 783 1564 834 erat.

332 893 360 919 ‹‹
400 869 496 924 Ait
538 873 738 924 autem
790 883 894 922 rex
936 868 1013 923 ad
1054 868 1444 941 Miphiboseth
1493 885 1505 922 :
1555 865 1708 932 Quid
1759 864 1914 920 ultra

264 981 291 1008 ‹‹
329 958 590 1032 loqueris
619 958 648 1013 ?
679 958 884 1012 Fixum
912 962 998 1013 est
1056 957 1222 1030 quod
1267 957 1502 1013 locutus
1534 973 1691 1012 sum.
1746 957 1828 1010 Tu
1858 957 1916 1008 et

265 1071 293 1097 ‹‹
334 1047 474 1105 Siba
502 1046 741 1102 dividite
761 1047 1194 1119 possessiones.
1237 1069 1264 1096 ››
1325 1048 1390 1102 In
1421 1045 1666 1101 Hebraeo
1697 1059 1911 1114 agrum

260 1136 487 1206 legitur.
529 1135 678 1200 Quia
724 1134 784 1190 in
824 1135 938 1190 hoc
971 1134 1103 1190 loco
1135 1135 1322 1191 David
1371 1135 1690 1190 immemor
1715 1131 1915 1188 amici-

257 1225 348 1280 tiae
377 1224 490 1279 fuit
515 1228 572 1279 et
627 1222 888 1290 foederis,
938 1223 1062 1279 imo
1114 1223 1441 1294 juramenti
1486 1222 1653 1296 quod
1703 1220 1916 1277 habuit

258 1328 386 1368 cum
416 1312 743 1380 Jonathan,
776 1315 833 1366 et
865 1316 986 1366 tam
1017 1311 1256 1367 crudele
1284 1312 1449 1367 dedit
1481 1311 1796 1382 judicium,
1829 1307 1914 1363 di-

261 1417 392 1458 cens
428 1418 441 1455 :
478 1423 506 1451 «
538 1403 621 1456 Tu
659 1405 717 1454 et
745 1399 888 1455 Siha
913 1401 1155 1456 dividite
1185 1416 1420 1471 agrum.
1456 1423 1486 1450 »
1542 1399 1764 1456 Idcirco
1799 1401 1913 1454 Ro-

268 1488 442 1544 boam
485 1496 540 1545 et
592 1488 934 1556 Jeroboam,
992 1493 1055 1545 ut
1085 1490 1270 1555 aiunt,
1316 1488 1647 1546 diviserunt
1673 1489 1802 1558 ejus
1828 1502 1916 1542 re-

281 1593 477 1647 gnum.
501 1577 889 1650 Iliphiboseth
920 1579 1080 1634 enim
1103 1579 1163 1634 in
1188 1579 1478 1635 Samuelis
1503 1578 1656 1634 libro
1675 1577 1910 1647 legitur,

2024 421 2431 492 requirebant,
2455 422 2548 478 hic
2573 422 3040 490 interrogabant.
3102 424 3166 475 Et
3194 426 3257 475 tu
3291 422 3510 491 quaeris
3541 428 3670 478 tan—

2023 514 2143 564 tam
2172 510 2474 567 destruere
2505 512 2820 579 civitatem,
2851 516 2907 566 et
2938 514 3192 565 matrem
3224 509 3455 564 consilii
3508 527 3670 567 ever-

2021 603 2140 654 tere
2170 600 2229 654 in
2263 600 2436 655 Israel
2463 601 2491 654 ?
2523 601 2797 656 Dicamus
2822 599 3288 655 convenientius.
3347 598 3625 654 Ait'enim
3655 617 3667 655 :

2023 711 2047 735 ‹‹
2087 689 2292 744 Sermo
2321 689 2535 744 dicitur
2564 690 2622 744 in
2649 689 2829 744 veteri
2861 688 3199 756 proverbio,
3245 710 3270 736 η
3309 693 3420 744 etc.
3472 692 3532 743 In
3560 688 3672 743 He-

2019 777 2183 832 brazo
2212 793 2332 832 non
2356 777 2609 833 habetur
2639 801 2666 825 «
2691 778 3025 850 proverbio,
3063 799 3088 825 ››
3123 778 3235 832 Iste
3287 792 3506 842 sermo,
3551 793 3671 832 ser-

2021 883 2122 922 mo
2151 867 2298 936 legis
2327 871 2415 922 est
2440 867 2500 922 in
2530 883 2654 939 qua
2679 867 2923 937 jubetur
2944 885 2977 920 a
3005 866 3255 922 Domino
3281 882 3387 939 per
3409 869 3669 938 Moysen,

2021 962 2085 1012 ut
2112 955 2360 1028 quando
2415 956 2741 1025 ingressuri
2795 960 2991 1011 essent
3030 961 3246 1012 terram
3306 957 3589 1012 Chanaan
3619 962 3676 1012 et

2022 1049 2226 1113 gentes
2269 1043 2538 1105 deleturi,
2593 1043 2854 1117 primum
2908 1059 3120 1115 pacem
3159 1044 3484 1099 offerrent:
3519 1048 3576 1099 et
3627 1043 3674 1098 si

2021 1147 2140 1204 pax
2161 1132 2239 1188 ab
2261 1132 2343 1186 eis
2375 1133 2748 1205 reciperetur,
2800 1148 3012 1205 pacem
3043 1131 3394 1203 recipientes
3427 1132 3672 1188 tributa-

2021 1221 2090 1277 rii
2119 1238 2328 1276 eorum
2359 1220 2731 1277 efﬁcerentur
2764 1239 2775 1276 :
2810 1225 2866 1276 et
2922 1221 2970 1276 si
3026 1237 3241 1294 pacem
3299 1237 3417 1276 non
3456 1222 3675 1295 recipe-

2021 1315 2169 1376 rent,
2202 1312 2406 1375 tuncfa
2435 1310 2568 1365 ﬁliis
2599 1311 2772 1366 Israel
2799 1309 3155 1366 delerentur.
3216 1309 3438 1366 Idcirco
3477 1310 3672 1366 excla-

2021 1415 2218 1454 masse
2248 1399 2458 1454 mulier
2488 1399 2729 1471 sapiens
2759 1399 2832 1455 de
2863 1399 3095 1454 civitate
3127 1399 3305 1454 fertur
3345 1417 3358 1453 :

2094 1510 2122 1537 ‹‹
2173 1491 2376 1543 Nonne
2403 1504 2514 1558 ego
2544 1505 2678 1543 sum
2699 1504 2836 1560 quas
2869 1487 3246 1560 respondebo
3279 1487 3580 1542 veritatem
3612 1488 3674 1543 in

2023 1600 2051 1626 ‹‹
2094 1575 2290 1640 Israel,
2313 1581 2370 1631 et
2391 1581 2453 1632 tu
2473 1577 2691 1649 quieris
2722 1577 3062 1632 subvertere
3093 1577 3388 1632 civitatem
3419 1577 3447 1632 ?
3479 1577 3673 1642 Quare

245 1665 336 1746 eid
359 1672 456 1734 est,
480 1666 872 1739 Miphiboseth
901 1666 1321 1739 interpretatur
1352 1669 1600 1739 litigans
1648 1681 1778 1721 cum
1811 1665 1914 1720 Αἰ·
1941 1679 1986 1734 Β
2025 1689 2052 1716 ‹‹
2096 1665 2428 1737 praecipitas
2456 1665 2858 1721 hrereditatem
2902 1665 3134 1720 Domini
3166 1665 3194 1719 ?
3227 1688 3252 1713 ιο
3285 1670 3365 1720 Ac
3414 1665 3460 1720 si
3515 1665 3672 1721 dice-

276 1754 496 1810 tis-sima.
541 1755 804 1825 Litigans
833 1755 992 1810 enim
1024 1773 1161 1812 cum
1202 1755 1527 1824 Altissimo,
1584 1755 1645 1810 id
1676 1758 1764 1810 est
1794 1756 1913 1808 Deo

264 1842 433 1898 fuisse
455 1843 692 1910 dicitur,
721 1859 792 1900 eo
813 1847 976 1915 quod
998 1844 1336 1901 reduxisset
1360 1845 1548 1901 David
1570 1859 1709 1899 cum
1739 1858 1912 1916 pace.

261 1930 418 1986 Unde
449 1931 621 2004 quod
650 1932 732 1987 ait
755 1933 879 2002 regi
912 1949 925 1986 :
957 1957 985 1982 «
1011 1933 1199 1989 Etiam
1229 1923 1446 1990 Cuncta
1475 1932 1729 2004 accipiat
1749 1934 1914 2004 post-

253 2043 278 2068 κ
321 2036 512 2092 quam
540 2035 816 2076 reversus
836 2026 922 2076 est
949 2021 1234 2076 dominus
1250 2038 1423 2078 meus
1443 2037 1546 2076 rex
1571 2020 1633 2075 in
1663 2019 1914 2073 domum

251 2128 281 2153 κ
325 2123 505 2163 suam
566 2107 837 2179 paciﬁce,
871 2131 898 2157 »
957 2125 1082 2164 non
1139 2109 1253 2165 hoc
1305 2108 1528 2164 dixisse
1584 2106 1917 2178 suspicatur

248 2195 587 2264 gratulanti
647 2195 869 2262 animo,
919 2196 1025 2251 sed
1053 2196 1383 2262 insultanti,
1432 2201 1490 2251 et
1520 2195 1692 2266 quasi
1718 2197 1921 2248 contra

252 2283 461 2336 Deum
499 2284 916 2350 murmuranti,
964 2299 1035 2339 eo
1089 2285 1256 2356 quod
1299 2283 1590 2339 Dominus
1629 2280 1824 2350 ,David
1862 2281 1919 2336 in

251 2387 423 2444 pace
454 2371 812 2428 reduxisset.

330 2481 361 2508 ει
411 2461 482 2514 Et
510 2460 594 2515 ait
623 2460 896 2517 Berzellai
945 2461 1024 2518 ad
1078 2478 1281 2532 regem
1327 2479 1340 2516 :
1397 2464 1496 2518 Est
1540 2465 1736 2516 autem
1775 2460 1918 2514 Cha-

247 2571 275 2597 «
325 2563 542 2603 maam
577 2564 794 2604 servus
821 2554 976 2620 tuus,
1006 2551 1136 2623 ipse
1163 2550 1444 2606 ascendat
1464 2555 1676 2606 tecum.
1714 2573 1741 2598 »
1775 2549 1921 2605 Cha-

247 2653 465 2693 maam
496 2637 923 2710 interpretatur
948 2643 1279 2710 suspirans,
1301 2639 1575 2713 quandiu
1599 2639 1758 2694 enim
1775 2655 1917 2694 cum

249 2731 424 2800 patre
453 2727 809 2798 permansit,
844 2728 1154 2801 suspirans
1180 2735 1421 2786 vocatus
1445 2734 1550 2785 est.
1589 2729 1918 2799 Postquam

249 2830 396 2870 vero
423 2813 485 2869 in
513 2814 854 2871 doctrinam
884 2817 1071 2873 David
1102 2817 1352 2887 transiit,
1384 2833 1508 2874 non
1561 2817 1916 2882 Chamaam,

249 2903 356 2959 sed
388 2903 644 2974 Chama,
672 2903 840 2977 quod
867 2904 1284 2978 interpretatur
1311 2907 1527 2975 ﬁdelis,
1581 2904 1919 2978 appellatus

253 2999 360 3047 est.

902 3083 1127 3141 CAPUT
1172 3087 1276 3141 XX.

331 3192 357 3219 α
398 3169 624 3231 Accidit
653 3175 855 3227 autem
880 3177 946 3228 ut
976 3172 1057 3228 ibi
1089 3179 1248 3228 esset
1297 3173 1388 3228 vir
1443 3172 1644 3240 Belial,
1672 3173 1916 3228 nomine

271 3278 298 3303 «ι
338 3258 504 3327 Seba,
543 3259 705 3314 ﬁlius
767 3261 993 3327 Bochri,
1051 3261 1139 3316 vir
1165 3262 1489 3327 Jemineus,
1524 3284 1552 3310 »
1594 3266 1705 3317 etc.
1765 3261 1918 3317 Seba

279 3343 367 3398 vir
391 3347 578 3414 Belial,
605 3349 711 3420 qui
745 3349 1132 3406 Israeliticum
1153 3351 1450 3423 populum
1467 3366 1502 3406 a
1523 3350 1708 3406 domo
1731 3349 1916 3405 David

287 3430 532 3491 dividere
565 3443 816 3494 conatus
859 3444 971 3505 est,
1025 3439 1286 3510 ﬁguram
1328 3440 1582 3510 gestavit
1611 3439 1913 3496 haeretico-

283 3536 426 3591 rum,
455 3526 553 3597 qui
603 3526 845 3598 plebem
901 3527 1002 3583 Dei
1032 3528 1302 3584 scindere
1360 3529 1651 3599 volentes,
1693 3529 1753 3584 in
1784 3530 1917 3601 ipsa

277 3626 379 3667 sua
404 3629 594 3685 prava
615 3616 944 3672 intentione
994 3618 1162 3688 prius
1193 3616 1464 3674 damnati
1510 3618 1589 3675 ab
1633 3617 1913 3686 Ecclesia,

267 3702 626 3769 moriuntur,
668 3720 853 3776 quam
901 3705 1015 3760 hoc
1062 3706 1229 3778 quod
1287 3711 1610 3780 coeperant,
1669 3707 1916 3779 implere

270 3790 533 3860 possint.
567 3793 644 3845 De
672 3808 787 3864 quo
816 3793 1052 3866 plenius
1077 3793 1346 3850 dicemus
1375 3795 1438 3850 in
1474 3799 1803 3868 posterum.

345 3902 370 3926 ιι
414 3879 570 3934 Dixit
589 3879 781 3954 itaque
807 3883 964 3939 Joab
991 3882 1070 3939 ad
1097 3888 1381 3940 Amasam
1413 3901 1426 3940 :
1459 3884 1650 3953 Salve,
1687 3885 1769 3940 mi
1794 3884 1914 3941 fra-

260 3989 292 4017 α
337 3973 440 4025 ter.
497 3971 561 4024 Et
598 3971 780 4026 tenuit
825 3988 1011 4027 manu
1063 3972 1308 4028 dextera
1362 3979 1630 4030 mentum
1682 3979 1914 4028 Amasaa

255 4080 284 4108 ιι
326 4058 511 4130 quasi
540 4059 824 4115 osculans
846 4076 1006 4116 eum.
1040 4063 1217 4117 Porro
1239 4067 1460 4118 Amasa
1483 4077 1604 4118 non
1637 4061 1916 4117 observa-

253 4169 279 4193 ει
325 4148 410 4203 vit
436 4147 708 4218 gladium
757 4164 943 4220 quem
971 4150 1235 4206 habebat
1279 4150 1448 4218 Joab,
1493 4151 1597 4223 qui
1623 4152 1918 4223 percussit

251 4259 276 4282 «ι
318 4252 471 4292 eum
493 4236 555 4291 in
575 4236 781 4304 latere,
797 4243 853 4293 et
869 4237 1078 4295 effudit
1096 4239 1375 4296 intestina
1396 4241 1446 4311 ej
1459 4257 1527 4295 us
1545 4240 1605 4295 in
1629 4245 1864 4295 terrain.
1887 4265 1914 4289 ››

252 4325 408 4390 Quid
442 4325 720 4398 estquod
752 4326 904 4381 Joab
951 4333 1184 4383 Amasae
1242 4333 1515 4384 mentum
1563 4328 1805 4384 dextera
1838 4334 1916 4384 te-

247 4417 400 4480 nuit,
437 4414 545 4468 sed
585 4414 884 4470 sinistram
912 4415 992 4471 ad
1035 4415 1303 4485 gladium
1354 4417 1605 4473 latenter
1654 4417 1911 4486 mittens,

247 4505 382 4573 ejus
419 4502 655 4558 viscera
682 4502 909 4570 effudit,
943 4504 1054 4559 nisi
1079 4505 1194 4560 hoc
1218 4504 1386 4578 quod
1414 4511 1688 4578 patenter
1740 4507 1917 4562 datur

249 4592 564 4661 intelligi?
612 4593 862 4648 Dextera
912 4609 1176 4666 namque
1235 4600 1503 4651 mentum
1560 4600 1756 4651 tenere
1805 4602 1915 4659 est,

247 4682 432 4756 quasi
478 4697 553 4736 ex
589 4680 954 4751 benignitate
1001 4682 1278 4740 blandiri.
1330 4684 1443 4740 Sed
1489 4683 1790 4740 sinistram
1839 4684 1918 4740 ad

249 4770 530 4840 gladium
581 4769 774 4837 mittit,
805 4771 910 4843 qui
961 4771 1210 4828 latenter
1247 4789 1320 4828 ex
1371 4771 1600 4829 malitia
1646 4774 1916 4845 percutit.

249 4859 346 4914 Sic
377 4857 531 4914 Joab
560 4874 803 4930 quoque
826 4859 1044 4915 blande
1071 4865 1128 4916 et
1147 4860 1404 4933 benigne
1424 4861 1659 4918 locutus
1685 4868 1789 4924 est,
1812 4863 1916 4917 sed

253 4962 335 5001 ex
367 4947 592 5002 malitia
618 4948 678 5002 in
707 4947 848 5002 dolo
871 4947 1107 5004 occidit.

340 5057 370 5083 ‹‹
417 5035 480 5087 Et
504 5035 858 5091 exclamavit
889 5035 1104 5092 mulier
1141 5036 1380 5109 sapiens
1422 5037 1496 5094 de
1546 5039 1780 5095 civitate
1839 5040 1916 5095 ad

265 5145 296 5170 ‹‹
341 5121 514 5192 Joab,
541 5123 740 5206 dicens
772 5142 785 5180 :
819 5127 1046 5190 Sermo,
1079 5125 1289 5198 inquit,
1313 5127 1624 5184 dicebatur
1650 5129 1710 5184 in
1739 5130 1917 5185 veteri

266 5233 297 5260 ι(
341 5212 648 5283 proverbio
687 5231 699 5269 :
735 5215 846 5278 Qui
873 5214 1258 5286 interrogant,
1314 5216 1676 5287 interrogent
1708 5218 1912 5284 Abela,

256 5321 288 5348 α
332 5304 390 5354 et
418 5299 500 5356 sic
526 5300 941 5373 proﬁciebant.
977 5306 1323 5373 Nonneego
1353 5321 1488 5361 sum
1517 5322 1653 5378 quae
1674 5323 1919 5379 respou-

245 5411 277 5438 α
322 5388 484 5444 debo
515 5390 825 5446 veritatem
848 5391 1052 5462 Israel,
1075 5397 1130 5448 et
1152 5398 1212 5449 tu
1235 5394 1450 5466 quaeris
1473 5393 1815 5449 subvertere
1840 5397 1915 5450 ci-

243 5501 272 5526 «ι
321 5479 613 5534 vitatem?
642 5485 700 5534 et
730 5479 980 5552 reliqua.
1011 5502 1040 5530 »
1069 5481 1160 5537 Ait
1190 5483 1346 5540 enim
1371 5500 1384 5538 :
1407 5505 1435 5531 «
1457 5483 1912 5556 Sermo,inquit,

241 5567 567 5623 dicebatur
599 5567 662 5622 in
685 5569 935 5640 antiquo
977 5570 1314 5643 proverbio,
1365 5569 1467 5642 qui
1521 5571 1912 5642 interrogant,

240 5656 645 5725 interrogent,
676 5679 704 5705 »ο
736 5661 847 5712 etc.
870 5663 949 5714 Ac
974 5658 1022 5714 si
1050 5663 1252 5730 aperte
1278 5659 1574 5715 diceretur
1603 5675 1616 5715 :
1666 5660 1802 5716 Haec
1832 5661 1914 5716 ci-

2024 1759 2111 1810 ret
2140 1771 2152 1808 :
2184 1755 2300 1808 Cur
2319 1755 2408 1808 vis
2440 1753 2740 1809 destruere
2795 1755 3094 1810 civitatem
3135 1754 3290 1810 hanc
3348 1759 3674 1827 antequam

2023 1859 2235 1916 pacem
2266 1843 2688 1914 interrogando
2718 1843 2959 1914 offeras,
2981 1844 3132 1899 sicut
3155 1844 3213 1899 in
3237 1843 3365 1913 lege
3382 1844 3626 1915 jubetur
3648 1846 3675 1901 ‘2

2025 1936 2140 1989 Cur
2161 1932 2338 1988 etiam
2371 1947 2491 1987 non
2547 1932 2740 2001 legem
2797 1933 2856 1987 in
2907 1933 3080 1988 nobis
3120 1933 3396 1988 Israelitis
3449 1949 3672 1996 servas,

2022 2037 2159 2093 quae
2190 2021 2250 2076 in
2288 2020 2633 2091 alienigenis
2665 2021 2806 2076 olim
2829 2027 3064 2078 servata
3089 2027 3180 2077 est
3203 2023 3231 2076 ‘I

2099 2132 2125 2158 ‹‹
2169 2111 2294 2165 Fuit
2323 2113 2521 2164 autem
2553 2110 2705 2165 Joab
2735 2126 2915 2182 super
2943 2126 3186 2166 omnem
3221 2109 3413 2164 Israel.
3449 2132 3478 2159 ››
3511 2107 3675 2163 Redi-

2025 2204 2118 2254 tus
2141 2199 2341 2270 itaque
2363 2198 2665 2253 Israelitici
2696 2198 2902 2270 populi
2928 2197 3006 2253 ad
3044 2198 3227 2253 David
3258 2201 3394 2269 post
3408 2195 3674 2251 interfec-

2024 2287 2248 2344 tionem
2267 2285 2568 2351 Ahsalom,
2595 2286 2847 2342 reditum
2877 2286 3089 2358 prioris
3115 2285 3355 2358 populis
3381 2284 3457 2340 ad
3488 2283 3677 2338 Chris-

2026 2380 2152 2431 tum
2175 2381 2315 2448 post
2353 2376 2653 2431 interitum
2687 2391 3009 2448 pravorum
3036 2375 3458 2444 magistrorum
3491 2371 3675 2442 signi-

2024 2465 2266 2520 ﬁcabat.
2318 2464 2472 2520 Seba
2525 2480 2667 2533 ergo
2721 2464 2876 2519 illius
2935 2464 3161 2531 Bochri,
3221 2463 3325 2535 qui
3382 2461 3676 2536 populum

2027 2554 2370 2610 seducendo
2399 2553 2476 2608 ad
2505 2553 2705 2620 David,
2737 2552 3060 2617 avertebat,
3091 2567 3352 2608 errorem
3383 2551 3677 2622 signiﬁcat

2026 2645 2130 2716 qui
2166 2643 2226 2698 in
2249 2645 2570 2715 Synagoga
2593 2642 2936 2698 Judmorum
2965 2641 3188 2698 diutius
3229 2641 3676 2705 dominabatur,

2027 2734 2140 2803 etla
2159 2732 2417 2788 veritatis
2433 2730 2640 2788 auditu
2661 2731 2956 2803 populum
2974 2731 3373 2788 subvertebat.
3393 2731 3677 2803 Interpre-

2027 2825 2183 2876 tatur
2199 2826 2399 2876 autem
2415 2819 2566 2876 Seba
2591 2827 2768 2886 secta,
2795 2821 3125 2888 asecando,
3152 2835 3273 2876 non
3299 2835 3336 2875 a
3367 2819 3678 2876 sectando.

2029 2909 2236 2964 Bochri
2258 2914 2458 2964 autem
2480 2909 2897 2981 interpretatur
2923 2911 3353 2979 primogenitus
3384 2924 3565 2965 meus.
3603 2912 3678 2963 Is-

1945 3030 1987 3084 c
2026 2998 2145 3054 rael
2167 3014 2309 3068 ergo
2325 2999 2399 3054 de
2415 3015 2539 3070 quo
2559 2998 2844 3071 scriptum
2866 3004 2980 3054 est:
3008 3021 3035 3048 «
3052 2998 3230 3053 Filius
3247 2997 3679 3069 primogenitus

2028 3088 2209 3143 Israel
2230 3104 2410 3159 quem
2433 3086 2611 3142 eduxi
2633 3087 2705 3141 de
2734 3090 2986 3158 Egypto
3016 3087 3221 3155 (Mich.
3245 3087 3344 3156 v1),
3373 3106 3402 3133 ››
3438 3085 3675 3149 Sebam,

2025 3177 2087 3232 id
2113 3183 2204 3232 est
2223 3191 2482 3233 errorem
2502 3181 2756 3237 secutus,
2780 3175 3261 3245 resequestrabat
3291 3190 3328 3229 a
3353 3172 3537 3228 domo
3571 3171 3679 3226 Da-

2023 3267 2148 3337 vid,
2183 3265 2504 3322 Ecclesiam
2543 3263 2926 3336 semetipsam
2979 3262 3314 3334 separabat,
3371 3277 3509 3317 cum
3550 3261 3679 3331 ejus

2026 3363 2386 3413 conventum
2446 3352 2813 3410 exsecrando
2865 3352 3146 3422 negabat.
3209 3354 3270 3408 Hi
3323 3366 3464 3421 ergo
3522 3355 3680 3424 post-

2025 3462 2213 3518 quam
2242 3460 2348 3517 per
2377 3443 2641 3499 mulieris
2672 3442 2954 3514 sapientis
2996 3441 3457 3511 suggestionem,
3484 3446 3540 3496 et
3566 3439 3680 3513 spi-

2025 3535 2211 3590 ritalis
2244 3534 2530 3590 doctrinae
2571 3532 2961 3589 eruditionem
2996 3536 3176 3605 caput
3223 3531 3377 3588 Seba
3405 3531 3678 3586 abscide-

2025 3629 2178 3692 rant,
2213 3623 2271 3678 id
2304 3627 2390 3678 est
2409 3621 2719 3678 diabolum
2747 3637 2781 3677 a
2812 3621 2989 3677 corde
3018 3638 3128 3676 suo
3149 3620 3509 3691 abjecerant.
3537 3635 3679 3674 mox

2027 3711 2104 3766 ad
2139 3711 2324 3767 David
2371 3715 2766 3772 revertuntur,
2800 3727 2939 3765 cum
2997 3709 3289 3764 (Ihristum
3333 3709 3545 3763 Filium
3580 3707 3678 3764 Dei

2027 3799 2205 3854 corde
2237 3797 2481 3853 credulo
2513 3802 2892 3853 venerantur.

2648 3937 2882 3993 CAPUT
2923 3936 3054 3992 XXI.

2099 4064 2196 4118 Hic
2224 4062 2488 4134 sequitur
2513 4062 2764 4133 qualiter
2793 4060 2982 4116 fames
3013 4059 3167 4116 facta
3219 4065 3311 4114 est
3349 4059 3407 4115 in
3465 4058 3677 4115 diebus

2025 4152 2212 4209 David
2266 4151 2455 4207 tribus
2512 4150 2705 4206 annis.
2744 4154 2803 4205 Et
2847 4166 2983 4206 cum
3043 4149 3442 4206 consuluisset
3487 4150 3680 4206 Domi-

2025 4256 2575 4313 num,responsum
2607 4244 2696 4295 est
2746 4257 2758 4294 :
2820 4239 2990 4306 Quod
3029 4244 3272 4314 propter
3319 4239 3461 4297 Saul
3490 4244 3546 4296 et
3570 4240 3678 4295 do-

2027 4347 2194 4386 mum
2227 4331 2357 4402 ejus
2389 4335 2447 4386 et
2477 4329 2855 4400 sanguinem,
2888 4329 3032 4403 quia
3056 4329 3674 4395 occiditGabaonitas,

2028 4425 2083 4475 et
2113 4420 2357 4492 reliqua.
2395 4419 2514 4475 Filii
2547 4419 2686 4476 Saul
2717 4419 2819 4491 qui
2850 4435 2988 4475 cum
3023 4421 3183 4485 Doeg
3212 4419 3499 4483 Idumaao,
3530 4418 3677 4473 dum

2029 4509 2228 4564 adhuc
2258 4509 2426 4580 pueri
2475 4512 2695 4570 essent,
2727 4508 3067 4563 sacerdotes
3120 4512 3178 4560 et
3221 4505 3582 4559 Gabaonitas
3616 4505 3676 4557 in

2029 4597 2190 4653 Nobe
2221 4596 2580 4665 occiderant,
2613 4597 2672 4652 hi
2703 4600 2843 4651 sunt
2880 4593 3126 4650 Armoni
3178 4596 3233 4646 et
3263 4590 3674 4669 Miphiboseth,

2029 4703 2182 4758 quos
2214 4685 2442 4758 peperit
2471 4685 2522 4740 ei
2550 4683 2784 4754 Bespha
2809 4682 2932 4737 ﬁlia
2976 4679 3151 4740 Ahia,
3191 4683 3248 4733 et
3275 4676 3544 4749 quinque
3576 4674 3679 4732 filil

2029 4773 2238 4829 Michol
2258 4772 2392 4826 filiae
2426 4771 2586 4832 Saul,
2617 4786 2770 4841 quos
2816 4767 3020 4836 genuit
3044 4765 3259 4820 Adrieli
3308 4763 3429 4820 ﬁlio
3465 4764 3678 4820 Berzel-

2029 4862 2127 4924 lai,
2158 4861 2262 4931 qui
2293 4860 2400 4914 fuit
2435 4860 2509 4913 de
2539 4859 2723 4912 domo
2757 4855 2940 4912 Lathi.
2986 4854 3278 4921 Quaeritur
3307 4871 3414 4911 cur
3442 4855 3544 4911 ﬁlii
3586 4855 3678 4913 Mi-

2029 4949 2163 5006 ch01
2183 4948 2482 5014 dicuntur,
2523 4961 2661 5000 cum
2708 4960 2830 5000 non
2884 4943 3113 5011 Michol,
3173 4945 3277 5001 sed
3331 4945 3462 5016 ejus
3512 4962 3680 5002 soror

2027 5037 2221 5097 Merod
2250 5051 2400 5090 uxor
2429 5033 2603 5089 fuerit
2629 5032 2845 5089 Adrieli
2868 5033 2988 5090 ﬁlio
3022 5035 3337 5092 Bercellai?
3385 5036 3555 5102 Quod
3601 5037 3680 5092 ita

2029 5128 2305 5185 solvitur:
2340 5123 2536 5182 Merob
2581 5122 2805 5196 quippe
2836 5140 2938 5180 eos
2967 5125 3314 5181 naturaliter
3369 5127 3594 5195 genuit,
3625 5129 3682 5181 et

2026 5217 2236 5276 Michol
2265 5231 2416 5271 uxor
2443 5214 2650 5285 David,
2678 5229 2812 5286 quis
2843 5219 2899 5270 et
2920 5214 3060 5284 Egla
3083 5214 3316 5281 dicitur,
3342 5231 3445 5269 eos
3466 5214 3526 5270 in
3547 5214 3680 5270 loco

2029 5308 2287 5364 ﬁliorum
2318 5303 2582 5370 nutrivit,
2609 5307 2666 5358 et
2690 5301 2801 5357 sibi
2821 5303 2882 5357 in
2925 5302 3080 5358 ﬁlios
3111 5302 3436 5375 adoptavit,
3458 5302 3679 5358 idcirco

2029 5397 2156 5468 ejus
2182 5395 2282 5450 tilii
2318 5394 2598 5450 dicuntur
2630 5411 2642 5449 ε
2679 5415 2706 5442 ‹‹
2744 5391 2860 5447 Filii
2894 5392 3053 5446 enim
3108 5391 3310 5456 Israel,
3373 5395 3439 5446 ut
3493 5391 3683 5462 Scrip-

2027 5494 2159 5540 tura
2188 5484 2380 5546 refert,
2410 5484 2765 5554 juraverunt
2797 5479 3164 5547 Gabaonitis,
3191 5479 3297 5535 sed
3328 5478 3467 5534 Saul
3493 5478 3682 5533 voluit

2027 5579 2329 5645 percutere
2361 5589 2464 5628 eos
2491 5571 2609 5628 zelo
2641 5570 2810 5644 quasi
2844 5586 2952 5642 pro
2983 5568 3118 5623 ﬁliis
3153 5568 3326 5624 Israel
3365 5573 3420 5622 et
3448 5566 3620 5630 Juda,
3653 5586 3678 5610 ι»

2023 5677 2096 5716 eo
2118 5659 2285 5731 quod
2314 5661 2559 5716 eosdem
2582 5662 2779 5716 vivere
2806 5661 2982 5717 Josue
3012 5657 3194 5731 gratis
3223 5650 3678 5726 quodammodo
