4102 6184
462 177 576 231 370

1585 170 1941 230 ANGE'LOMI
1977 163 2437 229 LUXOVIENSiS
2473 173 2792 232 ΜΟΝΑοΗί

468 296 824 373 permiserit,
855 300 912 352 et
938 294 1249 351 abstulerit
1277 311 1314 351 a
1350 294 1487 351 ﬁliis
1528 295 1709 351 Israel
1736 292 2004 367 praedam
2038 306 2134 347 eo-
2154 293 2211 349 Α
2248 296 2376 350 tum
2404 296 2615 369 Ephan
2661 299 3022 372 apellaverit,
3056 298 3154 355 vel
3176 299 3367 355 alium
3409 297 3754 374 quemlibet
3800 284 3933 359 hoc.

471 404 609 444 rum
638 387 875 457 injuste.
918 382 1103 453 Hujus
1137 381 1376 438 ultionis
1425 399 1611 439 causa
1648 382 1711 438 in
1761 380 2132 437 Gabaonitas

476 472 826 531 Abimelech
887 470 1172 526 sacerdos
1200 471 1436 543 exstitit,
1462 477 1520 528 et
1553 472 1686 526 ideo
1717 470 1904 526 fames
1931 472 2138 525 exorta

472 566 579 620 est.
611 562 825 618 Fames
845 560 1047 633 itaque
1068 559 1198 616 htec
1235 559 1532 631 signiﬁcat
1560 560 1923 617 sterilitatem
1944 558 2136 614 bono-

471 668 607 709 rum
622 667 877 725 operum
897 649 958 705 in
978 648 1278 721 plebibus,
1293 655 1536 723 propter
1548 648 1975 719 negligentiam
1999 645 2137 701 doc-

472 744 669 798 torum
692 738 839 794 dum
859 736 1193 793 inserviunt
1211 737 1640 811 cupiditatibus
1660 737 1929 798 terrenis,
1945 738 2138 790 etnon

471 833 795 903 procurant
844 831 1088 899 pastum
1135 826 1483 899 impendere
1532 824 1997 901 praedicationis.
2034 826 2139 879 Ne-

474 921 685 975 cantur
706 931 848 986 ergo
866 916 1233 984 Gabaonitaa,
1258 934 1398 973 cum
1418 917 1686 973 studium
1702 919 1876 973 rectae
1898 928 2142 971 conver-

474 1007 742 1077 sationis,
774 1011 832 1063 et
860 1006 1214 1063 restauratio
1244 1007 1602 1079 penitentiae,
1633 1012 1770 1081 post
1796 1006 2035 1078 lapsum
2061 1002 2140 1059 ab

473 1095 735 1152 incautis
760 1111 868 1168 per
911 1094 1221 1151 haereticos
1262 1112 1368 1151 seu
1395 1112 1503 1169 per
1547 1095 1847 1165 malignos
1899 1092 2141 1165 spiritus

477 1184 865 1242 subtrahitur.
902 1185 1149 1241 Gabaon
1183 1185 1342 1241 enim
1369 1187 1541 1242 collis
1570 1183 2145 1254 mcerorisinterpre-

476 1274 652 1332 tatur.
688 1276 753 1329 Et
778 1273 932 1329 bene
964 1273 1308 1330 Gabaonitaa
1342 1274 1632 1331 interfecti
1666 1274 1968 1337 dicuntur,
2000 1287 2140 1326 cum

478 1362 763 1421 desidiosi
789 1361 1016 1435 quique
1041 1368 1176 1435 post
1200 1368 1543 1436 perpetrata
1569 1362 1814 1430 scelera,
1848 1376 2008 1417 vana
2036 1376 2142 1433 spe

480 1451 812 1508 securitatis
842 1467 880 1507 a
907 1451 1153 1508 diabolo
1180 1452 1566 1521 deluduntur,
1598 1453 1704 1525 qui
1721 1451 1933 1508 dicunt
1965 1468 1978 1505 :
2008 1452 2146 1505 «Fa-

479 1542 712 1598 ciamus
736 1540 918 1610 mala,
962 1546 1028 1597 ut
1066 1541 1305 1598 veniant
1327 1542 1502 1597 nobis
1541 1542 1702 1598 bona
1745 1541 2079 1611 (Homini):
2110 1562 2139 1589 ››

2246 386 2490 443 nomine
2518 389 2826 457 notaverit,
2858 388 3151 445 incertum
3180 393 3287 444 est.

2319 499 2347 525 ‹‹
2370 478 2656 542 Quartum
2689 477 2916 535 bellum
2963 477 3073 534 fuit
3099 478 3159 534 in
3186 479 3353 548 Geth,
3380 500 3407 528 »
3440 483 3497 535 et
3523 478 3789 554 reliqua,
3819 494 3914 537 us-

2245 580 2489 639 quequo
2527 567 2626 634 ait,
2653 590 2682 618 «
2717 567 2781 623 Hi
2826 571 3087 640 quatuor
3114 567 3239 624 nati
3266 572 3407 624 sunt
3434 568 3509 625 de
3564 570 3820 643 Ampha
3852 570 3910 627 in

2249 676 2277 705 «
2311 655 2475 726 Geth,
2503 659 2560 711 et
2596 656 2939 713 ceciderunt
2966 656 3028 713 in
3056 671 3244 713 manu
3286 657 3474 714 David
3498 661 3562 715 et
3590 668 3913 716 servorum

2249 764 2277 793 «
2304 745 2453 815 ejus.
2486 768 2514 795 ››
2541 747 2807 810 Quatuor
2848 746 2963 802 ista
2985 745 3144 803 bella
3169 753 3377 803 contra
3406 747 3766 805 Palaestinas
3800 748 3914 807 bel-

2246 833 2375 889 lum
2406 833 2742 905 signiﬁcant
2794 834 3001 891 Christi
3042 836 3210 907 quod
3240 836 3407 892 omni
3436 842 3721 911 tempore
3749 838 3911 895 istius

2247 923 2382 978 vitae
2429 923 2491 979 in
2516 923 2803 980 membris
2842 923 2964 980 suis
2993 928 3200 980 contra
3226 924 3492 998 perﬁdos
3525 940 3816 1001 quosque
3842 928 3912 983 is-
3980 920 3995 939 ⁸

2250 1012 2365 1070 tius
2394 1013 2615 1077 saeculi,
2646 1017 2705 1069 et
2725 1018 2932 1071 contra
2959 1014 3251 1088 spiritales
3278 1015 3576 1088 nequitias
3606 1016 3910 1074 incessan-

2251 1107 2337 1159 ter
2366 1102 2505 1171 agit.
2531 1102 2685 1158 Licet
2723 1102 2881 1159 enim
2911 1104 3103 1159 fastus
3134 1103 3504 1175 mundanus,
3547 1106 3658 1162 vel
3676 1109 3911 1180 propter

2249 1191 2402 1248 vitas
2454 1191 2857 1263 malignorum
2880 1192 3216 1266 spirituum,
3254 1209 3315 1249 se
3356 1188 3547 1263 erigat
3574 1201 3786 1253 contra
3812 1199 3903 1251 Ec-

2250 1280 2494 1337 clesiam
2523 1281 2754 1344 Christi.
2776 1282 2973 1338 omnis
2991 1286 3191 1339 tamen
3219 1283 3593 1356 principatus
3622 1285 3896 1341 adversa-

2251 1370 2498 1439 riorum,
2531 1384 2671 1426 vero
2694 1371 2901 1438 David,
2930 1371 3046 1427 hoc
3066 1376 3157 1427 est
3172 1387 3311 1442 rege
3340 1372 3573 1429 Christo
3601 1373 3896 1448 imperau-

2251 1463 2306 1515 te
2335 1476 2404 1516 ac
2425 1459 2631 1532 praelia
2671 1458 2979 1517 servorum
3026 1474 3277 1517 suorum
3322 1462 3708 1535 disponente,
3736 1462 3898 1529 cedit,

2250 1552 2309 1604 et
2335 1563 2544 1604 omnes
2578 1549 2903 1605 adversarii
2926 1549 3267 1605 vincuntur.
3302 1550 3467 1607 Unde
3498 1551 3811 1607 Psalmista
3836 1566 3901 1606 ex

484 1646 746 1705 quorum
776 1630 1084 1687 damnatio
1108 1631 1278 1702 juxta
1306 1636 1411 1688 est.
1426 1631 1539 1687 Sed
1557 1632 1796 1704 Respha
1812 1646 1948 1704 quae
1966 1629 2141 1685 inter-
2167 1645 2211 1700 Β
2254 1653 2512 1709 persona
2541 1636 2812 1694 Ecclesiae
2833 1637 3203 1695 conﬁdenter
3229 1638 3405 1695 dicit:
3442 1660 3469 1689 ‹‹
3493 1643 3558 1696 in
3582 1642 3712 1697 Deo
3735 1637 3911 1705 facie.

480 1724 746 1794 pretatur
773 1736 1004 1790 cursus,
1057 1720 1180 1777 tilia
1200 1721 1385 1788 Ahiae,
1417 1722 1522 1794 qui
1570 1721 1989 1792 interpretatur
2011 1720 2141 1788 fra-

478 1816 576 1867 ter
604 1813 753 1881 ejus,
789 1812 1006 1869 tollens
1034 1812 1317 1879 cilicium,
1343 1811 1669 1867 substravit
1691 1809 1805 1866 sibi
1835 1824 2016 1881 super
2042 1824 2143 1881 pe-

481 1904 657 1969 tram,
684 1904 742 1956 et
780 1900 973 1957 donec
1008 1900 1258 1957 stillaret
1285 1916 1450 1973 aqua
1501 1915 1682 1973 super
1731 1915 1835 1956 eos
1864 1898 1938 1955 de
1968 1897 2141 1965 coelo,

483 1994 541 2045 et
568 2005 693 2045 non
743 1989 967 2046 dimisit
1007 2004 1147 2046 aves
1179 1989 1441 2046 lacerare
1470 2006 1573 2045 eos
1602 2002 1710 2062 per
1731 1987 1913 2053 diem,
1947 2001 2144 2059 neque

482 2076 710 2137 bestias
738 2094 847 2151 per
873 2082 1134 2141 noctem.
1150 2094 1289 2134 cum
1311 2078 1411 2150 pia
1440 2077 1775 2134 sollicitudo
1799 2081 2144 2133 sanctorum

485 2166 709 2223 talibus
756 2183 1117 2223 succurrens
1158 2168 1353 2236 rigore
1379 2166 1589 2238 jejunii
1622 2171 1801 2238 atque
1848 2164 2145 2220 instantiae

482 2269 736 2327 precum
764 2254 1077 2322 incumbit,
1113 2254 1307 2311 donec
1336 2254 1809 2311 misericordiam
1836 2254 1934 2309 Dei
1955 2253 2145 2324 impe-

482 2346 596 2401 tret
653 2360 833 2417 super
872 2361 977 2401 eos
1052 2344 1128 2401 de
1186 2345 1367 2401 caelo:
1428 2358 1820 2417 compescens
1876 2342 2150 2398 videlicet

486 2446 706 2503 pravos
762 2433 1057 2501 homines,
1100 2449 1336 2490 necnon
1402 2439 1459 2489 et
1520 2433 1818 2503 malignos
1876 2431 2148 2516 spiritus,

486 2521 693 2591 pravis
725 2521 1213 2591 suggestionibus
1241 2536 1453 2599 eorum
1500 2522 1686 2577 vitam
1734 2519 1977 2575 ulterius
2024 2534 2153 2575 cor-

487 2623 789 2681 rumpere.

558 2740 590 2781 h
621 2726 868 2788 Factum
918 2736 1008 2789 ‘est
1036 2736 1237 2790 autem
1289 2742 1533 2789 rursum
1586 2730 1859 2805 praelium
1901 2731 2152 2788 Philisti-

491 2832 522 2871 δι
560 2828 781 2878 norum
811 2821 1097 2878 adversus
1126 2821 1324 2889 lsrael,
1360 2845 1388 2873 »
1421 2827 1478 2879 et
1518 2821 1769 2895 reliqua,
1829 2826 2148 2895 ‘usquequo

492 2909 594 2976 ait,
618 2929 651 2962 τι
678 2911 921 2968 tertium
968 2919 1211 2985 quoque
1258 2908 1484 2968 bellum
1541 2909 1653 2967 fuit
1696 2910 1759 2967 in
1787 2910 1912 2968 Gob
1940 2917 2148 2968 contra

2250 1742 2390 1783 mus
2409 1726 2708 1799 virtutem,
2737 1749 2765 1777 »
2786 1730 2894 1784 etc.

2880 1920 3107 1980 CAPUT
3143 1920 3298 1980 XXII.

2326 2106 2355 2135 «
2390 2085 2640 2140 Locutus
2666 2086 2756 2139 est
2784 2087 2985 2140 autem
3033 2082 3221 2139 David
3263 2084 3518 2141 Domino
3558 2085 3745 2142 Verba
3783 2098 3901 2140 car-

2254 2195 2284 2223 ‹‹
2324 2172 2502 2229 minis
2530 2173 2731 2244 hujus,
2770 2172 2856 2228 in:
2876 2172 2971 2228 die
3000 2188 3123 2245 qua
3150 2171 3423 2229 liberavit
3446 2188 3587 2230 eum
3622 2172 3900 2230 Dominus

2257 2286 2285 2314 ‹‹
2327 2263 2401 2319 de
2453 2272 2639 2318 manu
2687 2261 2963 2318 omnium
3013 2261 3398 2319 inimicorum
3448 2278 3713 2331 suorum,
3735 2266 3789 2318 et
3826 2260 3899 2317 de

2261 2375 2289 2402 ‹‹
2329 2368 2516 2408 manu
2556 2351 2714 2407 Saul.
2750 2354 2815 2407 Et
2864 2351 2980 2407 ait:
3015 2350 3304 2407 Dominus
3342 2357 3508 2426 petra
3544 2366 3698 2423 mea,
3733 2362 3758 2400 ›ι
3784 2355 3891 2406 etc.

2257 2441 2552 2507 Quaeritur
2591 2454 2696 2496 cur
2756 2440 2922 2497 solus
2974 2440 3265 2512 septimus
3311 2441 3572 2497 decimus
3624 2437 3887 2512 psalmus

2256 2530 2679 2588 tantummodo
2708 2529 2768 2585 in
2797 2529 2948 2586 libro
2978 2532 3205 2601 Regum
3252 2530 3569 2602 reperiatur
3595 2524 3887 2597 conscrip-

2256 2625 2352 2677 tus
2372 2621 2400 2676 ?
2427 2624 2538 2675 Nec
2566 2620 2865 2676 immerito
2887 2620 3157 2693 psalmus
3172 2620 3273 2675 iste
3298 2617 3353 2673 in
3378 2613 3894 2687 Regnorumlibris

2259 2709 2422 2765 solus
2453 2708 2770 2774 invenitur,
2815 2709 2958 2781 quia
2987 2718 3241 2779 regnum
3279 2706 3423 2763 illud
3449 2706 3765 2776 signiﬁcat,
3793 2702 3901 2760 ubi

2259 2799 2672 2855 adversarium
2691 2799 2924 2854 nullum
2963 2798 3343 2855 habebimus.
3375 2798 3442 2852 Et
3466 2795 3583 2852 hoc
3601 2798 3712 2864 est,
3739 2792 3905 2868 quod

2258 2887 2319 2944 in
2375 2886 2831 2961 praetitulatione
2880 2887 3097 2960 psalmi
3152 2887 3335 2958 hujus
3392 2884 3699 2953 scribitur;
3722 2887 3782 2939 in
3808 2881 3903 2939 die

490 3008 525 3053 ι
564 2971 953 3069 Philistmes,
988 2971 1064 3057 in
1102 2971 1224 3074 quo
1274 3000 1566 3075 perc‘ussit
1614 3001 1957 3057 Adeodatus
1986 3000 2144 3056 filius
2185 3002 2229 3058 Ὀ
2259 2993 2382 3049 qua
2408 2977 2621 3050 erit)“it
2649 2993 2787 3032 eum
2822 2977 3107 3075 βίῖωίηυδ
3128 2977 3407 3075 mima?“
3433 2971 3906 3032 omniuminimi'

491 3104 523 3139 α
562 3084 749 3147 saltus
794 3088 1211 3164 polymitarius
1258 3084 1712 3147 Bethlehemites
1764 3090 1994 3148 Goliath
2047 3093 2149 3146 Ge-

491 3186 522 3232 ι
559 3173 805 3235 thaeum.
839 3193 868 3230 »
901 3178 1057 3236 multi
1095 3180 1272 3251 igitur
1308 3179 1619 3253 requirunt
1660 3180 1795 3253 quis
1838 3179 2012 3235 fuerit
2039 3179 2145 3235 iste

492 3264 862 3341 Adeodatiis,
906 3266 1064 3324 ﬁlius
1094 3269 1301 3336 saltus,
1334 3266 1774 3342 polymitarius,
1800 3264 2149 3325 Betlehemi-

492 3359 601 3412 tes.
635 3354 749 3413 Sed
778 3355 1058 3413 Hebraeus
1080 3373 1241 3430 saape
1263 3357 1456 3414 dictus
1480 3358 1563 3414 ita
1591 3358 1854 3430 exponit.
1880 3357 2149 3413 Adeoda-

492 3448 609 3512 ius,
640 3440 851 3518 inquit,
883 3446 1012 3519 ipse
1033 3449 1121 3502 est
1144 3444 1353 3502 David.
1383 3443 1607 3503 Idcirco
1638 3443 1854 3502 dicitur
1880 3438 2149 3502 Adeoda—

493 3536 608 3603 tus,
640 3533 786 3608 Quia
812 3540 848 3591 a
886 3532 1005 3591 Deo
1031 3529 1253 3591 electus
1283 3539 1374 3591 est
1424 3535 1485 3590 in
1525 3544 1801 3606 regnum.
1833 3534 2009 3591 Filius
2040 3532 2151 3591 sal-

492 3624 610 3692 tus,
633 3625 778 3697 quia
805 3622 880 3680 de
906 3622 1062 3680 saltu
1086 3624 1191 3680 ubi
1220 3641 1363 3681 oves
1407 3623 1710 3698 pascebat,
1740 3623 1993 3680 eductus
2036 3628 2144 3679 est.

497 3707 915 3786 Polymitarius
945 3728 1108 3781 vero,
1130 3713 1297 3786 [quia
1326 3712 1400 3770 de
1432 3722 1646 3785 genere
1676 3706 1933 3769 Beseleel
1960 3718 2151 3769 mater

497 3801 626 3873 ejus
654 3801 762 3858 fuit
794 3802 1266 3871 Bethlehemites,
1298 3800 1443 3875 quia
1468 3800 1542 3857 de
1586 3799 1924 3858 Bethlehem
1954 3802 2152 3858 civita-

494 3893 551 3946 te
581 3890 815 3947 exstitit.
861 3893 1010 3946 Nam
1036 3891 1243 3947 Noemi
1278 3895 1337 3948 et
1366 3891 1518 3947 Ruth
1544 3895 1811 3962 tempore
1841 3880 2147 3959 ubertatis,

497 3996 572 4037 ex
598 3981 821 4053 quibus
853 3981 1040 4037 David
1060 3986 1224 4037 ortus
1255 3985 1363 4049 est,
1391 3997 1643 4037 reversa
1667 3986 1805 4036 sunt
1841 3981 1903 4036 in
1932 3980 2150 4036 Bethle-

494 4066 657 4123 hem.
693 4070 758 4123 Et
804 4069 949 4140 quia
996 4076 1183 4125 causa
1240 4069 1414 4142 panis
1464 4068 1618 4124 Ruth
1663 4071 1812 4124 Booz
1848 4076 1991 4125 nota
2020 4073 2146 4124 est:

496 4148 718 4211 idcirco
746 4154 908 4211 idem
937 4156 1106 4212 locus
1130 4158 1350 4213 domus
1379 4156 1551 4229 panis
1571 4162 1819 4212 vocatus
1844 4162 1949 4213 est.
1982 4155 2147 4212 Unde

499 4234 626 4298 Gob
655 4242 717 4298 in
746 4254 867 4316 quo
892 4238 1002 4300 fuit
1026 4244 1271 4318 bellum,
1304 4251 1368 4301 ut
1395 4244 1556 4301 idem
1589 4244 1870 4301 Hebraeus
1901 4248 2149 4302 transtu-

2260 3082 2468 3121 corum
2489 3082 2758 3135 suorum,
2790 3070 2847 3122 et
2869 3065 2944 3121 de
2974 3080 3163 3121 manu
3197 3064 3357 3123 Saul.
3386 3088 3414 3115 »

2330 3158 2433 3211 «Et
2455 3155 2566 3211 ait:
2602 3155 2887 3211 Dominus
2902 3161 3070 3229 petra
3088 3171 3225 3212 mea
3252 3160 3311 3211 et
3323 3153 3623 3225 refugium
3649 3156 3903 3208 meum.»

2257 3245 2397 3311 Quis
2428 3243 2588 3300 enim
2616 3245 2909 3314 ﬁguratur
2936 3245 2999 3300 in
3031 3244 3215 3300 David
3234 3244 3352 3300 nisi
3380 3244 3476 3300 ille
3504 3242 3609 3317 qui
3640 3234 3799 3298 venit
3822 3252 3904 3296 se-

2256 3333 2525 3390 cundum
2550 3348 2792 3390 carnem
2812 3350 2885 3390 ex
2934 3334 3164 3390 semine
3194 3326 3422 3390 David?
3459 3332 3571 3399 Qui
3600 3324 3801 3403 utide
3845 3329 3904 3385 ih

2254 3433 2505 3495 corpore
2535 3439 2643 3479 suo
2663 3423 2830 3496 quod
2855 3427 2945 3480 est
2983 3423 3261 3490 Ecclesia,
3292 3423 3492 3480 adhuc
3541 3420 3763 3495 patitur
3806 3418 3905 3475 ini—

2256 3513 2464 3580 micos,
2489 3512 2655 3584 quod
2678 3524 2898 3584 corpus
2918 3526 3041 3569 non
3072 3511 3319 3585 eripitur
3334 3512 3411 3568 de
3436 3520 3621 3569 manu
3646 3508 3905 3566 inimico-

2255 3615 2414 3665 rum,
2441 3600 2555 3655 nisi
2585 3616 2725 3656 cum
2752 3605 2810 3657 et
2838 3622 2866 3651 ‹‹
2896 3600 2999 3659 illa
3026 3601 3354 3657 novissima
3377 3599 3615 3656 inimica
3642 3596 3899 3652 destrue-

2257 3697 2352 3747 tur
2372 3707 2533 3746 mors
2559 3693 2613 3760 (Ι
2645 3690 2781 3746 Cor.
2814 3695 2933 3759 xv),
2970 3712 2998 3742 υ
3038 3696 3103 3747 ut
3126 3691 3505 3764 perveniatur
3532 3687 3608 3745 ad
3645 3684 3896 3758 regnum

2258 3779 2378 3835 Dei.
2414 3783 2559 3835 Nam
2589 3779 2860 3851 psalmus
2891 3780 2988 3836 hic
3019 3779 3121 3835 uni
3151 3784 3385 3837 tantum
3414 3784 3536 3835 non
3558 3780 3754 3851 potest
3773 3776 3905 3831 con-

2257 3870 2459 3924 venire
2487 3880 2779 3943 personae,
2806 3869 2911 3925 sed
2938 3874 3200 3943 quatuor
3214 3867 3611 3926 divisionibus
3644 3865 3913 3937 subjace-

2257 3958 2361 4015 bit.
2396 3959 2459 4014 id
2486 3963 2572 4015 est
2609 3958 2804 4032 primo
2862 3958 3070 4015 ordine
3122 3958 3417 4031 propheta
3473 3955 3762 4029 loquitur,
3812 3953 3915 4027 qui

2259 4048 2480 4119 gratias
2509 4049 2631 4117 agit
2659 4048 2824 4121 quod
2845 4061 2983 4103 eum
3004 4047 3080 4102 de
3103 4046 3383 4117 gravibus
3402 4044 3684 4119 periculis
3710 4043 3917 4099 divina

2264 4139 2454 4212 pietas
2478 4138 2728 4194 liberare
2750 4137 2998 4209 dignata
3035 4142 3144 4194 est.
3190 4136 3486 4205 Secundo,
3531 4134 3815 4200 Ecclesia,
3847 4144 3916 4190 eo

2259 4226 2425 4300 quod
2448 4238 2552 4299 per
2577 4225 2796 4282 multas
2817 4225 3186 4283 calamitates
3205 4222 3606 4281 Christianum
3623 4219 3919 4297 pupulum

497 4327 583 4400 lit,
619 4308 787 4388 lacus
802 4330 1221 4405 interpretatur
1239 4308 1267 4388 τ’
1283 4330 1505 4389 idcirco
1527 4333 1669 4407 quia
1700 4333 1849 4388 sicdt
1868 4331 1928 4388 in
1947 4332 2147 4389 lacum

2268 4316 2341 4372 ad
2365 4315 2739 4388 baptismum
2772 4315 2845 4371 de
2876 4315 3040 4371 orbis
3084 4314 3464 4371 universitate
3494 4308 3751 4383 collegit.
3784 4314 3919 4409 Ter-

498 4415 740 4477 l'eonum
764 4424 899 4495 quis
928 4399 1183 4479 nutritur
1208 4428 1264 4479 et
1282 4399 1818 4496 praeceps-labitur,
1849 4423 1930 4478 ita
1964 4420 2150 4479 David
2189 4399 2227 4409 ν
2262 4406 2362 4496 ἷξον
2391 4421 2503 4496 ΫΟΧ
2529 4404 2846 4496 salvatoris
2867 4404 3150 4475 illabitur:
3182 4403 3287 4461 Ubi
3319 4400 3747 4496 pulcherrimi}
3774 4399 3925 4496 δΠξι·

498 4506 892 4585 Semetlpsum
913 4514 1120 4568 contra
1149 4511 1377 4568 Goliath
1402 4509 1625 4568 fortiter
1650 4512 1728 4568 ad
1750 4500 2150 4584 pugnandum

498 4594 799 4674 Opposuit.
826 4600 1015 4668 Quem
1047 4601 1225 4658 etiam
1257 4614 1501 4658 sensum
1539 4597 1812 4658 videlicet
1848 4600 2015 4675 quod
2073 4599 2151 4657 ab

499 4700 571 4748 eo
596 4690 772 4751 datus
813 4693 998 4750 David
1046 4684 1410 4764 intelligitur,
1460 4691 1772 4765 sequentia
1820 4690 2148 4759 declarant,

499 4778 624 4851 ubi,
657 4781 902 4856 expletis
934 4782 1174 4857 prteliis,
1210 4768 1634 4855 subjungitur:

574 4943 603 4971 ‹‹
634 4923 701 4977 Hi
725 4928 984 4994 quatuor
1007 4926 1125 4981 nati
1160 4930 1298 4981 sunt
1323 4925 1398 4981 de
1423 4924 1666 4997 Arapha
1704 4924 1764 4980 in
1796 4923 1958 4991 Geth,
1979 4926 2035 4979 et
2062 4938 2155 4979 ce-

504 5031 532 5063 ¢
564 5009 837 5067 ciderunt
860 5011 922 5067 in
950 5024 1137 5069 manu
1165 5014 1360 5090 David.
1376 5019 1434 5069 et
1464 5028 1776 5069 servorum
1817 5012 1966 5082 ejus.
1995 5032 2022 5061 »
2055 5013 2157 5068 Ju-

503 5097 619 5155 daei
656 5114 903 5171 quoque
940 5100 1099 5157 hanc
1136 5101 1462 5173 Arapham,
1505 5105 1761 5156 matrem
1808 5100 2152 5169 gigantum:

503 5183 766 5256 Orphan,
798 5201 1020 5244 nurum
1068 5189 1275 5245 Noemi
1303 5204 1435 5245 esse
1482 5190 1865 5245 arbitrantur.
1916 5190 2065 5242 Nam
2103 5192 2161 5245 et

503 5269 694 5328 taliter
721 5290 833 5331 nos
880 5276 1060 5333 etiam
1089 5277 1149 5332 in
1179 5277 1500 5348 cujusdam
1538 5275 1842 5331 volumine
1874 5274 2160 5347 scriptum

503 5360 854 5431 reperimus.
887 5367 1183 5439 losephus
1222 5366 1283 5421 in
1314 5365 1553 5421 duobus
1593 5363 1809 5436 proeliis
1835 5365 2167 5434 concordat

505 5465 645 5507 cum
678 5453 979 5528 Scriptura
1020 5459 1268 5524 Regum.
1322 5454 1403 5509 De
1430 5453 1598 5510 tertio
1626 5452 1832 5526 proelio
1862 5454 1969 5509 ait:
1999 5456 2165 5527 quod

506 5542 788 5616 apparuit
836 5544 1023 5610 fortis,
1054 5544 1319 5600 mittente
1352 5542 1539 5600 David
1561 5542 1887 5599 exercitum
1917 5545 2162 5602 nomine

505 5634 738 5710 Ephan,
768 5640 1062 5709 cognatus
1086 5635 1240 5709 ejus.
1276 5632 1391 5692 Sed
1419 5639 1620 5693 utrum
1664 5633 1865 5710 ipsum
1896 5634 2165 5694 Adeoda—

2261 4494 2529 4550 sionibus
2558 4494 2743 4549 virtus
2773 4494 2904 4565 ejus
2934 4497 3271 4567 etpotestas
3299 4490 3670 4550 describitur.
3696 4488 3923 4555 Quarto

2259 4582 2473 4639 iterum
2498 4581 2772 4637 Ecclesiae
2803 4581 2963 4639 dicta
2982 4581 3384 4656 proferuntur,
3406 4578 3462 4637 et
3483 4590 3772 4637 concessa
3790 4583 3926 4633 mu-

2259 4687 2406 4729 nera
2436 4671 2645 4728 Christi
2673 4670 3016 4729 laudantur.

2333 4800 2363 4834 ‹
2387 4778 2454 4836 Et
2477 4778 2756 4836 exaudiet
2780 4779 2855 4837 de
2886 4779 3110 4853 templo
3142 4781 3351 4836 sancto
3379 4793 3512 4835 suo.
3547 4799 3576 4827 »
3602 4774 3924 4849 Templum

2262 4870 2383 4939 Dei,
2414 4868 2587 4925 Filius
2613 4866 2733 4925 Dei.

2336 4999 2363 5029 ‹‹
2390 4980 2456 5032 Et
2485 4974 2841 5032 contremuit
2870 4978 3092 5032 terra.»
3131 4976 3306 5031 Terra
3327 4976 3595 5047 peccato.
3625 4995 3653 5024 α
3690 4969 3902 5029 Funde

2267 5088 2295 5116 ‹‹
2336 5070 2540 5121 menta
2565 5064 2878 5131 montium,
2910 5086 2937 5114 ››
2971 5080 3109 5137 spes
3139 5062 3562 5136 superborum.
3587 5063 3928 5128 «Quoniam

2271 5176 2299 5207 αι
2337 5154 2522 5209 iratus
2554 5157 2642 5209 est
2661 5152 2768 5223 eis,
2800 5175 2827 5204 »
2847 5153 2992 5226 quia
3022 5167 3495 5223 recognoveruni
3520 5153 3671 5207 iram
3703 5151 3826 5208 Dei.

2342 5282 2369 5309 «
2397 5262 2681 5328 Fumus,»
2703 5261 3088 5333 compunctio
3111 5258 3547 5333 pmnitentium.
3574 5280 3604 5309 α
3625 5258 3936 5316 Carbones

2275 5372 2303 5402 «
2346 5348 2621 5404 succensi
2647 5354 2786 5405 sunt
2814 5349 2892 5406 ab
2921 5365 3014 5406 eo.
3047 5368 3078 5403 ›
3101 5349 3300 5406 Corda
3326 5347 3642 5405 hominum
3692 5347 3937 5405 inﬂam-

2275 5442 2437 5495 mata
2457 5441 2493 5494 ἐι
2518 5438 2734 5511 Spiritu
2760 5444 2986 5495 sancto.

2349 5566 2376 5594 α
2391 5543 2701 5602 Inclinavit
2718 5545 2959 5602 caelos.»
2978 5545 3130 5614 Quia
3147 5546 3331 5620 ipsos,
3356 5543 3430 5601 de
3458 5543 3683 5619 quibus
3699 5543 3939 5602 dictum

2278 5637 2367 5693 est
2382 5651 2396 5693 :
2413 5633 2590 5693 «αωιί
2608 5640 2891 5695 enarrant
2910 5636 3165 5708 gloriam
3184 5635 3286 5693 Dei
3302 5633 3657 5709 (Psal,xv1u)
3668 5656 3680 5691 ~.
3690 5652 3719 5685 ν»
3733 5633 3814 5692 de
3826 5632 3939 5692 ad-
