4102 6184
246 161 343 221 381
1270 164 1521 220 ENARR.
1548 162 1623 220 IN
1650 161 1893 219 LIBROS
1918 162 2179 221 unum.
2210 184 2282 208 ιι·-
2310 168 2380 223 IN
2406 166 2542 223 LIB.
2569 165 2635 222 Il.
3541 167 3653 224 ιιι

242 292 421 345 ventu
459 298 571 343 suo
611 287 863 342 nuntios
906 287 1085 355 misit,
1142 290 1200 343 et
1251 287 1579 358 descendit,
1630 286 1891 343 formam
1914 289 1967 341 Α
2007 293 2213 359 perato
2240 290 2430 359 hoste,
2460 295 2518 347 et
2556 293 2799 365 peracta
2848 289 3094 347 victoria
3146 289 3376 360 mortis,
3403 288 3651 348 laudem

239 378 391 435 servi
422 376 839 449 suscipiendo.
2004 379 2191 434 sancti
2218 379 2279 435 in
2308 386 2598 436 aeternum
2642 382 2759 436 Deo
2803 378 3150 435 cantabunt.
3184 400 3214 427 ‹‹
3246 378 3506 435 Dixitvir
3551 377 3650 435 cui

306 492 335 521 ‹‹
373 466 724 533 Cherubim,
750 488 777 515 ››
801 466 1058 523 scientiaa
1087 467 1419 540 plenitudo.
1442 468 1732 525 «Pennas
1758 482 1896 524 ven-
2003 488 2031 515 ‹‹
2073 468 2458 524 constitutum
2491 468 2681 525 estde
2732 468 2961 524 Christo
2990 467 3090 523 Dei
3117 466 3338 523 Iacob:
3376 466 3650 537 egregius

234 572 265 609 «ι
306 564 534 623 torum,
572 577 601 607 ιδ
630 556 883 612 scientiae
910 561 1279 614 sanctorum.
2001 575 2031 604 «
2072 556 2293 627 psaltes
2324 558 2521 615 Israel.
2559 582 2585 608 »
2612 557 2678 613 id
2704 562 2817 627 est,
2850 555 3066 613 nobilis
3088 554 3420 629 psalmista,
3443 554 3548 628 qui
3568 553 3654 612 vi-

311 658 349 700 a
386 645 641 703 Tonabit
658 645 730 700 de
745 645 907 701 caelis
924 646 1271 715 Dominus,»
1284 646 1344 703 id
1366 651 1475 713 est,
1488 646 1563 703 de
1585 646 1891 719 apostolis.
1999 644 2210 701 delicat
2228 651 2285 702 et
2299 648 2594 720 propheta
2608 647 2909 704 luculento
2929 661 3204 703 sermone
3220 649 3281 701 et
3298 644 3650 702 manifestis-

318 759 351 790 κ
389 738 537 795 Misit
592 735 834 807 sagittas
892 750 1054 792 suas.
1109 758 1138 786 »
1181 737 1438 808 Sagittae,
1495 737 1889 807 evangelistae.
2001 733 2148 789 sime
2176 734 2252 789 de
2279 735 2509 792 Christo
2542 735 2681 791 Filio
2710 736 2809 792 Dei
2834 734 3037 803 Jacob,
3060 734 3211 791 etde
3238 734 3649 791 incarnatione

244 845 278 876 α
322 827 594 898 Fulgura,
630 844 658 875 ιι
687 824 975 881 miracula
1013 830 1383 882 sanctorum.
2002 821 2154 891 ejus,
2179 838 2249 876 ac
2280 822 2689 896 redemptione
2720 823 2972 879 humani
2993 822 3227 892 generis
3254 822 3647 896 prophetavit.

321 932 353 970 ι
390 914 799 971 Fundamenta
824 917 1015 986 terrae,
1051 936 1081 965 »
1119 914 1272 971 fides
1302 915 1571 973 Ecclesia)
1610 916 1894 974 manifes-
2072 932 2099 959 ‹‹
2139 912 2388 984 Spiritus
2421 912 2652 969 Domini
2693 913 2928 969 locutus
2959 917 3049 969 est
3080 928 3185 985 per
3228 928 3342 983 me,
3371 916 3430 969 et
3454 927 3650 969 set'mo

242 1008 385 1062 tata.
2001 1021 2028 1049 «ι
2070 1000 2200 1070 ejus
2225 1017 2331 1073 per
2358 1001 2630 1071 linguam
2675 1019 2896 1058 meam.
2926 1004 3080 1057 Deus
3107 1001 3286 1058 Israel
3310 1002 3455 1059 mihi
3484 1001 3650 1058 locu-

312 1112 345 1147 ‹
382 1092 626 1151 Μίεἰῑάε
655 1091 807 1148 coelo
834 1097 893 1148 et
920 1092 1252 1165 assumpsit
1268 1109 1388 1150 me.
1412 1094 1521 1151 nld
1536 1099 1645 1161 est,
1678 1094 1893 1151 Filium
2001 1108 2029 1138 «ε
2073 1092 2166 1144 tus
2222 1094 2332 1155 est,
2366 1091 2532 1147 fortis
2580 1091 2775 1159 Israel,
2828 1091 3171 1147 dominator
3220 1091 3537 1148 hominum
3558 1091 3652 1162 juo

235 1194 413 1240 suum
456 1186 628 1239 Pater
654 1183 833 1249 misit,
865 1186 921 1239 et
949 1183 1277 1257 assumpsit
1323 1183 1645 1241 Ecclesiam
1694 1202 1888 1242 suam.
2000 1200 2030 1228 α
2072 1183 2220 1235 stus.
2262 1198 2292 1233 δ
2341 1180 2588 1252 Spiritus
2644 1181 2806 1236 enim
2836 1180 3093 1251 Domini,
3123 1179 3230 1253 qui
3266 1185 3357 1236 est
3400 1180 3649 1253 Spiritus

305 1296 334 1324 «
376 1272 674 1329 Liberavit
703 1287 800 1328 me
830 1272 906 1328 de
934 1272 1178 1329 inimico
1208 1288 1346 1329 meo
1390 1274 1826 1347 potentissimo,
1859 1294 1891 1329 ›
1997 1273 2243 1324 sanctuS
2278 1284 2291 1324 ε
2326 1274 2384 1324 ει
2410 1284 2607 1325 sermo
2659 1269 2912 1337 Domini.
2954 1269 3059 1343 (Illi
3098 1274 3187 1325 est
3214 1269 3372 1325 mill!
3402 1269 3503 1325 Dei
3535 1285 3651 1326 εθα

244 1362 302 1419 id
331 1368 436 1431 est,
468 1379 539 1418 ex
570 1362 837 1418 diabolo.
1996 1373 2133 1430 quas
2188 1358 2480 1431 prepheta
2526 1359 2973 1428 vaticinaverat,
3023 1374 3130 1433 per
3165 1359 3420 1430 gratiam
3472 1372 3648 1415 suam

323 1473 350 1500 κ
385 1455 450 1507 Et
470 1451 676 1507 eduxit
723 1466 823 1508 me
864 1452 926 1507 in
955 1450 1288 1521 latitudine,
1322 1477 1348 1503 ››
1376 1454 1487 1511 hoc
1516 1459 1622 1523 est,
1654 1454 1713 1511 in
1744 1452 1889 1511 cha—
1995 1448 2284 1502 veraciter
2312 1447 2576 1519 proferre
2605 1448 2952 1506 donaverat.

258 1539 439 1594 ritate.
2070 1559 2098 1587 ‹‹
2140 1540 2270 1609 ipse
2301 1538 2460 1594 enim
2488 1539 2728 1612 spiritus
2758 1540 2856 1595 Dei
2879 1538 3064 1596 Jacob
3105 1538 3451 1595 dominatur
3477 1537 3537 1593 in
3577 1536 3649 1594 ti-

323 1646 351 1676 α
386 1626 675 1684 Retribuat
699 1628 844 1684 mihi
887 1630 1223 1687 secundum
1262 1631 1550 1701 justitiam
1604 1648 1825 1688 meam,
1859 1651 1887 1681 ι
1919 1644 1958 1699 Β
1999 1648 2027 1676 ‹‹
2068 1642 2234 1681 more
2290 1628 2543 1693 Domini,
2572 1629 2726 1685 sicut
2776 1628 2878 1685 lux
2932 1644 3164 1686 aurorae
3218 1627 3443 1684 oriente
3499 1625 3644 1691 sole,

252 1715 308 1771 id
334 1720 436 1784 est,
471 1717 808 1773 secundum
838 1716 1244 1776 innocentiam
1300 1719 1437 1777 ﬁdei
1488 1726 1545 1777 et
1584 1721 1888 1778 bonorum
2000 1737 2028 1765 «
2069 1731 2247 1771 mana
2270 1716 2499 1789 absque
2524 1718 2787 1774 nubibus
2804 1718 3021 1775 rutilat.
3043 1740 3070 1768 »
3093 1720 3345 1784 Aurora,
3365 1716 3645 1788 Ecclesia,

239 1818 489 1878 operum
509 1809 569 1861 et
596 1808 863 1862 actuum.
1997 1805 2221 1859 oriente
2247 1806 2391 1875 sole,
2424 1807 2656 1864 Christo
2681 1813 3026 1879 resurgente
3055 1825 3091 1864 a
3119 1807 3389 1874 mortuis,
3413 1806 3647 1879 absque

301 1914 333 1943 α
376 1896 531 1949 Cum
560 1899 770 1950 sancto
798 1899 1040 1952 sanctus
1070 1896 1205 1953 eris.
1232 1920 1262 1948 ››
1289 1898 1377 1953 Ad
1402 1899 1723 1955 Dominum
1741 1898 1888 1955 dici-
1997 1893 2262 1949 nubibus
2290 1895 2507 1963 rutilat,
2532 1897 2592 1951 id
2622 1901 2730 1966 est,
2748 1897 2981 1970 absque
3007 1902 3257 1970 peccato
3284 1895 3647 1953 inﬁdelitatis

228 1983 346 2051 tur,
378 1984 488 2055 qui
518 1998 658 2039 cum
688 1988 894 2041 sancto
922 1985 1126 2058 utique
1154 1990 1420 2042 sanctus.
1995 1982 2339 2054 resplendet
2364 1985 2426 2041 in
2455 1986 2775 2043 miraculis.
2800 1987 3022 2053 Pluvia,
3049 1986 3404 2055 Evangelica
3432 1984 3647 2058 praedi-

298 2090 332 2121 «
375 2072 531 2127 Cum
559 2071 743 2129 electo
769 2073 988 2129 electus
1018 2074 1156 2140 eris,
1188 2079 1246 2130 et
1274 2090 1414 2130 cum
1444 2091 1724 2147 perverso
1760 2090 1889 2148 per-
1994 2071 2150 2126 catio
2174 2088 2187 2127 :
2212 2072 2400 2128 herba
2430 2074 2767 2130 credentem
2812 2074 3108 2144 signiﬁcat
3134 2074 3429 2147 populum
3452 2090 3466 2128 :
3489 2078 3647 2130 terra

221 2174 257 2211 ¢
298 2160 585 2215 verteris.
611 2181 639 2209 »
670 2160 758 2216 0b
777 2161 893 2217 hoc
917 2162 1085 2233 quod
1111 2162 1194 2216 eis
1225 2175 1351 2217 non
1377 2162 1553 2228 favet,
1574 2179 1887 2235 perversus
1994 2174 2137 2214 vero
2170 2160 2509 2217 Ecclesium.
2544 2163 2747 2217 Potest
2771 2161 3072 2217 moraliter
3122 2160 3366 2229 intelligi
3393 2159 3593 2233 aptius
3626 2176 3640 2214 :

226 2260 381 2301 esse
414 2246 644 2301 videtur
673 2263 687 2301 :
721 2248 861 2318 quia
891 2271 919 2297 κ
949 2249 1223 2321 superbis
1280 2250 1511 2317 resistit,
1567 2250 1889 2307 humilibus
1996 2247 2108 2313 Qui
2138 2247 2298 2303 enim
2324 2248 2385 2303 in
2408 2250 2617 2305 timore
2640 2250 2874 2306 Domini
2898 2248 3371 2305 dominationem
3398 2248 3461 2303 in
3498 2245 3641 2302 sub-

220 2334 345 2389 dat
379 2335 640 2403 gratiam
672 2336 816 2405 (Jac.
848 2338 949 2407 Iv).
983 2360 1012 2387 ››
1994 2336 2132 2392 ditis
2162 2342 2414 2403 exercet,
2445 2337 2593 2394 lucis
2632 2355 2816 2411 opera
2863 2355 2970 2412 per
3012 2338 3201 2395 solem
3219 2336 3461 2409 justitiaa
3508 2336 3641 2393 illu-

295 2445 329 2472 ‹‹
379 2424 449 2478 In
481 2425 603 2480 Deo
630 2436 769 2481 meo
802 2427 1131 2494 transiliam
1161 2443 1422 2484 murum.
1458 2450 1484 2479 υ
1514 2433 1739 2486 Murum
1776 2431 1884 2488 ita-
1993 2426 2225 2482 minata
2272 2427 2496 2499 profert
2538 2444 2552 2482 :
2600 2444 2712 2483 nec
2764 2428 2826 2484 in
2883 2428 2965 2484 eis
3017 2427 3245 2501 aliquid
3308 2425 3645 2483 remanebit

213 2528 341 2586 que
376 2512 577 2583 illum,
610 2530 792 2586 quem
846 2516 1119 2573 humano
1170 2519 1370 2588 generi
1415 2519 1565 2575 inter
1608 2520 1796 2576 Deum
1825 2527 1885 2579 et
1992 2514 2342 2586 Obscurum,
2395 2516 2503 2572 sed
2556 2516 2749 2573 imbre
2796 2517 3048 2574 οωὶθειίε
3101 2516 3302 2587 grai-1%
3340 2514 3640 2586 irrigatus:

213 2601 538 2658 hominem
568 2608 880 2660 erexerant
910 2610 1174 2677 peccata.
1993 2603 2265 2672 germina
2294 2604 2578 2662 virtutum
2608 2606 2668 2662 in
2697 2622 2877 2663 carne
2906 2609 3131 2675 vivens,
3163 2604 3497 2663 fructiﬁcat.

287 2712 315 2740 α
362 2693 704 2765 ϐοωῳιθιιε
729 2692 914 2764 pedes
937 2710 1105 2751 meos
1131 2696 1343 2753 cervis.
1381 2718 1407 2746 »
1438 2700 1654 2754 Cervos
1705 2699 1882 2771 spiri-

2065 2714 2093 2742 ‹‹
2136 2696 2249 2748 Nec
2279 2698 2442 2751 tanta
2470 2700 2558 2751 est
2582 2696 2802 2752 domus
2830 2712 2968 2753 mea
2996 2696 3161 2769 apud
3204 2698 3411 2762 Deum,
3440 2700 3505 2752 ut
3533 2710 3640 2768 pa-

215 2777 412 2835 tuales
465 2779 626 2835 viros
653 2780 936 2853 appellat.
964 2787 1205 2855 propter
1258 2784 1628 2841 alacritatem
1655 2786 1881 2843 velocis
1993 2800 2020 2828 α
2062 2786 2223 2836 ctum
2250 2786 2540 2840 aeternum
2560 2784 2732 2841 iniret
2751 2801 2990 2841 mecum
3011 2784 3253 2840 ﬁrmum
3274 2785 3337 2841 in
3356 2784 3643 2840 omnibus

215 2882 451 2924 cursus.
488 2890 516 2919 ‹‹
552 2868 771 2941 Spinas
824 2874 881 2926 et
933 2886 1163 2943 vepres.
1200 2892 1230 2922 η
1276 2873 1398 2928 Hoc
1454 2878 1561 2940 est,
1611 2874 1881 2947 implica-
1992 2889 2020 2918 ‹‹
2062 2874 2240 2943 atque
2272 2872 2590 2929 munitum.
2625 2876 2848 2931 Cuncta
2877 2875 3036 2930 enim
3060 2873 3224 2930 salus
3250 2888 3389 2929 mea
3432 2877 3490 2929 et
3515 2889 3644 2929 om-

219 2961 421 3013 menta
449 2956 659 3012 saeculi
687 2957 868 3052 hujus
902 2959 1314 3016 transilientcs.
1910 2994 1952 3052 ρ
1993 2980 2020 3007 et
2060 2959 2153 3013 nis
2179 2960 2477 3027 voluntas,
2510 2978 2620 3020 nec
2647 2969 2735 3020 est
2758 2962 3093 3036 quidquam
3123 2979 3196 3018 ex
3223 2978 3295 3018 ea
3323 2961 3489 3033 quod
3519 2977 3643 3019 non

290 3066 317 3096 ci
355 3048 697 3119 Persequar
719 3046 993 3104 inimicos
1020 3065 1190 3105 meos
1222 3055 1280 3106 et
1308 3054 1639 3119 conteram,
1672 3057 1728 3109 et
1754 3068 1878 3110 non
1919 3046 1951 3052 “
1992 3068 2020 3095 ‹‹
2061 3049 2369 3116 germinet.
2394 3068 2425 3103 δ
2452 3051 2593 3107 Hinc
2616 3053 2778 3107 idem
2795 3052 3090 3124 propheta
3117 3051 3179 3105 in
3200 3049 3450 3105 Psalmis
3478 3048 3637 3116 dicit,

228 3150 257 3182 ιι
292 3140 551 3191 revertar
603 3135 799 3192 donec
840 3152 1199 3193 consumam
1232 3153 1353 3195 θος..
1404 3160 1433 3189 ››
1464 3140 1730 3196 Christus
1783 3145 1880 3199 Ju-
1985 3135 2153 3207 quod
2174 3136 2388 3193 beatus
2420 3139 2509 3193 vir
2537 3139 2641 3211 qui
2668 3140 2729 3194 in
2756 3139 2888 3208 lege
2919 3137 3153 3193 Domini
3194 3136 3516 3192 meditatur
3543 3135 3640 3191 die

235 3220 389 3277 (imos
416 3227 594 3297 atque
624 3238 837 3281 omnes
866 3224 1140 3282 inﬁdeles
1178 3227 1504 3295 consumit,
1532 3229 1796 3285 similiter
1824 3236 1881 3287 et
1989 3239 2059 3280 ac
2085 3230 2279 3285 nocte.
2314 3226 2388 3281 sit
2410 3231 2704 3299 tanquam
2733 3227 2961 3297 lignum
2990 3224 3158 3298 quod
3183 3227 3520 3298 plumatum
3547 3228 3644 3282 est

245 3308 432 3365 anima
473 3313 656 3370 electa
708 3314 849 3370 vitia
896 3330 1008 3370 sua
1060 3329 1169 3387 per
1218 3322 1545 3385 augmenta
1593 3317 1875 3377 virtutum
1988 3329 2163 3369 secus
2192 3315 2482 3371 decursus
2510 3331 2829 3388 aquarum,
2851 3316 3018 3388 quod
3048 3314 3304 3371 fructum
3333 3329 3513 3373 suum
3534 3315 3639 3375 da-

246 3406 618 3460 consummat.
1983 3401 2073 3458 bit
2094 3403 2155 3458 in
2198 3409 2466 3477 tempore
2519 3421 2652 3475 suo,
2687 3410 2745 3462 et
2791 3404 3001 3462 folium
3056 3405 3188 3477 ejus
3245 3413 3370 3462 non
3393 3404 3634 3475 deﬂuat,

306 3504 333 3536 et
367 3490 640 3547 Inimicos
692 3506 860 3548 meos
908 3492 1127 3550 dedisti
1166 3493 1313 3550 mihi
1356 3494 1627 3553 dorsum.
1680 3518 1708 3548 »
1756 3500 1876 3556 Hoc
1985 3496 2043 3547 et
2113 3494 2320 3551 omnia
2390 3506 2770 3568 quaecunque
2849 3494 3043 3565 faciet,
3118 3494 3639 3569 prosperabuntur

230 3578 383 3648 quod
414 3579 559 3635 alibi
609 3579 899 3654 scriptum
946 3586 1072 3639 est:
1108 3604 1135 3632 α
1166 3584 1315 3641 Sede
1345 3599 1381 3640 a
1427 3584 1648 3641 dextris
1703 3588 1850 3644 meis

646 3579 899 3654 criptum
946 3586 1072 3639 est:
1108 3604 1135 3632 α
1166 3584 1315 3641 Sede
1345 3599 1381 3640 a
1427 3584 1648 3641 dextris
1703 3588 1871 3658 meis,
1985 3582 2173 3651 (Ρεαιο
2205 3587 2266 3647 ι)-

223 3676 257 3713 ‹‹
292 3666 491 3722 donec
518 3682 741 3739 ponam
790 3670 1067 3727 inimicos
1094 3675 1228 3728 tuos
1275 3673 1605 3731 scabellum
1647 3676 1876 3748 pedum
2056 3692 2084 3720 ι(
2127 3672 2611 3730 Praevaricatores
2640 3680 2841 3731 autem
2871 3673 3045 3747 quasi
3094 3674 3281 3746 spinas
3310 3674 3638 3733 evellentur

229 3757 472 3810 tuorum
506 3756 682 3826 (Psal.
712 3761 851 3830 cm).
890 3778 917 3809 »ι
1984 3779 2014 3809 ‹‹
2056 3760 2336 3829 universi,
2358 3762 2463 3834 qui
2492 3778 2616 3818 non
2643 3762 2925 3819 tolluntur
2971 3762 3254 3819 manibus
3281 3781 3295 3818 :
3328 3766 3396 3819 Et
3419 3764 3467 3819 si
3496 3765 3634 3837 quis

297 3864 327 3891 «
368 3843 643 3901 sanabis
667 3860 761 3904 me
792 3864 829 3904 θ,
858 3849 1405 3906 contradicentibus
1434 3851 1641 3925 populi
1673 3854 1810 3911 moi,
1846 3878 1873 3905 ››
1986 3870 2014 3899 ‹‹
2056 3852 2296 3917 tangere
2335 3849 2587 3905 voluerit
2610 3866 2736 3917 eas,
2763 3850 3095 3907 armabitur
3136 3849 3290 3906 ferro
3336 3850 3633 3917 lanceato,

215 3933 336 3988 Vox
364 3933 578 3990 Christi
607 3948 643 3991 a
668 3936 1133 3993 contradictione
1162 3939 1532 4011 Judaeorum,
1556 3954 1665 4015 per
1685 3943 1873 3999 Patris
1985 3954 2014 3986 «ι
2053 3936 2313 4009 igneque
2364 3950 2666 3994 811008an
2715 3938 3121 3995 comburantur
3160 3954 3351 4011 usque
3379 3938 3460 3995 ad
3487 3938 3636 3995 nihi-

209 4022 301 4077 sui
349 4024 691 4096 potentiam
746 4022 1010 4083 salvatus
1058 4032 1236 4101 atque
1263 4028 1323 4084 in
1368 4034 1550 4102 caput
1605 4031 1874 4101 gentium
1986 4048 2015 4077 «
2054 4025 2204 4081 lum-
2237 4048 2266 4077 υ
2291 4027 2461 4093 Quod
2489 4032 2688 4100 potest
2706 4032 2762 4083 et
2785 4028 2958 4099 juxta
2985 4027 3354 4101 superiorem
3384 4039 3633 4086 sensum

207 4112 589 4170 constitutus.
995 4121 999 4124 ’
1983 4115 2058 4171 de
2085 4115 2309 4171 Judaeis
2337 4120 2394 4173 et
2432 4116 2507 4172 de
2535 4116 2845 4188 haereticis,
2871 4117 2976 4190 qui
3004 4117 3166 4175 velut
3192 4117 3399 4192 spinea,
3427 4119 3501 4176 de
3527 4122 3633 4176 Ec-

271 4224 299 4252 ‹‹
352 4202 481 4259 Filii
511 4202 690 4258 alieni
740 4204 1011 4261 resistent
1060 4204 1226 4262 mihi.
1256 4224 1287 4258 ›
1327 4206 1453 4262 Filii
1479 4206 1655 4263 alieni
1680 4209 1872 4265 Judmi
1984 4205 2182 4271 clesia,
2206 4216 2343 4278 Quae
2373 4211 2460 4262 est
2489 4211 2642 4262 terra
2670 4207 3238 4278 viventium,evulsi,
3270 4214 3450 4283 atque
3469 4214 3632 4275 aiter-

206 4297 364 4365 sunt,
403 4293 634 4365 quibus
673 4293 901 4350 dictum
944 4300 1072 4351 est:
1102 4316 1131 4345 α
1155 4294 1278 4352 Vos
1309 4311 1382 4352 ex
1411 4301 1579 4369 patre
1626 4297 1869 4355 diabolo
1900 4351 1941 4370 η
1984 4310 2063 4350 no
2094 4294 2372 4352 incendio
2410 4296 2626 4364 traditi,
2681 4297 3011 4370 specialiter
3057 4298 3323 4369 intelligi.
3356 4299 3555 4357 Potest
3576 4303 3635 4357 et

203 4351 573 4451 estis/(form.
607 4384 747 4453 Vili).
782 4404 812 4433 υ
1224 4351 1229 4352 7
1324 4351 1355 4352 ἡ
1412 4351 1433 4369 ι
1635 4351 1861 4355 imm"—
1899 4351 1944 4405 Β
1985 4386 2339 4454 generaliter
2384 4351 2478 4442 de
2502 4351 3433 4461 omnibus"reprobgvin‘tzlligi;

270 4494 297 4521 «
341 4475 511 4528 Deus
533 4471 639 4545 qui
660 4472 774 4528 das
796 4472 1090 4530 vindictas
1111 4474 1451 4531 mihi.»Hoc
1467 4475 1649 4539 est,in
1670 4476 1870 4533 futuro
1982 4475 2145 4546 quod
2196 4474 2257 4530 in
2307 4476 2627 4546 Evangelia
2669 4477 2884 4534 dicitur
2916 4494 2930 4532 :
2964 4499 2991 4526 α
3027 4478 3232 4534 Omnis
3284 4476 3467 4531 arbor
3492 4490 3629 4545 quas

198 4559 452 4631 judicio,
485 4574 627 4617 cum
659 4561 744 4617 eis
774 4561 1014 4634 coeperit
1042 4563 1290 4619 reddere
1336 4564 1501 4636 quod
1547 4571 1867 4623 merentur.
1982 4576 2105 4619 non
2137 4563 2276 4620 facit
2299 4564 2560 4621 fructum
2582 4564 2814 4620 bonum
2863 4565 3167 4620 excidatur
3194 4561 3436 4632 (Matth.
3463 4560 3566 4629 ιιι),
3596 4579 3626 4608 υ

267 4670 295 4701 «ι
340 4656 389 4707 Α
418 4652 546 4706 viro
593 4650 803 4724 iniquo
844 4651 1127 4708 liberabis
1171 4669 1288 4710 me.
1321 4675 1349 4704 ››
1377 4654 1498 4710 Hoc
1529 4659 1640 4719 est,
1672 4656 1869 4713 Eccle-
1980 4656 2090 4709 etc.
2126 4655 2191 4708 Et
2217 4653 2462 4708 lterum:
2492 4672 2523 4705 ι
2554 4652 2748 4721 Filius,
2778 4652 2990 4723 inquit,
3020 4648 3282 4705 hominis
3307 4646 3499 4703 mittet
3524 4661 3628 4703 an-

202 4739 352 4797 siam
387 4756 567 4796 suam
597 4740 672 4797 de
702 4744 993 4813 potestate
1017 4741 1243 4799 diaboli
1268 4748 1582 4816 erepturus
1613 4750 1721 4801 est.
1979 4741 2145 4811 gelos
2178 4754 2319 4795 suos
2350 4745 2407 4796 et
2430 4740 2709 4808 colligent
2737 4739 2812 4794 de
2842 4750 3028 4807 regno
3052 4737 3181 4809 ejus
3209 4735 3415 4794 omnia
3452 4751 3627 4794 scan-

273 4853 300 4877 ‹‹
350 4833 417 4885 Et
445 4830 673 4886 faciens
704 4830 1178 4887 misericordiam
1207 4832 1439 4890 Christo
1472 4849 1580 4890 suo
1611 4835 1813 4891 David.
1839 4858 1868 4886 »
1977 4828 2135 4894 dala,
2169 4832 2227 4883 et
2250 4844 2352 4883 eos
2381 4828 2487 4898 qui
2517 4828 2741 4883 faciunt
2794 4826 3189 4899 iniquitatem,
3221 4831 3280 4884 et
3308 4826 3497 4885 mittet
3523 4843 3626 4886 eos

208 4918 399 4972 David
426 4918 725 4975 Christum
756 4918 1072 4989 signiﬁcat,
1105 4936 1310 4978 semen
1341 4923 1470 4994 ejus
1513 4939 1725 4980 omnes
1757 4923 1871 4981 ele-
1973 4917 2035 4974 in
2067 4916 2375 4971 caminum
2391 4915 2546 4985 ignis
2566 4933 2579 4971 :
2603 4915 2685 4971 ibi
2705 4916 2814 4972 erit
2836 4914 3012 4973 ﬂetus
3038 4921 3096 4974 et
3119 4916 3335 4974 stridor
3353 4916 3626 4975 dentium

211 5007 343 5059 ctos
1974 5006 2213 5077 (Matth.
2248 5006 2382 5078 xui).
2425 5026 2453 5055 υ
2482 5004 2580 5061 Ille
2628 5005 2851 5063 scilicet
2895 5007 3071 5079 quasi
3122 5011 3374 5078 tangens
3419 5007 3625 5081 spinas

791 5130 1030 5189 CAPUT
1069 5132 1281 5190 XXI".
1974 5094 2305 5153 armabitur
2329 5093 2568 5190 ferro-et
2600 5094 2779 5190 ligno
2806 5094 3237 5190 lanceatolqui
3291 5097 3625 5190 communi-

1267 5176 1281 5189 ’
1972 5199 2119 5241 cans
2141 5184 2400 5258 peccatis
2436 5183 2647 5240 alienis
2685 5188 2929 5257 propter
2952 5183 3234 5241 duritiam
3280 5185 3476 5242 cordis
3507 5185 3620 5253 sui,

272 5295 301 5322 α
344 5272 481 5330 Haec
513 5279 654 5331 sunt
680 5274 869 5330 verba
913 5275 1242 5333 novissima
1303 5277 1488 5333 David
1534 5277 1638 5333 ﬁlii
1667 5279 1799 5335 lsai.
1832 5300 1861 5329 »
1969 5272 2353 5346 iniquitatum
2377 5274 2643 5347 pondere
2673 5274 2983 5345 premitur,
3013 5279 3069 5331 et
3093 5274 3309 5345 jaoulis
3349 5278 3623 5348 peccato-

196 5363 390 5419 Verba
409 5363 751 5419 novissima
774 5363 960 5419 David
980 5379 1103 5420 non
1127 5364 1393 5421 ﬁnienda
1416 5365 1574 5432 dicit,
1601 5365 1705 5421 sed
1733 5380 1864 5438 per-
1970 5379 2105 5420 rum
2134 5364 2508 5420 confodietur
2536 5382 2548 5419 :
2583 5364 2878 5437 cujUSque
2915 5378 3101 5436 opera
3143 5363 3377 5421 aeternis
3402 5365 3620 5435 gehen-

191 5452 455 5509 ﬁcienda
480 5471 494 5509 :
522 5466 650 5509 non
678 5454 1111 5521 consumenda,
1140 5454 1245 5511 sed
1292 5471 1427 5528 quae
1459 5453 1686 5510 cunctis
1710 5455 1858 5512 ﬁde-
1968 5468 2062 5507 me
2088 5452 2327 5522 ignibus
2355 5454 2541 5524 digna
2566 5454 2643 5510 ad
2673 5453 2925 5509 nihilum
2951 5451 3315 5522 redigentur.

191 5539 349 5598 libus
382 5541 772 5615 perfectionis
800 5541 1231 5615 plenitudinem
1263 5542 1608 5599 conferant:
1643 5547 1699 5600 et
1722 5543 1858 5601 ideo
2041 5561 2069 5590 ι(
2111 5540 2248 5595 Ηωο
2268 5543 2517 5599 nomina
2536 5543 2777 5599 fortium
2796 5541 2983 5599 David
3017 5541 3234 5599 sedens
3254 5543 3315 5599 in
3336 5541 3619 5599 cathedra

193 5630 471 5690 ultimam
500 5630 942 5689 confessionem
960 5631 1158 5691 laudis
1178 5630 1536 5704 signiﬁcant,
1549 5646 1737 5705 quam
1762 5647 1857 5689 su-
1968 5648 1999 5681 ιι
2038 5628 2516 5701 sapientissimus
2529 5632 2808 5704 princeps
2830 5631 2984 5688 inter
3005 5635 3123 5688 ιιι-ου
3146 5649 3161 5689 ε
3182 5632 3310 5703 ίριο
3328 5632 3420 5687 Oli
3440 5623 3618 5699 ίῐυδιί
