4092 6178
477 206 579 263 383

1569 202 1927 262 ANGELOMI
1969 199 2426 260 LUXOYIENSIS
2464 203 2779 262 MONACHI

3786 202 3890 259 384

479 352 510 380 ‹‹
553 331 908 387 tenerrimus
936 328 1082 399 ligni
1108 329 1614 402 vermiculus,qui
1645 328 2015 398 octingentos
2037 325 2126 380 in-
2159 329 2202 380 A
2243 327 2684 399 nequiverunt?
2736 328 2906 384 illum
2953 326 3230 384 videlicet
3273 326 3496 383 fontem
3541 327 3803 382 sitientes
3831 326 3891 382 in

477 443 508 472 κ
549 420 774 476 terfecit
801 418 1032 488 impetu
1057 432 1199 472 uno.
1228 440 1254 466 ››
1275 419 1444 484 Quod
1472 419 1687 474 dicitur
1725 418 1798 472 de
1827 415 2132 488 sapientis-

477 509 630 564 simo
652 505 920 578 principe
945 505 1186 561 fortium
1214 507 1422 577 David,
1442 509 1616 578 cujus
1639 506 1885 579 quidem
1913 518 2130 559 nomen

2242 431 2364 486 quo
2416 422 2506 472 est
2556 418 2830 473 remissio
2859 423 3280 490 peccatorum:
3319 431 3441 472 non
3465 416 3571 488 qui
3615 415 3890 488 periculis

2242 511 2605 575 quaereretur
2634 507 2860 569 alienis,
2882 506 2986 561 sed
3013 507 3115 578 qui
3135 506 3331 562 aliena
3357 505 3623 578 pericula
3652 505 3889 561 deleret.

473 597 537 654 in
567 599 798 667 Regum
849 594 1003 650 libro
1032 599 1278 659 tacetur,
1311 601 1373 652 at
1394 613 1534 652 vero
1563 597 1624 652 in
1654 596 1807 652 libro
1839 592 2136 666 Paralipo-
2242 594 2454 650 Verum
2511 595 2812 651 moraliter
2863 610 2935 650 ex
2983 595 3095 650 hoc
3121 594 3277 650 facto
3308 594 3696 664 cogitandum
3733 610 3892 650 sum-

475 701 697 743 meuon
730 683 1010 739 Jesbaam
1034 685 1396 741 nominatur.
1421 709 1447 736 «
1477 690 1608 758 lpse
1634 690 1724 741 est
1745 683 1919 758 quasi
1948 688 2133 738 tener'

473 776 662 832 rimus
692 773 838 842 ligni
866 773 1248 829 vermiculus.
1286 793 1316 827 ›
1345 775 1536 832 Virtus
1561 775 1622 831 in
1653 776 1766 831 hoc
1795 773 2027 838 bellica,
2062 771 2132 826 si-

474 863 602 919 mul
633 867 689 918 et
720 861 993 917 modesta
1029 861 1139 917 viri
1167 863 1513 935 designatur
1537 864 1784 920 civilitas
1813 881 1825 918 :
1854 862 2000 935 quia
2042 859 2129 915 vi-

474 950 686 1006 delicet
709 949 862 1006 sicut
880 951 1242 1006 vermiculus
1263 952 1426 1023 ligni,
1453 958 1616 1010 tener
1645 952 1890 1026 quidem
1922 954 1979 1006 et
2014 948 2128 1004 fra-

474 1039 606 1110 gilis
669 1043 791 1094 toto
846 1055 955 1094 suo
1008 1057 1276 1113 corpore,
1323 1058 1432 1097 nec
1480 1058 1602 1098 non
1645 1048 1700 1098 et
1742 1039 2128 1114 permodicus

473 1134 741 1200 apparet,
774 1129 1162 1185 nihilominus
1195 1136 1395 1186 tamen
1428 1132 1816 1187 fortissimum
1857 1129 2001 1198 ligni
2032 1145 2126 1182 ro-

471 1217 589 1272 bur
620 1217 879 1274 exedens
907 1220 1224 1284 consumit,
1247 1225 1305 1276 et
1329 1220 1678 1276 scabrosum
1730 1223 1787 1274 et
1829 1218 2128 1275 cariosum

478 1306 691 1362 reddit.
726 1307 893 1362 Unde
917 1313 975 1362 et
1001 1323 1037 1362 a
1079 1310 1324 1364 terendo
1368 1309 1531 1379 ligna
1561 1308 1859 1365 teredonis
1906 1322 2129 1362 nomen

474 1395 674 1452 habet.
707 1397 796 1452 Sic
846 1396 941 1452 ille
975 1397 1233 1454 affabilis
1277 1399 1561 1455 omnibus
1592 1399 1776 1464 domi,
1807 1400 1865 1453 et
1893 1396 2128 1469 quietus

474 1488 654 1556 atque
682 1484 924 1541 humilis
953 1486 1299 1543 videbatur:
1331 1493 1391 1544 at
1414 1488 1476 1542 in
1515 1486 1838 1543 certamine
1885 1484 2127 1557 publico

473 1573 791 1628 robustum
823 1591 885 1629 se
914 1579 1094 1646 atque
1123 1575 1559 1632 intolerabilem
1588 1574 1862 1630 hostibus
1891 1573 2128 1628 exhibe-

2239 697 2482 754 mopere
2505 688 2615 753 est,
2650 688 2712 739 ut
2736 683 2840 756 qui
2873 700 2934 738 se
2964 683 3163 739 illicita
3189 683 3464 738 meminit
3500 682 3890 752 commisisse,

2240 785 2275 826 a
2301 771 2672 842 quibusdam
2698 773 2876 828 etiam
2912 773 3080 828 licitis
3124 771 3362 828 studeat
3400 771 3717 839 abstinere,
3749 787 3894 844 qua-

2238 862 2409 914 tenus
2431 876 2538 932 per
2556 861 2670 916 hoc
2695 861 2876 918 Condi
2886 861 2994 917 tori
3017 877 3126 916 suo
3144 861 3496 916 satisfaciat:
3522 865 3586 915 ut
3612 860 3714 932 qui
3731 876 3892 916 com-

2236 948 2396 1005 misit
2410 951 2732 1023 prohibita,
2750 950 3100 1023 sibimetipsi
3112 950 3470 1005 abscindere
3486 949 3893 1004 debeatetiam

2238 1039 2584 1105 commissa,
2616 1043 2673 1094 et
2719 1055 2780 1095 se
2821 1040 3224 1112 reprehendat
3250 1039 3310 1094 in
3359 1038 3643 1104 minimis,
3677 1037 3782 1109 qui
3832 1053 3895 1092 se

2238 1127 2510 1182 meminit
2549 1127 2608 1183 in
2654 1127 2933 1183 maximis
2978 1127 3324 1200 deliquisse.
3358 1127 3544 1183 Nimia
3587 1132 3728 1182 sunt
3756 1142 3895 1198 quae

2237 1219 2472 1287 loquor,
2503 1217 2549 1270 si
2602 1218 2730 1272 haac
2780 1233 2852 1272 ex
2903 1217 3054 1272 sacri
3101 1216 3320 1288 eloquii
3371 1215 3711 1271 testimonio
3768 1229 3896 1270 non

2239 1307 2496 1364 afﬁrmo.
2525 1309 2640 1362 Lex
2669 1310 2825 1362 certe
2844 1305 3070 1361 Veteris
3089 1305 3447 1361 Testamenti
3469 1304 3728 1359 alienam
3751 1318 3897 1358 uxo.

2237 1413 2363 1452 rem
2417 1395 2757 1467 concupisci
2817 1393 3138 1466 prohibet:
3172 1399 3232 1449 at
3275 1409 3477 1464 regem
3525 1408 3663 1448 vero
3720 1391 3896 1447 fortia

2233 1485 2444 1555 jubere
2475 1483 2893 1550 militibus,vel
2913 1482 3251 1539 desiderare
3278 1497 3663 1555 aquam,non
3687 1495 3896 1553 poma-

2235 1573 2366 1629 liter
2392 1578 2570 1628 vetat.
2605 1575 2670 1628 Et
2709 1572 2907 1627 cuncti
2950 1572 3224 1627 novimus
3253 1571 3417 1644 quod
3443 1569 3644 1636 David,
3675 1585 3897 1625 concu-

476 1661 597 1717 bat.
630 1662 743 1718 Sed
773 1664 932 1718 hunc
959 1664 1310 1737 principem.
1343 1665 1629 1721 Hebraeus
1681 1664 1880 1736 ipsum
1936 1661 2124 1734 suspi-
2157 1678 2199 1729 Β
2240 1662 2539 1735 ρὶεοεηιὶω
2570 1677 2857 1716 mucrone
2888 1661 3232 1731 transfixus,
3263 1660 3521 1716 alienam
3569 1659 3894 1729 conjugem

473 1756 642 1807 catur
679 1768 810 1807 esse
868 1753 1074 1809 David.
1111 1757 1254 1809 Ecce
1305 1754 1614 1810 historiam
1663 1753 1983 1823 tetigimus,
2018 1750 2125 1806 sed

473 1840 619 1912 quid
651 1841 986 1915 spiritaliter
1013 1843 1321 1912 signiﬁcet,
1353 1843 1609 1899 breviter
1633 1841 2012 1911 indagemus.
2037 1841 2128 1895 Ait

473 1930 630 1985 enim
667 1947 680 1985 :
715 1953 741 1980 ‹‹
777 1931 905 2003 Ipse
935 1936 1023 1986 est
1067 1933 1237 2003 quasi
1269 1933 1621 1987 tenerrimus
1658 1931 1803 2000 ligni
1830 1930 2124 1986 vermicu-

471 2017 586 2073 lus.
618 2041 647 2068 »
675 2019 858 2074 David
880 2020 1026 2088 ligni
1048 2021 1406 2076 vermiculus
1434 2021 1614 2076 fuisse
1642 2020 1938 2084 scribitur,
1959 2018 2125 2091 quod

472 2107 678 2178 utique
711 2109 1018 2164 Dominico
1064 2109 1293 2164 homini
1343 2109 1676 2181 specialiter
1707 2108 1979 2176 congruit
2007 2124 2020 2162 :
2053 2123 2126 2161 ex

473 2197 644 2267 cujus
675 2213 930 2269 persona
963 2198 1470 2271 Psalmographus
1525 2198 1736 2254 cecinit
1764 2216 1776 2253 :
1813 2218 1840 2248 ιι
1870 2200 1990 2267 Ego
2023 2212 2125 2251 au-

474 2291 594 2342 tem
632 2303 768 2342 sum
799 2289 1020 2343 vermis
1075 2294 1132 2344 et
1161 2305 1281 2344 non
1331 2290 1515 2345 homo
1564 2289 1751 2359 (Psal.
1784 2289 1884 2354 x1).
1924 2310 1951 2337 »
1981 2288 2128 2352 Que-

472 2376 870 2433 madmodum
902 2379 1062 2433 enim
1092 2378 1323 2447 lignum
1369 2395 1439 2434 ex
1472 2395 1534 2434 se
1559 2377 1952 2434 vermiculum
1985 2392 2123 2449 pro-

471 2470 653 2527 creat,
695 2466 774 2521 ita
823 2483 1065 2539 quoque
1114 2467 1290 2523 beata
1322 2469 1500 2524 Maria
1531 2468 1718 2536 virgo,
1748 2466 2019 2521 videlicet
2050 2465 2122 2520 de

470 2553 672 2608 radice
751 2557 931 2620 Jesse,
999 2555 1231 2627 absque
1308 2572 1485 2628 opere
1563 2555 1834 2628 nuptiali,
1913 2554 2122 2609 florem

470 2642 714 2714 protulit
738 2645 1054 2698 Dominum
1083 2650 1138 2698 et
1184 2645 1550 2701 Salvatorem
1576 2662 1588 2699 :
1622 2645 1722 2717 qui
1751 2645 2122 2713 octingentos

469 2731 829 2788 interfecisse
858 2733 1084 2805 impetu
1110 2751 1228 2789 uno
1248 2735 1464 2790 dicitur
1479 2735 1623 2807 quia
1654 2740 1719 2790 ut
1748 2733 2122 2804 Evangelista

470 2820 817 2892 pronuntiat
839 2820 912 2876 de
944 2821 1187 2877 homine
1217 2839 1360 2892 uno,
1392 2822 1495 2895 qui
1531 2824 1946 2878 universarum
1977 2837 2120 2890 gen-

469 2908 618 2963 tium
674 2913 885 2980 typum
944 2910 1314 2981 praeferebat.
1347 2933 1374 2960 ‹‹
1427 2927 1546 2966 uno
1583 2911 1832 2983 impetu,
1862 2929 1893 2964 ι
1922 2910 1984 2965 id
2031 2916 2122 2966 est

470 2997 760 3052 sermonis
787 2998 1059 3070 imperio,
1090 2999 1387 3069 legionem
1410 3000 1636 3072 expulit
1660 2999 2029 3055 daemonum.

541 3107 568 3134 ε(
611 3089 746 3142 Post
767 3086 926 3142 hunc
951 3088 1190 3143 Semma
1221 3088 1376 3144 ﬁlius
1407 3095 1528 3159 Age
1555 3089 1630 3144 de
1662 3089 1850 3144 Arari.
1878 3092 1942 3142 Et
1981 3103 2122 3142 con-

470 3195 498 3222 ‹‹
541 3174 767 3243 gregali
785 3179 924 3229 sunt
948 3175 1297 3232 Philisthiim
1325 3177 1382 3231 in
1409 3179 1677 3244 statione,
1698 3197 1727 3228 ›
1746 3181 1855 3233 etc.
1883 3178 2122 3233 Semma

470 3263 744 3330 audiens,
773 3265 894 3330 Age
921 3263 1215 3319 meditans
1237 3264 1356 3319 sive
1389 3267 1649 3336 loquens,
1676 3265 1933 3320 Ararites
1953 3280 2120 3320 mon-

471 3355 668 3406 tanus.
701 3354 960 3419 Semina,
992 3351 1148 3406 ﬁlius
1180 3359 1320 3422 Age,
1354 3369 1675 3426 personam
1729 3353 1982 3424 gestavit
2019 3356 2123 3407 Do-

468 3439 616 3494 mini
647 3445 702 3494 et
735 3440 1054 3495 Salvator-is
1078 3446 1284 3504 nostri,
1314 3442 1437 3497 sive
1460 3448 1805 3498 sanctorum
1834 3442 2119 3514 praedica-

468 3531 668 3582 torum
697 3528 864 3602 ejus:
898 3529 998 3600 qui
1028 3529 1086 3584 in
1145 3545 1291 3597 agro
1342 3530 1615 3586 Ecclesiaa
1671 3536 1857 3598 stans,
1883 3531 2122 3586 inﬁrma

470 3614 746 3671 membra
797 3616 951 3671 illius
996 3617 1070 3672 de
1119 3617 1477 3674 adversariis
1518 3619 1930 3690 potestatibus,
1960 3619 2123 3676 velut

468 3702 765 3759 hordeum
795 3710 989 3761 tuetur
1025 3725 1036 3761 :
1073 3705 1164 3761 vel
1196 3711 1351 3762 certe
1380 3707 1804 3763 verecundiam
1836 3709 2120 3764 castitatis

468 3791 530 3846 in
555 3792 1017 3864 continentibus,
1049 3794 1224 3867 quasi
1249 3794 1434 3852 lentes
1461 3796 1660 3865 gladio
1690 3796 1809 3852 oris
1839 3797 1950 3863 sui,
1981 3812 2124 3852 con-

468 3885 557 3937 tra
585 3881 885 3938 luxuriam
911 3883 1193 3940 defendit.

539 3993 568 4020 ‹‹
611 3974 849 4026 Necnon
879 3976 936 4026 et
991 3977 1126 4028 ante
1177 3972 1615 4028 descenderant
1640 3977 1778 4043 tres,
1823 3974 1925 4046 qui
1952 3977 2122 4029 erant

469 4081 496 4107 «
541 4060 841 4132 principes
861 4061 921 4116 in
948 4061 1209 4129 triginta,
1229 4065 1286 4117 et
1313 4067 1602 4118 venerunt
1622 4067 1887 4135 tempore
1910 4062 2118 4117 messis

473 4167 492 4199 ι
539 4149 617 4204 ad
650 4150 831 4205 David
860 4149 920 4204 in
950 4150 1300 4222 speluncam
1327 4151 1621 4208 Odollam.
1651 4175 1678 4200 »
1707 4155 1843 4207 Tres
1869 4152 1963 4207 isti
1991 4152 2116 4206 fue-

470 4242 630 4301 runt,
666 4238 868 4293 Abisai
894 4238 1050 4293 lilius
1073 4240 1291 4295 Sarviae
1317 4246 1374 4294 et
1403 4240 1516 4295 sub
1544 4241 1660 4296 hoc
1688 4241 1793 4296 Hai
1846 4242 2112 4310 Usitates,

468 4331 524 4382 et
549 4327 850 4383 Jonathan
876 4327 1034 4382 ﬁlias
1066 4330 1348 4384 Sammaa
1372 4328 1565 4384 fratris
1597 4329 1800 4385 David.

540 4437 568 4464 ‹‹
612 4415 681 4470 Hi
724 4415 904 4471 etiam
948 4421 1063 4471 tres
1111 4415 1455 4488 irruperunt
1501 4421 1696 4474 castra
1737 4417 2113 4474 Philisthinn-
2147 4399 2188 4452 θ

468 4526 496 4554 ‹‹
538 4520 696 4567 rum,
741 4508 797 4560 et
838 4503 1168 4559 hauserunt
1213 4520 1439 4576 aquam
1482 4503 1556 4560 de
1604 4505 1864 4561 cisterna
1896 4507 2117 4563 Bethle-

468 4615 496 4644 ‹‹
538 4595 698 4651 hem.
721 4596 786 4649 Et
806 4593 880 4649 de
902 4592 1090 4649 tribus
1111 4593 1236 4648 istis
1255 4593 1457 4648 Abisai
1479 4609 1721 4666 quoque
1738 4596 1917 4650 frater
1940 4596 2114 4660 Joab,

469 4706 498 4734 «
539 4684 694 4740 filius
728 4683 967 4750 Sarviae,
1000 4684 1276 4756 princeps
1306 4689 1431 4739 erat
1459 4683 1533 4739 de
1565 4684 1750 4740 tribus
1779 4686 1904 4742 istis
1929 4687 2122 4742 nomi-

469 4796 496 4822 «
538 4774 713 4839 natis,
753 4774 812 4827 in
846 4773 1033 4828 tribus
1083 4772 1196 4828 illis
1237 4778 1293 4828 et
1339 4773 1490 4828 inter
1519 4779 1633 4828 tres
1662 4773 1938 4832 nobilior.
1966 4777 2121 4831 Desi-

470 4883 498 4909 «
538 4861 764 4916 deravit
791 4862 966 4930 igitur
999 4863 1181 4917 David
1214 4866 1268 4917 et
1318 4862 1398 4917 ait
1430 4881 1441 4917 :
1474 4862 1532 4919 Si
1561 4864 1698 4935 quis
1750 4866 1896 4922 mihi
1951 4866 2121 4925 daret

469 4969 497 4996 «
538 4954 748 5019 potum
782 4949 856 5002 de
901 4950 1151 5006 cisterna
1201 4969 1338 5023 qua:
1371 4957 1457 5006 est
1485 4952 1545 5008 in
1577 4953 1919 5012 Bethlehem
1945 4957 2119 5026 juxta

468 5057 499 5085 «
540 5041 797 5107 portam.
832 5041 1175 5109 lrruperunt
1202 5055 1343 5109 ergo
1374 5046 1491 5096 tres
1540 5042 1718 5098 fortes
1755 5051 1950 5099 castra
1995 5046 2119 5100 Phi-
2158 5107 2160 5110 ,

467 5148 497 5175 ‹‹
537 5124 936 5191 listhinorum,
964 5131 1017 5182 et
1048 5127 1383 5184 hauserunt
1411 5147 1656 5202 aquam.
1705 5137 1774 5185 At
1804 5131 1899 5186 ille
1930 5133 2117 5189 noluit

467 5235 496 5264 κ
537 5212 765 5283 bibere,
794 5213 899 5269 sed
929 5214 1137 5271 libavit
1165 5214 1326 5272 illam
1377 5217 1649 5274 Domino.
1689 5239 1716 5267 »
1765 5218 1872 5282 Qui
1899 5217 2118 5278 fuerint

465 5302 528 5358 hi
557 5306 675 5357 tres
705 5301 1027 5370 fortissimi,
1056 5304 1183 5375 jam
1217 5306 1493 5378 superius
1519 5304 1974 5362 inculcavimus.
1999 5311 2116 5366 Cae-

465 5394 660 5448 terum
690 5391 1025 5465 spiritaliter
1054 5410 1236 5466 quem
1268 5393 1328 5448 in
1359 5395 1472 5448 hoc
1525 5392 1820 5449 desiderio
1850 5393 1977 5466 ipse
2006 5398 2117 5453 Da-

464 5479 564 5536 vid
618 5481 1050 5554 praeﬁguravit,
1080 5483 1190 5538 nisi
1224 5497 1434 5538 omnes
1466 5484 1704 5536 sanctos
1753 5485 1974 5550 Patres,
2012 5487 2117 5558 qui

466 5574 604 5626 ante
633 5569 851 5640 legem,
875 5570 968 5626 vel
994 5571 1108 5626 sub
1127 5571 1256 5640 lege
1282 5571 1540 5634 fuerunt,
1568 5569 1892 5628 adventum
1913 5574 2114 5631 Salva-

464 5659 609 5714 toris
637 5658 1069 5730 praestolantes,
1091 5658 1170 5714 ad
1215 5658 1346 5727 ejus
1394 5658 1775 5731 praesentiam
1803 5664 2117 5735 pervenire

2237 1750 2521 1823 appetivit
2545 1754 2602 1805 et
2631 1749 2897 1819 abstulit,
2929 1750 3103 1820 cujus
3137 1748 3380 1821 culpam
3430 1748 3616 1819 digna
3645 1745 3897 1802 verbera

2237 1845 2374 1895 sunt
2403 1845 2606 1895 secuta
2633 1857 2646 1894 :
2677 1845 2733 1894 et
2759 1838 2987 1894 malum
3017 1838 3183 1910 quod
3211 1837 3592 1911 perpetravit,
3636 1852 3744 1909 per
3770 1851 3897 1908 pm-

2234 1929 2493 1985 nitentiae
2549 1929 2812 1984 lamenta
2861 1929 3131 1984 correxit.
3165 1928 3272 1989 Qui
3321 1944 3480 1998 cum,
3511 1926 3689 1996 longe
3732 1930 3894 1998 post,

2235 2023 2447 2074 contra
2497 2020 2712 2074 ostium
2765 2018 3014 2086 sederet,
3063 2033 3287 2090 aquam
3315 2017 3519 2073 bibere
3565 2033 3636 2071 ex
3680 2031 3894 2071 eorum

2235 2108 2490 2163 cisterna
2520 2125 2592 2163 ex
2637 2107 2933 2163 desiderio
2981 2107 3185 2163 voluit.
3220 2107 3401 2177 Cujus
3433 2106 3599 2162 electi
3645 2104 3889 2175 milites,

2235 2197 2385 2252 inter
2413 2202 2683 2252 catervas
2715 2196 3161 2252 adversantium
3209 2195 3440 2251 medias
3487 2198 3890 2266 erumpentes,

2234 2303 2457 2358 aquam
2490 2303 2673 2358 quam
2723 2303 2825 2340 rex
2869 2285 3254 2342 desiderabat
3304 2284 3468 2340 illaesi
3531 2284 3887 2340 detulerant.

2234 2377 2346 2430 Sed
2398 2375 2485 2430 vir
2535 2374 2784 2444 ﬂagellis
2835 2375 3125 2445 eruditus,
3179 2374 3568 2446 semetipsum
3616 2373 3888 2445 protinus

2233 2480 2372 2518 cum
2399 2463 2668 2535 periculo
2703 2463 2958 2519 militum
3005 2480 3231 2536 aquam
3279 2462 3648 2519 desiderasse
3687 2476 3883 2532 repre-

2231 2552 2460 2619 hendit,
2490 2568 2746 2624 eamque
2775 2552 3030 2608 Domino
3060 2552 3319 2607 fundens
3344 2551 3571 2618 libavit,
3594 2550 3736 2606 sicut
3762 2548 3882 2604 illic

2233 2641 2518 2714 scriptum
2549 2648 2637 2697 est
2667 2659 2679 2696 :
2714 2664 2741 2692 «
2778 2642 3005 2698 Libavit
3034 2658 3166 2697 eam
3199 2641 3472 2697 Domino.
3512 2663 3539 2690 »
3566 2639 3631 2696 In
3662 2637 3885 2694 sacriﬁ-

2231 2732 2391 2787 cium
2417 2733 2640 2804 quippe
2661 2732 2894 2787 Domini
2913 2731 3106 2788 effusa
3126 2746 3288 2802 aqua
3307 2746 3604 2786 consensa
3623 2733 3730 2796 est,
3743 2728 3890 2799 quia

2230 2820 2472 2893 culpam
2503 2821 2999 2892 concupiscentiae
3021 2820 3320 2886 mactavit,
3340 2834 3447 2891 per
3471 2817 3893 2891 penitentiam

2230 2910 2710 2982 reprehensionis
2755 2927 2896 2965 suaa.
2949 2910 3057 2975 Qui
3086 2925 3228 2977 ergo
3253 2907 3565 2980 quondam
3607 2905 3896 2976 concupi-

2152 3025 2192 3078 ο
2233 3016 2394 3055 scere
2425 2999 2683 3055 alienam
2713 2999 2842 3070 conj
2855 3015 3029 3068 ugem
3082 3011 3471 3069 nequaquam
3503 2995 3720 3059 timuit,
3749 2998 3899 3066 post

2231 3089 2411 3145 etiam
2433 3089 2577 3160 quia
2606 3089 3026 3160 concupiverat
3051 3086 3306 3158 expavit.
3327 3084 3475 3150 Quia
3494 3084 3654 3139 enim
3682 3081 3899 3138 illicita

2230 3184 2606 3252 perpetrasse
2640 3179 3011 3247 meminerat,
3055 3182 3264 3232 contra
3311 3174 3706 3245 semetipsum
3752 3172 3894 3242 jam

2230 3267 2478 3338 rigidus,
2511 3269 2689 3324 etiam
2713 3284 2747 3323 a
2773 3266 2942 3322 licitis
2973 3265 3333 3322 abstinebat.
3359 3262 3450 3318 Sic
3472 3276 3730 3332 agamus
3761 3275 3892 3332 poe-

2230 3357 2563 3422 nitentiam,
2589 3362 2653 3412 ut
2681 3373 2754 3412 ea
2779 3372 2915 3428 quas
2938 3353 3353 3411 commisimus
3381 3349 3638 3423 perfecte
3667 3348 3888 3404 deﬂea-

2230 3462 2386 3501 mus.
2421 3449 2630 3500 Verum
2653 3445 2827 3514 juxta
2844 3443 3154 3499 historiam
3175 3440 3341 3514 quod
3361 3438 3629 3495 oblatam
3657 3453 3888 3509 aquam

2230 3535 2432 3590 bibere
2458 3534 2665 3598 noluit,
2688 3533 2795 3587 sed
2827 3549 2961 3588 eam
2992 3532 3244 3587 Domino
3276 3529 3506 3597 libavit,
3538 3527 3885 3599 exemplum

2227 3623 2484 3696 praebuit
2532 3621 2816 3677 militibus
2866 3621 2992 3675 suis
3040 3619 3399 3675 fortitudinis
3428 3623 3486 3674 et
3513 3615 3878 3674 constantiae.

2227 3714 2372 3769 Vicit
2401 3727 2542 3782 ergo
2591 3716 2890 3775 naturam,
2915 3714 2981 3766 ut
3009 3709 3210 3765 sitiens
3258 3724 3381 3764 non
3418 3707 3639 3772 liberet,
3669 3708 3732 3759 ut
3759 3718 3876 3757 suo

2229 3801 2504 3875 exemplo
2535 3800 2732 3856 omnis
2761 3799 3055 3856 exercitus
3084 3799 3239 3854 sitim
3271 3797 3543 3853 disceret.

2299 3911 2330 3942 α
2370 3889 2573 3946 Abisai
2593 3904 2838 3961 quoque
2864 3888 3043 3945 frater
3066 3887 3240 3954 Joab,
3272 3886 3429 3941 ﬁlius
3462 3882 3690 3940 Sarviae.
3718 3880 3884 3952 prin-

2229 4001 2259 4029 «
2299 3995 2440 4052 ceps
2469 3981 2594 4034 erat
2636 3977 2712 4033 de
2741 3977 2951 4033 tribus.
2978 3978 3111 4048 Ipse
3153 3975 3371 4031 levavit
3415 3973 3652 4028 hastam
3702 3985 3882 4024 suam

2233 4088 2254 4122 ι
2301 4074 2508 4124 contra
2557 4071 2846 4122 trecentos
2889 4081 3042 4137 quos
3084 4063 3392 4129 interfecit,
3440 4061 3793 4116 nominatus
3822 4058 3886 4113 in

2226 4179 2256 4209 α
2299 4157 2506 4219 tribus,
2527 4161 2581 4210 et
2603 4156 2752 4210 inter
2778 4159 2893 4210 tres
2917 4153 3191 4219 nobilior,
3215 4157 3459 4224 eratque
3481 4165 3690 4205 eorum
3715 4147 3884 4220 prin-

2226 4268 2257 4298 κ
2297 4261 2458 4317 ceps,
2483 4244 2588 4300 sed
2611 4259 2803 4316 usque
2825 4243 2902 4299 ad
2923 4248 3040 4298 tres
3064 4241 3293 4316 primos
3319 4255 3443 4295 non
3464 4243 3885 4311 pervenerat.»

2231 4333 2551 4392 Sciendum
2581 4336 2668 4387 est
2689 4332 2856 4406 quod
2886 4331 2978 4387 isti
3004 4335 3121 4386 tres
3150 4329 3326 4403 primi
3355 4328 3452 4396 (ad
3475 4343 3628 4400 quos
3650 4325 3883 4391 Abisai,

2227 4423 2331 4496 qui
2359 4427 2485 4477 erat
2514 4421 2664 4475 inter
2703 4426 2819 4476 tres
2869 4419 3124 4475 nobilior
3170 4423 3227 4474 et
3254 4417 3554 4489 princeps,
3587 4430 3710 4470 non
3742 4431 3886 4487 per-

2226 4511 2460 4567 venisse
2490 4509 2724 4580 dicitur)
2753 4525 2951 4581 neque
2980 4508 3038 4563 in
3087 4509 3201 4563 hoc
3230 4505 3556 4572 volumine,
3587 4519 3792 4575 neque
3826 4504 3889 4558 in

2228 4599 2728 4672 Paralipomenon
2752 4598 2904 4653 libro
2930 4597 3032 4670 qui
3057 4597 3272 4652 fuerint
3296 4595 3610 4665 leguntur:
3639 4608 3890 4648 necnon

2227 4691 2407 4746 etiam
2452 4689 2699 4745 ferventi
2737 4692 2910 4756 aestu,
2936 4687 3121 4743 libros
3171 4685 3602 4757 Antiquitatum
3631 4683 3894 4754 Josephi

2226 4779 2674 4854 perlustrantes,
2693 4776 2940 4833 minime
2966 4776 3231 4832 invenire
3247 4775 3574 4847 potuimus,
3591 4771 3709 4827 nisi
3733 4772 3892 4828 forte

2226 4869 2310 4926 illi
2351 4868 2758 4939 intelliguntur
2806 4867 2978 4938 (sicut
3027 4865 3258 4921 Hebraei
3304 4863 3564 4934 tradunt)
3600 4877 3764 4934 quos
3793 4880 3893 4918 su-

2226 4959 2426 5031 perius
2443 4959 2572 5027 jam
2599 4957 3046 5012 nominavimus
3071 4971 3083 5009 :
3113 4959 3218 5010 aut
3240 4952 3341 5023 illi,
3373 4968 3527 5024 quos
3576 4953 3890 5023 losephus

2226 5051 2428 5102 narrat
2459 5062 2683 5117 aquam
2724 5044 2909 5100 David
2949 5043 3023 5098 de
3071 5042 3325 5097 cisterna
3353 5040 3689 5096 Bethlehem
3725 5049 3893 5099 attu-

2224 5135 2384 5198 lisse,
2430 5149 2585 5204 quos
2634 5132 2907 5187 nominat
2961 5129 3242 5185 Jesbaam
3295 5129 3484 5185 ﬁlium
3531 5134 3893 5192 Accamoni.

2224 5237 2406 5294 quem
2434 5220 2578 5276 alibi
2603 5219 2891 5276 Eusebius
2922 5219 3112 5273 ﬁlium
3157 5219 3424 5274 Achimei
3464 5227 3804 5290 nuncupat,
3835 5228 3896 5277 et

2225 5309 2571 5366 Eleazarum
2621 5307 2812 5363 ﬁlium
2867 5307 3069 5372 Ochoi,
3104 5323 3286 5379 quem
3329 5308 3472 5364 dicit
3514 5324 3640 5364 esse
3682 5309 3892 5368 ﬁlium

2226 5397 2460 5461 Dodim,
2489 5402 2666 5470 atque
2718 5398 2960 5453 Semma
2988 5395 3180 5451 lilium
3225 5402 3367 5466 Age,
3400 5413 3579 5469 quem
3612 5399 3896 5470 appellat

2225 5485 2366 5543 alibi
2395 5486 2584 5541 ﬁlium
2617 5485 2762 5552 Heli,
2795 5485 2869 5541 de
2891 5484 3112 5558 quibus
3145 5501 3316 5541 sacra
3349 5485 3648 5557 Scriptura
3689 5487 3779 5542 nil
3811 5488 3898 5543 lo~

2225 5574 2442 5648 quitur.
2482 5574 2646 5632 Unde
2678 5574 2950 5631 nonnulli
2980 5591 3102 5630 non
3135 5574 3329 5630 solum
3359 5574 3766 5638 Hebraeorum,
3793 5594 3897 5633 ve-

2225 5680 2362 5722 rum
2378 5664 2557 5722 etiam
2577 5666 2943 5732 Latinorum,
2963 5665 3185 5736 tropice
3217 5670 3331 5720 tres
3350 5664 3600 5735 primos,
3626 5669 3742 5720 tres
3777 5668 3901 5724 vir-
