4092 6178
171 164 282 217 385

1171 159 1423 213 ENARR.
1467 159 1532 214 IN
1577 157 1825 214 LIBROS
1861 156 2119 213 REGUM.
2165 188 2227 199 -
2270 160 2333 214 IN
2376 158 2502 214 LIB.
2547 162 2610 214 ll.

3486 163 3589 229 386

168 288 325 340 tutes
361 281 570 347 David,
603 280 857 351 intelligi
881 280 1107 349 volunt,
1142 281 1499 354 sapientiam
1536 281 1826 349 videlicet,
1874 286 1918 334 Α
1949 295 2063 334 nus
2091 280 2409 337 aedificabit
2437 281 2780 351 Sion(Psal.
2805 282 2900 351 cr),
2927 304 2955 330 ››
2981 297 3168 353 quam
3193 280 3410 337 Paulus
3427 298 3596 338 cons-

169 371 594 436 humilitatem,
625 376 681 426 et
707 369 1136 436 fortitudinem,
1167 371 1316 425 sicut
1353 375 1410 426 iu
1444 371 1831 444 praecedenti-

168 462 283 517 bus
317 460 561 529 dicitur,
593 481 620 508 α
653 460 866 515 sedens
891 459 951 514 in
983 459 1267 515 cathedra
1299 461 1834 533 sapientissimus,»

169 565 305 606 ecce
342 548 731 621 sapientiam.
767 571 792 596 ‹‹
823 553 948 620 Ipse
981 554 1070 603 est
1112 549 1288 620 quasi
1317 549 1670 604 terrenimus
1694 547 1837 615 ligni

170 638 560 703 vermiculus,
598 659 625 686 »
656 653 792 693 ecce
823 637 1240 692 humilitatem.
1277 661 1299 687 ‹‹
1331 639 1436 702 Qui
1467 639 1837 704 octingentos

168 727 465 784 interfecit
485 727 716 800 impetu
747 743 888 790 uno,
925 749 950 773 η
984 743 1118 782 ecce
1151 727 1579 781 fortitudinem.
1609 726 1698 781 Ad
1728 727 1837 780 has

167 824 285 874 tres
312 817 567 871 virtutes
590 832 768 872 nemo
791 817 1031 871 fortium
1047 815 1234 870 David
1265 816 1551 887 pervenit,
1583 815 1837 887 ideoque

166 907 296 980 ipse
326 910 424 961 est
453 906 736 978 princeps
764 903 1004 959 fortium
1061 919 1332 959 suorum.
1383 907 1593 957 Verum
1627 903 1669 957 si
1703 903 1837 975 quis

169 995 352 1050 aliam
382 994 826 1066 expositionem
852 992 1163 1059 invenerit,
1188 992 1573 1064 promulgare
1603 992 1838 1046 studeat

169 1089 222 1139 et
247 1100 364 1139 nos
397 1083 655 1138 libenter
687 1082 739 1137 ei
772 1082 1132 1154 obsequium
1165 1081 1466 1145 dabimus,
1489 1081 1588 1150 qui
1615 1080 1837 1152 profec-

168 1176 226 1225 to
251 1169 446 1224 aliam
471 1167 739 1222 invenire
763 1181 882 1221 non
919 1165 1222 1238 potuimus
1243 1185 1254 1226 ;
1275 1165 1365 1220 his
1393 1165 1550 1220 enim
1569 1164 1834 1237 expletis,

172 1257 312 1330 quid
328 1255 724 1330 spiritualiter
740 1255 1307 1324 signiticet,innuam
1319 1256 1523 1310 Us.lste
1536 1255 1694 1308 enim
1708 1253 1838 1308 Abi»

172 1347 277 1407 sai,
312 1346 424 1418 qui
450 1344 676 1401 levavit
707 1360 960 1400 manum
995 1360 1164 1399 suam
1189 1350 1396 1399 contra
1427 1349 1736 1408 trecentos,
1773 1344 1830 1397 Ii-

173 1451 388 1506 guram
416 1433 809 1507 prtetendisse
844 1433 1163 1490 Salvatoris
1185 1433 1302 1488 sive
1334 1439 1676 1488 sanctorum
1692 1448 1836 1504 prae-

171 1523 515 1578 dicatorum
549 1538 672 1578 non
700 1521 955 1577 dubium
1004 1527 1126 1578 est:
1161 1523 1264 1594 qui
1296 1522 1506 1577 vexillo
1536 1521 1727 1576 crucis
1759 1527 1834 1575 at-

1955 369 2065 423 trui
2097 369 2307 424 videns
2339 370 2570 426 aiebat:
2609 394 2634 420 «
2668 370 2768 426 Dei
2813 369 3126 425 aedificatio
3184 371 3322 425 estis
3355 373 3407 440 (Ι
3453 372 3590 428 Cor.

1948 457 2051 528 in):
2089 480 2116 507 ››
2163 459 2272 524 Qui
2303 459 2376 514 de
2409 459 2572 514 caalis
2603 459 2910 515 descendit
2948 460 3006 514 in
3065 459 3263 514 lacum
3295 459 3496 514 seaculi
3520 460 3595 516 is-

1948 546 2060 600 tius
2087 564 2098 600 :
2133 547 2234 618 qui
2263 547 2520 603 calentes
2552 549 2882 620 aquas,hoc
2896 554 2985 602 est
3007 553 3234 603 mentes
3254 549 3590 614 hominum,

1945 634 2004 688 in
2038 635 2260 690 malitia
2293 637 2604 702 ferventes,
2636 637 2768 692 nive
2799 642 2855 692 et
2879 636 3095 705 frigore
3122 636 3502 708 inﬁdelitatis,
3535 638 3595 693 in

1946 741 2105 795 aqua
2132 726 2570 796 praedicationis
2603 744 2746 792 suae,
2780 726 2902 780 sive
2945 726 3168 781 ﬂuento
3189 726 3590 798 baptismatis,

1944 812 2313 881 refrigeravit
2336 831 2348 869 :
2371 838 2396 865 ‹‹
2423 821 2480 870 et
2508 815 3104 880 interfecitleonem,»
3129 825 3241 870 noc
3263 820 3353 870 est
3382 815 3593 872 diabo-

1945 899 2090 962 llun,
2126 901 2326 970 gladio
2357 903 2522 958 verbi
2562 903 2674 958 sui.
2711 927 2736 952 ‹‹
2772 903 2903 975 Ipse
2945 903 3104 958 enim
3155 908 3242 958 est
3300 905 3593 960 auricula-

1945 989 2069 1044 rius
2104 991 2310 1056 David,
2347 991 2445 1047 Dei
2473 991 2692 1047 scilicet
2725 992 2943 1047 Patris:
2979 991 3073 1046 cui
3122 1007 3262 1048 vera
3310 993 3591 1049 divinitas

1946 1093 2189 1133 omnem
2221 1080 2530 1136 scientiam
2561 1085 2740 1152 atque
2773 1081 3222 1151 intelligentiam
3254 1082 3517 1138 contulit.

2017 1190 2043 1216 ‹‹
2079 1170 2210 1222 Haec
2243 1169 2376 1224 fecit
2409 1170 2640 1235 Banais,
2665 1169 2822 1224 filius
2851 1169 3096 1233 Joiadae,
3150 1175 3204 1223 et
3246 1169 3370 1242 ipse
3400 1171 3594 1227 nomi-

1944 1277 1975 1304 «
2007 1260 2184 1312 natur
2210 1257 2362 1312 inter
2394 1263 2505 1314 tres
2527 1258 2972 1314 robustissimos
3003 1258 3106 1330 qui
3136 1258 3472 1315 erantinter
3493 1260 3590 1316 tri-

1947 1368 1971 1392 ‹‹
2011 1345 2174 1413 ginta
2204 1345 2546 1402 nobiliores.
2568 1351 2984 1404 Verumtamen
3008 1363 3199 1418 usque
3219 1347 3297 1402 ad
3325 1353 3440 1403 tres
3471 1365 3594 1405 non

1945 1458 1970 1485 ς
2004 1441 2377 1507 pervenerat,
2409 1459 2436 1485 »
2472 1436 2830 1506 lntelligitur,
2861 1437 3003 1508 quia
3041 1437 3168 1508 ipse
3191 1437 3488 1493 nominari
3509 1439 3593 1494 di-

1945 1539 2098 1586 gnus
2116 1528 2269 1577 esset
2300 1523 2449 1578 inter
2477 1524 2779 1588 robustos,
2805 1525 2863 1578 id
2891 1529 2978 1579 est
2997 1523 3194 1579 Abisai
3217 1530 3274 1580 et
3293 1526 3593 1582 Subochai

169 1628 280 1684 que
312 1611 495 1668 hasta
526 1611 992 1684 praedicationis,
1029 1611 1302 1666 inimicos
1343 1610 1502 1676 ﬁdei,
1537 1610 1697 1665 velut
1723 1615 1831 1664 tre-
1864 1630 1906 1681 Β
1944 1617 1998 1665 et
2026 1613 2351 1672 Jonathan.
2394 1613 2618 1686 quippe
2649 1613 2754 1685 qui
2793 1613 3020 1668 viribus
3066 1614 3150 1668 eis
3187 1615 3412 1686 aequari
3458 1632 3595 1687 pos-

171 1705 370 1756 centos
405 1700 595 1764 viros,
628 1700 993 1756 convincunt
1031 1704 1210 1772 atque
1251 1704 1652 1773 prosternunt.

240 1814 267 1839 ι(
301 1792 370 1844 Et
401 1789 686 1856 Iw'anaias,
731 1788 891 1844 ﬁlius
918 1788 1164 1851 Joiadae,
1202 1789 1309 1844 viri
1353 1788 1658 1844 fortissimi
1703 1803 1831 1842 ma-

178 1899 192 1928 ι
226 1894 494 1948 gnorum
520 1893 777 1949 operum
802 1877 876 1933 de
904 1876 1169 1950 Capseel,
1201 1877 1328 1949 ipse
1361 1875 1657 1950 percussit
1680 1875 1835 1930 duos

172 1988 196 2013 ιι
226 1966 440 2023 leones
457 1965 715 2036 Moab,et
736 1965 862 2038 ipse
884 1964 1196 2022 descendit
1211 1971 1272 2021 et
1288 1965 1578 2038 percussit
1598 1965 1834 2020 leonem

175 2079 200 2103 α
233 2055 296 2111 in
329 2055 537 2112 medio
565 2055 836 2111 cisterna:
866 2054 1082 2110 diebus
1111 2054 1284 2110 nivis.
1318 2058 1451 2127 Ipse
1480 2070 1723 2126 quoque
1743 2053 1834 2107 in-

179 2166 206 2194 «
239 2145 466 2200 terfecit
492 2144 692 2198 virum
715 2143 1080 2216 Aigyptium,
1107 2145 1302 2199 virum
1334 2143 1586 2213 dignum
1612 2149 1837 2215 specta-

180 2253 211 2286 ‹
235 2233 399 2300 culo,
429 2233 754 2289 habentem
771 2235 832 2288 in
859 2250 1046 2288 manu
1065 2234 1530 2305 hastam.quue
1553 2250 1688 2289 cum
1708 2233 1837 2288 des—

189 2342 207 2372 ι
244 2321 545 2378 cendisset
562 2321 640 2377 ad
672 2337 812 2377 eum
843 2322 902 2376 in
930 2321 1115 2391 virga,
1139 2321 1224 2376 vir
1243 2322 1738 2377 extorsithastam
1760 2320 1834 2375 de

177 2433 202 2458 α
235 2425 432 2466 manu
459 2409 734 2482 (Egyptii,
763 2409 1279 2466 etinterfeciteum
1307 2409 1484 2465 hasta
1510 2427 1640 2465 sua.
1675 2432 1702 2458 »
1722 2413 1833 2464 No-

175 2499 433 2555 tandum
482 2497 653 2572 quod
710 2498 770 2553 in
804 2498 1047 2554 Hebraeo
1093 2514 1216 2554 non
1245 2499 1519 2564 habetur,
1559 2498 1728 2569 (sicut
1775 2497 1833 2552 in

174 2588 500 2658 cujusdam
517 2586 823 2644 volumine
837 2587 1146 2659 reperitur)
1168 2603 1529 2659 magnorum
1559 2603 1833 2660 operum,

177 2676 276 2732 sed
306 2677 606 2748 magister
636 2691 910 2748 operum.
942 2675 1192 2748 Capseel
1218 2676 1376 2732 enim
1416 2677 1836 2748 interpretatur

175 2767 563 2838 congregatio
589 2766 737 2821 Dei:
771 2765 1054 2834 magister
1083 2765 1242 2821 enim
1263 2770 1390 2822 erat
1417 2766 1490 2821 de
1513 2781 1837 2836 congrega—

174 2854 327 2911 tione
359 2860 420 2912 et
440 2855 682 2924 legione
708 2854 823 2919 Dei,
855 2853 918 2909 id
947 2859 1040 2910 est
1066 2854 1294 2910 Cerethi
1321 2861 1377 2910 et
1406 2855 1699 2920 Pherethi,
1731 2853 1835 2926 qui

177 2944 652 3018 interpretantur
671 2944 1005 3000 occidentas
1027 2950 1083 2999 et
1113 2945 1497 3012 viviﬁcantes.
1530 2945 1658 3016 Ipse
1675 2945 1834 2999 enim
1867 2983 1906 3037 Ο

177 3035 466 3106 percussit
490 3034 653 3090 duos
676 3032 879 3089 leones
915 3032 1106 3098 Moab,
1148 3049 1302 3106 quos
1331 3033 1603 3088 nonnulli
1630 3033 1837 3089 intelli-

179 3122 232 3192 gi
261 3124 488 3194 volunt,
512 3122 671 3178 duos
701 3127 972 3194 potentes
997 3138 1067 3178 ac
1093 3121 1449 3177 fortissimos
1485 3122 1639 3177 viros
1670 3122 1728 3176 in
1752 3139 1837 3178 re-

180 3227 297 3282 gno
345 3212 543 3268 Moab.
599 3215 661 3266 In
699 3227 824 3283 quo
857 3211 1034 3267 etiam
1078 3211 1400 3277 intellectu,
1447 3212 1532 3266 vir
1587 3211 1837 3282 quidam

182 3300 401 3355 doctus
421 3301 486 3354 in
513 3300 847 3371 Scripturis,
881 3306 938 3356 et
969 3301 1156 3356 solers
1184 3301 1243 3355 in
1269 3316 1474 3355 amore
1511 3300 1834 3372 sapientiae,

185 3389 298 3460 qui
328 3403 422 3442 me
453 3388 518 3442 in
552 3390 721 3443 sacris
738 3389 947 3444 litteris
980 3389 1214 3445 erudire
1246 3389 1838 3454 consuevit,consen-

193 3475 303 3532 tire
335 3476 581 3531 videtur.
613 3479 763 3541 Quos
784 3477 1304 3550 Paralipomenon,
1338 3477 1491 3532 duos
1519 3477 1676 3532 Ariel
1719 3481 1833 3534 Mo-

194 3564 272 3620 ab
295 3564 584 3620 nominat.
619 3565 778 3621 Unde
821 3570 878 3622 et
933 3565 1087 3621 Ariel
1142 3566 1236 3622 vel
1267 3566 1370 3622 viri
1402 3572 1673 3638 potentes
1725 3569 1836 3623 Mo-

190 3652 265 3708 ab
297 3654 381 3709 vel
408 3653 614 3710 leones
645 3660 1052 3728 nuncupatur.
1075 3657 1227 3710 Ariel
1251 3656 1411 3711 enim
1443 3655 1838 3727 interpretan-

199 3745 289 3796 tur
320 3744 398 3797 leo
436 3747 558 3799 Dei.
593 3746 756 3809 Quos
806 3744 1080 3815 Banaias,
1112 3745 1259 3800 dum
1290 3751 1652 3817 provocatus
1682 3751 1840 3802 esset

212 3827 283 3883 ab
305 3829 426 3892 illis,
454 3839 769 3905 superatos
813 3833 1120 3889 interfecit.
1153 3835 1407 3898 Quando
1457 3836 1617 3889 enim
1654 3834 1837 3890 David

207 3918 423 3974 eosdem
451 3921 747 3976 Moabitas
773 3921 930 3976 bello
969 3937 1290 3992 aggressus
1335 3925 1442 3987 est,
1476 3928 1531 3977 et
1559 3922 1692 3976 fecit
1722 3928 1837 3978 tres

194 4003 474 4064 funiculos
497 4009 661 4064 duos
685 4009 764 4065 ad
795 4010 1306 4080 mortiﬁcandum,
1339 4016 1395 4066 et
1419 4026 1605 4065 unum
1638 4009 1716 4065 ad
1756 4011 1836 4065 vi-

186 4095 574 4163 viﬁcandum,
604 4099 696 4153 isti
715 4105 988 4172 potentes
1013 4100 1294 4156 Moabitas
1319 4099 1837 4166 tuebantur.Quod

181 4185 384 4243 dicitur
415 4188 496 4244 de
532 4189 761 4242 Banaia
787 4205 798 4240 :
825 4209 853 4242 ‹
903 4195 959 4244 et
987 4189 1116 4260 ipse
1147 4189 1423 4245 decendit
1465 4195 1521 4244 et
1545 4189 1839 4262 percussit

179 4273 231 4330 in
257 4278 471 4333 media
501 4278 764 4333 cisterna
795 4277 1008 4332 diebus
1042 4278 1189 4333 nivis
1227 4278 1463 4334 leonem
1507 4297 1560 4342 ›,
1589 4294 1840 4350 quomo-

175 4363 242 4420 do
271 4366 342 4422 sit
372 4368 642 4433 factum,
660 4367 954 4439 .losephus
975 4373 1178 4424 narrat
1198 4368 1486 4440 apertius:
1512 4367 1656 4440 quia
1684 4366 1842 4421 vide-

169 4452 290 4510 licet
322 4459 605 4512 cisterna
647 4454 818 4511 fuerit
854 4455 1108 4511 nimium
1145 4457 1463 4528 profunda,
1504 4473 1639 4529 quae
1699 4461 1840 4512 tem-

167 4558 297 4614 pore
323 4545 571 4602 hiemis
603 4561 742 4599 cum
774 4551 975 4601 essent
1003 4547 1209 4600 omnia
1239 4545 1479 4601 nivibus
1510 4545 1711 4624 plena,
1747 4545 1838 4618 ip-

165 4649 512 4710 saquoque
534 4633 724 4689 nimio
764 4634 989 4689 nivium
1021 4650 1257 4704 aggere,
1302 4634 1473 4690 fuerit
1503 4639 1834 4707 coaequata,

167 4726 221 4778 In
248 4741 452 4797 quam
486 4739 638 4779 cum
667 4722 761 4778 leo
779 4725 1206 4796 superveniens
1220 4723 1463 4795 periculi
1487 4724 1726 4779 nescius
1748 4724 1836 4778 in-

164 4813 418 4882 cidisset,
453 4813 820 4884 ibidemque
859 4813 1180 4868 conclusus
1207 4813 1420 4883 grandi
1472 4813 1671 4882 rugitu
1725 4812 1832 4868 cla-

164 4910 368 4971 maret,
394 4901 818 4960 accurrebant
847 4902 1128 4957 homines
1162 4903 1362 4958 videre
1391 4901 1536 4975 quid
1569 4905 1743 4957 esset.
1775 4904 1838 4958 Et

164 4992 302 5048 dum
332 5011 488 5049 cum
519 4990 658 5047 aliis
681 4991 759 5046 ad
791 4991 903 5046 tale
937 4991 1348 5064 spectaculum
1392 4992 1700 5047 adveniret
1734 4995 1836 5046 Ba-

162 5084 344 5148 naias,
381 5080 626 5138 desiliit
651 5079 848 5135 statim
877 5080 939 5136 in
984 5081 1338 5136 cisternam:
1381 5085 1438 5136 et
1485 5097 1836 5152 aggressum

165 5173 368 5227 mediis
401 5173 472 5228 in
508 5169 760 5225 nivibus
806 5173 1095 5242 percussit
1142 5175 1199 5225 et
1244 5169 1533 5226 interfecit
1577 5169 1833 5226 leonem.

166 5261 581 5331 Spiritualiter
606 5257 882 5324 Banaias,
911 5259 1014 5330 qui
1047 5258 1466 5331 interpretatur
1510 5260 1838 5327 aediﬁcator

162 5353 475 5421 Dominus,
516 5364 852 5421 personam
884 5349 943 5402 in
984 5366 1044 5404 se
1077 5349 1362 5420 expressit
1398 5347 1738 5416 Salvatoris,
1762 5347 1836 5402 de

157 5455 272 5510 quo
305 5441 638 5513 Propheta
667 5437 1116 5509 vaticinaverat,
1163 5438 1306 5510 quia
1335 5454 1440 5510 per
1485 5452 1624 5492 eum
1653 5436 1836 5490 aediﬁ—

159 5530 351 5585 canda
385 5527 669 5585 Ecclesia
700 5531 874 5595 esset,
924 5526 1162 5582 dicens:
1199 5551 1226 5577 ‹‹
1282 5526 1610 5582 ίΕώἰὶοεωε
1642 5526 1837 5580 Hieru-

159 5617 344 5676 salem
373 5617 689 5675 Dominus
718 5617 910 5688 (Psal.
933 5623 1102 5688 σιω).
1139 5640 1167 5668 ››
1196 5619 1262 5674 Et
1287 5616 1533 5674 iterum:
1567 5638 1596 5667 α
1629 5613 1828 5672 Domi-

1945 1705 2054 1760 set,
2077 1701 2179 1772 qui
2209 1700 2385 1756 etiam
2415 1707 2583 1757 erant
2609 1703 2757 1756 inter
2779 1701 3035 1771 triginta.
3067 1702 3405 1758 Notandum
3427 1704 3593 1776 quod

1941 1788 2190 1859 quidam
2227 1790 2611 1845 Hebraeorum
2639 1790 2872 1846 leonem
2905 1791 3065 1846 hunc
3105 1807 3287 1863 quem
3340 1793 3594 1848 Banaias

1942 1877 2248 1944 interfecit,
2276 1880 2427 1936 Joab
2454 1880 2697 1949 intelligi
2730 1879 2970 1935 volunt:
3004 1881 3109 1954 qui
3141 1882 3200 1936 in
3233 1883 3432 1938 media
3481 1884 3592 1938 cis-

1946 1975 2132 2022 terna.
2162 1967 2217 2022 id
2243 1975 2350 2034 est,
2383 1969 2443 2023 in
2474 1969 2657 2024 domo
2694 1969 2947 2035 Domini,
2984 1970 3084 2025 ubi
3111 1985 3338 2025 cornua
3389 1972 3592 2028 altaris

1946 2055 2204 2123 tenebat,
2228 2057 2461 2111 occisus
2491 2062 2596 2112 est.
2635 2060 2699 2111 Et
2728 2062 2872 2128 puta
2911 2057 3095 2114 altare
3156 2059 3472 2114 cisternam
3524 2060 3596 2114 si-

1944 2143 2254 2213 gnificare:
2287 2144 2560 2200 videlicet
2584 2145 2746 2217 quia,
2781 2145 2994 2217 inquit,
3037 2147 3188 2201 sicut
3210 2163 3371 2218 aqua
3398 2147 3594 2202 cister-

1942 2248 2033 2286 na).
2065 2233 2419 2289 munditiem
2447 2233 2636 2302 affert,
2661 2234 2741 2290 ita
2758 2234 3148 2290 nihilominus
3180 2235 3591 2292 sanctuarium

1940 2321 2172 2377 Domini
2201 2328 2446 2394 peccata
2471 2323 2772 2395 expiabat.
2802 2346 2829 2372 «
2857 2327 2918 2378 In
2944 2323 3158 2379 diebus
3189 2325 3364 2388 nivis,
3391 2346 3419 2373 ››
3449 2328 3596 2398 quia

1942 2426 2048 2482 per
2073 2417 2326 2466 mortem
2356 2411 2614 2484 expiavit
2655 2416 2990 2484 peccatum,
3018 2413 3192 2483 juxta
3248 2413 3395 2468 illud
3438 2414 3596 2472 Psal-

1943 2498 2130 2554 mistaa
2153 2516 2164 2552 :
2187 2522 2213 2548 «
2242 2499 2492 2555 Lavabis
2522 2516 2638 2566 me,
2676 2523 2703 2549 »
2731 2501 2896 2572 quod
2927 2501 3238 2574 impletum
3270 2508 3362 2558 est
3384 2502 3444 2557 in
3469 2519 3594 2558 me-

1942 2587 2042 2643 dia
2069 2588 2357 2644 cisterna:
2395 2612 2421 2638 «
2481 2593 2538 2644 et
2567 2604 2748 2661 super
2777 2589 2975 2645 nivem
3024 2589 3356 2646 dealbabor
3402 2592 3593 2668 (Psal.

1943 2677 1997 2748 ι.)
2022 2694 2035 2732 :
2082 2700 2108 2726 »
2137 2677 2304 2750 quod
2335 2678 2647 2750 impletum
2674 2683 2763 2734 est
2806 2678 2862 2732 in
2893 2694 2964 2734 eo
2992 2679 3158 2751 quod
3189 2680 3290 2748 ait,
3323 2703 3350 2730 «
3383 2680 3595 2736 diebus

1943 2765 2117 2821 nivis.
2145 2788 2172 2814 »
2215 2767 2292 2822 De
2319 2783 2390 2822 eo
2411 2772 2613 2822 autem
2641 2767 2803 2838 quod
2835 2767 3271 2840 subsequenter
3295 2774 3591 2825 narratur:

1947 2878 1974 2905 ‹‹
2005 2861 2136 2927 Ipse
2161 2871 2404 2928 quoque
2434 2855 2724 2911 interfecit
2771 2855 2966 2911 virum
3009 2858 3370 2929 Egyptium,
3400 2858 3598 2914 virum

1945 2945 2199 3014 dignum
2229 2945 2592 3016 spectaculo.
2619 2967 2647 2993 »
2690 2944 2890 3000 Virum
2920 2945 3100 3000 istum
3127 2947 3468 3018 Egyptium
3501 2949 3596 3003 Se-

1949 3033 2065 3088 mei
2097 3033 2287 3088 tilium
2315 3036 2448 3088 Jera
2478 3050 2607 3089 esse
2648 3033 3031 3099 arbitrantur,
3066 3035 3171 3106 qui
3215 3035 3459 3091 malexit
3490 3037 3596 3091 Da-

1947 3122 2065 3176 vid.
2095 3121 2415 3177 Sciendum
2461 3121 2741 3193 estquod
2789 3122 2950 3177 idem
2990 3123 3180 3178 Semei
3207 3123 3280 3179 de
3315 3123 3594 3178 Bahurim

1945 3210 2119 3265 fuerit
2189 3211 2324 3266 ideo
2386 3210 2704 3282 Egyptius
2750 3209 2968 3277 dictus,
3012 3210 3156 3282 quia
3208 3227 3393 3283 opera
3437 3211 3594 3267 illius

1946 3298 2232 3370 Algyptii,
2269 3301 2455 3353 Deum
2485 3297 2959 3370 blasphemantis
2987 3302 3189 3371 (quem
3231 3302 3477 3372 Moyses,
3496 3300 3592 3370 ju-

1944 3387 2119 3443 bente
2158 3386 2436 3454 Domino,
2471 3386 2760 3442 interfecit
2788 3387 2846 3441 in
2899 3392 3121 3453 eremo)
3154 3388 3418 3443 imitatus
3465 3388 3592 3444 fuit.

1945 3475 2042 3532 Ille
2075 3476 2234 3532 enim
2265 3475 2711 3548 blasphemavit
2741 3476 2948 3542 Deum,
3017 3482 3074 3532 et
3126 3477 3237 3532 iste
3290 3477 3596 3533 maledixit

1942 3566 2302 3639 prophetam
2331 3571 2388 3620 et
2414 3581 2637 3635 regem.
2687 3584 2717 3617 ‹
2743 3563 2948 3619 Virum
2973 3564 3226 3636 dignum
3284 3572 3595 3638 spectacu-

1942 3655 2020 3712 lo.
2052 3677 2080 3706 »
2107 3656 2496 3728 Spectabatur
2522 3655 2704 3722 enim,
2755 3660 2818 3709 ut
2849 3654 2896 3708 si
2927 3655 3304 3724 egrederetur
3361 3658 3600 3712 Jerusa-

1941 3744 2083 3817 lem,
2107 3744 2552 3800 interﬁceretur.
2587 3767 2613 3793 «
2647 3743 2970 3799 IIabentem
3000 3743 3059 3798 in
3086 3761 3272 3800 manu
3301 3745 3595 3815 hastam,»

1943 3834 2004 3888 id
2024 3839 2114 3889 est
2136 3833 2332 3904 legem
2365 3832 2484 3898 Dei,
2511 3848 2698 3904 quam
2751 3832 2800 3886 si
2853 3833 3173 3888 meditatus
3225 3833 3432 3889 fuisset
3460 3849 3597 3906 per:

1945 3921 2248 3978 manendo
2278 3922 2337 3976 in
2397 3919 2784 3989 Hierusalem,
2817 3936 2937 3976 non
2983 3921 3390 3992 perimeretur.
3447 3921 3596 3987 Quia

1945 4027 2088 4081 ergo
2112 4015 2477 4082 praeceptum
2508 4009 2665 4078 regis
2697 4009 2926 4065 irritum
2950 4009 3106 4078 fecit,
3129 4010 3405 4066 exeundo
3436 4010 3595 4066 foras

1948 4099 2336 4165 Hierusalem,
2387 4097 2608 4154 idcirco
2652 4097 2712 4152 in
2765 4115 2904 4153 eum
2959 4114 2994 4154 a
3054 4099 3298 4168 Bannia,
3332 4119 3362 4152 ‹
3393 4098 3454 4154 in
3483 4098 3598 4154 vir-

1947 4205 2042 4259 ga,
2074 4211 2101 4237 »
2133 4188 2194 4243 id
2225 4193 2316 4244 est
2357 4187 2705 4243 rectitudine
2752 4187 3009 4258 justitiaa,
3055 4187 3413 4243 descensum
3460 4193 3548 4244 est
3580 4204 3592 4240 :

1946 4282 2002 4332 et
2021 4278 2216 4347 hasta,
2237 4292 2423 4349 quam
2457 4276 2586 4346 jam
2636 4291 2759 4330 non
2784 4281 3008 4332 rectam
3041 4275 3297 4342 tenebat,
3331 4276 3388 4331 vi
3417 4275 3494 4333 ab
3525 4293 3595 4332 eo

1946 4369 2176 4422 extorta
2203 4370 2324 4422 est:
2359 4380 2541 4420 auem
2598 4381 2841 4420 sensum
2873 4381 2996 4420 non
3052 4366 3449 4435 refl-agamus,
3492 4365 3598 4420 sed

1945 4455 2214 4525 diligenti
2241 4454 2443 4510 lectori
2482 4453 2896 4526 relinquimus.
2932 4455 3272 4526 Descriptus
3319 4454 3478 4508 enim
3523 4469 3596 4506 ex

1945 4550 2114 4617 parte
2145 4543 2452 4616 catalogus
2483 4543 2748 4598 virorum
2774 4543 3014 4598 fortium
3061 4543 3117 4597 in
3141 4544 3401 4611 ﬁguram
3425 4555 3595 4596 sanc-

1944 4638 2164 4702 torum,
2197 4633 2301 4705 qui
2336 4630 2614 4704 quamvis
2662 4632 2947 4686 virtutum
2996 4629 3357 4685 sublimitate
3416 4627 3595 4701 proﬁ-

1945 4723 2124 4790 ciant,
2155 4727 2357 4778 tamen
2407 4737 2596 4792 usque
2627 4721 2704 4776 ad
2735 4719 3142 4774 excellentiam
3169 4718 3384 4773 divinae
3415 4717 3597 4773 Trini-

1943 4811 2078 4868 tatis
2141 4827 2530 4884 nequaquam
2588 4810 2900 4878 attingant.
2952 4806 3093 4862 Inde
3150 4812 3239 4863 est
3293 4807 3458 4880 quod
3512 4806 3594 4863 ibi

1945 4900 2230 4972 scriptum
2257 4904 2346 4954 est
2369 4897 2443 4953 de
2468 4897 2637 4964 Joab,
2674 4912 2866 4968 usque
2890 4894 2969 4952 ad
2999 4900 3115 4952 tres
3150 4911 3273 4952 non
3303 4895 3592 4969 pervenit.

1945 4989 2086 5056 Quis
2113 4987 2273 5044 enim
2306 4986 2642 5059 aequabitur
2665 4984 2936 5052 Domino,
2963 4990 3066 5041 aut
3093 4985 3228 5058 quis
3259 4985 3465 5042 similis
3487 4984 3598 5042 erit

1942 5079 2094 5135 inter
2114 5077 2268 5133 ﬁlios
2302 5077 2448 5133 Dei?
2468 5078 2551 5131 Ac
2573 5091 2679 5147 per
2710 5075 2824 5130 hoc
2855 5090 2994 5130 vera
3033 5079 3229 5146 potest
3249 5074 3352 5132 illa
3380 5076 3595 5133 solutio

1943 5186 2094 5236 esse,
2125 5184 2312 5241 quam
2344 5164 2619 5237 superius
2647 5165 2721 5219 de
2765 5164 2953 5220 tribus
2980 5163 3190 5237 primis
3234 5163 3594 5234 fortissimis,

1943 5257 2216 5314 videlicet
2247 5256 2432 5312 tribus
2455 5253 2769 5310 virtutibus
2805 5253 3012 5320 David,
3035 5252 3464 5326 descripsimus
3487 5275 3498 5312 :
3519 5256 3598 5312 ad
3637 5299 3644 5306 .

1944 5364 2100 5420 quas
2162 5362 2341 5402 nemo
2411 5343 2649 5398 fortium
2704 5342 3012 5414 pervenire
3073 5343 3282 5414 potuit.
3344 5345 3412 5398 Et
3463 5343 3596 5399 ideo

1946 5436 2169 5509 tropice
2220 5450 2416 5490 sermo
2447 5433 2688 5488 divinus
2747 5431 2806 5489 in
2866 5429 3123 5501 ﬁguram
3166 5431 3487 5488 Salvatoris
3517 5433 3599 5488 ita

1945 5523 2190 5597 protulit
2235 5522 2463 5588 dicens,
2516 5519 2619 5575 sed
2681 5534 2871 5592 usque
2917 5518 2998 5574 ad
3055 5523 3169 5575 tres
3223 5519 3448 5590 primos
3473 5534 3596 5575 non

1949 5615 2318 5686 pervenerat.
