4092 6178
495 170 606 228 307

1597 160 1958 219 ANGELOMI
1996 155 2447 214 LUXOV’IENSIE
2482 157 2803 215 MONAOHI

3799 161 3901 222 3a

568 317 597 347 ‹‹
629 294 805 352 Asael
831 293 1009 349 frater
1030 290 1179 347 Joab
1208 289 1359 344 inter
1394 285 1652 357 triginta.
1687 284 1947 341 Eleanan
1979 282 2137 338 ﬁlius
2172 284 2219 336 A
2250 282 2629 353 septuaginta
2642 282 3005 355 millia,quos
3024 280 3531 355 quidemabloab
3553 289 3903 345 numeratos

498 407 527 437 α
557 384 754 457 patrui
777 378 906 452 eju's
931 381 1005 435 de
1028 377 1387 434 Bethlehem.
1411 378 1649 433 Semma
1677 375 1752 430 de
1778 373 1962 429 Arari.
1984 371 2139 427 Elica

497 494 527 525 κ
557 473 631 527 de
664 469 898 526 Herodi.
931 468 1102 523 Heles
1130 466 1205 523 de
1234 465 1440 521 Phalti.
1477 464 1591 520 Hiri
1634 464 1793 519 ﬁlius
1825 465 2009 518 Aoces
2063 460 2139 516 de

495 578 529 612 «ν
558 559 820 615 Thoona.
855 557 1104 613 Abiezer
1132 556 1207 611 de
1226 554 1546 611 Anathoth.
1580 552 1897 610 M‘obonnai
1917 552 1990 609 de
2019 552 2136 605 Hu-

492 649 681 705 «sati.
729 647 967 705 Selmon
1021 644 1322 700 Ahohites.
1370 642 1665 699 Macharai
1717 640 2133 713 Netophatites.

495 761 525 789 «
553 737 730 795 Heleb
759 736 916 792 ﬁlius
939 737 1180 800 Baama,
1209 738 1264 789 et
1282 733 1409 805 ipse
1426 730 1955 805 Netophatites.ltai
1980 729 2138 785 ﬁlius

494 848 523 877 «
555 827 742 893 Bibai,
772 825 847 880 de
902 823 1161 880 Gebeeth
1187 823 1447 878 ﬁliorum
1501 821 1828 893 Benjamin,
1871 819 2137 875 Banaian

492 937 522 967 «
548 916 1014 972 Pharathonites.
1035 913 1217 968 Hedai
1245 912 1319 968 de
1336 916 1591 968 torrente
1624 914 1797 967 Gaas.
1822 909 2137 965 Albialbon

492 1023 521 1053 κ
551 1000 907 1057 Arbathites.
954 1003 1239 1055 Azmavet
1284 997 1359 1052 de
1412 995 1708 1067 Berhomi,
1763 994 2009 1051 Elihaba
2063 993 2137 1047 de

491 1111 520 1139 «
556 1089 857 1158 Saalboni,
899 1088 1028 1144 Pilii
1066 1091 1266 1154 Jasen,
1311 1087 1628 1155 Jonathan,
1659 1088 1899 1142 Semma
1928 1084 2003 1139 de
2035 1085 2137 1139 Ile»

492 1201 522 1230 κ
549 1180 701 1236 rodi.
731 1179 945 1235 Ahiam
974 1178 1131 1233 ﬁlius
1164 1180 1309 1234 Saar
1356 1176 1630 1232 Ararites.
1665 1173 1956 1247 Eliphalet
1977 1172 2137 1227 ﬁlius

491 1291 521 1321 ‹‹
550 1268 840 1325 Ahasbai.
877 1267 1002 1323 Filii
1030 1266 1336 1324 Maachati.
1360 1266 1583 1322 EIiaam
1612 1265 1771 1320 ﬁlius
1786 1260 2136 1335 Achitophel

490 1380 520 1410 «
553 1357 850 1426 Gilonites,
901 1357 1103 1413 Hesrai
1133 1356 1208 1412 de
1259 1355 1553 1421 Carmelo,
1596 1354 1811 1409 Pharai
1858 1353 1933 1407 de
1973 1350 2131 1420 Arbi,

490 1471 519 1500 «
552 1449 715 1519 Igaal
742 1448 900 1505 ﬁlius
923 1449 1154 1504 Nathan
1186 1447 1261 1502 de
1295 1446 1469 1512 Soba,
1490 1446 1682 1501 Bonni
1711 1444 1787 1499 de
1817 1442 2135 1512 Gaddi,Se-

489 1560 517 1590 ι(
544 1538 633 1596 lec
663 1540 738 1595 de
764 1537 1064 1607 Ammoni,
1098 1537 1353 1593 Naharai
1381 1534 1724 1601 Berothites,
1757 1532 2020 1601 armiger
2037 1533 2133 1586 Jo-

2249 371 2509 440 esse,sed
2527 389 2832 429 summam
2845 387 3056 428 eorum
3076 371 3342 428 noluisse
3354 372 3671 431 ostendere
3694 374 3896 437 David.

2244 459 2360 514 nisi
2393 464 2624 517 tantum
2644 467 2940 533 quantum
2970 461 3033 517 in
3061 460 3353 519 Samuelis
3375 461 3527 519 libro
3568 462 3865 523 scribitur.

2320 571 2347 598 ‹‹
2380 548 2674 606 Percussit
2703 555 2904 607 autem
2935 567 3037 607 cor
3069 550 3253 606 David
3267 555 3596 624 postquam
3626 568 3903 613 numorth

2248 658 2275 685 «
2308 640 2404 692 tus
2429 644 2518 694 est
2552 639 2833 712 populus,
2850 644 2907 695 et
2934 639 3082 695 dixit
3098 640 3282 696 David
3299 640 3378 696 ad
3402 640 3743 699 Dominum:
3767 644 3902 701 μεθ’

2247 749 2275 776 ‹‹
2298 727 2432 782 cavi
2459 727 2634 784 valde
2663 729 2725 784 in
2752 729 2865 784 hoc
2896 728 3086 797 facto;
3123 728 3233 785 sed
3260 746 3493 802 precor,
3529 730 3798 793 Domine,
3831 748 3905 789 us

2247 838 2275 864 «
2309 817 2630 873 transferas
2659 818 3041 891 iniquitatem
3070 818 3224 875 servi
3270 819 3373 889 tui,
3408 819 3557 892 quia
3605 819 3779 877 stulte
3807 821 3905 892 egi

2247 929 2274 956 ‹‹
2307 906 2505 965 nimis.
2540 928 2568 957 ››
2598 912 2655 964 et
2673 908 2924 981 reliqua.
2957 912 3022 965 In
3050 908 3207 964 libro
3231 925 3478 981 quoque
3511 909 3719 980 Exodi,
3750 926 3904 983 prm-

2246 996 2401 1067 cepit
2433 997 2718 1052 Dominus
2746 998 2949 1069 Moysi,
2987 997 3235 1054 dicens:
3281 1020 3309 1049 ‹‹
3353 998 3613 1063 Quando.
3652 999 3904 1057 tuleritis

2246 1101 2554 1142 summam
2580 1086 2843 1143 ﬁliorum
2877 1087 3079 1156 Israel,
3112 1089 3282 1158 juxta
3311 1104 3637 1144 numerum
3666 1089 3906 1147 dabunt

2246 1174 2470 1244 singuli
2488 1175 2745 1248 pretium
2775 1177 3223 1248 proanimabus
3241 1176 3363 1233 suis
3394 1178 3668 1247 Domino,
3698 1183 3753 1233 et
3773 1193 3904 1234 non

2246 1262 2355 1317 erit
2384 1262 2565 1334 plaga
2588 1264 2649 1319 in
2670 1264 2753 1319 eis
2770 1281 2907 1319 cum
2931 1264 3149 1320 fuerint
3168 1265 3671 1333 recensiti(Ea;od.
3694 1266 3905 1338 xxx)».

2244 1351 2367 1407 Hoc
2391 1357 2592 1408 autem
2621 1353 2791 1410 dabit
2817 1353 3017 1409 omnis
3047 1354 3151 1426 qui
3181 1354 3393 1410 transit
3437 1355 3519 1410 ad
3544 1370 3770 1411 nomen
3808 1355 3909 1411 di»

2244 1440 2499 1497 midium
2530 1442 2676 1507 sicli,
2704 1442 2879 1513 juxta
2932 1458 3281 1499 mensuram
3327 1442 3553 1515 templi.
3590 1442 3781 1501 Siclus
3810 1444 3907 1499 vi-.

2245 1527 2391 1597 ginti
2438 1529 2619 1586 habet
2648 1531 2881 1587 obolos.
2910 1531 3096 1589 Media
3134 1547 3276 1604 pars
3302 1531 3425 1587 sicli
3457 1532 3739 1588 offeretur
3782 1533 3903 1588 Dem

492 1650 519 1679 «‹
550 1628 628 1685 ab
659 1628 759 1684 ﬁlii
781 1628 999 1684 Sarviee
1030 1625 1513 1691 HiraJethrithes,
1536 1644 1563 1674 »
1586 1629 1643 1679 et
1656 1622 2132 1694 reliqua,usque—
2167 1641 2209 1694 Β
2246 1616 2432 1689 mino,
2459 1619 2565 1690 qui
2594 1619 2849 1675 habetur
2874 1621 2935 1675 in
2987 1636 3262 1687 numero,
3294 1637 3332 1676 a
3376 1619 3584 1689 viginti
3634 1620 3811 1676 annis
3844 1624 3907 1683 et

488 1733 611 1790 quo
641 1718 742 1786 ait,
764 1739 790 1767 α
824 1732 1035 1774 omnes
1061 1715 1302 1786 triginta
1330 1718 1578 1787 septem.
1610 1734 1637 1762 ››
1662 1711 2002 1768 Notandum
2028 1712 2135 1779 est,

488 1807 631 1880 quia
662 1824 801 1864 cum
831 1807 924 1862 his
955 1805 1213 1875 triginta,
1247 1804 1427 1860 etiam
1459 1808 1689 1876 septem
1734 1801 2026 1868 fortiores,
2082 1807 2140 1857 et

485 1896 860 1979 nominati‘in
909 1896 1022 1951 hoc
1047 1894 1276 1951 calculo
1305 1892 1915 1965 comprehenduntur,
1950 1888 2138 1945 David

484 1985 777 2055 videlicet,
805 1984 911 2058 qui
939 1984 1273 2057 appellatus
1321 1988 1410 2038 est
1439 1982 1805 2047 Adeodatus,
1837 1980 2037 2036 Abisai
2082 1984 2139 2036 et

489 2073 808 2137 Subochai,
837 2074 1155 2139 Jonathan,
1181 2072 1434 2134 Eleazar,
1453 2072 1760 2127 etSemma
1785 2075 1841 2126 et
1862 2069 2134 2125 Banaias:

485 2177 622 2219 ecce
653 2168 903 2237 septem.
947 2163 1213 2231 Triginta
1261 2161 1321 2217 hi
1379 2165 1551 2217 sunt:
1611 2159 1802 2223 Asael,
1854 2159 2134 2228 Elcanan,

489 2254 729 2311 Semma
758 2251 833 2309 de
865 2252 1055 2319 Arari,
1080 2251 1258 2322 Elica,
1299 2250 1485 2319 Heles,
1538 2250 1697 2320 Hira,
1738 2248 1997 2315 Abiezer,
2027 2251 2139 2305 Mo-

485 2342 730 2414 bonnai,
773 2342 1035 2409 Selmon,
1070 2340 1385 2409 Macharai,
1445 2339 1647 2408 Hcleb,
1696 2338 1820 2409 Itai,
1872 2337 2136 2393 Banaian

482 2431 951 2498 Pharathonites,
987 2431 1185 2497 Hebai,
1214 2429 1528 2495 Abialbon,
1556 2430 1860 2495 Azmavet,
1887 2425 2137 2482 Elihaba

487 2520 729 2575 Semma
751 2519 826 2574 de
856 2518 1095 2584 Horodi,
1128 2520 1323 2581 Aiam,
1368 2516 1727 2589 Eliphelech,
1757 2515 1965 2581 Etiam,
2000 2518 2134 2570 Hes-

481 2606 590 2675 rai,
632 2607 864 2677 Pharai,
895 2607 1078 2678 Igaal,
1123 2605 1328 2674 Honni,
1377 2606 1601 2672 Selech,
1659 2604 1936 2672 Naharat,
1970 2604 2129 2675 Hira,

483 2695 694 2765 Gareb,
727 2697 891 2752 Urias
915 2697 1206 2751 Hethaeus.
1238 2694 1375 2750 Ideo
1395 2710 1536 2765 ergo
1567 2694 1733 2749 Urias
1754 2693 2026 2749 Hethaeus
2050 2694 2133 2750 ul—

481 2784 662 2842 timus
685 2785 948 2859 ponitur,
971 2789 1214 2859 propter
1228 2784 1291 2840 id
1307 2783 1472 2856 quod
1501 2783 1768 2857 sequitur
1787 2783 1847 2838 in
1878 2799 2130 2856 sequen-

480 2872 659 2929 tibus.

2246 1722 2430 1779 supra
2458 1707 2626 1765 dabit
2642 1710 2921 1781 pretium.
2948 1711 3122 1766 Dives
3157 1727 3281 1766 non
3311 1710 3492 1766 addet
3519 1711 3598 1766 ad
3625 1711 3903 1768 medium

2247 1796 2391 1860 sicli,
2416 1814 2649 1870 pauper
2668 1799 2816 1855 nihil
2830 1801 3563 1873 minuet.Susceptamque
3574 1801 3903 1873 pecuniam

2246 1900 2382 1956 quae
2407 1887 2622 1944 collata
2652 1894 2740 1947 est
2767 1904 2803 1945 a
2830 1888 2968 1945 ﬁliis
2996 1888 3192 1958 Israel,
3226 1889 3426 1945 trades
3452 1888 3515 1944 in
3536 1905 3682 1945 usus
3704 1890 3902 1946 taber-

2244 1976 2445 2031 naculi
2475 1977 2816 2049 testimonii,
2858 1983 2922 2034 ut
2946 1978 3019 2034 sit
3061 1981 3528 2037 monumentum
3554 1994 3764 2035 eorum
3796 1995 3900 2035 co-

2245 2081 2378 2121 ram
2402 2068 2677 2137 Domino,
2701 2073 2758 2125 et
2786 2068 3137 2141 propitietur
3165 2068 3487 2125 animabus
3509 2084 3739 2125 eorum.
3772 2070 3900 2126 Hoc

2246 2170 2389 2226 ergo
2410 2156 2628 2213 oblitus
2658 2162 2746 2213 est
2798 2159 2984 2214 David
3016 2160 3229 2227 facere,
3259 2158 3483 2217 idcirco
3511 2159 3760 2215 oﬁendit
3786 2163 3899 2216 De-

2246 2262 2372 2311 um,
2404 2252 2461 2302 et
2486 2245 2565 2302 ob
2595 2247 2709 2303 hoc
2733 2247 2914 2319 plaga
2939 2249 3100 2304 venit
3126 2249 3188 2304 in
3220 2248 3414 2305 Israel.
3451 2271 3479 2299 «
3508 2250 3778 2322 Cumque
3795 2266 3901 2305 ve-

2248 2356 2276 2384 «
2303 2335 2490 2391 nisset
2514 2336 2639 2393 Gad
2672 2338 2749 2392 ad
2788 2337 2998 2407 David,
3052 2338 3349 2395 nuntiavit
3402 2337 3454 2394 ei
3483 2338 3720 2394 dicens:
3778 2343 3894 2395 Aut

2247 2447 2273 2473 «
2313 2429 2542 2497 septem
2571 2426 2745 2481 annis
2773 2426 2971 2483 veniet
3002 2427 3106 2483 tibi
3143 2428 3335 2484 fames
3386 2428 3449 2484 in
3495 2433 3649 2486 terra
3701 2433 3816 2497 tua,
3854 2449 3885 2477 υ

2244 2518 2354 2569 etc.
2386 2515 2500 2571 Sed
2528 2516 2775 2588 mystice
2807 2517 2901 2572 hic
2928 2516 3171 2586 intelligi
3203 2523 3397 2590 potest
3427 2518 3617 2575 fames
3660 2520 3882 2590 septem

2242 2618 2563 2674 annorum,
2596 2610 2729 2671 etc.,
2764 2606 2819 2660 si
2847 2605 2942 2661 cui
2980 2606 3289 2679 placuerit.
3334 2609 3571 2679 Septem
3601 2606 3772 2663 annis
3798 2605 3886 2663 in-

2238 2691 2445 2748 ﬁdeles
2473 2694 2661 2749 Judaei
2703 2694 2927 2751 famem
2972 2697 3283 2766 sustinent,
3341 2697 3483 2769 quia
3529 2695 3893 2769 septiformis

2239 2783 2426 2852 gratia
2457 2784 2707 2856 Spiritus
2739 2784 2948 2853 sancti,
2972 2801 3129 2858 pane
3154 2786 3321 2842 verbi
3373 2786 3470 2842 Dei
3501 2801 3607 2841 eos
3657 2799 3892 2858 nequa-

2238 2887 2426 2943 quam
2465 2873 2683 2946 pascit.
2738 2874 2853 2947 Ipsi
2883 2876 3043 2931 enim
3073 2875 3261 2931 tribus
3290 2874 3602 2931 mensibus
3632 2874 3898 2930 inimicis

551 2983 580 3014 ι(
611 2965 679 3019 Et
707 2961 939 3059 addidit
964 2962 1129 3059 furor
1161 2961 1395 3059 meini
1423 2960 1598 3017 irasci
1627 2964 1834 3017 contra
1853 2960 2060 3059 Israel.
2095 2984 2124 3011 »
2156 3004 2196 3059 Ο
2238 2961 2361 3016 suis
2393 2979 2457 3019 se
2486 2965 2985 3036 persequentibus
3011 2966 3250 3033 cedunt,
3281 2965 3423 3036 quia
3453 2964 3533 3019 ob
3561 2965 3678 3019 hoc
3706 2965 3771 3020 in
3787 2980 3901 3019 no-

477 3053 614 3108 Jam
642 3051 803 3108 enim
834 3050 977 3107 ultio
1006 3050 1165 3107 facta
1196 3050 1387 3107 fuerat
1414 3051 1474 3106 in
1506 3050 1693 3106 David
1739 3056 1795 3106 et
1848 3049 1909 3104 in
1941 3049 2125 3105 domo
2160 3049 2196 3059 “
2233 3050 2396 3107 mine
2422 3056 2644 3109 sanctas
2666 3053 2979 3120 Trinitatis,
3018 3068 3125 3125 per
3147 3053 3453 3109 lavacrum
3482 3054 3901 3121 regeneratio-

479 3140 629 3213 ejus.
660 3143 726 3197 In
753 3139 982 3214 populo
1016 3155 1154 3196 vero
1203 3140 1307 3213 qui
1334 3138 1527 3196 noluit
1552 3139 1821 3195 resistere
1847 3138 2033 3195 David
2061 3139 2123 3194 in

474 3230 784 3305 pereundo
812 3230 966 3298 Uria,
994 3234 1052 3286 et
1078 3230 1207 3285 haec
1229 3229 1508 3285 nundum
1533 3228 1677 3284 ultio
1716 3228 1920 3284 divina
1966 3228 2123 3284 facta

474 3320 704 3387 fuerat;
753 3319 975 3376 idcirco
1009 3318 1104 3375 hic
1142 3318 1387 3374 ultimus
1413 3318 1675 3391 ponitur,
1725 3322 1791 3374 ut
1827 3317 1970 3373 ultio
1994 3334 2122 3374 ma-

476 3409 579 3479 gni
635 3409 765 3479 ejus
802 3407 1032 3480 peccati
1085 3412 1538 3467 monstraretur.
1572 3408 1862 3463 Caeterum
1905 3407 1967 3462 in
2004 3407 2120 3463 hoc

474 3511 730 3552 numero
783 3495 982 3552 omnis
1029 3495 1312 3567 perfectio
1352 3499 1698 3552 sanctorum
1745 3496 2114 3565 designatur.

472 3584 760 3641 Denarius
790 3599 1077 3638 numerus
1127 3584 1204 3640 ad
1242 3583 1601 3654 decalogum
1630 3584 1776 3655 legis
1829 3585 2114 3658 pertinet;

470 3671 917 3730 ternariusvero
944 3671 1021 3729 ad
1046 3672 1228 3727 ﬁdem
1254 3677 1472 3729 sanctae
1493 3674 1815 3742 Trinitatis;
1841 3678 2117 3747 septena-

467 3762 592 3821 rius
617 3767 818 3821 autem
842 3763 921 3820 ad
955 3763 1359 3837 septiformem
1383 3764 1637 3834 gratiam
1670 3765 1918 3839 Spiritus
1941 3780 2116 3821 sanc-

470 3854 544 3913 ti:
582 3859 671 3912 ter
698 3854 839 3912 deni
867 3853 1106 3925 triginta
1128 3852 1298 3912 ﬁunt.

1073 4000 1296 4057 CAPUT
1344 4000 1512 4057 XXIV

541 4146 572 4175 «
600 4125 667 4179 Et
697 4122 931 4180 addidit
959 4122 1126 4180 furor
1152 4123 1388 4181 Domini
1424 4124 1604 4180 irasci
1649 4127 1857 4181 contra
1912 4123 2109 4192 Israel,

468 4234 498 4265 «
529 4212 976 4286 commovi‘tque
1006 4213 1195 4269 David
1224 4214 1285 4269 in
1315 4213 1420 4280 eis,
1447 4213 1771 4270 dicentem:
1805 4213 2110 4281 Vade,nu-

467 4324 497 4353 ‹‹
528 4317 695 4359 mera
740 4300 920 4357 Israel
961 4306 1017 4357 et
1066 4302 1303 4359 ludam.
1362 4302 1631 4376 Dixitque
1683 4319 1787 4358 rex
1838 4302 1918 4359 ad
1963 4302 2110 4359 Joab

468 4412 497 4441 ‹‹
518 4390 850 4465 principem
882 4391 1173 4447 exercitus
1206 4391 1333 4447 sui:
1371 4392 1727 4447 Perambula
1758 4407 1969 4447 omnes
2017 4392 2109 4447 tri-

465 4501 496 4531 ‹‹
524 4479 644 4536 bus
662 4479 838 4537 Israel
863 4496 899 4536 a
923 4480 1047 4536 Dan
1080 4496 1270 4553 usque
1298 4481 1605 4549 Bersabee,
1636 4486 1691 4536 et
1716 4495 1971 4536 numera
1998 4496 2107 4553 po-

469 4589 488 4623 ε
524 4570 760 4647 pulum,
791 4591 820 4621 »
851 4575 908 4627 et
928 4570 1176 4643 reliqua.
1198 4573 1370 4626 Fastu
1385 4570 1543 4625 enim
1575 4569 1865 4642 superbiae
1890 4574 2104 4637 tactus,

462 4662 522 4716 et
548 4658 858 4733 repentino
890 4662 1124 4715 tumore
1169 4657 1439 4714 elationis
1490 4656 1733 4714 inﬂatus
1778 4673 1891 4731 pro
1929 4657 2108 4731 culpa

458 4748 689 4823 populi,
721 4748 983 4804 maxime
1012 4747 1113 4825 qui
1162 4763 1301 4803 eum
1336 4746 1397 4802 in
1422 4747 1758 4821 proditione
1790 4748 1937 4804 llrize
1980 4763 2106 4804 non

458 4834 785 4906 redarguit,
816 4836 1048 4892 occulto
1071 4835 1298 4911 judicio
1347 4836 1449 4893 Dei
1494 4841 1701 4896 contra
1735 4838 2105 4896 voluntatem

460 4924 699 4981 Domini
726 4923 1009 4980 eumdem
1056 4927 1354 4999 populum
1406 4942 1725 4983 numerare
1770 4927 2098 5004 compulit:

460 5010 640 5087 culpa
677 5012 838 5070 enim
868 5012 1023 5069 illius
1051 5016 1258 5087 punita
1284 5015 1493 5083 fuerat,
1524 5016 1630 5073 sed
1649 5023 1965 5090 peccatum
1994 5032 2101 5088 po-

458 5100 585 5174 puli
610 5104 699 5169 (ut
727 5102 952 5165 dictum
981 5106 1089 5176 est)
1118 5105 1376 5161 inultum
1405 5106 1711 5163 manebat.

531 5213 560 5242 ‹‹
580 5190 751 5248 Dedit
769 5207 911 5264 ergo
935 5193 1085 5250 Joab
1105 5210 1427 5251 numerum
1452 5194 1868 5267 descriptionis
1895 5192 2103 5267 populi

458 5300 488 5331 ε(
518 5280 665 5352 regi,
693 5286 749 5343 et
778 5281 1022 5339 inventa
1052 5288 1191 5339 sunt
1219 5283 1293 5340 de
1322 5284 1501 5341 Israel
1529 5284 1869 5352 octingenta
1916 5280 2102 5340 millia

457 5391 487 5421 κ
517 5369 784 5429 virorum
809 5372 1071 5437 fortium,
1100 5373 1204 5447 qui
1231 5373 1551 5430 educerent
1575 5371 1860 5443 gladium.
1915 5374 1981 5427 Et
2026 5372 2102 5430 de

455 5480 485 5511 α
512 5459 667 5519 Juda
689 5462 1017 5535 quingenta
1044 5461 1230 5519 millia
1256 5467 1681 5537 pugnatorum.
1712 5481 1739 5507 »
1761 5459 2101 5518 Notandum

453 5553 656 5607 autem
670 5549 839 5624 quod
864 5550 927 5605 in
964 5549 1462 5622 Paralipomenon
1497 5547 1712 5618 legitur
1726 5548 1886 5605 mille
1913 5549 2100 5608 millia

451 5640 513 5697 et
527 5642 774 5697 cenmm
798 5636 987 5697 millia
1008 5637 1086 5696 de
1112 5637 1325 5706 Israel;
1370 5636 1446 5695 de
1472 5635 1627 5696 Iuda
1650 5636 2096 5712 quadringenta

2232 3140 2324 3195 nis
2355 3140 2626 3198 innovati
2656 3157 2779 3199 non
2806 3145 2977 3197 sunt:
3025 3141 3321 3208 hostibus,
3354 3141 3468 3197 hoc
3496 3146 3586 3196 est
3613 3140 3897 3197 immun~

2232 3228 2324 3284 dis
2352 3231 2656 3303 spiritibus
2711 3231 2982 3288 resistere
3020 3247 3150 3287 non
3181 3230 3465 3295 valentes,
3514 3235 3683 3301 terga
3712 3230 3887 3287 dant.

2231 3323 2399 3392 Ipsos
2428 3321 2688 3394 denique
2753 3321 3006 3393 angelus
3062 3321 3421 3395 percutiens,
3461 3320 3637 3392 quasi
3694 3321 3897 3376 tribus

2230 3409 2444 3466 diebus
2468 3410 2771 3480 ﬂagellat:
2800 3412 2946 3484 quia
2974 3415 3265 3481 negantes
3294 3414 3526 3467 Patrem
3565 3414 3625 3466 et
3671 3410 3893 3466 Filium

2227 3504 2285 3555 et
2347 3499 2628 3571 Spiritum
2693 3505 2991 3569 sanctum,
3073 3516 3146 3556 ex
3231 3501 3406 3571 cujus
3480 3498 3600 3555 ﬁde
3683 3499 3889 3555 vivere

2224 3592 2520 3660 poterant,
2584 3588 2647 3644 in
2706 3589 3008 3661 impietate
3067 3605 3178 3645 sua
3249 3588 3544 3645 increduli
3605 3587 3880 3643 moritur.

2224 3680 2339 3733 tur.

2301 3784 2323 3818 ι
2374 3765 2742 3839 Immisitque
2772 3766 2927 3822 Deus
2979 3766 3381 3840 pestilentiam
3434 3767 3494 3823 in
3548 3763 3745 3836 Israel,
3797 3763 3882 3819 de

2222 3870 2454 3912 «mane
2504 3871 2697 3930 usque
2739 3855 2819 3912 ad
2862 3861 3100 3929 tempus
3125 3857 3534 3925 constitutum,
3566 3857 3625 3909 et
3656 3852 3893 3909 mortui

2225 3965 2255 3999 «
2285 3949 2424 4002 sunt
2452 3960 2524 4002 ex
2553 3945 2801 4019 populo,
2834 3961 2871 4001 a
2900 3947 3029 4002 Dan
3057 3961 3253 4019 usque
3294 3944 3601 4012 Bersabee,
3634 3946 3884 4015 septua-

2222 4054 2252 4084 «
2281 4032 2447 4105 ginta
2474 4033 2660 4090 millia
2709 4034 2995 4090 virorum.
3045 4056 3073 4084 »
3115 4036 3181 4089 Et
3207 4034 3322 4089 hoc
3354 4031 3610 4106 qualiter
3639 4034 3887 4103 gestum

2223 4122 2319 4193 sit,
2351 4123 2650 4197 Josephus
2681 4123 2859 4179 refert
2906 4122 3106 4179 verbis
3155 4122 3429 4195 plurimis
3463 4121 3709 4177 dicens:
3743 4122 3888 4177 Pro-

2221 4212 2414 4285 phetis
2458 4213 2659 4286 itaque
2708 4212 3151 4269 declarantibus
3194 4211 3382 4268 David
3421 4211 3583 4284 quod
3614 4209 3669 4266 ei
3720 4212 3887 4266 Deus

2220 4288 2530 4372 irascetur,
2586 4301 2925 4375 supplicare
2966 4303 3149 4375 coepit
3203 4317 3463 4374 eumque
3517 4315 3759 4371 rogare,
3818 4304 3891 4357 ut

2220 4391 2514 4466 propitius
2575 4397 2753 4462 esset,
2812 4396 2869 4449 et
2924 4393 3167 4448 veniam
3215 4391 3445 4465 peccati
3497 4389 3883 4446 concederet.

2217 4482 2385 4538 Tunc
2409 4497 2552 4552 ergo
2581 4482 2708 4539 Gad
2733 4482 3092 4556 prophetam
3113 4481 3271 4538 misit
3298 4482 3377 4537 ad
3398 4496 3539 4537 eum
3561 4483 3740 4551 Deus,
3757 4484 3889 4537 tres

2220 4570 2495 4644 supplicii
2529 4570 2903 4628 conditiones
2929 4574 3292 4645 portantem,
3322 4574 3388 4626 ut
3435 4585 3643 4626 earum
3681 4585 3886 4641 quam

2213 4661 2517 4734 probaret,
2537 4660 2796 4732 eligeret,
2814 4667 3014 4717 utrum
3038 4659 3211 4717 vellet
3235 4659 3458 4716 famem
3477 4659 3540 4715 in
3560 4659 3888 4732 provincia

2215 4750 2486 4821 generari
2517 4755 2747 4823 septem
2777 4751 2971 4813 annis,
3022 4755 3125 4807 aut
3153 4748 3343 4805 tribus
3397 4749 3709 4805 mensibus
3766 4764 3887 4821 pir-

2216 4840 2462 4911 gnando
2482 4840 2815 4897 vinceretur
2842 4839 3136 4909 hostibus,
3168 4844 3271 4896 aut
3326 4844 3480 4895 certe
3530 4838 3792 4895 morbus
3826 4844 3886 4896 et

2212 4929 2470 5001 languor
2495 4930 2792 4987 accideret
2820 4929 3009 4987 tribus
3037 4929 3251 4986 diebus
3278 4927 3560 4985 Hebraeis.
3595 4928 3883 5001 Cumque

2212 5018 2308 5076 ille
2339 5024 2493 5076 esset
2520 5020 2584 5075 in
2613 5021 2908 5077 anxietate
2937 5024 2994 5077 et
3020 5020 3404 5076 vehementer
3432 5019 3636 5075 animo
3662 5019 3882 5075 confu-

2214 5124 2337 5176 sus,
2380 5113 2437 5164 et
2465 5110 2762 5181 propheta
2789 5109 3008 5166 diceret
3029 5110 3143 5164 hoc
3174 5109 3528 5165 omnimodo
3551 5107 3883 5165 imminere

2213 5199 2271 5251 et
2297 5211 2657 5268 responsum
2687 5196 2964 5253 velociter
3000 5196 3278 5266 exigeret,
3313 5201 3379 5254 ut
3406 5197 3654 5253 electam
3683 5196 3770 5253 ab
3803 5212 3882 5254 eo

2215 5283 2620 5341 conditionem
2647 5285 3014 5342 renuntiaret
3039 5287 3181 5355 Deo,
3200 5288 3468 5358 cogitans
3489 5302 3613 5353 rex,
3640 5285 3798 5358 quia
3831 5286 3885 5342 si

2212 5372 2438 5430 famem
2494 5372 2752 5445 eligeret,
2802 5379 3008 5432 contra
3039 5375 3188 5432 alios
3236 5377 3351 5433 hoc
3389 5375 3581 5432 Facere
3638 5373 3885 5431 videre-

2210 5467 2324 5531 tur,
2378 5464 2625 5538 quando
2682 5464 2810 5538 ipse
2876 5465 3121 5539 quidem
3188 5466 3420 5523 habens
3484 5464 3675 5522 multa
3748 5465 3883 5522 fru-

2210 5556 2412 5609 menta
2439 5596 2453 5622 ,
2517 5569 2642 5611 non
2713 5560 3015 5628 pateretur
3077 5556 3382 5629 inopiam,
3460 5553 3704 5628 reliquis
3775 5571 3880 5611 ve-

2210 5656 2278 5699 ro
2357 5647 2513 5700 esset
2582 5645 2925 5716 angustia;
3005 5645 3146 5703 item
3235 5645 3284 5701 si
3358 5643 3599 5715 eligeret
3680 5640 3880 5701 trium
