4102 6184
1197 183 1448 240 ENARR.
1490 186 1558 242 IN
1596 184 1846 243 LIBROS
1882 182 2141 241 REGUM.
2183 213 2251 224 —
2290 185 2359 241 IN
2400 185 2529 242 LIB.
2572 184 2643 241 Π.

3523 193 3633 250 390

207 306 848 380 mansitIm‘viotoriam
876 306 1159 379 hostium,
1197 306 1325 380 ipse
1354 308 1605 381 quidem
1632 309 1864 367 habens
1901 309 1951 365 Α
1979 306 2199 381 gimus,
2245 311 2303 364 et
2339 308 2484 381 quia
2529 307 2703 365 nobis
2750 307 2994 364 fortiora
3038 309 3356 380 credimus,
3410 311 3633 373 idcirco

206 399 443 455 cii-ease
466 396 633 453 viros
660 394 1013 452 fortissimos
1036 400 1094 451 et
1118 395 1419 465 custodes,
1452 398 1601 455 nihil
1619 397 1866 455 omnino
1977 412 2081 453 eos
2113 396 2215 471 qui
2254 398 2429 453 nobis
2477 398 2705 470 praelati
2756 401 2911 459 sunt,
2965 397 3224 454 districts
3264 398 3629 470 judicamus.

204 491 511 554 metueret,
542 486 677 541 neci
705 501 849 543 vero
874 485 1003 557 ejus
1031 485 1325 541 exercitus
1364 487 1739 559 subjaceret;
1784 486 1869 541 in-

204 580 287 633 ter
312 576 452 633 haec
478 579 681 632 autem
707 590 1094 631 communem
1116 574 1318 647 potius
1345 576 1691 648 passionem
1714 579 1871 631 etre-

1980 488 2141 552 Quos
2163 487 2321 542 enim
2344 489 2745 560 nosmetipsos
2767 487 2965 543 minus
2986 488 3388 557 agnoscimus,
3413 504 3483 546 eo
3503 491 3634 547 illos

1977 590 2134 647 quos
2166 576 2599 648 reprehendere
2624 577 2888 643 nitimur,
2907 574 3044 649 plus
3059 575 3370 635 videmus:
3402 578 3638 650 singula

206 680 402 736 gnum
430 669 490 721 et
518 663 923 736 subjectorum
938 664 1133 735 elegit,
1157 664 1217 719 in
1243 680 1368 737 qua
1388 664 1570 721 timor
1590 663 1871 720 omnibus
1976 664 2107 721 haec
2137 664 2300 720 mala
2332 670 2493 737 sunt,
2522 682 2658 739 quae
2704 682 2740 722 a
2770 664 3025 722 subditis
3058 681 3216 739 saepe
3243 667 3305 723 in
3334 667 3634 740 praelatos,

211 760 302 812 est
323 753 599 828 aqualis,
624 753 826 809 dicens
856 772 871 809 :
905 753 1057 820 Quia
1085 753 1277 810 multo
1313 754 1531 810 melius
1560 754 1623 809 in
1653 767 1873 810 manus

215 845 339 911 Dei,
372 860 559 917 quam
588 843 650 899 in
684 843 944 899 hostium
994 859 1215 899 manus
1262 842 1542 900 incidere.
1584 844 1721 898 Haec
1764 856 1872 897 au—

216 934 389 991 diens
409 934 702 1007 propheta
728 932 1113 988 renuntiabat
1142 934 1262 989 Deo
1287 950 1298 987 :
1332 932 1435 1005 qui
1483 931 1767 989 morbum
1818 933 1876 985 et

216 1024 521 1081 interitum
548 1022 705 1078 misit
741 1023 802 1078 in
831 1022 1158 1079 exercitum
1208 1022 1617 1079 Hebraeorum.
1667 1020 1873 1079 Morie-

210 1113 439 1171 bantur
459 1112 618 1168 enim
638 1115 729 1180 (ut
754 1111 916 1168 idem
934 1111 1454 1184 historiographus
1480 1112 1581 1183 ait)
1605 1126 1729 1167 non
1753 1124 1875 1165 uno

206 1202 416 1272 modo,
448 1207 517 1258 ut
541 1200 714 1257 facile
740 1200 1000 1273 languor
1040 1201 1340 1274 potuisset
1385 1200 1652 1272 agnosci,
1702 1197 1874 1255 facile

210 1291 507 1363 peribant.
530 1290 696 1346 Alius
724 1291 885 1346 enim
916 1305 1099 1363 super
1128 1289 1315 1345 alium
1340 1290 1726 1346 moriebatur.
1766 1286 1876 1342 Alii

215 1396 390 1453 super
420 1384 696 1436 mortuos
725 1394 883 1452 quos
915 1379 1307 1453 sepeliebant,
1339 1379 1457 1452 ipsi
1483 1393 1727 1452 quoque
1752 1391 1879 1431 mo-

219 1471 534 1529 riebantur.
592 1470 686 1527 Sic
743 1469 999 1525 diversis
1047 1469 1275 1525 morbis
1322 1469 1493 1541 (sicut
1538 1468 1634 1523 ille
1682 1465 1879 1537 refert)

228 1558 547 1616 interibant.
575 1558 898 1632 Incipiente
923 1559 1127 1632 itaque
1157 1558 1435 1631 pestifero
1458 1558 1749 1627 languore
1772 1570 1877 1610 eos

1982 768 2142 826 saepe
2172 768 2207 809 a
2232 752 2494 825 praelatis
2526 753 2586 810 in
2635 754 2905 811 subditos
2950 754 3442 811 committuntur:
3494 756 3638 831 quia

1981 846 2037 897 et
2065 857 2276 898 omnes
2304 842 2575 897 subditos
2625 842 2683 897 hi
2728 844 2831 915 qui
2878 848 3145 916 praesunt
3193 845 3487 918 sapientes
3533 845 3641 902 mi-

1981 931 2142 986 nime
2164 930 2546 987 arbitrantur.
2582 934 2646 987 Et
2674 948 2937 993 rursum,
2962 934 3064 1005 qui
3091 932 3342 1004 subjecti
3371 938 3528 1003 sunt,
3552 949 3641 991 re-

1982 1024 2212 1075 ctorum
2244 1036 2489 1075 suorum
2523 1020 2786 1076 actiones
2812 1021 3085 1091 judicant
3115 1040 3127 1077 :
3160 1028 3215 1078 et
3245 1023 3291 1077 si
3341 1023 3507 1097 ipsos
3554 1040 3644 1081 re-

1984 1109 2183 1178 gimen
2215 1114 2410 1164 tenere
2436 1109 2822 1179 contingeret,
2856 1126 2917 1165 se
2956 1111 3154 1182 potius
3205 1127 3380 1181 agere
3429 1117 3645 1187 putant

1983 1196 2216 1253 melius.
2250 1198 2412 1253 Unde
2465 1198 2819 1271 plerumque
2869 1200 3023 1254 sicut
3065 1204 3119 1255 et
3160 1205 3416 1257 rectores
3444 1202 3643 1259 minus

1984 1286 2310 1359 prudenter
2339 1303 2410 1343 ea
2434 1304 2565 1359 quae
2596 1289 2833 1357 agenda
2855 1294 2996 1344 sunt
3021 1288 3241 1360 vident,
3271 1290 3415 1364 quia
3434 1307 3643 1348 eorum

1986 1375 2193 1431 oculos
2222 1375 2359 1447 ipsa
2387 1376 2607 1433 nebula
2636 1376 2907 1433 elationis
2936 1378 3256 1435 obscurat:
3290 1384 3643 1436 etnonnun-

1986 1480 2175 1538 quam
2199 1465 2247 1519 is
2277 1465 2381 1539 qui
2412 1466 2719 1536 subjectus
2750 1472 2857 1533 est,
2890 1469 3003 1523 hoc
3043 1483 3181 1524 cum
3232 1468 3513 1541 praelatus
3560 1469 3648 1525 fu-

1988 1554 2097 1609 erit
2124 1553 2283 1620 facit,
2311 1554 2476 1626 quod
2493 1555 2725 1610 dudum
2753 1556 2880 1611 ﬁeri
2906 1556 3207 1627 subjectus
3239 1558 3561 1627 arguebat:
3591 1561 3649 1614 et

234 1646 310 1704 ab
336 1647 474 1704 hora
497 1647 797 1705 matutina
827 1648 1119 1720 perimere
1147 1663 1340 1720 usque
1360 1648 1437 1703 ad
1462 1647 1677 1703 horam
1700 1658 1881 1717 pran-
1920 1660 1962 1717 Β
1991 1656 2100 1714 pro
2130 1657 2201 1696 eo
2217 1642 2383 1713 quod
2412 1642 2513 1698 illa
2559 1659 2693 1715 quae
2729 1643 3120 1713 judicaverat,
3172 1650 3490 1718 perpetrat,
3537 1644 3647 1702 sal-

233 1735 323 1803 dii,
357 1742 713 1809 consumpta
741 1742 880 1792 sunt
902 1737 1287 1809 septuaginta
1326 1736 1534 1792 millia.
1584 1735 1689 1790 Hic
1720 1734 1881 1789 enim

221 1824 361 1880 nihil
388 1825 554 1882 aliud
584 1825 782 1881 dicere
813 1826 1103 1895 valemus,
1128 1826 1246 1881 nisi
1275 1825 1443 1898 quod
1472 1839 1637 1897 papa
1667 1826 1884 1893 Grego-

212 1913 335 1969 rius
365 1915 693 1981 moraliter,
728 1915 1001 1985 egregius
1032 1918 1334 1983 tractator,
1364 1914 1426 1970 in
1454 1914 1569 1969 hoc
1596 1912 1751 1969 facto
1782 1914 1885 1966 Da—

207 2002 313 2061 vid
342 2002 612 2074 protulit.
646 2003 737 2058 Ait
764 2002 923 2058 enim
956 2019 970 2057 :
1024 2005 1136 2059 Pro
1174 2001 1564 2074 qualitatibus
1610 1999 1881 2055 subdito-

202 2105 373 2157 rum,
404 2089 813 2163 disponuntur
842 2094 978 2146 acta
1019 2090 1357 2160 regentium
1391 2105 1406 2142 :
1456 2093 1521 2143 ut
1568 2102 1726 2158 saepe
1770 2102 1880 2158 pro

198 2178 379 2235 malo
407 2195 616 2249 grege,
645 2179 820 2235 etiam
850 2195 989 2235 vere
1019 2178 1164 2234 boni
1202 2177 1516 2249 delinquat
1539 2176 1655 2232 vita
1681 2182 1883 2247 pasto-

201 2270 321 2324 ris.
351 2268 459 2323 Ille
486 2269 671 2337 enim,
698 2270 814 2324 Deo
844 2272 1183 2338 attestante,
1211 2266 1529 2333 laudatur;
1560 2265 1653 2320 ille
1682 2281 1885 2337 super-

206 2370 452 2411 norum
484 2356 905 2428 mysteriorum
931 2355 1208 2412 conscius
1254 2354 1442 2411 David
1480 2354 1774 2427 propheta
1800 2360 1887 2414 tu-

195 2460 392 2500 more
420 2445 753 2517 repentinae
791 2444 1062 2501 elationis
1111 2444 1297 2500 elatus
1339 2443 1629 2523 populum
1673 2460 1883 2500 nume-

194 2533 413 2590 rando
466 2534 784 2605 peccavit:
841 2535 941 2590 Dei
988 2539 1185 2590 tamen
1231 2534 1555 2589 vindictam
1598 2533 1881 2606 populus,

198 2621 404 2679 David
430 2628 743 2694 peccante,
772 2628 1056 2695 succepit.
1089 2624 1201 2678 Cur
1226 2624 1341 2679 hoc
1366 2640 1379 2678 :
1425 2623 1569 2695 quia
1610 2622 1884 2679 videlicet

199 2711 555 2769 secundum
586 2711 866 2767 meritum
906 2711 1194 2784 plebium,
1242 2711 1647 2784 disponuntur
1694 2712 1886 2769 corda

200 2807 533 2858 rectorum.
567 2801 776 2856 Justus
805 2816 948 2857 vero
970 2800 1158 2871 judex
1188 2801 1493 2873 peccantis
1543 2800 1778 2871 vitium,
1811 2818 1886 2857 ex

203 2891 492 2964 ipsorum
556 2889 1079 2946 animadversione
1128 2890 1429 2962 corripuit,
1484 2904 1560 2945 ex
1617 2906 1883 2962 quorum

206 2995 399 3037 causa
428 2978 720 3051 peccavit.
749 2977 862 3035 Sed
876 2977 1023 3051 quia
1042 2978 1172 3051 ipse
1198 2994 1307 3035 sua
1336 2977 1559 3034 scilicet
1576 2977 1884 3034 voluntate
1928 3017 1968 3072 Ο
2000 3001 2027 3027 ‹‹

211 3068 591 3142 superbiens,
625 3084 664 3124 a
701 3067 878 3139 culpa
927 3066 1158 3123 alienus
1204 3083 1326 3124 non
1374 3067 1505 3137 fuit,
1559 3066 1886 3123 vindictam

214 3158 402 3231 culpae
432 3159 624 3215 etiam
655 3157 935 3227 suscepit.
968 3159 1119 3212 Nam
1149 3156 1238 3212 ira
1287 3156 1541 3211 saeviens
1573 3171 1709 3227 quae
1755 3172 1886 3213 cor-

219 3247 496 3318 poraliter
518 3246 793 3321 perculit,
826 3249 1117 3301 rectorem
1146 3260 1392 3317 quoque
1420 3244 1631 3317 populi
1678 3244 1887 3301 intimo

231 3337 415 3391 cordis
437 3337 647 3393 dolore
692 3335 1029 3409 prostravit.
1081 3335 1318 3393 Certum
1367 3349 1511 3389 vero
1560 3338 1667 3402 est,
1722 3335 1889 3407 quod

239 3421 349 3480 ista
372 3424 472 3481 sibi
498 3425 763 3482 invicem
791 3430 850 3481 et
872 3428 1176 3480 rectorum
1206 3422 1418 3479 merita
1456 3428 1887 3480 connectentur

240 3517 294 3568 et
318 3513 593 3586 plebium,
626 3520 693 3571 ut
733 3530 892 3587 saepe
925 3531 997 3570 ex
1044 3513 1224 3585 culpa
1266 3516 1583 3585 pastorum
1631 3512 1886 3570 deterior

230 3600 329 3659 ﬁat
353 3605 469 3663 vita
496 3604 788 3676 plebium,
821 3608 887 3660 ut
907 3619 1065 3676 saepe
1089 3619 1163 3658 ex
1212 3601 1424 3659 merito
1447 3602 1714 3675 plebium
1759 3619 1891 3659 mu-

222 3697 374 3750 tetur
401 3694 532 3749 vita
556 3698 885 3766 pastorum.
914 3693 1027 3748 Sed
1075 3692 1219 3764 quia
1245 3696 1503 3747 rectores
1540 3693 1765 3749 habent
1788 3694 1886 3764 ju-

225 3781 433 3837 dicem
463 3797 662 3849 suum,
698 3798 918 3853 magna
946 3781 1180 3837 cautela
1210 3780 1587 3837 subditorum
1631 3786 1722 3838 est
1763 3797 1887 3838 non

228 3872 459 3927 temere
513 3870 686 3927 vitam
733 3871 1007 3944 judicare
1062 3870 1417 3940 regentium.
1476 3872 1676 3943 Neque
1724 3871 1885 3927 enim

218 3959 453 4018 frustra
481 3976 590 4035 per
634 3961 1021 4035 semetipsum
1072 3959 1360 4017 Dominus
1409 3976 1490 4015 aes
1538 3960 1885 4017 nummula-

213 4051 450 4109 riorum
481 4051 653 4122 fudit,
701 4057 760 4109 et
788 4051 1105 4108 cathedras
1133 4048 1523 4106 vendentium
1571 4048 1885 4107 columbas

208 4142 429 4199 evertit
458 4144 624 4214 (Luc.
658 4146 774 4210 xxx)
809 4158 821 4195 :
871 4140 1157 4196 nimirum
1200 4139 1546 4209 signiﬁcans
1594 4139 1741 4212 quia
1784 4154 1891 4211 per

211 4233 548 4301 magistros
578 4230 827 4304 quidem
853 4230 1039 4287 vitam
1065 4228 1298 4300 judicat
1323 4228 1614 4301 plebium,
1649 4227 1755 4284 sed
1782 4243 1890 4300 per

214 4321 611 4394 semetipsum
636 4319 795 4376 facta
822 4319 1130 4376 examinat
1164 4317 1614 4388 magistrorum.
1670 4319 1894 4383 Quam-

209 4411 298 4467 vis
327 4411 525 4469 etiam
554 4409 936 4466 subditorum
964 4407 1129 4479 vitia,
1155 4423 1292 4481 quae
1322 4407 1677 4477 amagistris
1698 4406 1885 4463 modo

208 4500 306 4558 vel
329 4499 803 4558 dissimulantur
814 4498 1091 4570 judicari,
1115 4497 1207 4553 vel
1230 4500 1537 4569 nequeunt
1560 4515 1573 4552 :
1600 4496 1730 4568 ejus
1752 4511 1889 4569 pro-

211 4591 507 4649 culdubio
519 4589 750 4662 judicio
774 4592 1177 4645 reservantur.
1207 4586 1387 4657 igitur
1406 4587 1554 4643 dum
1575 4586 1745 4661 salva
1770 4585 1889 4643 ﬁde

207 4696 300 4738 res
333 4679 562 4751 agitur,
594 4677 826 4734 virtutis
858 4681 950 4734 est
978 4676 1278 4745 meritum,
1303 4675 1350 4731 si
1380 4675 1678 4749 quidquid
1726 4675 1889 4749 prio-

205 4772 294 4828 ris
336 4774 451 4839 est,
500 4764 830 4825 toleratui-z‘
875 4767 1054 4824 debet
1108 4766 1531 4823 tantummodo
1587 4765 1892 4822 humiliter

209 4859 485 4931 suggeri,
518 4858 570 4915 si
600 4858 858 4914 fortasse
882 4855 1077 4913 valeat
1120 4854 1288 4928 quod
1330 4854 1642 4927 displiceat
1684 4871 1887 4912 emen-

208 4949 369 5006 dari.
405 4948 523 5006 Sed
551 4947 896 5005 curandum
927 4960 1309 5018 summopere
1336 4950 1440 5012 est,
1470 4961 1545 5001 ne
1573 4946 1636 5001 in
1686 4961 1892 5018 super-

212 5036 399 5093 biam
419 5042 681 5094 transeat
716 5036 958 5109 justitias
1006 5034 1349 5091 inordinata
1386 5034 1695 5091 defensio:
1741 5034 1889 5089 dum

225 5124 400 5180 enim
424 5127 707 5184 rectitudo
745 5127 983 5183 incaute
1008 5123 1292 5194 diligitur,
1321 5123 1455 5196 ipsa
1490 5123 1781 5196 magistra
1805 5138 1868 5179 re
1884 5162 1905 5172 -

227 5212 529 5271 ctitudinis
557 5214 866 5273 humilitas
887 5214 1208 5271 amittitur:
1234 5228 1312 5269 ne
1332 5229 1472 5269 eum
1498 5213 1611 5270 sibi
1631 5228 1891 5287 praeesse

217 5303 363 5378 quis
385 5302 694 5378 despiciat,
726 5321 913 5377 quem
933 5303 1181 5360 fortasse
1204 5301 1490 5373 contingit
1518 5307 1582 5359 ut
1610 5303 1669 5358 in
1693 5301 1896 5376 aliqua

213 5396 459 5453 actione
490 5394 910 5469 reprehendat.
933 5394 1152 5450 Contra
1172 5391 1335 5447 hunc
1361 5395 1659 5448 tumorem
1683 5407 1892 5463 super-

211 5485 335 5543 biae
368 5485 780 5552 subditorum,
824 5499 995 5539 mens
1035 5482 1111 5538 ad
1162 5481 1500 5537 custodiam
1550 5478 1899 5537 humilitatis

217 5574 575 5637 edomatur,
598 5574 645 5629 si
678 5572 991 5628 infirmitas
1029 5569 1273 5645 propria
1295 5569 1671 5626 incessanter
1712 5574 1899 5627 atten-

199 5663 391 5723 ditur.
422 5667 547 5722 Has
561 5662 722 5720 vires
750 5666 988 5720 nostras
1008 5661 1293 5719 veraciter
1323 5658 1670 5718 examinare
1699 5660 1891 5730 negli~
1934 5662 1939 5667 '

1935 4370 1981 4427 D

1991 1735 2109 1786 tem
2127 1746 2262 1802 quae
2285 1730 2577 1801 judicavit
2600 1731 2933 1789 erubescat.
2980 1733 3159 1799 Igitur
3196 1734 3347 1790 sicut
3388 1734 3648 1808 praelatis

1991 1818 2328 1874 curandum
2347 1825 2454 1887 est,
2485 1836 2560 1876 ne
2585 1836 2793 1876 eorum
2824 1821 3007 1878 corda
3037 1823 3428 1880 aestimatione
3447 1824 3650 1895 singu-

1989 1906 2130 1963 laris
2146 1906 2451 1979 sapientiaa
2482 1908 2650 1965 locus
2683 1912 2951 1984 superior
2980 1912 3240 1980 extollat,
3263 1913 3345 1969 ita
3366 1913 3650 1985 subjectis

1989 1995 2434 2070 providendum
2479 2003 2585 2067 est,
2630 2015 2703 2055 ne
2756 2000 2869 2055 sibi
2916 2005 3210 2057 rectorum
3256 2002 3414 2058 facta
3444 2001 3649 2075 displi-

1992 2089 2181 2141 ceant.
2206 2085 2263 2140 Si
2284 2091 2482 2142 autem
2518 2088 2937 2156 magistrorum
2962 2090 3231 2145 vitavere
3261 2088 3648 2165 reprehendi-

1992 2179 2105 2237 tur,
2126 2178 2358 2246 oportet
2377 2175 2575 2248 utique
2593 2175 2832 2243 subditi,
2859 2177 3037 2233 etiam
3050 2193 3187 2232 cum
3209 2177 3497 2250 displicet,
3518 2193 3649 2233 ma-

1993 2263 2245 2335 gistrum
2264 2270 2634 2320 venerentur.
2670 2266 2779 2321 Sed
2806 2272 2863 2321 et
2889 2266 3004 2322 hoc
3028 2267 3271 2322 solerter
3293 2267 3651 2322 intuendum

1994 2358 2100 2420 est,
2131 2368 2207 2408 ne
2233 2357 2337 2408 aut
2383 2369 2565 2425 quem
2611 2354 2829 2410 imitari
2872 2355 3152 2427 despicis,
3204 2356 3471 2412 venerari
3513 2372 3650 2412 con-

1994 2446 2249 2501 temnas.
2286 2441 2525 2498 Subtilis
2556 2443 2771 2499 etenim
2799 2444 2897 2499 via
2930 2444 3184 2500 tenenda
3213 2449 3304 2501 est
3347 2444 3651 2502 rectitudi-

1994 2532 2088 2587 nis
2114 2536 2171 2587 et
2198 2531 2566 2599 humilitatis,
2602 2538 2665 2590 ut
2694 2534 2778 2589 sic
2805 2535 3293 2608 reprehensibilia
3337 2535 3654 2606 magistro-

1994 2637 2131 2676 rum
2160 2620 2316 2677 facta
2342 2621 2713 2695 displiceant,
2744 2630 3040 2696 quatenus
3073 2624 3450 2682 subditorum
3481 2641 3652 2681 mens

1996 2726 2033 2767 a
2063 2710 2359 2768 servanda
2387 2712 2715 2783 magisterii
2744 2714 3073 2771 reverentia
3102 2730 3221 2771 non
3250 2714 3506 2772 recedat.

2071 2824 2099 2852 «
2140 2804 2277 2857 Erat
2340 2808 2540 2858 autem
2606 2804 2857 2875 angelus
2911 2805 3145 2861 Domini
3217 2806 3389 2877 juxta
3448 2821 3652 2862 aream

1999 2911 2027 2938 «
2068 2894 2303 2945 Areuna
2333 2889 2609 2947 Jebusaei.
2654 2893 2922 2969 Dixitque
2953 2892 3139 2949 David
3188 2894 3267 2950 ad
3310 2893 3655 2960 Dominum,

2069 2994 2207 3034 cum
2238 2978 2481 3035 vidisset
2510 2981 2792 3050 angelum
2818 2981 3145 3037 credentem
3171 2982 3464 3055 populum
3495 3001 3507 3038 :
3534 2984 3658 3052 Ego

1999 3089 2029 3115 «
2070 3083 2202 3121 sum
2235 3067 2341 3140 qui
2366 3069 2605 3139 peccavi
2635 3075 2691 3124 et
2722 3085 2833 3139 ego
2864 3070 3066 3142 inique
3096 3072 3186 3140 egi
3217 3088 3230 3125 :
3262 3070 3355 3125 isti
3386 3071 3491 3143 qui
3519 3085 3661 3127 oves

2001 3178 2029 3205 ‹‹
2071 3161 2227 3223 sunt,
2259 3157 2405 3229 quid
2438 3158 2747 3214 fecerunt?
2781 3161 3070 3227 \‘ertatur,
3121 3159 3391 3226 obsecro,
3440 3172 3659 3213 manus

2001 3267 2031 3295 «
2071 3249 2174 3301 tua
2202 3250 2411 3301 contra
2438 3262 2553 3313 me,
2589 3265 2618 3298 ›
2645 3251 2752 3301 etc.
2786 3251 2851 3301 in
2877 3246 3373 3318 Paralipomenon
3404 3246 3485 3302 ita
3520 3244 3659 3301 scri-

1999 3338 2171 3406 ptum
2198 3337 2287 3389 est
2318 3334 2376 3400 (Ῑ
2394 3335 2605 3390 Paral.
2638 3338 2760 3400 χχι)
2796 3351 2809 3389 :
2853 3357 2881 3386 ‹‹
2914 3337 3092 3390 Porro
3123 3333 3373 3404 angelus
3425 3333 3661 3391 Domini

2002 3424 2197 3480 stabat
2237 3424 2410 3495 juxta
2467 3439 2672 3481 aream
2721 3427 2921 3482 Ornan
2977 3425 3256 3481 Jebusaei.
3310 3427 3662 3498 Levansque

2004 3513 2188 3569 David
2217 3513 2425 3569 oculos
2457 3531 2618 3584 suos,
2650 3515 2797 3571 vidit
2827 3515 3109 3587 angelum
3139 3515 3374 3572 Domini
3405 3520 3661 3573 stantem

2002 3602 2154 3658 inter
2179 3603 2398 3659 coelum
2429 3609 2485 3660 et
2506 3610 2745 3675 terram,
2780 3609 2836 3662 et
2875 3604 3261 3677 evaginatum
3311 3606 3579 3676 gladium
3602 3606 3665 3662 in

2004 3706 2192 3747 manu
2222 3692 2372 3762 ejus,
2400 3699 2455 3749 et
2481 3709 2725 3749 versum
2756 3698 2965 3751 contra
2996 3695 3388 3766 Hierusalem,
3433 3700 3491 3752 et
3535 3694 3668 3751 reli-

2004 3796 2145 3853 qua.
2175 3786 2327 3838 Area
2352 3784 2611 3852 Areuna,
2645 3784 2739 3839 vei
2770 3800 2910 3841 area
2933 3786 3154 3855 Ornan,
3185 3784 3320 3857 ipsa
3347 3789 3437 3840 est
3463 3783 3669 3841 videli-

2006 3874 2099 3925 cet
2123 3872 2510 3927 Hierusalem.

2079 3981 2107 4010 «
2140 3960 2306 4016 Venit
2336 3964 2538 4016 autem
2569 3959 2693 4017 Gad
2722 3962 2801 4017 ad
2833 3962 3037 4030 David,
3068 3965 3125 4017 et
3153 3961 3302 4018 dixit
3321 3960 3375 4018 ei
3398 3979 3417 4018 :
3446 3964 3666 4017 Ascen-

2010 4070 2037 4100 ‹‹
2081 4048 2177 4118 de,
2237 4050 2526 4106 constitue
2582 4051 2835 4106 Domino
2903 4050 3086 4107 altare
3133 4051 3194 4107 in
3242 4067 3381 4108 area
3432 4055 3671 4108 Areuna

2010 4161 2037 4188 ‹‹
2078 4137 2356 4194 Jebusaai.
2391 4140 2459 4194 Et
2486 4138 2755 4195 ascendit
2775 4138 2957 4195 David
2974 4140 3149 4211 juxta
3164 4156 3502 4198 sermonem
3524 4139 3672 4208 Gad,

2012 4251 2039 4278 ‹‹
2085 4244 2267 4300 quem
2299 4232 2666 4303 praeceperat
2703 4228 2755 4284 ei
2806 4228 3114 4285 Dominus.
3163 4230 3672 4305 Conspiciensque

2015 4339 2043 4365 ‹‹
2086 4319 2347 4388 Areuna,
2402 4318 2846 4388 animadvertit,
2914 4336 3114 4390 regem
3163 4325 3219 4377 et
3276 4336 3478 4378 servos
3543 4321 3675 4392 ejus

2019 4407 2339 4463 «transire
2401 4407 2481 4463 ad
2533 4424 2616 4479 se,
2677 4416 2733 4464 et
2802 4425 3080 4481 egressus
3147 4408 3417 4466 adoravit
3468 4423 3675 4478 regem

2016 4519 2044 4547 «
2083 4512 2277 4570 prono
2304 4496 2472 4553 vultu
2500 4497 2561 4553 in
2592 4502 2834 4569 terram,
2865 4504 2923 4554 et
2952 4499 3031 4553 ait
3064 4515 3077 4553 :
3129 4498 3279 4561 Quid
3325 4514 3519 4553 causae
3563 4499 3672 4565 est,

2013 4607 2041 4635 «
2084 4590 2149 4641 ut
2175 4585 2375 4642 veniat
2407 4587 2695 4642 Dominus
2724 4602 2898 4641 meus
2926 4602 3032 4641 rex
3063 4583 3141 4640 ad
3172 4599 3415 4637 servum
3447 4597 3626 4637 suum
3645 4582 3675 4636 ‘i’

2012 4700 2041 4729 ‹‹
2081 4676 2187 4732 Cui
2220 4677 2409 4733 David
2436 4677 2516 4733 ait
2548 4694 2561 4731 :
2593 4680 2661 4732 Ut
2699 4692 2901 4732 emam
2949 4691 2986 4730 a
3033 4678 3087 4729 te
3134 4687 3361 4743 aream,
3407 4677 3465 4728 et
3496 4671 3683 4729 aadiﬂ‘

2012 4788 2042 4816 «
2082 4782 2213 4823 cem
2274 4766 2459 4821 altare
2509 4767 2783 4832 Domino,
2834 4768 2888 4819 et
2934 4766 3121 4819 cesset
3169 4760 3496 4820 interfectio
3539 4779 3672 4836 quae

2014 4877 2042 4907 ‹‹
2084 4858 2392 4925 grassatur
2414 4855 2474 4909 in
2508 4854 2750 4926 populo.
2784 4856 2849 4908 Et
2878 4853 2959 4909 ait
3005 4855 3247 4910 Areuna
3287 4852 3367 4910 ad
3406 4853 3617 4929 David,
3647 4876 3676 4903 η

2012 4948 2122 5000 etc.
2157 4946 2392 4998 Areuna
2422 4958 2689 5016 namque
2716 4942 3134 5016 interpretatur
3163 4959 3331 5015 arca,
3377 4947 3435 5002 et
3477 4945 3679 5003 Ornan

2014 5030 2214 5089 Latine
2243 5036 2486 5087 resonat
2514 5034 2713 5089 lumen
2741 5032 2927 5090 nobis.
2962 5034 3114 5090 Bene
3147 5048 3288 5104 ergo
3318 5050 3458 5091 cum
3485 5034 3675 5099 Deum

2010 5139 2122 5198 pro
2176 5120 2407 5180 offenso
2462 5138 2585 5196 quo
2638 5123 2910 5195 peccavit
2960 5124 3204 5198 placare
3256 5123 3448 5190 vellet,
3494 5124 3683 5183 altare

2005 5212 2253 5285 jubetur
2278 5212 2341 5268 in
2370 5227 2513 5269 arca
2543 5216 2781 5269 Areuna
2820 5212 2915 5269 vel
2945 5216 3146 5271 Ornan
3197 5219 3567 5281 construere,
3617 5217 3684 5272 ut

2010 5302 2152 5359 inde
2180 5304 2598 5376 unusquisque
2626 5303 2904 5375 conjiciat
2931 5304 3076 5378 quia
3099 5303 3268 5361 aliter
3300 5304 3582 5363 divinitas
3602 5304 3681 5362 ab

2012 5391 2255 5448 homine
2298 5391 2521 5464 placari
2564 5408 2687 5448 non
2721 5397 2935 5465 potest,
2987 5392 3100 5448 nisi
3148 5394 3210 5448 in
3261 5409 3405 5451 arca
3457 5393 3681 5455 cordis,

2009 5496 2117 5553 per
2158 5480 2364 5538 lumen
2409 5486 2580 5537 rcctaa
2628 5482 2767 5539 fidei
2808 5488 2863 5538 et
2891 5498 3044 5537 VBI‘tP
3091 5481 3445 5555 dilectionis,
3495 5482 3684 5540 altare

2017 5568 2084 5624 lli
2118 5568 2346 5626 devotae
2397 5571 2750 5628 humilitatis
2791 5571 3134 5643 constituat,
3177 5572 3240 5629 in
3288 5588 3412 5647 quo
3459 5568 3686 5626 sacriﬁ-

2018 5657 2185 5714 cium
2212 5657 2329 5730 pitB
2357 5659 2750 5720 confessionis
2787 5676 2859 5718 ac
2903 5660 3101 5719 laudis
3148 5662 3271 5718 Deo
3316 5648 3682 5729 acceptabile
