4092 6178
447 163 547 216 391

1480 151 1840 208 ANGELOMI
1882 143 2332 204 LUXOVIENSIS
2371 150 2683 209 MONACHI

3755 160 3856 215 3η

444 281 672 338 offerat.
706 279 877 346 Quod
929 283 1082 332 recte
1135 292 1241 347 per
1285 273 1567 330 eumdem
1623 273 1980 346 prophetam
2038 271 2098 325 in
2131 275 2176 326 Α
2221 271 2280 326 in
2323 273 2746 332 holocaustum
2775 276 2970 333 Israel.
3000 279 3065 332 Et
3111 276 3391 350 praecepit
3446 281 3510 333 ut
3554 293 3856 350 congrege

453 371 697 428 l'salmis
728 366 1161 429 manifestatur,
1193 363 1294 418 ubi
1341 363 1557 417 dicitur
1584 378 1653 418 ex
1687 377 1945 434 persona
1997 364 2104 414 Dor

446 462 592 517 mini
617 477 628 513 :
664 482 690 507 ‹‹
715 454 1083 512 Sacriﬁcium
1108 453 1302 509 laudis
1331 451 1755 508 honoriﬁcabit
1786 467 1880 505 me
1915 451 2099 520 (Psal.

444 554 601 614 xux)
648 567 674 595 »
705 549 768 601 Et
794 545 1042 600 iterum:
1072 566 1097 590 ‹‹
1137 542 1526 611 Sacriﬁcium,
1560 542 1775 614 inquit,
1814 541 1930 595 Deo
1985 538 2101 610 spi-

441 640 587 695 ritus
618 635 1075 702 contribulatus,
1109 649 1209 688 cor
1239 632 1558 688 contritum
1609 637 1664 687 et
1724 629 2103 686 liumiliatum

447 731 598 784 Deus
629 742 748 782 non
785 722 1009 796 spernit
1042 723 1227 793 (Psal.
1263 724 1333 793 ι).
1364 745 1391 771 ››

513 841 539 865 α
584 814 734 870 Emit
760 829 902 880 ergo
927 811 1115 866 David
1137 827 1341 866 aream
1372 815 1428 865 et
1457 811 1640 866 boves
1681 809 1906 879 argenti
1944 806 2105 862 siclis

443 928 470 953 ‹‹
513 901 969 976 quinquaginta.
1010 924 1036 949 »
1069 899 1240 965 Quod
1286 901 1342 954 in
1389 899 1884 972 Paralipomenon
1919 898 1999 952 ita
2028 895 2106 951 le-

445 994 627 1063 gitur:
659 1015 684 1039 ‹‹
717 991 880 1045 Dedit
920 1006 1052 1058 ergo
1111 989 1295 1043 David
1352 991 1549 1044 Ornau
1607 1004 1714 1059 pro
1756 987 1888 1042 loco
1932 985 2105 1044 sielos

441 1083 569 1138 auri
595 1079 908 1151 justissimi
942 1078 1223 1150 ponderis
1257 1083 1625 1132 sexcentos.»
1647 1075 2104 1144 Intelligendum

440 1187 704 1243 namque
751 1174 840 1224 est
888 1169 1073 1223 boves
1138 1166 1365 1237 argenti
1426 1166 1584 1221 siclis
1633 1165 2104 1238 quinquaginta,

441 1277 647 1318 aream
676 1276 817 1314 vero
842 1257 1135 1313 sexcentis
1161 1258 1359 1312 aureis
1401 1257 1638 1312 emisse.

512 1375 538 1400 ‹‹
569 1355 639 1420 Et
670 1349 984 1405 aediﬁcavit
1014 1348 1094 1403 ibi
1129 1348 1312 1403 David
1348 1347 1531 1402 altare
1554 1346 1826 1412 Domino,
1851 1352 1907 1401 et
1935 1346 2106 1404 obtu-

441 1465 466 1489 ‹‹
511 1441 574 1496 lit
624 1439 976 1495 holocausta
1005 1443 1060 1492 et
1103 1437 1372 1508 paciﬁca.
1430 1440 1494 1490 Et
1546 1436 1968 1507 repropitiatus
2013 1439 2105 1490 est

2208 367 2410 416 rentur
2456 381 2666 422 omnes
2693 365 2977 438 proselyti
3029 366 3102 421 de
3151 373 3303 421 terra
3338 365 3532 435 Israel,
3560 372 3617 422 et
3645 369 3856 424 constio

2213 451 2322 505 tuit
2342 467 2409 506 ex
2441 453 2523 507 eis
2552 453 2811 510 latomos
2836 455 2916 510 ad
2946 454 3269 510 caedendos
3298 454 3529 527 lapides
3554 460 3611 510 et
3640 455 3858 528 polien-

2211 539 2342 604 dos,
2375 547 2438 596 ut
2457 543 2850 599 aediﬁcaretur
2878 544 3097 598 domus
3130 544 3384 599 Domini.
3410 567 3436 593 ι)
3468 546 3532 599 In
3557 544 3657 599 illo
3687 545 3860 617 siqui-

2211 628 2350 684 dem
2380 629 2533 698 loco,
2567 637 2631 688 ut
2675 633 2899 688 Hebraei
2955 638 3288 703 autumant,
3325 632 3656 705 aliquando
3685 636 3863 690 conti-

2214 725 2379 787 gerat
2401 719 2701 777 Abraham
2730 722 2942 777 offerre
2968 721 3157 776 ﬁlium
3189 739 3368 779 suum
3403 727 3588 791 Isaac,
3619 723 3862 794 quando

2213 825 2351 863 cum
2371 809 2498 879 jam
2530 816 2775 882 paratus
2803 819 2958 866 esset
2983 810 3252 866 occidere
3292 811 3507 875 ﬁlium,
3534 817 3589 867 et
3613 811 3674 866 in
3698 811 3862 868 holo-

2214 903 2487 954 caustum
2515 899 2815 968 exhibere,
2839 900 3167 971 improviso
3197 901 3349 956 aries
3381 901 3677 974 apparuit,
3702 908 3757 956 et
3789 901 3866 956 al-

2215 991 2336 1042 tare
2359 989 2758 1056 circumstetit,
2792 1004 2975 1061 quem
3007 989 3310 1045 Abraham
3351 1007 3460 1062 pro
3507 989 3627 1045 tilio
3659 991 3865 1046 immo-

2213 1075 2373 1132 lavit.
2409 1082 2599 1132 l'otest
2649 1094 2788 1134 vero
2847 1093 2986 1133 area
3020 1084 3256 1134 Areuna
3300 1079 3402 1134 ubi
3452 1079 3635 1135 David
3683 1079 3865 1136 altare

2215 1166 2538 1221 construxit
2565 1166 2740 1221 altius
2769 1166 3038 1237 intelligi.
3069 1167 3224 1232 Quid
3253 1184 3360 1239 per
3389 1183 3594 1224 aream
3627 1173 3865 1224 Areuna

2210 1255 2485 1322 Jebuseei,
2518 1255 2629 1310 nisi
2690 1255 3006 1312 Ecclesiam
3038 1273 3110 1311 ex
3137 1257 3413 1325 gentibus
3459 1257 3769 1314 collectam
3797 1259 3864 1314 si-

2215 1345 2502 1414 gniﬁcat?
2532 1347 2588 1399 In
2643 1361 2767 1417 qua
2824 1345 3082 1401 Ecclesia
3143 1351 3467 1418 postquam
3514 1346 3698 1402 altare
3731 1346 3867 1402 ﬁdei

2212 1449 2384 1488 verus
2409 1433 2612 1494 David,
2659 1435 2772 1489 hoc
2811 1439 2915 1498 est,
2948 1434 3218 1490 Salvator
3248 1441 3448 1490 noster
3474 1436 3675 1500 erexit,
3733 1452 3867 1491 con-

439 1552 466 1578 ‹‹
508 1529 798 1586 Dominus
831 1533 1019 1586 terrae.
1049 1531 1104 1580 et
1133 1525 1397 1580 cohibita
1427 1531 1520 1580 est
1553 1524 1732 1596 plaga
1755 1523 1834 1579 ab
1866 1525 2101 1579 Israel.»
2212 1521 2405 1578 testim
2439 1539 2600 1578 mors
2626 1523 2965 1595 impietatis,
2989 1539 3124 1595 quae
3156 1524 3214 1578 in
3249 1524 3472 1595 populo
3507 1524 3605 1579 Dei
3637 1541 3869 1594 grassa-

444 1618 583 1674 Hinc
615 1633 857 1690 quoque
912 1615 1100 1670 Verba
1125 1613 1358 1668 dierum
1389 1613 1471 1669 ita
1516 1617 1762 1668 narrant
1789 1630 1802 1667 :
1838 1635 1865 1662 ‹‹
1895 1613 2107 1668 Taber-
2137 1635 2181 1687 Β
2213 1611 2406 1673 batur,
2437 1612 2633 1666 cessit.
2666 1615 2825 1667 Hanc
2855 1628 3059 1668 aream
3084 1612 3264 1668 David
3307 1613 3748 1685 quinquaginta
3781 1631 3866 1670 ar-

437 1706 724 1762 naculum
757 1709 956 1760 autem
985 1703 1214 1759 Domini
1239 1702 1408 1774 quod
1436 1701 1656 1758 fecerat
1679 1704 1905 1772 Moyses
1952 1701 2012 1755 in
2034 1702 2109 1756 de
2214 1701 2371 1770 genti
2403 1700 2558 1756 siclis
2587 1702 2758 1756 emit:
2793 1700 2938 1772 quia
2975 1705 3032 1756 et
3066 1701 3352 1756 Dominus
3398 1705 3568 1757 Jesus
3599 1703 3864 1759 Christus

445 1799 602 1850 serto
635 1798 693 1849 et
722 1792 905 1849 altare
964 1791 1461 1846 holocaustorum
1501 1793 1558 1844 et
1589 1793 1940 1860 tempestate
1980 1797 2107 1848 erat
2221 1790 2538 1846 Ecclesiam
2590 1806 2763 1845 suam
2795 1791 3054 1862 pretioso
3086 1791 3379 1860 sanguine
3417 1808 3526 1846 suo
3574 1798 3864 1864 emptam.

443 1882 505 1938 in
536 1882 768 1938 excelso
812 1880 1080 1948 Gabaon,
1108 1885 1163 1934 et
1192 1895 1314 1934 non
1347 1877 1662 1949 praevaluit
1695 1877 1882 1932 David
1912 1878 1994 1932 ire
2026 1879 2104 1933 ad
2214 1894 2284 1934 ac
2313 1895 2420 1950 per
2450 1879 2808 1950 septiformis
2838 1879 3090 1949 gratiam
3126 1879 3375 1952 Spiritus
3405 1881 3592 1936 sancti
3624 1897 3658 1936 a
3692 1898 3868 1937 cunc-

443 1971 645 2031 altare,
680 1977 742 2026 ut
775 1971 872 2025 ubi
900 1970 1239 2025 obsecraret
1287 1967 1627 2022 Dominum.
1662 1969 1846 2022 Nemo
1891 1967 2104 2022 timore
2213 1968 2284 2022 tis
2319 1969 2442 2023 suis
2475 1967 2702 2023 delictis
2728 1974 3069 2040 purgatam,
3098 1968 3156 2024 in
3189 1968 3442 2024 domum
3497 1969 3604 2025 sibi
3657 1973 3867 2044 sempi-

444 2061 638 2116 fuerat
668 2059 1028 2146 perterritus,
1061 2056 1272 2112 videns
1309 2057 1576 2126 gladium
1619 2055 1815 2124 angeli
1846 2056 2099 2123 Domini,

443 2150 715 2222 Dixitque
747 2144 961 2205 David:
995 2147 1130 2203 Haec
1162 2147 1379 2201 domus
1410 2144 1664 2206 Domini,
1689 2150 1745 2200 et
1774 2145 1888 2198 hoc
1918 2144 2102 2200 altare

1526 2455 1635 2539 ΙΝ

2217 2061 2443 2112 lernam
2469 2057 2878 2113 sanctiﬁcavit.

1729 2453 2157 2539 LIBRVM
2255 2455 2781 2542 TERTIUM.

1062 2688 1466 2747 PRIEFATIO.

513 2870 766 2944 Expletis
797 2870 1036 2925 duobus
1074 2867 1286 2924 libellis
1319 2870 1543 2937 Regum
1579 2867 1918 2932 voluminis,
1954 2866 2098 2922 divi-

2761 2691 2990 2746 CAPUT
3030 2694 3309 2749 PRIIUI.

2282 2889 2308 2914 ‹‹
2337 2869 2401 2922 Et
2427 2869 2544 2922 Rex
2576 2867 2762 2923 David
2794 2874 3090 2935 senuerat,
3122 2869 3502 2940 habebatque
3515 2872 3704 2926 aetatis
3738 2871 3866 2943 plu-

436 2977 518 3018 na
546 2959 818 3015 videlicet
845 2959 1123 3014 immeriti
1145 2956 1412 3014 auxiliati
1435 2957 1770 3024 clementia,
1807 2962 2095 3028 tanquam
2130 2965 2171 3017 C
2212 2979 2236 3004 «
2272 2957 2455 3010 rimos
2486 2971 2736 3019 annos,»
2767 2962 2825 3012 et
2852 2957 3097 3029 reliqua.
3123 2958 3402 3012 Senectus
3437 2959 3620 3012 David
3653 2959 3870 3016 huma-

437 3047 892 3122 quodammodo
940 3063 1012 3102 ex
1070 3047 1362 3102 thesauris
1424 3045 1696 3108 divitum,
1750 3050 2095 3099 sanctorum

437 3137 656 3195 scilicet
683 3137 1018 3200 doctorum,
1053 3135 1176 3190 duo
1207 3135 1438 3190 minuta
1467 3134 1902 3198 abstrahentes,
1936 3149 2096 3204 quae,

437 3232 500 3281 ut
554 3225 880 3298 potuimus.
915 3225 974 3278 in
1035 3222 1530 3295 gazophylacium
1565 3221 1794 3277 Domini
1841 3220 2095 3276 contuli-

435 3331 591 3380 mus,
625 3330 698 3368 ne
728 3312 942 3381 ingrati
973 3327 1043 3366 ex
1079 3317 1294 3368 nostrae
1325 3311 1690 3382 paupertatis
1719 3309 1958 3381 ingenio
1984 3309 2101 3365 for-

434 3403 610 3459 tassis
641 3401 983 3456 videremur
1040 3417 1076 3456 a
1135 3399 1409 3464 Domino,
1443 3413 1516 3452 ne
1576 3397 1863 3453 talentum
1919 3399 2099 3454 etiam

434 3491 696 3563 idipsum
723 3488 1077 3558 frugalitatis
1103 3486 1406 3552 collatum,
1440 3502 1574 3540 rure
1613 3485 1918 3541 defossum
1944 3488 2098 3542 inve-

432 3580 656 3635 niretur
687 3577 1133 3641 absconditum,
1180 3581 1236 3630 et
1265 3573 1672 3630 damnationis
1719 3590 1900 3645 poena
1951 3575 2098 3630 mul-

435 3673 738 3724 ctaremur
766 3665 1074 3722 acerrime.
1101 3664 1208 3720 Ubi
1243 3663 1578 3719 admodum
1613 3668 1857 3717 vastum
1888 3663 2100 3718 transi-

432 3756 636 3812 vimus
685 3771 911 3827 aaquor,
974 3752 1238 3809 auxiliati
1293 3751 1566 3808 videlicet
1631 3749 2100 3823 Cunctipotentis

435 3860 570 3918 ope,
603 3843 706 3918 qui
735 3844 991 3915 imperat
1026 3841 1216 3897 ventis
1243 3857 1318 3897 ne
1351 3844 1607 3896 noceant
1657 3839 1786 3895 rati.
1821 3842 1987 3895 Nunc
2027 3839 2102 3894 si-

433 3934 705 4007 quidem,
737 3947 1093 4005 quanquam
1122 3930 1347 4004 pavidi,
1382 3930 1616 3985 tertium
1647 3927 1895 3999 aggredi
1922 3944 2101 3984 cona-

432 4023 633 4079 bimur
659 4021 918 4076 librum:
972 4021 1033 4076 in
1083 4036 1206 4092 quo
1258 4019 1519 4074 maxime
1564 4019 1709 4075 ﬂatu
1753 4018 2095 4088 indigemus

433 4111 680 4184 quidem
699 4109 880 4164 divini
911 4109 1221 4181 Spiramis,
1265 4123 1340 4162 ne
1374 4111 1579 4163 nostra
1609 4108 1812 4164 carina
1850 4107 2098 4164 tandem

431 4200 617 4256 fracta
639 4199 835 4254 veniat
877 4199 939 4253 in
970 4196 1254 4268 scopulis,
1285 4201 1342 4251 et
1371 4196 1578 4268 syrtim
1609 4196 1762 4252 illisa
1813 4197 2098 4251 demersa

2210 3045 2270 3100 ni
2301 3044 2536 3114 generis
2581 3045 2858 3115 figuravit
2909 3049 3075 3101 Vetus
3128 3049 3584 3111 Testamentum,
3637 3046 3698 3101 in
3738 3064 3869 3120 quo

2209 3133 2354 3205 quia
2375 3134 2522 3189 ﬁdes
2552 3134 2846 3191 defecerat
2875 3135 3033 3189 velut
3061 3135 3121 3188 in
3150 3134 3355 3202 David,
3383 3135 3618 3190 dilectio
3642 3136 3744 3190 Dei
3772 3136 3871 3192 fri-

2211 3230 2435 3289 guerat.
2472 3224 2831 3280 Vestimenta
2881 3224 3030 3294 ejus,
3071 3223 3292 3296 quibus
3340 3223 3664 3295 adopertus
3714 3225 3869 3280 cale-

2209 3313 2336 3366 fieri
2366 3328 2488 3368 non
2527 3319 2777 3386 poterat,
2811 3318 3021 3386 typum
3069 3313 3350 3368 habuisse
3375 3312 3641 3369 Judaicaa
3674 3314 3867 3386 plebis

2211 3416 2331 3456 non
2365 3401 2619 3457 dubium
2669 3407 2774 3457 est.
2809 3405 2950 3468 Quae
3007 3409 3144 3458 ante
3176 3401 3501 3458 adventum
3545 3402 3866 3458 Salvatoris

2209 3507 2314 3564 per
2353 3491 2754 3562 cognitionem
2796 3491 2968 3560 legis,
3019 3493 3177 3547 velut
3223 3491 3576 3547 vestimenta
3615 3493 3863 3548 Domino

2209 3579 2605 3635 adhaeserant.
2656 3579 2766 3634 Sed
2797 3579 2941 3651 quia
2969 3579 3247 3635 eamdem
3278 3579 3474 3652 plebs,
3509 3585 3572 3636 ut
3611 3586 3860 3652 Aposto-

2207 3667 2300 3723 lus
2330 3668 2490 3734 dicit,
2513 3690 2541 3716 «
2576 3667 2866 3723 servitutis
2889 3667 3182 3739 spiritum,
3205 3675 3262 3725 et
3286 3684 3410 3724 non
3439 3669 3717 3725 libertatis
3747 3669 3852 3724 ha-

2208 3756 2337 3812 buit
2358 3759 2449 3823 (II
2477 3756 2614 3812 Cor.
2636 3757 2854 3827 xxxix),
2879 3775 2909 3808 ›
2940 3756 3002 3811 in
3027 3773 3232 3813 amore
3262 3757 3466 3814 divino
3495 3757 3742 3814 minime
3765 3773 3861 3812 ca-

2209 3847 2342 3902 ruit.
2377 3847 2555 3916 Virgo
2587 3862 2724 3902 vero
2778 3847 3051 3919 speciosa
3079 3863 3214 3919 qua:
3265 3848 3326 3903 in
3383 3849 3610 3904 cunctis
3639 3847 3864 3904 ﬁnibus

2210 3934 2392 3990 Israel
2416 3937 2672 4008 quaesita
2719 3943 2824 4002 est,
2858 3953 2928 3992 ac
2972 3952 3078 4008 per
3123 3953 3325 3994 servos
3376 3939 3563 3994 David
3613 3938 3692 3994 ad
3722 3954 3867 3994 eum

2209 4025 2518 4096 perducta,
2553 4043 2689 4099 qua:
2711 4026 2773 4082 in
2803 4025 2937 4081 sinu
2967 4026 3097 4097 ejus
3137 4025 3444 4083 dormiens
3473 4045 3613 4084 eum
3651 4029 3866 4085 calefe-

2207 4114 2303 4181 cit,
2336 4119 2393 4170 et
2422 4115 2590 4183 virgo
2619 4115 2968 4188 permansit,
3000 4114 3167 4171 haud
3193 4115 3445 4172 dubium
3479 4118 3584 4189 qui
3635 4123 3867 4174 sanctae

2210 4203 2476 4258 Ecclesiae
2508 4217 2828 4272 personam
2859 4205 3133 4275 gestavit,
3179 4221 3314 4278 qua:
3341 4206 3416 4260 de
3445 4207 3673 4263 cunctis
3724 4223 3870 4277 gen-

430 4290 738 4346 remaneat
757 4285 820 4341 in
849 4290 1117 4342 reumate
1147 4284 1483 4355 gurgitum:
1519 4285 1631 4342 Sed
1677 4286 1811 4357 ipso
1852 4284 2095 4341 afﬂante
2130 4317 2172 4370 ο
2205 4291 2364 4346 tibus
2393 4305 2498 4364 per
2526 4291 2834 4362 apostolos
2863 4293 2941 4349 ad
2972 4293 3266 4350 Christum
3293 4296 3591 4367 pervenit:
3611 4301 3670 4351 et
3698 4299 3869 4352 tanto

431 4393 502 4434 ac
525 4375 843 4445 dignanter
869 4372 1217 4448 opitulante,
1252 4379 1490 4447 portum
1514 4373 1881 4447 quietudinis
1907 4389 2094 4429 ovans

430 4465 716 4532 obtineat,
775 4469 842 4519 ut
885 4462 1193 4520 Dominica
1243 4461 1701 4536 quodammodo
1733 4462 2096 4518 commercia

427 4555 614 4612 illaesa
643 4558 1059 4628 permaneant,
1099 4557 1156 4610 et
1195 4569 1265 4610 ex
1312 4558 1476 4610 tanta
1499 4551 1906 4626 profunditate
1932 4551 2094 4607 volu‘

429 4645 628 4716 minis,
661 4661 730 4701 ac
757 4645 1037 4701 thesauro
1067 4643 1249 4698 divini
1281 4639 1718 4714 gazophylacii,
1754 4639 1964 4696 saltem
1995 4655 2096 4696 va-

428 4735 659 4792 leamus
689 4750 828 4790 cum
860 4732 1040 4802 Magis
1066 4731 1195 4788 auri
1227 4736 1284 4786 et
1306 4731 1494 4786 thuris
1525 4735 1579 4786 et
1611 4729 1870 4800 myrrhae
1899 4730 2095 4785 Domi-

427 4839 506 4879 no
534 4822 801 4879 conferre
833 4820 1104 4877 donaria.
1139 4819 1436 4886 Quoniam
1467 4818 1516 4874 si
1543 4818 1606 4875 in
1645 4818 1930 4875 omnibus
1959 4835 2093 4890 ege-

427 4927 565 4966 mus
617 4909 866 4981 Spiritus
905 4909 1092 4964 sancti
1134 4908 1466 4980 juvamine,
1512 4923 1675 4963 nunc
1731 4923 1975 4981 quoque
2031 4908 2093 4964 in

425 4998 540 5054 hoc
572 5011 745 5052 sacro
774 4995 1079 5051 volumine
1116 4996 1487 5068 permaxime
1515 4995 1858 5066 indigemus
1888 4996 2090 5051 divino

425 5084 734 5155 suffragio,
762 5083 907 5156 quia
928 5083 1129 5140 multis
1159 5084 1629 5140 obscuritatibus
1655 5083 1897 5141 abditus
1926 5083 2090 5137 vide-

425 5180 518 5231 tur
546 5173 607 5230 in
638 5173 1060 5243 allegoriarum
1101 5172 1428 5241 sententiis,
1470 5173 1800 5245 praesertim
1844 5173 1907 5228 in
1948 5181 2090 5226 tem-

424 5263 505 5336 pli
549 5261 812 5318 aedificiis
869 5267 926 5318 et
972 5263 1404 5336 prophetarum
1457 5261 1774 5334 mysteriis,
1809 5265 1891 5325 ut,
1953 5259 2086 5330 ipso

422 5351 911 5419 adminiculante,
937 5352 1040 5424 qui
1061 5352 1225 5408 dedit
1247 5350 1551 5407 Salomoni
1575 5348 1932 5421 sapientiam
1958 5347 2083 5419 plu-

421 5440 660 5510 rimam,
693 5440 1007 5498 valeamus
1029 5445 1294 5513 cosptum
1323 5455 1478 5510 opus
1507 5437 1744 5510 explere
1769 5436 2080 5506 sagaciter.

423 5530 587 5586 Unde
611 5531 738 5602 jam
772 5531 901 5603 ejus
930 5530 1059 5586 freti
1083 5528 1329 5594 auxilio,
1354 5527 1431 5582 ad
1453 5541 1590 5579 eum
1620 5523 2082 5581 describendum

420 5608 730 5678 vertanms
760 5618 1065 5676 articulos.

2205 4378 2419 4434 ardore
2448 4376 2584 4432 ﬁdei
2638 4377 2701 4432 in
2747 4379 2876 4449 ejus
2923 4379 3235 4436 dilectione
3293 4381 3493 4448 caluit,
3527 4387 3591 4438 ut
3621 4389 3874 4454 propter

2204 4466 2359 4522 illius
2388 4481 2660 4523 amorem
2689 4465 2865 4522 variis
2887 4467 3162 4540 periculis
3179 4486 3241 4526 se
3263 4469 3417 4526 ultro
3446 4471 3872 4540 committeret,

2205 4558 2260 4610 et
2289 4553 2368 4610 ad
2398 4553 2675 4609 ultimum
2706 4570 2815 4627 pro
2846 4555 2975 4626 ejus
3007 4557 3248 4613 nomine
3278 4559 3431 4614 mori
3461 4574 3582 4615 non
3613 4575 3872 4618 recusa-

2205 4645 2310 4698 ret.
2345 4644 2422 4697 De
2445 4657 2569 4714 qua
2587 4641 2821 4714 plenius
2846 4642 3114 4699 dicemus
3143 4644 3204 4700 in
3236 4645 3511 4702 subditis.

2279 4748 2300 4782 ι
2333 4729 2597 4786 Adonias
2621 4735 2846 4800 autem,
2877 4730 3034 4786 ﬁlius
3068 4732 3340 4803 Haggith,
3373 4733 3736 4800 elevabatur,
3789 4735 3879 4792 di-

2204 4841 2232 4869 «
2273 4835 2452 4875 cens:
2491 4822 2610 4889 Ego
2635 4819 2925 4889 regnabo,
2962 4841 2988 4868 »
3017 4824 3075 4876 et
3117 4820 3366 4894 reliqua.
3395 4821 3660 4880 Adonias
3698 4824 3876 4882 enim

2200 4908 2308 4964 iste
2337 4907 2442 4981 qui
2481 4908 2764 4980 superbia
2793 4908 2984 4965 elatus
3027 4909 3208 4980 gratis
3243 4925 3495 4980 regnare
3525 4912 3728 4981 voluit,
3764 4918 3872 4989 qui

2200 5013 2237 5052 a
2265 4997 2582 5053 Salomone
2611 4997 2952 5054 interfectus
2979 5003 3089 5065 est,
3112 4997 3369 5068 ﬁguram
3392 5002 3644 5070 gestavit
3659 5019 3874 5076 super-

2199 5083 2310 5139 biae
2331 5085 2674 5140 Iudaeorum
2697 5103 2710 5139 :
2737 5085 2840 5157 qui
2868 5091 3185 5158 propterea
3215 5089 3381 5159 quod
3411 5105 3665 5160 regnum
3691 5096 3873 5149 terre-

2197 5188 2344 5227 num
2377 5172 2643 5228 obtinere
2670 5173 2858 5228 voluit
2887 5190 2924 5229 a
2947 5174 3286 5246 Salomone,
3306 5177 3577 5235 videlicet
3608 5180 3868 5242 Christo.

2195 5266 2249 5316 et
2280 5275 2534 5328 regnum
2580 5260 2800 5326 amisit.
2833 5266 2890 5317 et
2946 5262 3132 5319 vitam
3180 5266 3457 5337 perdidit.
3492 5270 3570 5322 De
3599 5284 3725 5340 quo
3768 5269 3870 5325 hic

2194 5347 2567 5421 praelibando
2615 5349 3030 5421 praediximus,
3064 5353 3170 5409 sed
3197 5353 3258 5410 in
3292 5356 3681 5428 sequentibus
3710 5357 3869 5414 ube-

2193 5438 2316 5492 rius
2339 5437 2788 5508 indagabimus.
3667 5509 3670 5512 ἢ

2266 5549 2292 5574 ‹‹
2325 5529 2443 5580 Rex
2469 5530 2670 5583 autem
2702 5536 2982 5587 senuerat
3006 5531 3184 5590 nimis
3205 5542 3260 5590 et
3285 5535 3507 5606 Abisag
3531 5539 3866 5594 Sunamitis

2191 5634 2224 5667 α
2246 5613 2628 5674 ministrabat
2669 5617 2741 5675 ei.
2768 5637 2798 5673 ›
2824 5621 3115 5687 Qumritur
3142 5624 3343 5697 itaque
3370 5625 3518 5698 quid
3547 5627 3610 5682 in
3631 5627 3745 5684 hoc
3778 5626 3870 5684 fa-
