4092 6178
150 209 256 264 393

1162 211 1414 266 ENABR.
1451 211 1514 266 IN
1547 205 1789 264 LIBROS
1815 204 2070 261 ΗΒΕ-ΗΜ.
2104 235 2171 246 -
2198 205 2268 262 ΙΝ
2296 209 2421 262 LIB.
2455 209 2543 262 III.

3458 207 3568 262 394

149 329 240 383 cto
271 327 566 399 signiﬁcet
592 330 760 402 quod
788 330 971 386 David
1005 346 1196 386 annos
1227 336 1404 388 natus
1435 329 1810 404 septuaginta
1842 327 1890 380 Α
1922 326 2176 399 ρὶθηίὶεθ.
2225 329 2364 386 Hinc
2417 328 2704 386 Dominus
2749 330 2948 384 noster
2987 323 3047 380 in
3098 323 3411 395 evangelio
3450 325 3533 383 ait

150 416 472 472 bellicosus
500 419 814 489 quondam
847 420 950 484 vir,
980 425 1281 476 senectute
1305 420 1672 490 frigescente,
1692 431 1813 473 non

1925 439 1951 465 «
1987 420 2188 487 Ignem
2211 419 2448 491 (inquit)
2475 419 2605 474 veni
2637 417 2866 474 mittere
2895 415 2956 470 in
2983 418 3285 484 terram,et
3308 414 3456 487 quid
3478 430 3593 473 vo-

149 510 383 576 poterat
411 505 688 560 calefieri.
727 509 789 561 Et
814 512 1128 578 propterea
1157 508 1444 579 quaeritur
1474 509 1589 564 ista
1618 505 1816 579 puella
1922 521 1982 577 10
2011 507 2123 562 nisi
2153 513 2216 563 ut
2244 507 2492 565 ardeat?
2524 532 2552 558 ››
2611 509 2779 580 (Luc.
2810 505 2936 577 xu.)
2995 503 3105 570 Qui
3152 502 3585 576 discipulorum

152 591 449 663 speciosa,
483 609 619 664 quae
649 609 786 648 cum
814 609 952 662 rege
984 593 1288 661 dormiret,
1309 600 1366 651 et
1396 595 1580 651 senile
1599 609 1816 665 corpus

154 679 523 748 calefaceret,
556 687 613 736 et
641 683 1004 739 ministraret
1050 683 1194 755 regi.
1232 683 1287 741 Si
1344 685 1504 740 enim
1549 682 1820 740 occiden-

157 776 267 825 tem
311 771 626 842 sequimur
674 771 948 839 litteram,
984 772 1216 828 videtur
1258 773 1432 846 quasi
1463 773 1818 842 ﬁgmentum

155 875 285 915 esse
318 859 397 913 de
429 861 640 927 mimo,
673 877 743 915 eo
773 861 936 933 quod
969 861 1220 931 frigidus
1255 879 1438 918 senex
1481 860 1822 918 obvolvitur

155 947 426 1004 vestibus
452 955 508 1002 ct
551 948 660 1002 nisi
702 949 1022 1021 complexu
1067 950 1526 1006 adulescentulas
1571 965 1695 1005 non
1746 954 1825 1004 te-

154 1036 361 1109 pescit.
398 1035 650 1090 Vivebat
675 1036 872 1091 adhuc
899 1037 1243 1103 Bcthsabee,
1268 1044 1324 1094 et
1355 1043 1662 1111 supererat
1691 1037 1826 1092 Abi-

150 1126 289 1194 gail,
312 1130 371 1180 et
402 1125 647 1198 reliquae
678 1142 889 1180 uxores
921 1132 978 1181 et
1009 1127 1384 1199 concubinas,
1412 1144 1548 1200 quae
1572 1143 1609 1182 a
1635 1128 1828 1198 Scrip—

150 1222 282 1270 tura
303 1229 523 1268 omnes
553 1215 729 1286 quasi
756 1215 982 1285 frigida;
1011 1215 1441 1287 repudiantur:
1476 1221 1533 1272 et
1553 1215 1614 1271 in
1644 1215 1826 1270 unius

152 1309 391 1358 tantum
422 1302 887 1357 adolescentulze
916 1303 1277 1372 grandmvus
1317 1303 1514 1359 calefit
1544 1303 1827 1376 amplexi-

150 1392 286 1446 bus.
319 1391 629 1446 Abraham
656 1391 844 1446 multo
869 1392 1052 1447 David
1071 1392 1270 1448 senior
1291 1392 1416 1458 fuit,
1441 1397 1498 1448 et
1523 1398 1725 1449 tamen
1740 1392 1827 1446 vi-

150 1485 321 1535 vente
344 1483 497 1536 Sara
518 1479 699 1536 aliam
723 1495 844 1534 non
862 1480 1134 1552 quaesivit
1155 1497 1421 1536 uxorem.
1453 1485 1618 1536 Isaac
1640 1479 1831 1552 dupli-

154 1586 248 1624 ces
273 1571 355 1623 Da
367 1568 466 1622 vid
488 1584 682 1623 annos
695 1567 924 1633 habuit,
941 1573 1155 1625 etcum
1180 1569 1445 1626 Rebecca
1466 1569 1664 1625 vetula
1681 1585 1834 1624 nun-

1925 596 2110 652 oorda
2131 597 2520 660 succendens,
2537 597 2790 668 cogebat
2814 595 3028 651 dicere:
3059 617 3086 644 α
3111 597 3314 649 Nonne
3331 609 3434 649 cor
3453 608 3593 650 nos-

1927 679 2085 740 trum
2115 686 2331 742 ardens
2361 691 2486 742 erat
2515 687 2574 742 in
2614 686 2788 742 nobis
2817 684 2963 740 dum
2997 684 3337 757 loqueretur
3379 685 3438 738 in
3469 683 3589 752 via,

1929 779 1984 829 et
2015 775 2267 848 aperiret
2296 776 2470 832 nobis
2511 777 2844 848 Scripturas
2867 776 2893 829 ?
2924 797 2950 823 »
3007 774 3172 845 (Luc.
3206 778 3390 839 ΗΝ.)
3425 776 3589 830 Hanc

1930 864 2225 936 siquidem
2259 865 2521 937 puellam
2552 865 2829 938 amplecti
2873 880 2942 920 ac
2982 863 3225 933 diligere
3269 862 3588 931 debemus,

1931 969 2066 1025 quae
2097 955 2451 1027 sapientiam
2482 954 2775 1025 signiﬁcat
2803 969 3016 1009 senum
3046 951 3400 1024 ampliorem
3426 970 3439 1020 ;
3466 967 3593 1009 non

1935 1043 2189 1115 pueriles
2241 1043 2725 1108 declamationes,
2787 1047 2843 1098 et
2894 1041 3254 1114 sapientium
3311 1040 3592 1098 ﬂosculos

1935 1132 2401 1194 dialecticorum,
2446 1150 2515 1187 ac
2569 1132 2886 1187 verborum
2932 1130 3249 1192 lenocinia,
3283 1134 3339 1185 et
3376 1135 3595 1186 caetera

1936 1221 2286 1290 hujusmodi
2307 1238 2376 1277 ex
2403 1223 2672 1277 humana
2703 1220 2992 1293 sapientia
3013 1219 3434 1292 ﬁgmentisque
3456 1235 3594 1291 poe-

1939 1315 2172 1365 tarum:
2209 1327 2402 1383 neque
2433 1327 2609 1366 curas
2642 1310 2805 1365 istius
2838 1308 3059 1376 saeculi,
3082 1312 3185 1364 aut
3205 1308 3464 1364 honores
3489 1308 3598 1362 hu-

1933 1401 2034 1471 jus
2055 1400 2264 1455 mundi
2289 1419 2302 1467 ;
2337 1400 2441 1455 sed
2470 1401 2760 1472 sapientia
2784 1404 3074 1471 tanquam
3087 1397 3302 1453 Abisac
3331 1413 3471 1452 cum
3495 1399 3596 1454 Da.

1939 1488 2060 1555 vid,
2092 1505 2226 1561 quae
2258 1505 2571 1562 nunquam
2614 1489 2884 1556 senescit,
2916 1487 2976 1542 in
3023 1490 3228 1542 nostro
3264 1484 3601 1558 requiescat

1941 1578 2094 1632 sinu.
2131 1578 2444 1651 lmpolluta
2483 1578 2639 1633 enim
2668 1584 2754 1634 est
2802 1576 3152 1645 virginitatis
3195 1579 3518 1649 perpetuas,
3544 1579 3602 1632 et

155 1675 338 1730 quam
388 1657 636 1712 refrixit.
679 1657 873 1712 Taceo
925 1658 998 1713 de
1030 1659 1328 1731 prioribus
1358 1664 1494 1714 ante
1539 1658 1832 1714 diluvium
1864 1681 1904 1734 Β
1941 1667 2000 1721 in
2035 1667 2480 1723 similitudinem
2501 1669 2711 1736 Mal-im,
2731 1684 2868 1723 cum
2895 1665 3159 1738 quotidie
3182 1668 3422 1735 generet
3447 1681 3602 1720 sem-

157 1748 310 1812 viris,
335 1748 442 1820 qui
476 1752 612 1819 post
642 1763 836 1802 annos
873 1748 1257 1819 quingentos,
1287 1765 1410 1805 non
1455 1748 1590 1804 dico
1621 1747 1822 1804 senili-

159 1838 285 1905 bus,
311 1837 424 1893 sed
473 1853 628 1910 pene
681 1838 810 1907 jam
854 1838 1099 1894 cariosis
1148 1839 1416 1905 artubus,
1444 1853 1835 1911 nequaquam

160 1927 458 1999 puellares
489 1927 821 1998 quzesivcre
851 1926 1223 2000 complexus.
1253 1929 1414 1984 Certe
1445 1931 1670 2000 Moyses
1710 1926 1836 1982 dux

161 2015 459 2070 lsraelitici
486 2015 698 2087 populi
720 2021 961 2071 centum
992 2016 1200 2086 viginti
1232 2032 1422 2072 annos
1467 2015 1750 2083 habebat,
1779 2019 1837 2071 et

164 2105 493 2176 Sephoram
530 2120 651 2160 non
697 2106 967 2160 mutavit.
998 2107 1141 2170 Quae
1171 2111 1258 2160 est
1286 2105 1465 2176 igitur
1507 2104 1618 2160 ista
1643 2107 1833 2162 Suna-

163 2193 317 2247 mitis
350 2209 510 2248 uxor
540 2199 595 2248 et
621 2193 811 2264 virgo,
843 2199 966 2250 tam
1013 2195 1247 2250 fervens
1279 2199 1342 2249 ut
1368 2193 1651 2264 frigidum
1683 2193 1835 2250 cale-

167 2281 402 2347 faceret,
432 2287 487 2336 et
521 2287 643 2336 tam
695 2288 904 2338 sancta
951 2287 1013 2338 ut
1054 2282 1345 2338 calentem
1390 2283 1468 2338 ad
1523 2282 1832 2340 libidinem

171 2386 293 2425 non
341 2374 714 2443 provocaret,
762 2371 874 2426 nisi
923 2371 1214 2444 sapientia
1255 2376 1342 2438 (ut
1378 2371 1590 2428 beatus
1638 2372 1834 2428 Hiero-

165 2473 384 2530 nymus
435 2459 538 2525 ait)
591 2475 730 2531 quae
783 2459 843 2514 in
892 2459 1136 2515 senibus
1195 2459 1414 2520 fervere
1473 2459 1645 2526 solet,
1671 2460 1830 2528 licet,

165 2549 312 2603 sicut
364 2549 647 2620 superius
689 2548 1016 2616 innuimus,
1056 2553 1276 2604 sanctae
1321 2549 1592 2605 Ecclesiae
1634 2549 1835 2606 linias-

165 2644 242 2692 set
265 2653 596 2710 personam
616 2637 645 2691 ?
668 2637 833 2692 Hanc
860 2642 1123 2710 exponat
1151 2638 1634 2710 sapientissimus
1665 2639 1832 2696 Salo-

165 2743 331 2782 mon:
394 2727 586 2798 patris
643 2727 733 2782 sui
791 2726 1032 2783 delicias
1079 2733 1136 2783 et
1191 2728 1476 2800 paciﬁcos
1529 2728 1834 2785 bellatoris

168 2817 263 2872 viri
294 2822 502 2872 narret
530 2816 872 2888 amplexus,
920 2839 946 2865 «
979 2817 1227 2872 Posside
1274 2818 1652 2890 sapientiam,
1696 2835 1834 2892 pos-

169 2906 280 2961 side
339 2906 844 2976 intelligentiam;
900 2922 975 2961 ne
1031 2906 1404 2962 obliviscaris
1451 2923 1608 2979 eam,
1655 2913 1711 2963 et
1757 2923 1831 2963 ne

169 2994 555 3087 declinaveris
586 2995 666 3051 ab
693 2996 841 3087 ipsa.
875 2999 953 3051 Ne
971 2995 1356 3087 derelinquas
1374 3002 1594 3087 eam,et
1622 3012 1832 3087 appre-
1870 3031 1911 3087 ϐ

169 3084 377 3141 hendet
426 3091 528 3152 te;
567 3102 708 3140 ama
755 3084 940 3154 illam,
963 3090 1019 3141 et
1065 3085 1326 3141 servabit
1370 3090 1442 3142 te.
1471 3085 1830 3157 Principium

173 3176 490 3247 sapientiae,
525 3173 770 3246 posside
797 3174 1159 3246 sapientiam
1185 3192 1198 3242 ;
1227 3177 1285 3230 et
1311 3173 1374 3229 in
1400 3175 1564 3230 omni
1593 3190 1830 3248 posses-

174 3261 334 3319 sione
372 3269 502 3333 tua,
551 3263 792 3335 acquire
839 3262 1291 3334 intelligentiam
1333 3263 1531 3334 (Prov.
1559 3263 1658 3333 1v),
1696 3285 1722 3311 ››
1775 3268 1832 3316 et

175 3351 424 3422 reliqua.
457 3355 577 3405 Ista
603 3352 839 3423 quidem
871 3351 1189 3424 sapientia,
1216 3350 1352 3406 licet
1377 3349 1831 3420 frigescentibus

182 3438 494 3508 membris,
520 3443 704 3495 tamen
731 3441 890 3496 senis
913 3441 1162 3496 ferventi
1185 3439 1498 3496 dilectione
1521 3445 1575 3496 et
1591 3456 1832 3495 summo

188 3525 386 3583 studio
415 3528 707 3584 charitatis
746 3529 1142 3602 amplectitur,
1175 3533 1232 3585 et
1278 3528 1612 3601 spirituales
1652 3529 1830 3585 etiam

192 3615 419 3672 delicias
449 3617 843 3674 administrat.
889 3621 1108 3675 Omnes
1135 3633 1289 3690 pene
1328 3617 1568 3674 virtutes
1623 3634 1836 3690 corpo-

191 3706 264 3759 ris
315 3712 615 3762 mutantur
665 3708 725 3763 in
782 3708 1028 3764 senibus
1088 3713 1146 3763 et
1200 3711 1504 3764 crescente
1561 3707 1686 3765 sola
1741 3723 1836 3764 sa-

199 3793 424 3863 pientia,
449 3796 795 3853 decrescunt
824 3801 1056 3864 caetera,
1084 3796 1334 3867 jejunia,
1367 3795 1739 3852 chameuniae
1778 3802 1836 3853 et

209 3877 584 3955 eleemosynm,
602 3885 725 3940 huc
748 3884 1008 3957 illucque
1029 3884 1361 3954 discursus,
1379 3884 1832 3956 peregrinorum

202 3972 483 4044 susceptio,
501 3973 773 4029 defensio
801 3989 1162 4047 pauperum,
1179 3972 1466 4028 instantia
1495 3973 1833 4028 orationum

188 4062 237 4112 et
259 4062 718 4131 perseverantia,
751 4061 1008 4118 visitatio
1038 4061 1476 4132 languentium,
1507 4059 1681 4116 labor
1713 4076 1835 4116 ma-

185 4162 353 4204 nuum
383 4151 553 4206 unde
615 4151 999 4223 praebeantur
1029 4151 1450 4222 eleemosynae.
1483 4152 1552 4205 Et
1596 4165 1672 4205 ne
1723 4166 1838 4208 ser-

188 4251 409 4296 monem
451 4239 694 4310 longius
751 4240 1008 4310 traham,
1039 4243 1256 4296 cuncta
1295 4255 1433 4311 quas
1469 4254 1578 4312 per
1620 4254 1838 4312 corpus

179 4333 519 4384 exercentur
542 4327 722 4394 facta,
749 4344 999 4401 corpore
1027 4327 1195 4384 senili
1221 4327 1457 4384 minora
1486 4327 1640 4383 ﬁunt
1664 4346 1677 4395 ;
1711 4327 1840 4383 sola

177 4416 465 4488 sapientia
503 4433 627 4474 non
661 4417 796 4474 dico
821 4417 883 4472 in
902 4416 1248 4488 juvenibus,
1276 4415 1379 4472 sed
1430 4416 1610 4473 etiam
1653 4417 1714 4472 in
1753 4432 1840 4473 se-

172 4503 330 4562 nibus
389 4506 539 4580 (qui
568 4505 631 4560 in
687 4505 815 4577 lege
870 4504 1105 4562 Domini
1161 4503 1432 4560 meditati
1477 4510 1616 4561 sunt
1644 4505 1740 4560 die
1769 4521 1840 4562 ac

170 4598 342 4664 nocte}
372 4599 751 4669 permanet;
801 4599 858 4650 et
904 4593 1300 4650 dulcessimos
1347 4593 1575 4650 fructus
1620 4594 1842 4650 studio-

167 4696 282 4740 rum
309 4684 518 4742 metit.
544 4682 710 4740 Unde
736 4683 953 4740 Abisac
982 4682 1191 4739 merito
1212 4682 1631 4756 interpretatur
1647 4685 1841 4752 patris

166 4776 266 4828 mei
289 4776 626 4844 gaudium,
651 4772 745 4828 vel
769 4774 968 4843 patris
987 4773 1103 4828 mei
1131 4773 1388 4844 rugitus.
1416 4772 1591 4838 Quod
1615 4772 1678 4826 in
1693 4788 1841 4845 prae-

166 4865 302 4920 senti
323 4865 462 4922 loco
497 4864 788 4919 virtutem
818 4867 1014 4932 sonat,
1043 4861 1212 4935 quod
1229 4861 1487 4930 amplior
1509 4861 1570 4916 in
1597 4861 1842 4916 senibus

167 4957 215 5007 et
253 4955 628 5011 redundans
670 4958 782 5023 est,
833 4968 904 5008 ac
944 4951 1115 5022 larga
1162 4949 1473 5023 sapientia.
1506 4951 1573 5006 Et
1599 4948 1666 5004 ﬁt
1691 4949 1844 5005 bene

164 5042 407 5113 rugitus,
465 5040 654 5116 quod
700 5041 884 5096 maris
930 5039 1150 5095 ﬂuctus
1205 5042 1463 5105 resonat,
1517 5041 1575 5093 et
1625 5037 1714 5109 (ut
1762 5037 1846 5093 ita

167 5128 373 5204 dicam)
397 5133 482 5189 de
517 5129 748 5205 pelago
771 5130 1016 5185 veniens
1038 5127 1308 5184 fremitus
1335 5127 1595 5194 auditur,
1619 5142 1691 5183 ex
1720 5143 1845 5201 quo

169 5223 490 5280 ostenditur
571 5217 1202 5276 abundantisssimum
1229 5221 1286 5273 et
1313 5216 1468 5273 ultra
1513 5217 1846 5274 humanam

167 5318 363 5366 vocem
391 5311 460 5366 in
489 5307 754 5366 senibus
783 5307 970 5364 divini
1003 5306 1300 5362 sermonis
1330 5305 1662 5362 tonitruum
1689 5323 1849 5362 com-

167 5400 399 5456 morari.
439 5398 718 5456 Sumatis
751 5413 889 5453 vero
915 5397 1190 5453 coccinea
1212 5397 1273 5450 in
1295 5395 1504 5466 lingua
1524 5400 1729 5451 nostra
1756 5411 1849 5452 so-

165 5493 275 5544 nat.
309 5492 380 5545 Ut
408 5486 722 5558 signiticet
754 5483 968 5541 callere
997 5483 1376 5556 sapientiam,
1408 5483 1739 5555 divinaque
1766 5483 1846 5538 le-

167 5575 347 5633 ctione
370 5579 640 5634 fervere.
675 5572 849 5640 Quod
895 5573 1028 5629 licet
1070 5573 1306 5628 Domini
1361 5571 1672 5641 sanguinis
1705 5572 1850 5628 indi-

166 5672 248 5722 cet
273 5670 772 5734 sacramentum,
803 5671 999 5721 tamen
1030 5667 1088 5721 et
1117 5661 1412 5720 fervorem
1455 5661 1716 5717 ostendit
1761 5679 1850 5717 sa-

452 5755 722 5810 PLIIOL.
760 5766 869 5807 cxv

1942 1771 2168 1828 perque
2226 1757 2534 1828 parturiat,
2581 1757 2923 1828 incorrupta
2973 1758 3079 1810 est.
3129 1754 3186 1810 Si
3241 1753 3402 1810 enim
3460 1756 3602 1810 Cato

1945 1845 2196 1900 Romani
2227 1847 2459 1914 generis
2490 1846 2934 1914 disertissimus,
2979 1845 3068 1915 (ut
3095 1843 3343 1916 quidam
3395 1842 3601 1898 docto-

1941 1949 2076 1988 rum
2101 1933 2359 2006 protulit)
2393 1935 2768 1989 centenarius
2796 1934 2925 2004 jam
2955 1936 3012 1988 et
3041 1947 3230 1987 sunex
3259 1933 3488 1988 Graecas
3513 1929 3604 1988 lit-

1943 2027 2099 2077 teras
2131 2039 2238 2078 nec
2269 2022 2707 2088 erubuerit,nec
2737 2022 2963 2076 discere
2989 2019 3396 2091 desperaverit
3429 2037 3440 2074 :
3465 2023 3520 2073 et
3550 2017 3602 2073 si

1944 2115 2096 2166 certe
2153 2112 2239 2180 (ut
2268 2111 2453 2182 aiunt)
2485 2115 2771 2166 Homerus
2812 2109 2988 2164 refert
3041 2107 3208 2180 quod
3260 2107 3336 2162 de
3392 2106 3602 2175 lingua

1943 2197 2222 2268 Nestoris,
2245 2199 2375 2268 jam
2425 2199 2605 2254 vetuli
2653 2203 2708 2254 et
2762 2213 2912 2269 pene
2963 2195 3264 2268 decrepiti,
3312 2217 3338 2244 ‹‹
3370 2193 3604 2250 dulcior

1945 2287 2119 2343 melle
2201 2287 2390 2344 oratio
2472 2289 2747 2343 fluxerit:
2798 2309 2824 2336 ››
2910 2291 2967 2341 et
3022 2285 3264 2357 sapiens
3321 2282 3595 2356 quidam,

1945 2376 2204 2446 Graeciae,
2237 2393 2373 2432 cum
2404 2376 2714 2448 completis
2773 2380 3012 2430 centum
3051 2379 3110 2429 et
3155 2378 3384 2446 septem
3423 2370 3601 2428 annis

1946 2481 2008 2521 se
2039 2469 2304 2520 cerneret
2329 2464 2501 2530 mori,
2528 2464 2746 2519 dixisse
2777 2464 2977 2530 fertur,
3025 2461 3224 2517 dolere
3263 2459 3430 2533 quod
3459 2465 3601 2516 tunc

1945 2553 2322 2624 egrederetur
2373 2569 2404 2607 e
2453 2552 2574 2607 vita
2659 2551 2906 2625 quando
2992 2565 3202 2622 sapere
3279 2548 3599 2620 cepisset;

1944 2642 2109 2698 Plato
2158 2641 2338 2698 etiam
2383 2646 2750 2711 octogesimo
2796 2656 2978 2709 anno,
3013 2637 3282 2694 scribens
3331 2641 3604 2692 mortuus

1944 2737 2031 2787 est
2062 2750 2073 2798 ;
2110 2733 2380 2787 Socrates
2406 2730 2780 2803 septuaginta
2815 2734 2872 2785 et
2901 2744 3121 2784 novem
3159 2742 3352 2782 annos
3390 2725 3452 2780 in
3501 2725 3607 2781 do-

1944 2819 2117 2875 cendi
2137 2819 2558 2891 scribendique
2588 2819 2793 2874 labore
2821 2816 3160 2890 complevit,
3188 2814 3438 2888 quando
3481 2830 3607 2870 ma-

1943 2909 2033 2977 gis
2067 2908 2401 2963 calescente
2432 2907 2701 2979 corporis
2730 2908 2975 2977 juvente
3014 2905 3164 2960 inter
3204 2903 3360 2958 bella
3391 2918 3606 2974 corpo-

1939 2998 2042 3066 ris,
2069 3002 2125 3052 et
2149 2996 2300 3052 inter
2327 2997 2623 3051 incentiva
2655 2995 2935 3050 vitiorum
2958 2991 3312 3066 sapientiam
3344 2991 3606 3047 ediscere

1939 3084 2323 3146 debemus,ut
2338 3084 2398 3138 in
2425 3088 2724 3139 senectute
2747 3082 2928 3138 etiam
2953 3079 3403 3150 frigescentibus
3421 3094 3607 3133 mem-

1938 3173 2086 3240 bris,
2119 3172 2181 3228 in
2221 3173 2355 3228 sinu
2385 3173 2603 3227 mentis
2653 3177 2873 3227 nostrae
2923 3169 3258 3242 requiescat
3305 3172 3362 3222 et
3412 3166 3608 3237 foveat

1937 3261 2316 3334 dormiatque
2347 3260 2687 3326 nobiseum,
2720 3259 2843 3314 imo
2873 3258 3075 3314 cibum
3107 3255 3386 3328 spiritalis
3435 3255 3607 3322 intel-

1937 3350 2192 3421 ligentire
2249 3349 2424 3405 nobis
2475 3349 2786 3404 ministret.
2838 3351 3032 3404 Potest
3086 3344 3370 3401 nimirum
3420 3345 3604 3402 etiam

1940 3447 2053 3511 ista
2083 3440 2296 3496 mulier
2334 3439 2810 3512 contemplativaa
2855 3439 2990 3493 vita;
3045 3440 3273 3507 gestare
3326 3435 3605 3506 ﬁguram,

1943 3545 2128 3603 quam
2187 3546 2398 3585 omnes
2449 3528 2692 3602 perfecti
2761 3525 3092 3584 incredibili
3165 3541 3371 3581 amore
3448 3541 3608 3581 com-

1941 3618 2286 3690 plectentcs,
2320 3619 2378 3672 in
2406 3618 2538 3686 eius
2572 3616 2888 3672 dilectione
2915 3615 3355 3671 ﬂammescunt.
3391 3635 3419 3663 «
3451 3613 3608 3669 Ado-

1940 3706 2072 3762 nias
2101 3711 2302 3762 autem
2327 3705 2485 3760 ﬁlius
2540 3705 2749 3775 Hagith
2797 3705 3155 3762 elevebatur.
3189 3702 3431 3758 dicens:
3484 3703 3608 3771 Ego

1940 3795 2228 3866 regnabo.
2261 3795 2537 3867 Fecitque
2569 3794 2678 3848 sibi
2707 3810 2949 3850 currum
2977 3799 3035 3850 et
3073 3793 3300 3865 equites
3352 3797 3409 3847 et
3436 3791 3610 3864 quin-

1939 3883 2231 3957 quaginta
2254 3882 2414 3937 viros
2437 3882 2544 3954 qui
2573 3885 2709 3936 ante
2739 3897 2878 3935 eum
2923 3884 3246 3934 currerent.
3277 3882 3390 3933 Nec
3430 3876 3608 3932 corri-

1940 3971 2068 4044 puit
2098 3986 2236 4025 eum
2259 3973 2428 4042 pater
2451 3985 2595 4024 suus
2624 3968 2974 4040 aliquando,
2997 3968 3203 4024 dicens
3228 3983 3240 4021 :
3278 3969 3473 4034 Quare
3493 3967 3608 4021 hoc

1943 4059 2174 4116 fecisti?
2204 4080 2232 4108 ››
2273 4062 2330 4113 et
2372 4057 2618 4130 reliqua.
2663 4057 2835 4122 Quod
2873 4063 3076 4114 autem
3131 4056 3394 4114 Adonias
3451 4055 3609 4112 ﬁlius

1943 4147 2126 4204 David
2158 4147 2352 4218 major
2376 4146 2437 4202 in
2457 4161 2713 4216 regnum
2736 4161 2843 4217 pro
2869 4151 3039 4219 patre
3063 4147 3382 4204 succedere
3405 4145 3606 4215 voluit,

1941 4253 2050 4310 per
2073 4235 2294 4293 fastum
2322 4235 2636 4308 superbiae,
2661 4251 2783 4291 non
2815 4251 2921 4308 per
2947 4237 3223 4294 virtutem
3254 4235 3604 4309 disciplima,

1943 4325 2092 4398 quid
2117 4325 2456 4396 signiﬁcat?
2496 4324 2610 4380 nisi
2655 4325 2822 4397 quod
2859 4325 3141 4383 Judaicus
3190 4325 3471 4399 populus,
3503 4339 3617 4399 qui

1945 4413 2120 4487 quasi
2149 4413 2345 4485 major
2382 4419 2528 4470 natu
2579 4413 2738 4469 ﬁlius
2788 4414 3020 4471 videtur
3069 4432 3218 4478 esse,
3254 4433 3394 4471 cum
3443 4415 3608 4487 prior

1943 4503 2140 4574 legem
2161 4504 2437 4577 suscepit,
2454 4504 2735 4574 gentilem
2763 4505 3058 4577 pOpulum
3089 4505 3190 4578 qui
3221 4521 3328 4576 per
3356 4504 3609 4574 gratiam

1947 4593 2049 4648 Dei
2073 4593 2368 4666 posterior
2404 4598 2650 4649 vocatus
2679 4599 2771 4649 est
2791 4609 3100 4665 spernens,
3129 4593 3326 4648 solum
3361 4607 3422 4646 se
3469 4607 3609 4647 cum

1949 4683 2205 4739 Domino
2230 4681 2570 4738 aestimabat
2598 4687 3008 4752 regnaturum.
3038 4681 3203 4737 Unde
3232 4686 3289 4736 et
3316 4679 3469 4735 bene
3498 4695 3610 4736 no-

1948 4788 2090 4828 men
2120 4771 2388 4833 Adoniae,
2420 4772 2523 4843 qui
2553 4773 2894 4828 dominator
2941 4771 3215 4827 dominus
3259 4771 3611 4844 interpreta-

1953 4866 2066 4932 tur,
2099 4865 2311 4933 typum
2342 4861 2649 4932 expressit,
2680 4860 2784 4933 qui
2815 4859 3014 4916 solum
3045 4877 3107 4916 se
3137 4860 3450 4917 dominare
3472 4877 3614 4918 cum

1950 4947 2201 5005 domino
2254 4947 2576 5003 arbitratus
2627 4952 2716 5004 est
2768 4965 2782 5016 ;
2853 4947 2961 5004 sed
3018 4949 3294 5006 Ecclesiae
3352 4949 3615 5022 populus

1952 5054 2092 5094 cum
2111 5051 2250 5093 vero
2279 5036 2620 5102 Salomone,
2649 5037 2710 5093 id
2740 5041 2834 5094 est
2873 5038 3130 5112 paciﬁco
3179 5044 3409 5108 nostro,
3443 5040 3616 5112 cujus

1951 5127 2080 5200 ipse
2111 5141 2330 5199 corpus
2356 5129 2462 5194 est,
2495 5142 2601 5199 per
2636 5127 2906 5184 divinam
2954 5111 3396 5186 ordinationem
3424 5128 3487 5184 in
3532 5145 3620 5185 re-

1955 5231 2144 5287 gnum
2174 5214 2566 5270 substituitur.
2603 5218 2682 5272 De
2709 5232 2833 5289 quo
2865 5217 3077 5274 merito
3128 5217 3395 5290 perﬁdiae
3423 5217 3622 5289 major

1955 5305 2133 5372 filius,
2164 5303 2227 5360 id
2279 5309 2367 5360 est
2423 5304 2585 5377 prior
2613 5305 2878 5379 populus
2909 5306 3314 5379 praecipitatus
3374 5312 3480 5363 est.
3517 5306 3622 5363 Hic

1956 5409 2099 5465 ergo
2129 5393 2416 5462 Adonias,
2451 5393 2774 5451 Bethsabee
2802 5393 3247 5464 interveniente,
3278 5413 3414 5468 qua:
3443 5395 3622 5452 inter-

1956 5485 2223 5555 pretatur
2272 5483 2405 5550 ﬁlia
2449 5483 2809 5553 saturitatis,
2843 5482 3061 5540 Abisac
3101 5485 3448 5541 Sunamiten
3499 5499 3625 5540 cor-

1957 5585 2236 5641 rumpere
2253 5571 2481 5638 gestivit
2503 5588 2516 5626 :
2543 5573 2688 5644 quia
2706 5575 2732 5628 J
2741 5571 2989 5628 udaicus
3009 5573 3274 5645 populus
3293 5588 3399 5646 per
3419 5571 3626 5628 obser-

1959 5658 2227 5718 vantiam
2241 5660 2738 5717 caeremoniarum
2760 5659 2931 5732 legis,
2943 5660 3089 5734 quia
3111 5666 3278 5719 satus
3296 5657 3628 5732 etplenissi-

3278 5751 3340 5800 13
