4092 6178
464 194 569 252 308

1577 192 1935 253 ANGELOMI
1965 185 2423 250 LUXOVIENSIS
2461 192 2777 252 MONACHI

3775 197 3886 255 396

462 330 602 376 mus
631 321 776 387 erat,
796 326 1004 372 veram
1034 315 1391 387 sapientiam
1421 315 1702 389 spiritalis
1733 330 1969 381 sensus,
1987 326 2123 387 quae
2151 332 2198 385 Α
2232 316 2466 373 rissime
2487 303 2782 387 congruit,
2805 333 2912 390 per
2942 332 3123 390 quem
3155 312 3553 389 Mediatorem,
3587 335 3661 376 ex
3692 320 3886 376 inimi-

461 408 651 465 David
677 410 883 462 nostro
921 405 1243 475 conjuncta
1282 409 1391 471 est,
1427 410 1697 477 stuprare
1739 404 1971 474 volens,
1999 419 2123 460 non
2230 404 2312 460 eis
2343 411 2587 479 accepta
2616 407 2966 463 remissione
2990 411 3400 480 peccatorum,
3427 409 3884 466 reconciliamur

456 497 677 555 meruit
721 495 852 566 ejus
909 494 1499 563 consortium,cujus
1555 496 1781 552 violare
1838 495 2126 568 appetivit
2230 497 2381 551 Deo:
2412 496 2850 552 etenimueum
2899 496 3123 552 inimici
3179 513 3474 569 essemus,
3522 498 3885 556 reconciliati

452 585 913 644 immaculatum
940 584 1247 640 thronum.
1280 585 1449 652 Quod
1499 591 1700 642 autem
1724 585 1911 641 David
1959 584 2125 641 Salo-
2228 600 2440 640 sumus
2499 588 2617 641 Deo
2674 601 2781 658 per
2831 590 3085 641 mortem
3129 585 3250 642 Filii
3304 587 3435 657 ejus
3458 589 3698 657 (Ephes.
3729 588 3817 660 ιι).
3852 610 3880 639 ››

452 676 620 733 moui
638 674 762 730 ﬁlio
782 684 893 728 suo
918 672 1201 745 praecepit
1215 673 1290 728 de
1310 674 1474 745 justa
1494 674 1882 730 retributione
1905 688 2117 729 eorum
2223 671 2385 729 idem
2412 674 2537 747 ipse
2554 678 2642 731 est
2658 674 2754 731 ille
2776 674 3195 748 paciﬁcusqui
3224 674 3360 732 fecit
3391 681 3643 749 utraque
3666 693 3878 747 unum,

452 767 556 839 qui
587 760 700 821 sibi
730 762 941 818 solatio
967 761 1227 830 fuerunt,
1251 763 1342 819 vel
1368 764 1583 835 injuste
1606 768 1959 834 nocuerunt,
1982 751 2122 819 licet
2224 766 2281 818 et
2304 764 2572 820 mediurn
2630 764 2916 837 parietem
2948 765 3218 820 maceriae
3252 764 3487 822 solvens
3535 766 3879 823 inimicitias

444 854 576 926 ipse
602 852 1031 925 patientissime
1063 867 1166 908 eos
1187 868 1447 922 regnans
1472 854 1747 910 toleraret
1772 876 1784 909 :
1815 851 1962 926 quid
1992 867 2115 908 me-

444 943 560 999 lius
609 941 946 1014 signiﬁcare
1000 946 1213 1015 potest,
1249 959 1437 1016 quam
1472 943 1736 1000 futuram
1783 941 2116 999 retributio.

445 1046 587 1089 nem
613 1031 820 1103 judicii
843 1032 1099 1092 venturi.
1126 1032 1186 1088 in
1212 1048 1332 1104 qua
1360 1033 1530 1105 impii
1551 1049 1661 1106 pro
1684 1032 1957 1088 mercede
1980 1047 2107 1103 pce-

441 1137 586 1179 nam
617 1126 992 1195 perpetuam,
1022 1122 1165 1192 justi
1209 1126 1411 1177 autem
1457 1126 1743 1178 cateruam
1789 1120 2108 1178 beatitudi-

440 1224 581 1268 nem
609 1210 937 1286 percipient
963 1212 991 1267 ?
1022 1212 1086 1266 In
1116 1212 1397 1283 praesenti
1420 1227 1666 1284 quoque
1691 1216 1977 1284 tempore,
2001 1226 2109 1283 pa-

439 1301 645 1357 tientia
675 1300 776 1357 Dei
806 1316 965 1373 saape
994 1300 1188 1356 bonos
1228 1300 1495 1357 tribulari
1541 1305 1721 1373 atque
1772 1299 2106 1370 augustiari

438 1390 740 1463 permittit,
772 1393 829 1445 et
857 1389 1190 1446 econtrario
1219 1390 1509 1463 reprobos
1541 1389 1767 1445 deliciis
1800 1395 2102 1463 tempora-

436 1479 594 1535 ﬁlms
623 1483 679 1536 et
721 1479 1114 1552 prosperitate
1164 1483 1393 1535 terrena
1431 1481 1513 1535 uti
1546 1480 1835 1536 concedit.
1874 1478 2101 1545 Quibus

438 1574 641 1626 tamen
670 1569 957 1642 utrisque,
987 1585 1096 1641 per
1119 1568 1389 1640 judicem
1419 1569 1698 1624 vivorum
1742 1572 1799 1625 et
1829 1572 2101 1625 mortuo-

439 1672 578 1716 rum
605 1660 858 1732 praamia
888 1664 1047 1715 certa
1066 1659 1128 1714 in
1159 1658 1363 1715 futuro
1390 1660 1679 1725 restituet,
1729 1659 1980 1732 quando
2007 1658 2103 1715 his
2133 1683 2173 1737 Β

438 1749 543 1823 qui
571 1749 651 1806 ad
674 1749 981 1805 dexteram
1012 1748 1142 1819 ejus
1165 1753 1321 1813 sunt,
1355 1748 1622 1805 dicturus
1649 1749 1757 1804 erit
1786 1766 1799 1803 :
1833 1771 1862 1799 «
1880 1749 2100 1816 Venite,

437 1837 734 1895 benedicti
757 1839 941 1894 Patris
973 1837 1111 1908 mei,
1144 1838 1426 1910 percipitc
1457 1853 1713 1907 regnum
1742 1836 1908 1910 quod
1933 1836 2104 1893 vobis

437 1930 719 2000 paratum
749 1930 841 1982 est
870 1926 947 1982 ab
974 1925 1203 1995 origine
1236 1926 1449 1981 mundi
1481 1926 1715 1995 (Μαιιὴ.
1751 1926 1905 1997 xxv).
1929 1945 1956 1976 η
1990 1924 2103 1979 Illis

441 2018 643 2071 autem
662 2014 768 2086 qui
788 2013 869 2069 ad
898 2013 1200 2070 sinistram
1232 2014 1361 2084 ejus
1393 2018 1586 2083 erunt,
1618 2014 1774 2069 dicet
1806 2031 1818 2068 :
1846 2034 1874 2062 »
1906 2013 2103 2068 Disce-

439 2102 558 2159 dite
581 2116 617 2158 a
643 2118 760 2170 me,
784 2102 1103 2171 maledicti,
1136 2103 1199 2158 in
1228 2103 1426 2172 ignem
1458 2106 1771 2173 aeternum,
1798 2102 1902 2175 qui
1928 2117 2105 2175 para-

438 2194 534 2248 tus
572 2196 660 2248 est
687 2192 931 2249 diabolo
976 2196 1031 2248 et
1058 2192 1285 2262 angelis
1312 2194 1440 2263 ejus
1465 2211 1477 2248 :
1512 2197 1567 2248 et
1596 2193 1769 2248 ibunt
1788 2192 1849 2247 hi
1879 2192 1940 2247 in
1968 2206 2105 2264 sup-

436 2281 682 2355 plicium
707 2287 1019 2350 aeternum,
1050 2283 1195 2354 justi
1225 2287 1426 2339 autem
1480 2284 1541 2338 in
1593 2282 1780 2339 vitam
1812 2286 2101 2338 reternam

438 2370 617 2443 (Ibid.
628 2373 704 2443 ).»

511 2482 540 2510 α
575 2460 881 2517 Inclinavit
913 2476 975 2517 se
1001 2461 1352 2532 Bethsabee,
1395 2464 1451 2517 et
1508 2461 1781 2516 adoravit
1810 2475 2036 2529 regem.
2070 2481 2098 2510 η

438 2549 665 2604 Atvero
684 2549 1039 2615 Bethsabce,
1070 2566 1205 2623 quas
1222 2550 1281 2605 in
1306 2549 1579 2605 Latinum
1602 2549 1952 2605 transfertur
1966 2550 2099 2618 ﬁlia

436 2641 786 2711 iuramenta",
814 2640 1077 2711 antiquae
1108 2639 1371 2696 ecclesiae
1401 2656 1535 2711 quae
1569 2643 1624 2694 et
1668 2638 1887 2695 sanctis
1914 2639 2098 2711 patri-

435 2728 554 2784 bus
576 2727 689 2811 sub
719 2728 850 2799 lege
872 2729 1204 2785 constitutae
1226 2729 1437 2798 fuerat,
1493 2729 1820 2793 imaginem
1881 2730 1992 2785 hoc
2034 2729 2096 2784 in

435 2816 570 2874 loco
598 2817 874 2891 praetulit,
934 2817 1008 2873 de
1047 2818 1218 2889 cujus
1249 2818 1427 2890 stirpe
1454 2834 1626 2873 verus
1672 2817 1977 2886 Salomon,
2034 2817 2097 2873 id

438 2909 543 2963 est.
574 2906 865 2979 paciﬁcus
891 2909 1109 2976 noster,
1138 2906 1307 2961 nasci
1336 2906 1667 2978 promissus
1690 2909 1797 2961 est.

512 3018 541 3047 ‹‹
568 2998 634 3053 Et
657 2999 809 3052 nunt
839 3000 1088 3052 averunt
1116 2995 1241 3064 regi
1292 2994 1584 3051 dicentes:
1650 2996 1827 3050 Adest
1856 2995 2093 3051 Nathan

439 3110 467 3137 ι(
508 3086 822 3160 propheta.
858 3106 886 3134 ››
916 3085 1169 3152 Nathan,
1218 3084 1323 3157 qui
1374 3083 1793 3157 interpretatur
1847 3085 2092 3155 donum,

435 3173 696 3245 ﬁguram
742 3172 955 3232 veteris
1012 3172 1343 3248 prophetiae
1389 3178 1656 3244 gestasse
1714 3172 2095 3229 manifestum

439 3265 547 3318 est.

508 3372 540 3402 «κ
570 3350 841 3423 Dixitque
868 3367 972 3407 rex
1002 3351 1229 3407 David:
1253 3351 1475 3407 Vocate
1502 3351 1647 3406 mihi
1670 3350 1861 3405 Sadoe
1906 3365 2096 3406 sacer-

438 3460 468 3490 ‹‹
506 3439 730 3496 dotem.
768 3460 795 3489 κ
830 3439 1022 3496 Sadoe
1051 3439 1471 3510 interpretatur
1490 3441 1715 3508 justus,
1746 3438 2005 3509 ﬁguram
2033 3437 2095 3493 in

438 3541 503 3582 se
530 3542 743 3597 gerens
769 3525 1005 3582 Domini
1051 3531 1109 3582 et
1140 3525 1461 3583 Salvatoris
1492 3527 1699 3594 nostri,
1728 3526 1832 3598 qui
1862 3530 1954 3581 est
1997 3540 2094 3581 ve-

438 3637 468 3665 «
505 3628 608 3671 rus
655 3615 939 3672 sacerdos
983 3615 1044 3671 in
1091 3619 1382 3672 aeternum
1430 3615 1764 3671 secundum
1820 3615 2093 3671 ordinem

432 3722 466 3760 ‹
502 3702 925 3761 Melchisedech
956 3704 1142 3776 (Psal.
1178 3709 1314 3771 cxx).
1352 3723 1382 3757 »

505 3815 535 3845 ‹‹
567 3794 634 3850 Et
686 3793 981 3866 imponite
1012 3794 1398 3850 Salomonem
1447 3792 1640 3849 tilium
1676 3808 1880 3849 meum
1913 3806 2095 3866 super

434 3904 462 3933 ‹‹
502 3882 733 3939 mulam
763 3898 993 3952 meam,
1031 3902 1059 3931 ››
1087 3881 1305 3938 Mulam
1342 3881 1552 3953 David,
1613 3881 1710 3938 alii
1741 3882 2093 3949 Ecclesiam,

432 3970 529 4028 alii
556 3987 701 4028 vero
735 3973 1121 4045 Synagogam
1143 3976 1390 4044 propter
1403 3970 1914 4042 infecunditatem,
1942 3972 2095 4044 ﬁgu-

430 4075 601 4117 rasse
631 4061 929 4119 dixerunt.

1103 4150 1328 4207 CAPUT
1363 4150 1431 4207 II.

504 4260 532 4290 «
566 4238 839 4313 Dixitque
870 4240 1055 4296 David
1075 4242 1155 4297 ad
1176 4241 1578 4298 Salomonem.
1614 4243 1698 4296 Tu
1721 4256 1966 4315 quoque
1982 4260 2090 4301 no-

431 4348 461 4379 «
501 4328 574 4385 sti
600 4344 736 4401 qua;
757 4328 959 4384 fecerit
986 4327 1132 4385 mihi
1150 4329 1298 4385 Joab
1318 4329 1477 4385 ﬁlius
1510 4328 1748 4398 Sarvise,
1773 4345 1908 4403 qua:
1938 4330 2087 4387 fece-

429 4438 457 4468 κ
496 4416 571 4475 rit
595 4395 834 4474 duobus
858 4418 1232 4491 principibus
1254 4419 1473 4491 Abner,
1490 4418 1614 4475 ﬁlio
1631 4395 1761 4487 Ner,
1791 4395 1849 4476 et
1867 4424 2085 4477 Amase
2114 4395 2158 4449 Β

428 4525 462 4562 ς
496 4507 621 4564 ﬁlio
647 4507 862 4577 Jether,
896 4512 1005 4564 etc.
1042 4529 1069 4559 »
1105 4507 1290 4564 David
1305 4508 1409 4580 qui
1430 4508 1873 4581 praecepitloab
1900 4509 2082 4565 inter-

424 4598 522 4655 ﬁci
545 4615 653 4656 seu
686 4598 1174 4670 Semei,ﬁguram
1194 4598 1406 4653 veteris
1437 4597 1765 4671 prophetiae
1788 4597 2079 4671 gestabat,

425 4702 561 4760 quae
614 4686 904 4759 judicavit
959 4693 1140 4760 atque
1185 4686 1488 4759 praecepit,
1545 4685 1693 4759 quid
1730 4685 1805 4742 de
1826 4686 2081 4743 inimicis

425 4776 632 4831 Christi
660 4780 720 4832 et
746 4779 1093 4832 sanctorum
1133 4775 1283 4847 ejus,
1345 4773 1562 4830 Scribis
1591 4774 1864 4832 videlicet
1901 4780 2080 4850 atque

424 4863 739 4919 Pharisaeis
762 4879 997 4919 necnon
1027 4868 1083 4920 et
1110 4864 1422 4936 haereticis,
1452 4863 1515 4921 in
1537 4863 1740 4922 futuro
1760 4866 1889 4922 ﬁeri
1908 4881 2081 4940 opor-

423 4953 565 5007 teat.
603 4951 763 5007 Sicut
790 4953 906 5006 hoc
950 4952 1117 5024 quod
1160 4953 1346 5009 David
1376 4954 1450 5010 de
1480 4954 1631 5012 Joab
1662 4959 1718 5012 et
1749 4955 1942 5013 Semei
1971 4954 2078 5012 ﬁe-

423 5039 473 5095 ri
490 5039 792 5113 prmcepit,
828 5039 1113 5099 Salomon
1140 5056 1284 5099 vero
1309 5043 1597 5116 implevit.

495 5151 524 5179 ι(
555 5128 838 5186 Salomon
869 5134 1070 5187 autem
1118 5130 1270 5187 sedit
1300 5148 1480 5205 super
1510 5133 1793 5189 thronum
1816 5133 2013 5188 lsrael.
2048 5155 2077 5183 »

424 5218 824 5294 Salomonqui
844 5220 998 5295 patri
1022 5236 1134 5277 suo
1158 5221 1347 5279 David
1375 5221 1682 5290 successit,
1702 5221 1913 5277 Christi
1927 5220 2081 5293 ﬁgu-

417 5324 551 5365 ram
595 5308 720 5365 sine
758 5309 944 5367 dubio
971 5310 1263 5382 gestavit:
1295 5309 1356 5365 in
1389 5325 1459 5366 eo
1489 5309 1707 5366 scilicet
1733 5309 1900 5381 quod
1926 5313 2075 5367 tem-

417 5397 588 5471 plum
613 5397 949 5471 aediﬁcavit,
974 5399 1126 5455 sicut
1150 5402 1206 5454 et
1245 5397 1508 5454 Christus
1536 5395 1898 5453 Ecclesium:
1928 5402 1985 5454 et
2013 5399 2076 5456 in

417 5502 489 5543 eo
513 5486 679 5561 quod
703 5502 956 5559 regnum
996 5488 1055 5543 in
1088 5501 1237 5559 pace
1286 5483 1742 5551 administravit,
1777 5490 1834 5541 et
1860 5501 2075 5559 pacem

415 5575 628 5633 habuit
649 5576 985 5634 secundum
1001 5590 1227 5632 nomen
1247 5587 1447 5644 suum,
1471 5573 1553 5629 sic
1569 5578 1626 5630 et
1641 5575 1928 5633 Dominus
1953 5580 2074 5635 Rex

414 5666 582 5736 pacis
608 5669 699 5722 est
709 5665 926 5734 dictus,
947 5680 1016 5722 ae
1030 5677 1140 5736 per
1159 5662 1277 5721 hoc
1291 5658 1451 5719 illius
1470 5662 1837 5725 vocabulum
1859 5665 1941 5725 illi
1967 5680 2071 5725 ve-

2219 850 2281 907 in
2307 868 2485 908 carne
2517 870 2647 920 sua,
2679 854 3445 933 legemquemandatorum
3468 855 3719 912 decretis
3749 872 3882 912 eva-

2220 957 2427 1012 cuaus,
2460 948 2525 999 ut
2551 943 2705 999 duos
2737 943 3019 999 conderet
3041 944 3098 998 in
3118 960 3179 999 se
3210 944 3272 999 in
3301 960 3490 1001 unum
3519 960 3746 1002 novum
3777 944 3886 1002 ho-

2218 1030 2463 1089 minem.
2497 1031 2719 1087 faciens
2746 1048 2958 1105 pacem
2974 1033 3066 1087 his
3097 1032 3202 1105 qui
3231 1032 3429 1103 longe,
3455 1037 3511 1090 et
3547 1050 3760 1107 pacem
3785 1034 3880 1090 his

2215 1119 2321 1190 qui
2341 1134 2529 1192 prope
2552 1122 2707 1194 :ipse
2733 1122 2795 1176 in
2828 1121 3145 1190 Evangelio
3176 1122 3343 1177 dicit:
3382 1145 3407 1171 «
3436 1126 3651 1179 Pacem
3677 1139 3879 1180 meam

2215 1208 2295 1265 do
2317 1209 2513 1281 vobis,
2534 1227 2749 1284 pacem
2782 1211 3055 1285 relinquo
3084 1212 3256 1267 vobis
3287 1214 3484 1280 (Joan.
3518 1213 3658 1282 xw).
3702 1234 3729 1263 ››
3774 1213 3877 1269 His

2214 1303 2270 1354 et
2301 1299 2503 1354 multis
2526 1300 2654 1355 aliis
2678 1299 3026 1356 testimoniis
3060 1300 3345 1357 Dominus
3377 1304 3544 1357 Jesus
3584 1301 3874 1375 paciﬁcus

2213 1404 2347 1444 esse
2389 1393 2776 1445 monstratur.
2814 1393 2875 1444 In
2916 1388 3210 1462 sapientia
3269 1406 3512 1463 quoque
3554 1395 3609 1446 et
3655 1390 3877 1448 divitiis

2212 1480 2392 1549 atque
2423 1477 2612 1547 gloria
2640 1478 2827 1550 ipsius
2857 1477 3090 1534 Domini
3132 1478 3449 1536 Salvatoris
3501 1485 3716 1553 typum
3744 1496 3878 1552 ges—

2212 1570 2373 1622 tasse
2411 1582 2535 1622 non
2561 1567 2816 1623 dubium
2837 1574 2945 1624 est.

2283 1675 2397 1727 «Et
2421 1672 2502 1729 ait
2521 1673 2784 1729 Adonias
2804 1674 3160 1731 Betbsabee:
3192 1678 3403 1731 Precor
3433 1679 3498 1731 ut
3526 1674 3692 1732 dicas
3714 1676 3879 1734 Salo-

2211 1783 2239 1812 ‹‹
2272 1762 2437 1817 moni
2470 1763 2613 1833 regi,
2644 1768 2710 1819 ut
2756 1764 2855 1819 det
2902 1763 3047 1819 mihi
3076 1764 3289 1820 Abisac
3320 1765 3691 1821 Sunamitem
3724 1783 3876 1822 uxo-

2212 1872 2239 1898 «
2271 1866 2419 1906 rem.
2455 1874 2481 1901 »
2504 1852 2789 1921 Adonias,
2823 1852 2971 1908 dum
3001 1852 3063 1909 in
3096 1858 3239 1926 typo
3268 1854 3619 1910 Judzeorum
3657 1854 3879 1913 Christi

2211 1939 2708 2014 Eeclesiam,qua3
2723 1946 2814 1997 est
2851 1941 3017 2010 virgo
3058 1942 3427 2015 incorrupta,
3444 1948 3734 2001 temerare
3765 1961 3876 2002 vo-

2207 2028 2333 2095 luit,
2361 2029 2525 2100 justo
2551 2030 2780 2100 judicio
2822 2035 3075 2086 mortem
3124 2048 3310 2105 quam
3364 2031 3573 2088 meruit
3603 2032 3873 2090 incurrit.

2282 2116 2495 2173 «Venit
2519 2134 2662 2189 ergo
2692 2119 3015 2202 Bethsabee
3044 2120 3122 2176 ad
3152 2136 3356 2190 regem
3384 2119 3769 2177 Salomonem
3807 2122 3882 2182 ut

2210 2206 2606 2279 «loqueretur
2629 2224 2741 2281 pro
2768 2208 3021 2265 Adonia.
3051 2230 3079 2259 ››
3126 2209 3479 2281 Bethsabee,
3538 2227 3673 2283 qute
3703 2212 3878 2285 apud

2213 2294 2594 2352 Salomonem
2628 2312 2740 2370 pro
2781 2297 3016 2353 Adonia
3044 2297 3396 2355 intervenire
3420 2298 3627 2370 voluit,
3655 2316 3763 2356 nec
3788 2304 3878 2357 ta-

2208 2400 2347 2439 men
2377 2385 2691 2458 quippiam
2724 2385 2967 2458 profuit,
3002 2389 3261 2457 ﬁguram
3311 2387 3459 2458 legis
3498 2389 3613 2445 hoc
3641 2389 3699 2445 in
3726 2388 3867 2444 loco

2207 2473 2595 2545 prretendisse
2625 2490 2750 2530 non
2779 2474 3035 2531 dubium
3059 2481 3178 2532 est:
3214 2493 3402 2549 quam
3424 2476 3618 2533 Judaei
3632 2475 3734 2533 sibi
3756 2474 3863 2532 ad-

2202 2562 2478 2632 jutricem
2513 2564 2675 2635 apud
2713 2568 2900 2619 Deum
2924 2581 3052 2620 esse
3084 2566 3427 2637 opinantur.

2277 2691 2304 2720 «
2338 2670 2623 2726 Abiathar
2652 2688 2898 2744 quoque
2932 2673 3231 2729 sacerdoti
3260 2673 3411 2730 dixit
3438 2690 3541 2730 rex
3571 2691 3583 2728 :
3617 2672 3773 2729 Vade
3802 2672 3877 2730 in

2208 2782 2234 2810 «
2257 2759 2594 2815 Anathotin
2626 2776 2838 2832 agrum
2869 2766 3060 2817 tuum.
3098 2784 3123 2811 ››
3148 2761 3436 2819 Abiathar
3464 2762 3569 2835 qui
3593 2761 3875 2819 sacerdo-

2204 2847 2285 2904 tio
2301 2847 2606 2921 expulsus,
2630 2864 2752 2904 non
2774 2853 2977 2906 tamen
2989 2850 3225 2906 occisus
3240 2856 3350 2919 est,
3367 2850 3663 2922 signiﬁcat
3676 2866 3880 2923 popu-

2201 2935 2985 3011 lumJudaeorum,quorum
3018 2938 3154 2995 licet
3177 2938 3574 2995 sacerdotium
3612 2940 3687 2995 sit
3715 2938 3881 2996 abo-

2125 3037 2165 3093 c
2202 3025 2395 3097 litum,
2427 3026 2540 3099 ipsi
2573 3032 2775 3083 tamen
2805 3033 3045 3101 propter
3074 3044 3177 3083 eos
3195 3028 3298 3100 qui
3326 3026 3385 3082 in
3406 3027 3525 3083 ﬁne
3549 3028 3764 3083 mundi
3795 3045 3885 3086 ex

2203 3116 2348 3190 ipsis
2379 3116 2656 3172 credituri
2687 3121 2843 3185 sunt,
2863 3116 3037 3173 deleti
3062 3116 3301 3189 penitus
3329 3131 3451 3172 non
3485 3120 3646 3172 sunt.

2278 3246 2307 3273 ‹‹
2332 3222 2501 3293 Fugit
2550 3239 2694 3294 ergo
2749 3223 2897 3281 Joab
2949 3223 3012 3279 in
3033 3223 3491 3281 tabernaculum
3519 3222 3779 3291 Domini,
3815 3228 3883 3281 et

2206 3336 2234 3363 ‹‹
2266 3313 2661 3386 apprehendit
2714 3329 2903 3369 cornu
2946 3312 3174 3370 altaris.
3248 3313 3718 3385 Nuntiatumque
3775 3317 3878 3370 est

2186 3410 2232 3451 ‘«
2264 3401 2390 3471 regi
2412 3400 2717 3458 Salomoni
2745 3401 2912 3472 quod
2941 3401 3191 3471 fugisset
3226 3400 3377 3457 Joab
3410 3401 3469 3456 in
3504 3400 3877 3458 tabernacu-

2206 3512 2233 3539 α
2263 3490 2389 3545 lum
2424 3489 2677 3559 Domini,
2699 3493 2757 3545 et
2785 3493 2945 3544 esset
2968 3490 3142 3561 juxta
3172 3489 3377 3546 altare.
3413 3489 3678 3563 Misitque
3701 3489 3873 3547 Salo-

2203 3602 2230 3629 «
2254 3595 2502 3636 monem
2554 3577 2841 3634 Banaiam
2869 3577 3062 3633 ﬁlium
3088 3578 3333 3645 Joiadee,
3373 3578 3580 3636 dicens
3613 3597 3626 3634 :
3664 3578 3861 3647 Vade,

2203 3690 2231 3719 «
2257 3668 2521 3724 interﬁce
2552 3683 2710 3735 eum,
2737 3689 2765 3716 »
2794 3669 2851 3721 ct
2874 3666 3124 3738 reliqua.
3154 3666 3304 3723 Joab
3322 3667 3428 3740 qui
3461 3668 3539 3724 ad
3566 3666 3742 3722 altare
3761 3665 3861 3720 fu-

2202 3744 2389 3829 giens,
2420 3756 2668 3828 jubente
2709 3754 3049 3826 Salomone,
3080 3755 3305 3812 ibidem
3360 3756 3697 3812 interfectus
3743 3759 3868 3826 est,

2203 3847 2498 3917 signiﬁcat
2527 3845 2763 3903 Seribas
2787 3850 2843 3902 et
2864 3845 3223 3917 l’harisaaos,
3249 3862 3356 3901 seu
3383 3846 3702 3916 magistros
3728 3860 3875 3918 per-

2198 3937 2353 3993 versi
2382 3936 2683 4007 dogmatis
2709 3935 3022 3992 haereticos
3047 3953 3061 3990 :
3084 3936 3189 4007 qui
3218 3934 3299 3991 ob
3321 3936 3436 3991 hoe
3462 3934 3629 4008 quod
3658 3935 3873 4007 proxi-

2198 4043 2331 4083 mos
2363 4042 2525 4096 suos,
2555 4025 2828 4081 videlicet
2853 4023 3309 4090 ecclesiasticos,
3340 4041 3449 4098 per
3475 4023 3729 4080 insidias
3756 4041 3877 4098 pe-

2197 4115 2442 4185 rimunt,
2476 4114 2630 4169 sicut
2657 4118 2715 4169 et
2735 4114 2863 4186 ipse
2918 4113 3073 4169 Joab
3126 4113 3328 4170 Abner
3385 4118 3568 4186 atque
3617 4118 3884 4173 Amasm

2198 4204 2406 4261 fecisse
2437 4202 2670 4272 legitur:
2701 4202 2780 4258 ab
2813 4202 3023 4260 altario
3054 4202 3194 4260 ﬁdei
3250 4202 3504 4276 expulsi,
3558 4207 3875 4277 perpetua.

2198 4297 2389 4349 morte
2415 4290 2762 4364 punientur.

2267 4440 2295 4468 «
2316 4415 2503 4472 David
2521 4418 2725 4472 autem
2758 4415 3049 4471 etsemini
3068 4416 3197 4488 ejus
3238 4420 3293 4473 et
3315 4414 3595 4473 domuiet
3612 4415 3881 4487 throno,

2194 4505 2402 4562 «illius
2427 4505 2500 4561 sit
2537 4520 2657 4577 pax
2703 4520 2895 4577 usque
2916 4504 2977 4560 in
3009 4505 3806 4578 sempiternumaDomino.
3848 4530 3887 4561 ι

2190 4596 2312 4652 Hoc
2329 4598 2441 4663 est,
2460 4592 2949 4658 abolitisJudaeis,
2986 4594 3412 4667 extirpatisque
3450 4595 3767 4665 haereticis,
3816 4602 3893 4656 et

2189 4684 2474 4743 omnibus
2490 4683 2707 4740 Christi
2722 4681 2979 4739 inimicis
2996 4682 3223 4752 deletis,
3253 4684 3544 4740 thoronus
3561 4683 3777 4752 David,
3808 4685 3891 4745 id

2188 4780 2276 4832 est
2293 4774 2570 4831 Ecclesia.
2592 4777 2813 4830 aeterna
2830 4787 2978 4846 pace
2994 4772 3197 4829 fruens
3208 4777 3451 4830 maneat
3466 4772 3527 4829 in
3542 4777 3888 4833 aeternum.

2260 4886 2288 4916 ‹‹
2309 4864 2578 4937 Dixitque
2599 4862 2892 4921 Salomon
2929 4861 3007 4917 ad
3032 4861 3248 4919 Semei:
3283 4865 3489 4919 Nonne
3514 4860 3897 4922 testiﬁcatus

2192 4978 2220 5005 «
2246 4970 2381 5010 sum
2414 4953 2519 5010 tibi
2548 4969 2654 5026 per
2686 4950 3030 5017 Dominum,
3061 4955 3117 5007 et
3143 4950 3392 5024 praedixi
3425 4951 3550 5018 tibi,
3579 4967 3893 5025 quacun-

2190 5067 2217 5094 (ι
2247 5058 2365 5115 que
2397 5043 2495 5098 die
2521 5057 2804 5111 egressus
2844 5039 2980 5095 ieris
3009 5039 3148 5107 huc,
3182 5044 3238 5096 et
3269 5039 3429 5110 illuc,
3460 5040 3605 5096 scito
3636 5044 3691 5097 te
3724 5056 3897 5103 esse

2192 5154 2220 5182 ‹‹
2251 5130 2612 5187 moriturum
2631 5129 2658 5183 ‘2
2677 5150 2706 5179 »
2723 5127 3072 5199 Praecipitur
3100 5126 3276 5185 nobis
3301 5145 3489 5186 avere
3511 5129 3895 5206 Salomone,

2190 5219 2343 5276 sicut
2373 5224 2430 5275 et
2465 5217 2659 5274 Semei
2693 5232 2730 5273 a
2758 5216 3076 5272 Salomone
3105 5233 3266 5290 rege,
3319 5225 3385 5275 ut
3412 5219 3764 5275 habitemus
3804 5222 3895 5281 in

2185 5308 2533 5375 Jerusalem,
2553 5321 2664 5362 nec
2694 5320 2968 5377 unquam
2995 5306 3458 5375 egrediamurex
3493 5324 3585 5365 ea.
3607 5307 3798 5373 Quod
3830 5312 3900 5372 si

2184 5384 2541 5472 fugeritnos,
2555 5398 2615 5452 in
2628 5396 2794 5470 quod
2818 5395 2995 5452 nobis
3016 5394 3215 5454 fuerat
3233 5402 3369 5454 ante
3402 5398 3780 5470 subjectum,
3812 5407 3902 5464 et

2182 5489 2311 5545 ierit
2330 5487 2408 5543 ad
2423 5486 2796 5560 Allophylos,
2814 5502 2937 5542 non
2956 5486 3338 5556 egrediamur
3353 5503 3562 5544 muros
3590 5487 3892 5550 civitatis

2181 5582 2419 5646 nostrae,
2437 5594 2545 5633 nec
2559 5590 2889 5650 sequamur
2911 5575 3297 5648 fugitivorum
3311 5577 3556 5648 vestigia
3576 5596 3588 5633 :
3608 5576 3887 5642 nedum

2183 5666 2460 5726 volumus
2477 5664 2711 5726 salvare
2720 5666 3030 5738 fugientes,
3046 5664 3166 5738 ipsi
3181 5680 3520 5739 pereamus.
3550 5666 3712 5736 Quin
3735 5684 3895 5743 po-
