4092 6178
172 160 275 217 397

1146 153 1398 217 ENARR.
1440 161 1510 219 IN
1550 161 1796 220 LIBROS
1835 155 2094 220 REGUM.
2135 194 2203 204 —
2243 163 2310 219 IN
2351 165 2478 221 LIB.
2521 165 2610 220 III.

3476 174 3583 229 398

165 281 274 337 tius
329 278 725 350 dimittamus,
798 283 867 336 ut
923 280 1144 336 mortui
1201 283 1492 354 sepeliant
1547 288 1816 338 mortuos
1847 288 1897 342 A
1928 283 2314 352 cogitationes
2349 285 2619 342 turbant:
2676 289 2737 341 ut
2763 301 2900 358 quae
2946 284 3259 344 sublevata
3285 288 3586 349 immenso

166 385 296 426 suos
356 369 597 439 (Matth.
655 372 828 441 vui):
888 375 945 425 et
995 368 1499 426 scandalizantem
1551 372 1815 439 oculum,

163 473 431 524 manum,
492 461 548 513 et
603 458 841 529 pedem,
893 457 1041 513 dum
1079 459 1233 530 licet,
1284 475 1569 518 eruamus
1601 465 1658 517 et
1686 460 1821 517 abs-

163 546 477 604 cindamus
505 562 543 603 a
570 547 746 602 nobis
771 549 989 619 (Marc.
1026 549 1124 619 xx).

807 692 1044 748 CAPUT
1085 696 1174 748 lll.

224 839 254 868 ιι
295 817 546 889 Accepit
594 833 859 890 namque
919 818 1202 874 Salomon
1254 818 1440 874 ﬁliam
1486 820 1817 875 Pharaonis

160 927 186 963 ι
221 909 383 978 regis
413 908 678 980 rEgypti.
721 931 750 958 »
792 907 934 963 Filia
966 908 1292 964 Pharaonis
1317 925 1504 980 quam
1536 910 1819 966 Salomon

156 1000 210 1054 in
239 997 530 1068 conjugio
561 997 878 1069 copulavit,
910 997 1234 1053 Ecclesiam
1265 1013 1338 1053 ex
1367 999 1646 1068 gentibus
1674 999 1820 1068 ﬁgu-

156 1103 319 1144 rasse
348 1102 478 1142 non
505 1085 761 1142 dubium
791 1091 899 1142 est.

225 1199 251 1226 u
293 1176 594 1248 Apparuit
650 1175 942 1231 Dominus
997 1176 1304 1231 Salomoni
1359 1192 1465 1249 per
1518 1178 1822 1233 somnium

162 1289 183 1316 ει
211 1272 413 1332 nocte,
442 1265 678 1320 dicens:
712 1265 957 1321 Postula
985 1265 1152 1337 quod
1179 1266 1268 1320 vis
1308 1271 1373 1322 ut
1411 1267 1550 1322 dem
1582 1267 1704 1322 tibi.
1761 1270 1824 1322 Et

163 1378 183 1406 (ι
210 1356 297 1412 ait
325 1354 617 1411 Salomon
641 1370 654 1408 :
691 1355 781 1408 ’I‘u
805 1353 993 1409 fecisti
1025 1370 1164 1409 cum
1190 1369 1362 1411 servo
1388 1359 1489 1411 tuo
1511 1355 1697 1412 David
1720 1370 1823 1427 pa-

163 1468 183 1493 α
211 1450 298 1500 tre
328 1459 473 1499 meo
504 1442 980 1498 misericordiam
1004 1459 1315 1512 magnam,
1366 1464 1395 1492 »
1454 1450 1512 1500 et
1566 1444 1818 1516 reliqua.

162 1533 350 1590 Gratia
383 1532 490 1586 Dei
517 1531 776 1587 liberum
805 1533 1067 1588 hominis
1098 1533 1356 1605 exquirit
1378 1533 1710 1589 arbitrium.

1926 389 2174 429 munere
2196 374 2470 446 exsultat,
2503 375 2682 430 etiam
2719 375 3038 431 tentatione
3063 376 3305 448 pulsata
3334 381 3482 451 quid
3513 380 3588 438 sit

1924 461 2206 518 inveniat.
2259 463 2485 519 Idcirco
2524 464 2673 536 quid
2716 464 2843 520 istre
2875 464 3010 520 duae
3041 467 3380 522 meretrices
3410 475 3588 541 (quas

1926 550 2297 623 praaﬁbando
2318 552 2616 622 tetigimus
2642 553 2975 609 secundum
3006 554 3174 626 quod
3193 554 3255 610 in
3279 555 3450 612 dictis
3477 557 3586 612 do-

1926 644 2160 695 ctorum
2195 641 2557 713 invenimus)
2615 642 2848 714 plenius
2901 643 3255 716 signiﬁcent,
3317 646 3584 718 pandere

1926 729 2322 785 decrevimus.
2374 730 2466 786 Ait
2514 732 2676 787 enim
2708 748 2892 788 sacrae
2925 733 3191 789 Historiae
3223 740 3536 791 contextus
3570 752 3585 792 :

1929 840 1956 867 «
1980 821 2140 874 Tunc
2161 825 2453 876 venerunt
2472 821 2607 876 duae
2629 821 2906 876 mulieres
2928 823 3266 880 meretrices
3285 825 3364 880 ad
3383 841 3590 896 regem

1930 909 2332 976 Salomonem,
2364 915 2768 984 steteruntque
2800 928 3005 969 coram
3036 929 3128 981 eo,
3161 935 3189 964 »
3239 919 3294 970 et
3330 915 3586 987 reliqua.

1929 1002 1991 1052 In
2016 997 2116 1052 illo
2146 1014 2286 1068 ergo
2311 999 2539 1070 judicio
2573 1000 2930 1067 Salomonis,
2988 1002 3198 1058 Christi
3243 1003 3438 1075 ﬁgura
3479 1003 3592 1060 fuit

1928 1086 2032 1141 ubi
2062 1087 2276 1142 mulier
2316 1088 2416 1143 illa
2454 1089 2752 1160 improba,
2805 1090 2975 1161 plebs
3007 1089 3226 1146 scilicet
3255 1093 3587 1163 Synagogm

1926 1175 2021 1230 vel
2047 1176 2484 1245 haereticorum,
2514 1195 2664 1233 verae
2696 1179 2928 1250 matris,
2982 1180 3096 1234 hoc
3155 1185 3243 1236 est
3292 1181 3584 1249 Ecclesiae,

1927 1263 2118 1319 illium
2145 1266 2487 1336 appetebat,
2511 1283 2692 1338 quem
2713 1283 2837 1322 non
2858 1272 2923 1322 ut
2946 1273 3227 1335 servaret,
3258 1269 3363 1323 sed
3382 1285 3590 1326 revera

1929 1359 1992 1409 ut
2020 1354 2398 1417 interimeret,
2442 1356 2738 1425 cupiebat.
2802 1357 2915 1412 Sed
2973 1357 3144 1428 sicut,
3203 1357 3405 1426 gladio
3451 1358 3588 1414 diri-

1928 1450 2125 1500 mente
2160 1445 2515 1513 Salomonis,
2558 1447 2815 1519 propriae
2865 1447 3072 1503 matris
3116 1448 3362 1519 gemitu,
3407 1464 3588 1504 verus

1927 1540 2195 1606 repertus
2225 1540 2315 1590 est
2340 1541 2567 1607 partus,
2621 1536 2704 1592 ita
2731 1541 2787 1592 et
2818 1537 3031 1608 spiritu
3061 1539 3202 1593 Jesu
3233 1537 3448 1594 Christi
3477 1538 3587 1595 do-

219 1647 247 1671 u
286 1625 351 1678 Et
383 1621 538 1676 dixit
567 1621 854 1676 Dominus
906 1621 1249 1678 Salomoni:
1308 1623 1458 1688 Quia
1506 1622 1820 1695 postulasti
1851 1649 1890 1702 Β
1927 1627 2115 1690 cente,
2147 1623 2502 1696 plerumque
2531 1624 2591 1679 hi
2617 1627 2720 1697 qui
2753 1642 2790 1681 a
2828 1630 3016 1682 matre
3049 1626 3278 1682 seducti
3325 1631 3382 1682 et
3429 1627 3589 1700 capti

165 1712 476 1768 «verbum
506 1711 644 1781 hoc,
685 1716 742 1765 et
788 1726 910 1766 non
969 1711 1186 1783 petiisti
1232 1712 1358 1767 dies
1407 1712 1653 1781 multos,
1708 1727 1820 1767 nec

166 1802 475 1869 «divitias,
530 1804 634 1856 aut
670 1800 905 1856 animas
956 1801 1338 1856 inimicorum
1394 1806 1656 1870 tuorum,
1715 1801 1820 1856 sed

166 1890 540 1964 «postulasti
596 1890 700 1946 tibi
777 1891 1138 1962 sapientiam
1203 1891 1281 1946 ad
1356 1891 1820 1946 discernendum

165 2004 187 2031 α
212 1981 535 2053 judicium.
580 1999 610 2029 »
663 1979 1016 2052 Quicunque
1071 1981 1198 2037 vult
1250 1981 1586 2037 orationem
1644 1996 1820 2035 suam

167 2077 290 2126 ante
319 2073 517 2125 Deum
545 2085 669 2124 non
698 2069 987 2133 frustrari,
1014 2071 1128 2126 hoc
1157 2070 1236 2126 ab
1264 2086 1335 2126 eo
1365 2070 1627 2142 postulet
1654 2069 1821 2141 quod

169 2160 444 2217 Salomon
473 2159 777 2231 quaesivit,
824 2158 886 2214 id
915 2164 1004 2215 est
1033 2160 1394 2231 sapientiam
1423 2165 1482 2215 et
1510 2159 1819 2215 scientiam

172 2256 341 2320 atque
371 2247 844 2318 intelligentiam.
879 2249 1118 2304 Divitias
1143 2265 1286 2305 vero
1314 2255 1371 2305 et
1396 2250 1649 2320 gloriam
1679 2254 1821 2304 tem-

173 2337 439 2411 poralem
465 2344 642 2410 atque
670 2338 906 2393 animas
934 2337 1337 2406 inimicorum,
1395 2355 1500 2394 seu
1529 2340 1656 2394 dies
1686 2338 1820 2409 plu-

169 2428 350 2483 rimos
392 2428 524 2482 vita:
564 2428 899 2499 praesentis,
949 2427 1348 2499 reproborum
1388 2433 1477 2483 est
1530 2442 1818 2499 quaerere,

169 2533 278 2574 non
309 2517 672 2572 electorum.

233 2629 259 2655 α
292 2609 352 2664 Si
381 2612 592 2663 autem
625 2605 1030 2661 ambulaveris
1073 2605 1136 2660 in
1174 2606 1282 2660 viis
1311 2607 1480 2674 meis,
1517 2612 1574 2662 et
1621 2610 1822 2662 custo-

173 2719 198 2745 ‹‹
228 2695 400 2751 dieris
429 2700 741 2768 praecepta
770 2711 926 2765 mea,
959 2695 1174 2766 longos
1206 2695 1425 2752 faciam
1455 2697 1581 2752 dies
1608 2703 1761 2752 tuos.
1793 2717 1821 2746 »

174 2785 268 2838 Hic
295 2785 601 2856 praecipue
635 2789 817 2855 patet,
870 2784 1018 2855 quia
1068 2783 1422 2855 sapientiam
1479 2789 1535 2839 et
1588 2784 1824 2839 divitias

175 2887 276 2926 seu
331 2872 590 2942 gloriam
639 2871 1052 2941 temporalem,
1098 2872 1276 2926 etiam
1334 2871 1574 2942 reprobi
1624 2871 1720 2926 hic
1763 2872 1825 2926 in

174 2963 442 3032 praesenti
465 2962 593 3017 vita
622 2960 845 3015 habere
865 2965 1119 3032 possunt
1145 2978 1156 3014 :
1187 2961 1398 3030 longos
1424 2977 1567 3016 vero
1592 2962 1739 3025 dies,
1765 2960 1825 3015 id

177 3056 256 3106 est
283 3057 577 3107 aeternam
627 3050 1081 3114 beatitudinem,
1135 3051 1367 3122 absque
1409 3050 1824 3106 observatione

177 3141 599 3197 mandatorum
633 3139 735 3194 Dei
766 3138 1015 3210 adipisci
1045 3155 1225 3196 nemo
1256 3144 1468 3211 potest.

241 3253 270 3279 κ
301 3231 469 3286 Tunc
499 3234 788 3285 venerunt
811 3228 946 3283 duae
970 3229 1249 3284 mulieres
1279 3229 1619 3284 meretrices
1645 3229 1722 3284 ad
1745 3244 1830 3283 re—

174 3340 203 3366 «
237 3334 377 3388 gem
403 3319 808 3387 Salomonem,
860 3322 1268 3390 steteruntque
1314 3333 1519 3373 coram
1546 3333 1636 3373 eo.
1674 3319 1830 3383 Qua-

185 3427 215 3457 ι
246 3419 385 3461 rum
411 3421 542 3461 una
572 3407 671 3462 ait:
701 3407 974 3477 Obsecro,
1003 3407 1088 3462 mi
1119 3407 1388 3476 Domine,
1409 3422 1519 3476 ego
1540 3411 1596 3462 et
1620 3405 1833 3461 mulier

188 3520 218 3546 α
251 3495 380 3551 haec
398 3496 734 3552 habitamus
761 3498 824 3552 in
853 3498 1038 3553 domo
1070 3513 1211 3565 una,
1265 3521 1292 3547 υ
1335 3502 1445 3553 etc.
1508 3499 1646 3552 Duae
1697 3511 1832 3551 mu~

188 3585 354 3641 lieres
376 3587 529 3642 inter
554 3602 705 3659 quas
730 3588 1014 3642 Salomon
1037 3587 1302 3658 primum
1327 3587 1623 3658 judicium
1655 3602 1834 3642 suum

189 3677 456 3739 exercuit,
478 3692 740 3748 quarum
767 3692 891 3734 una
922 3677 1237 3732 dilectione
1265 3677 1536 3742 ardebat,
1562 3677 1624 3731 in
1652 3676 1836 3732 altera

202 3764 480 3820 simulatio
507 3766 900 3838 subripiebat,
930 3765 1254 3822 Ecclesiam
1284 3771 1462 3838 atque
1492 3765 1834 3822 haereticam

202 3853 526 3922 pravitatem
551 3855 855 3926 ﬁgurasse
881 3871 1005 3911 non
1029 3855 1285 3911 dubium
1315 3860 1407 3910 est
1431 3873 1443 3909 :
1499 3856 1653 3911 inter
1682 3870 1834 3927 quas

200 3941 462 4000 Dominus
492 3945 673 4000 Jesus
701 3945 964 4002 Christus
996 3945 1206 4017 spiritu
1246 3945 1362 4000 oris
1403 3944 1512 4012 sui,
1568 3946 1717 3999 dum
1773 3944 1837 3999 id

183 4033 330 4104 quod
349 4036 592 4106 justum
625 4037 714 4091 est
743 4035 986 4104 dirimit,
1035 4034 1363 4106 unicuique
1389 4033 1556 4106 quod
1585 4034 1836 4088 debetur

172 4124 431 4182 restituit.
469 4127 541 4181 Et
570 4125 727 4181 bene
757 4141 863 4197 per
889 4125 1045 4180 hanc
1076 4124 1390 4179 mulierem
1418 4123 1836 4179 haereticorum

172 4213 255 4269 vel
283 4217 638 4288 Synagogze
669 4215 848 4270 etiam
886 4215 1160 4287 impietas
1209 4219 1544 4285 generatur,
1594 4227 1729 4285 quae
1783 4216 1838 4268 et

171 4319 297 4361 suos
346 4307 644 4380 nequiter
691 4305 1010 4361 nutriendo
1064 4305 1430 4374 interimunt,
1490 4309 1546 4359 et
1611 4303 1836 4359 alienos

1928 1718 2065 1768 sunt
2089 1727 2284 1768 errore
2315 1714 2751 1782 haereticorum,
2799 1730 3245 1788 nonnunquam
3280 1720 3588 1772 merentur

1927 1817 2036 1873 pro
2068 1803 2406 1874 semetipsis
2437 1808 2765 1874 gementes,
2794 1820 3221 1875 recognoscere
3261 1806 3587 1862 Ecclesiam

1927 1895 2202 1947 matrem.
2252 1892 2416 1947 Unde
2460 1897 2516 1947 et
2559 1893 2700 1949 satis
2751 1894 3292 1967 convenienterque
3337 1898 3590 1968 apparet

1925 1981 2083 2036 hanc
2113 1981 2425 2036 mulierem
2453 1984 2788 2053 Synagogae
2825 1983 2919 2038 vel
2967 1984 3379 2039 haereticorum
3427 1984 3586 2054 ﬁgu-

1925 2086 2090 2125 rasse
2112 2071 2476 2143 impietatem
2501 2088 2515 2126 :
2547 2088 2684 2143 quae
2706 2088 2846 2127 suos
2867 2073 3140 2144 nequiter
3160 2072 3480 2128 nutriendo
3498 2072 3587 2127 in-

1926 2159 2160 2226 terimit,
2206 2165 2262 2215 et
2289 2160 2514 2215 alienos
2539 2177 2858 2233 quousque
2889 2161 3102 2232 perdat
3125 2161 3422 2216 illiciendo
3453 2175 3586 2233 per-

1929 2249 2158 2304 suadet.
2209 2253 2351 2306 Item
2402 2249 2519 2305 alio
2559 2249 2762 2317 modo,
2813 2255 3108 2322 quantum
3135 2250 3215 2305 ad
3246 2250 3583 2322 simplicem

1927 2338 2237 2394 historiam
2258 2338 2530 2411 pertinet,
2562 2340 2949 2411 perspicuum
2982 2344 3073 2394 est
3096 2339 3262 2411 quod
3292 2355 3443 2412 puer
3474 2355 3584 2395 an-

1928 2443 2146 2484 norum
2176 2428 2496 2484 duodecim
2518 2428 2732 2484 contrd‘
2755 2430 2944 2484 aetatis
2968 2445 3093 2484 suae
3118 2445 3488 2499 mensuram,
3509 2428 3586 2484 de

1928 2517 2139 2572 intimo
2177 2518 2460 2573 humanae
2509 2522 2739 2573 naturae
2784 2517 3081 2588 judicaret
3126 2517 3365 2574 affectu.
3420 2515 3588 2572 Unde

1931 2607 2082 2662 bene
2104 2607 2433 2663 admiratus
2455 2611 2543 2662 est
2566 2611 2620 2662 et
2639 2609 2946 2680 pertimuit
2965 2607 3135 2664 illum
3161 2609 3360 2664 omnis
3383 2605 3586 2675 Israel,

1932 2696 2098 2769 quod
2129 2697 2350 2752 scilicet
2378 2712 2515 2752 eum
2543 2697 2861 2754 manifesta
2881 2713 3004 2753 non
3024 2697 3315 2766 fugerent,
3337 2697 3442 2769 qui
3465 2701 3592 2752 tam

1931 2786 2254 2857 prudenter
2284 2785 2639 2842 abscondita
2662 2786 3481 2859 deprehendisset.Quantum
3511 2783 3593 2842 ad

1934 2875 2164 2947 typicos
2184 2875 2435 2947 pertinet
2458 2875 2787 2931 intellectus
2809 2877 3041 2932 dicente
3068 2876 3384 2947 Apostolo:
3410 2899 3439 2926 «
3461 2878 3595 2931 [Irae

1855 3006 1897 3059 C
1934 2965 2140 3019 omnia
2170 2964 2229 3059 in
2265 2965 2458 3059 ﬁgura
2490 2965 2919 3059 contingebant
2965 2964 3097 3020 illis.
3163 2965 3391 3059 ﬁcripta
3433 2967 3597 3059 sunt

1937 3059 2135 3109 autem
2166 3053 2240 3107 de
2271 3053 2464 3122 nobis,
2517 3053 2578 3108 in
2635 3069 2756 3124 quo
2802 3053 2954 3107 ﬁnes
3005 3052 3364 3108 saeculorum
3413 3053 3595 3108 deve-

1935 3147 2152 3198 nerunt
2181 3143 2238 3208 (I
2261 3141 2397 3196 Cor.
2427 3149 2510 3209 x).
2562 3163 2588 3190 »
2621 3141 2878 3206 Quidam
2911 3144 3248 3196 Graecorum
3278 3143 3597 3198 autumant

1939 3247 2118 3303 super
2149 3233 2538 3302 Synagogam
2587 3234 2643 3284 et
2695 3229 3019 3286 Ecclesiam
3077 3229 3477 3301 sentiendum,
3538 3231 3599 3286 et

1939 3319 2017 3376 ad
2054 3319 2201 3374 illud
2227 3321 2467 3390 tempus
2515 3321 2730 3374 cuncta
2775 3317 3109 3389 referenda,
3161 3318 3410 3391 quando
3459 3320 3601 3390 post

1940 3423 2181 3463 crucem
2228 3413 2284 3463 et
2313 3407 2831 3476 resurrectionem,
2888 3412 3013 3463 tam
3064 3406 3128 3462 in
3177 3408 3355 3464 Israel
3409 3423 3599 3480 quam

1941 3505 1997 3553 et
2025 3497 2085 3552 in
2119 3496 2382 3568 gentium
2415 3496 2642 3568 populo
2671 3511 2849 3551 verus
2902 3495 3208 3567 Salomon,
3251 3495 3314 3551 id
3356 3500 3447 3552 est
3484 3511 3601 3566 pa-

1943 3589 2165 3657 ciﬁcus,
2215 3602 2466 3656 regnare
2511 3585 2771 3658 coeperit.
2834 3585 3006 3650 Quod
3061 3590 3262 3642 autem
3314 3585 3603 3642 adulteras

1943 3680 1998 3733 et
2026 3676 2365 3732 meretrices
2403 3677 2723 3746 Synagogi
2772 3677 2829 3729 et
2881 3673 3145 3730 Ecclesia
3178 3673 3241 3729 in
3285 3673 3603 3747 Scripturis

1941 3767 2238 3827 dicantur,
2265 3764 2430 3820 nulla
2458 3753 2751 3819 dubitatio
2776 3767 2882 3832 est,
2941 3768 2999 3819 et
3042 3763 3158 3818 hoc
3186 3764 3386 3836 prima
3409 3764 3603 3820 fronte

1943 3855 2178 3914 videtur
2215 3871 2346 3910 esse
2384 3854 2830 3926 blasphemum.
2892 3855 3183 3910 Caeterum
3235 3854 3285 3909 si
3334 3869 3603 3910 recurra-

1945 3964 2082 4003 mus
2127 3945 2205 4001 ad
2257 3944 2603 4016 prophetas,
2653 3945 2800 3999 Osee
2844 3942 3120 3999 videlicet
3175 3943 3325 4014 (cap.
3386 3944 3448 4015 ι),
3497 3941 3606 4016 qui

1945 4035 2173 4107 accepit
2220 4049 2470 4088 uxorem
2526 4031 2932 4102 fornicariam,
2989 4037 3046 4088 et
3101 4032 3404 4103 generavit
3449 4032 3606 4089 ﬁlios

1945 4123 2316 4185 fornicarios,
2352 4128 2408 4178 et
2437 4121 2653 4177 deinde
2685 4122 3051 4178 adulteram:
3101 4127 3159 4180 et
3206 4123 3286 4180 ad
3342 4120 3608 4179 Ezechiel

1947 4215 2102 4285 (cap.
2135 4219 2279 4281 xvi),
2317 4213 2421 4286 qui
2451 4212 2821 4268 Hierusalem
2870 4214 3044 4285 quasi
3097 4214 3470 4270 meretricem
3509 4228 3607 4270 ar~

1949 4304 2094 4374 guit,
2133 4304 2300 4376 quod
2340 4308 2542 4359 secuta
2581 4303 2654 4359 sit
2696 4308 2994 4360 amatores
3027 4321 3187 4373 suos,
3230 4309 3287 4360 et
3314 4303 3608 4360 divarica-

167 4363 482 4470 quousque
545 4396 827 4467 perdant,
911 4393 1210 4450 illiciendo
1271 4363 1656 4466 persuadent.
1724 4393 1836 4448 Sed
1866 4363 1912 4417 Β
1948 4363 2096 4450 verit
2122 4363 2288 4449 omni
2318 4393 2648 4449 transeunti
2686 4393 2896 4465 pedes,
2951 4363 3330 4466 lupanarque
3368 4394 3432 4449 in
3472 4392 3608 4448 loco

165 4487 292 4555 quia
323 4486 537 4542 solent
572 4488 710 4555 post
735 4484 983 4539 virtutes
1031 4484 1173 4540 vitia
1228 4483 1482 4538 suboriri
1544 4486 1609 4538 ut
1655 4482 1841 4538 corda

165 4573 481 4632 hominum
519 4573 817 4631 tentando
846 4573 1196 4646 probentur,
1227 4589 1304 4629 ne
1336 4572 1580 4628 animus
1613 4571 1673 4627 in
1713 4570 1838 4627 cul-

162 4661 308 4721 mine
339 4666 662 4722 virtutum
708 4663 1037 4719 consistens
1093 4668 1385 4730 tanquam
1445 4660 1726 4718 Salomon
1777 4661 1840 4716 in

159 4767 332 4824 regno
361 4771 441 4812 ex
475 4753 696 4825 seipso
735 4752 1054 4821 glorietur:
1090 4758 1144 4808 et
1173 4753 1286 4808 hoc
1316 4752 1689 4824 permittente
1721 4754 1841 4806 Deo

154 4844 250 4915 qui
278 4843 437 4901 lucis
473 4858 620 4900 suae
651 4840 1040 4898 illustratione
1078 4841 1370 4897 illustrare
1418 4841 1714 4911 dignetur.
1775 4841 1844 4895 Ut

155 4946 290 5002 ergo
337 4951 415 4991 ea
462 4931 786 4989 ﬁrmitatis
835 4931 999 4987 dona
1045 4931 1285 4998 habeat,
1339 4934 1394 4986 et
1437 4929 1842 4985 inﬁrmitatem

152 5037 318 5080 suam
347 5022 691 5081 humiliter
720 5027 1011 5092 agnoscat
1035 5036 1145 5092 per
1174 5035 1487 5076 accessum
1519 5020 1722 5090 gratiae
1765 5018 1838 5075 ad

154 5111 265 5170 alta
297 5113 666 5171 sustollitur
708 5117 765 5167 et
790 5127 896 5184 per
925 5127 1233 5167 recessum
1259 5109 1405 5182 quid
1435 5126 1508 5166 ex
1541 5110 1739 5183 seipso
1771 5110 1848 5165 sit

153 5202 470 5272 probatur.
500 5201 693 5270 Quod
713 5201 776 5256 in
799 5203 932 5274 ipso
956 5200 1422 5271 demonstratur,
1441 5202 1545 5274 qui
1565 5202 1846 5257 divinitus

153 5295 376 5366 accepit
405 5291 821 5367 sapientiam,
861 5298 917 5347 et
945 5296 1149 5346 tamen
1178 5297 1316 5361 post
1341 5295 1650 5364 acceptam
1679 5306 1844 5346 eam-

151 5379 284 5440 dem
315 5382 739 5459 sapientiam,
792 5381 1050 5437 duarum
1100 5382 1482 5437 meretricum
1513 5381 1846 5452 quaestione

149 5473 431 5542 pulsatus
472 5478 601 5530 est.
645 5470 793 5537 Quia
837 5471 1123 5527 nimirum
1173 5487 1330 5546 saepe
1389 5487 1526 5526 cum
1583 5475 1846 5526 mentem

150 5569 424 5622 nostram
493 5557 811 5618 concessis
868 5561 1208 5633 virtutibus,
1262 5565 1568 5632 respectus
1625 5560 1848 5615 intimae

149 5651 456 5725 largitatis
509 5648 842 5719 illuminat,
889 5650 1049 5707 hanc
1092 5651 1368 5723 protinus
1395 5649 1575 5706 etiam
1604 5647 1849 5705 lubricae

1948 4481 2167 4539 celebri
2235 4483 2606 4539 exstruxerit.
2699 4482 3247 4538 Animadvertimus
3309 4481 3608 4537 Christum

1945 4573 2168 4628 idcirco
2218 4573 2474 4642 venisse,
2548 4577 2614 4628 ut
2688 4571 3027 4628 meretrices
3091 4572 3343 4626 donaret
3399 4566 3608 4624 matri-

1948 4662 2174 4728 monio,
2226 4665 2282 4716 et
2322 4660 2563 4715 duobus
2601 4661 2882 4730 gregibus
2939 4675 3134 4714 unum
3185 4657 3339 4714 ovile
3388 4657 3610 4714 faceret

1948 4751 2269 4822 medioque
2326 4750 2548 4822 pariete
2608 4750 2912 4804 destructo
2975 4747 3039 4802 in
3098 4747 3344 4804 easdem
3398 4745 3608 4803 caulas

1950 4857 2089 4898 oves
2121 4841 2284 4912 prius
2313 4839 2622 4894 morbidas
2654 4842 3064 4908 congregaret.
3116 4839 3217 4895 Ha:
3259 4843 3400 4895 sunt
3425 4837 3610 4909 virgas

1949 4948 2085 5006 quae
2133 4930 2470 5001 junguntur
2513 4927 2576 4983 in
2632 4927 2915 4998 Ezechiel,
2991 4933 3047 4986 et
3101 4929 3176 4986 de
3228 4929 3450 5002 quibus
3502 4943 3612 5001 per

1951 5019 2296 5078 Zachariam
2326 5017 2615 5074 Dominus
2641 5018 2857 5074 refert:
2917 5039 2946 5068 «
3007 5021 3072 5076 Et
3114 5019 3417 5092 assumpsi
3463 5017 3612 5074 mihi

1952 5112 2106 5168 duas
2127 5110 2344 5181 virgas,
2400 5124 2587 5164 unam
2631 5107 2842 5164 vocavi
2891 5108 3196 5179 decoram,
3257 5113 3314 5166 et
3361 5109 3613 5166 alteram

1952 5199 2166 5258 vocavi
2198 5198 2552 5270 funiculum,
2603 5202 2660 5254 et
2706 5198 2847 5270 pavi
2895 5214 3138 5271 gregem
3177 5200 3388 5270 (Zach.
3422 5199 3538 5270 xu).
3581 5219 3612 5248 ιι

1953 5289 2153 5347 Mulier
2182 5303 2424 5361 quoque
2471 5285 2572 5342 illa
2623 5287 2901 5343 meretrix
2957 5287 3019 5342 in
3078 5287 3421 5357 Evangelia,
3475 5301 3614 5360 quas

1952 5383 2090 5435 Jcsu
2111 5378 2294 5450 pedes
2323 5376 2608 5449 lacrymis
2658 5375 2820 5444 lavit,
2869 5376 3029 5432 crine
3084 5377 3355 5447 detergit,
3408 5380 3467 5432 et
3520 5373 3618 5431 cui

1955 5473 2203 5542 peccata
2252 5469 2456 5524 omnia
2510 5467 2912 5536 dimittuntur,
2953 5465 3272 5523 manifeste
3318 5465 3619 5534 signiﬁcat

1960 5559 2281 5615 Ecclesiam
2302 5558 2376 5613 de
2398 5557 2673 5628 gentibus
2695 5563 3143 5627 congregatam,
3162 5559 3292 5612 Haec
3311 5555 3533 5610 idcirco
3552 5553 3616 5608 in

1959 5647 2156 5719 prima
2174 5646 2364 5703 fronte
2383 5645 2686 5718 replicavi,
2712 5659 2787 5700 ne
2809 5643 2903 5700 cui
2923 5644 3195 5702 videatur
3212 5644 3616 5711 incongruum
