4092 6178
519 137 626 189 399

1635 119 1991 180 ANGELOMI
2031 115 2482 180 LUXOVIENSIS
2525 125 2838 184 MONACHI
3834 136 3928 191 500

523 258 572 313 si
602 256 938 313 meretrices
961 253 1256 317 dicantur,
1283 266 1540 322 quarum
1570 263 1687 303 una
1721 241 2052 302 Salomonis
2073 240 2166 310 ju-
2198 248 2242 300 Α
2285 242 2411 299 lum
2460 251 2518 303 et
2565 249 2716 306 alios
2773 250 3206 308 ecclesiasticos
3251 251 3407 308 viros
3463 253 3814 312 intellexerit
3843 259 3931 314 Ec-

524 347 675 402 dicio
704 345 804 399 ﬁlii
837 341 1212 413 possessione
1251 338 1476 393 donata
1506 345 1614 391 est.
1648 334 1910 390 Prudens
1941 333 2168 402 quaerat

519 434 774 494 auditor,
827 429 1137 502 quomodo
1187 426 1457 482 meretrix
1504 425 1794 493 signiﬁcet
1825 419 2166 481 Ecclesiam,

517 539 652 594 quae
684 537 804 576 non
835 518 1017 574 habet
1046 517 1344 573 maculam
1379 532 1573 587 neque
1596 514 1852 584 rugam?
1879 514 2006 566 Non
2030 507 2168 562 dici-

515 629 653 668 mus
671 609 990 667 Ecclesiam
1010 607 1410 679 permansisse
1429 604 1819 668 meretricem,
1837 599 1944 655 sed
1963 597 2165 653 fuisse.

515 707 660 758 Nam
694 705 748 755 et
788 697 1044 754 Simonis
1094 695 1314 767 leprosi
1361 694 1544 749 domo
1578 692 1844 749 Salvator
1894 686 2168 743 scribitur

512 791 711 846 iniisse
743 786 1107 843 convivium.
1161 785 1367 856 Utique
1410 799 1532 838 non
1563 781 1705 854 quia
1742 779 2013 850 leprosus
2043 778 2167 830 erat

510 895 578 934 eo
601 884 868 949 tempore
893 893 1015 948 quo
1036 875 1295 930 habebat
1318 875 1612 946 hospitem
1641 870 2023 930 Salvatorem,
2059 863 2166 919 sed

510 968 652 1040 quia
681 967 954 1038 leprosus
987 971 1121 1020 ante
1152 965 1360 1019 fuerat.
1382 963 1686 1019 Matthaeus
1711 973 1955 1031 quoque
1972 956 2031 1010 in
2060 958 2166 1011 Ca-

508 1056 708 1126 talogo
735 1054 1146 1126 apostolorum
1176 1052 1535 1126 publicanus
1588 1049 1821 1112 dicitur,
1855 1061 1978 1100 non
1999 1043 2165 1115 quod

505 1145 904 1219 permanserit
933 1143 1292 1215 publicanus
1324 1145 1463 1213 post
1483 1137 1873 1210 apostolicam
1906 1133 2163 1202 dignita-

503 1237 644 1300 tem,
677 1234 782 1290 sed
826 1233 988 1306 quod
1037 1233 1200 1304 prius
1231 1231 1421 1285 fuerat
1472 1227 1832 1300 publicanus
1859 1240 1872 1277 :
1907 1244 1933 1271 «
1964 1227 2029 1276 ut
2059 1220 2163 1275 ubi

503 1323 1194 1393 abundavitpeccatum,
1229 1317 1711 1391 suprabundaret
1749 1312 1938 1383 gratia
1970 1313 2158 1381 (Rom.

501 1413 597 1485 v1).
630 1432 660 1466 ›
688 1410 996 1483 Simulque
1028 1409 1341 1465 considera
1369 1405 1516 1478 quid
1547 1406 1705 1459 dicat
1732 1400 1994 1457 Ecclesia
2023 1415 2162 1455 con-

500 1507 590 1558 tra
624 1505 1011 1573 Synagogam
1043 1497 1577 1553 calumniatricem.

2283 332 2459 390 clesia
2489 353 2610 394 non
2642 355 2774 396 esse
2797 357 2974 396 suum
3012 342 3202 397 tilium
3228 341 3333 414 qui
3362 343 3671 400 tenebatur
3697 345 3758 400 in
3786 345 3929 419 lege,

2281 427 2336 478 et
2379 425 2440 480 in
2478 426 2610 484 luce
2660 433 3004 500 cognoverit
3029 448 3214 504 quem
3243 432 3306 488 in
3336 433 3593 489 tenebris
3634 451 3758 490 non
3783 437 3934 494 vide-

2276 512 2399 570 bat.
2436 516 2575 572 lnde
2595 518 2866 590 jurgium
2893 526 3089 577 ortum
3119 525 3227 592 est,
3261 529 3548 594 praesente
3573 540 3732 595 rege,
3755 526 3933 585 altera

2281 602 2516 660 dicente
2537 625 2548 661 :

2348 715 2376 742 «
2400 693 2580 750 Filius
2613 700 2750 751 tuus
2783 702 3054 754 mortuus
3083 703 3200 767 est;
3227 715 3398 756 meus
3428 707 3631 758 autem
3660 702 3824 759 vivit.
3848 704 3932 760 Al-

2276 801 2304 829 ‹‹
2345 785 2470 838 tera
2494 785 2913 857 respondente,
2956 788 3260 843 mentiris:
3306 789 3464 845 ﬁlius
3508 791 3732 864 quippe
3766 809 3931 848 meus

2275 891 2304 918 ‹‹
2346 871 2504 937 vivit,
2549 873 2708 928 ﬁlius
2741 880 2876 929 tuus
2906 882 3180 931 mortuus
3222 882 3328 934 est.
3379 897 3410 931 ›
3450 884 3638 952 Atque
3669 881 3730 938 in
3775 882 3933 939 hunc

2273 960 2526 1016 modum
2555 963 2999 1019 contendebant
3028 981 3230 1021 coram
3258 983 3430 1037 rege:
3464 974 3601 1025 tunc
3632 987 3736 1027 rex
3771 972 3933 1028 Salo-

2272 1064 2417 1104 mon
2448 1050 2575 1121 (qui
2603 1053 2917 1108 manifeste
2949 1054 3215 1110 Salvator
3250 1057 3539 1129 accipitur
3594 1061 3930 1118 secundum

2270 1137 2576 1209 psalmum
2625 1143 3137 1212 septuagesimum
3190 1147 3477 1217 primum,
3507 1148 3678 1218 cujus
3729 1150 3930 1207 titulus

2271 1226 2576 1283 Salomoni
2607 1228 2965 1298 inscribitur,
2995 1232 3094 1287 ubi
3142 1233 3306 1288 nulla
3335 1234 3627 1292 dubitatio
3668 1242 3756 1293 est
3784 1239 3931 1311 quin

2271 1323 2487 1374 cuncta
2516 1335 2652 1390 qua:
2683 1319 2996 1387 dicantur,
3031 1338 3153 1378 non
3201 1323 3504 1380 Salomoni
3531 1333 3790 1392 mortuo,
3824 1330 3930 1385 sed

2270 1405 2479 1462 Christi
2509 1409 2867 1464 conveniant
2895 1411 3216 1481 majestati)
3255 1413 3497 1470 simulat
3525 1414 3928 1485 ignorantiam

2270 1500 2326 1551 et
2371 1496 2694 1568 humanos,
2727 1514 2836 1570 pro
2894 1499 3342 1571 dispensatione
3401 1504 3615 1571 carnis,
3644 1508 3929 1562 mentitur

569 1593 724 1660 “Ego
756 1594 811 1645 et
837 1588 1050 1643 mune?
1075 1587 1199 1641 haec
1229 1584 1651 1640 habitabamus
1672 1581 1732 1636 in
1759 1579 1943 1634 domo
1973 1593 2153 1632 “113-”
2195 1593 2237 1645 B
2269 1584 2538 1641 atfectus.
2575 1586 2752 1642 Sicuti
2783 1593 2840 1642 et
2867 1588 2929 1642 in
2958 1588 3074 1644 alio
3094 1589 3257 1657 (loco.
3292 1613 3320 1639 ‹‹
3369 1591 3476 1647 Ubi
3505 1593 3790 1665 posuistis
3822 1598 3927 1652 La-

496 1681 634 1735 Post
685 1677 1177 1734 resurrectionem
1208 1674 1369 1730 enim
1399 1672 1634 1728 Domini
1667 1668 2007 1736 Salvatoris,
2031 1682 2154 1722 una

494 1769 568 1824 de
603 1773 852 1840 utroque
882 1765 1110 1839 populo
1167 1768 1533 1832 congregata
1589 1765 1694 1816 est.
1732 1762 1797 1814 Et
1824 1772 2014 1829 quam
2043 1755 2156 1809 ele-

493 1863 701 1928 ganter
730 1856 1018 1912 Ecclesia:
1053 1854 1312 1926 «peperi,
1351 1852 1561 1924 inquit,
1596 1849 1760 1921 apud
1779 1863 1914 1904 eam
1956 1846 2018 1901 in
2049 1861 2152 1900 cu-

490 1947 712 2002 biculo.
743 1967 772 1996 »
805 1944 1069 2001 Ecclesia
1101 1943 1260 1998 enim
1291 1941 1365 1997 de
1395 1940 1695 2011 gentibus,
1741 1954 1876 2010 quae
1902 1949 2024 1990 non
2049 1934 2152 1988 ha-

488 2035 676 2090 bebat
703 2035 868 2106 prius
898 2033 1092 2102 legem
1139 2035 1194 2086 et
1219 2030 1568 2104 prophetas,
1603 2027 1831 2100 peperit
1874 2025 1936 2080 in
1966 2023 2151 2078 domo

490 2124 849 2196 Synagogae,
881 2139 990 2178 nec
1021 2135 1263 2190 egressa
1315 2124 1403 2173 est
1449 2118 1524 2172 de
1565 2113 1862 2181 cubiculo,
1913 2111 2021 2168 sed
2069 2111 2153 2166 in-

489 2229 725 2283 gressa:
757 2211 922 2268 Unde
956 2210 1172 2266 dicitur
1201 2209 1262 2264 in
1296 2206 1536 2264 Cantico
1567 2205 1964 2262 canticorum:
1997 2223 2026 2250 «
2058 2205 2150 2256 In-

486 2301 748 2358 troduxit
773 2316 870 2356 me
896 2316 999 2355 rex
1042 2299 1103 2354 in
1145 2295 1494 2353 cubiculum
1527 2311 1708 2350 suum
1741 2295 1937 2365 (Cant.
1965 2292 2073 2361 iu).
2116 2310 2145 2338 »

485 2393 554 2446 Et
581 2391 824 2445 iterum:
861 2410 889 2439 «
918 2387 1209 2459 Equidem
1232 2400 1355 2441 non
1376 2388 1768 2457 spernentem
1805 2394 2146 2447 assumens,

482 2479 860 2535 introducam
894 2478 1024 2532 tein
1040 2477 1292 2532 domum
1324 2475 1533 2530 matris
1565 2489 1713 2527 mea;
1735 2477 1790 2526 et
1819 2471 1881 2524 in
1907 2468 2149 2524 cubicu-

481 2566 611 2623 lum
633 2567 762 2637 ejus
800 2582 936 2638 quaa
967 2564 1241 2636 concepit
1269 2580 1367 2619 me
1400 2563 1594 2634 (Cant.
1627 2564 1770 2625 vui).
1808 2581 1834 2608 ››

556 2657 778 2712 «Tertia
804 2661 1004 2711 autem
1031 2655 1125 2710 die
1156 2659 1480 2726 postquam
1503 2668 1613 2720 ego
1655 2648 1876 2721 peperi.
1912 2645 2143 2719 peperit

482 2767 512 2797 ‹‹
553 2751 608 2803 et
637 2747 787 2801 hinc.
807 2769 834 2796 ››
853 2745 910 2802 Si
940 2743 1281 2800 consideres
1305 2742 1555 2797 Pilatum
1584 2740 1891 2794 lavantem
1915 2751 2138 2791 manus

480 2840 661 2908 atque
691 2835 1015 2890 dicentem:
1072 2855 1099 2883 «
1137 2831 1388 2889 Mundus
1428 2846 1538 2899 ego
1580 2845 1713 2882 sum
1764 2843 1800 2881 a
1845 2824 2138 2895 sanguine

2270 1677 2518 1730 zarum?
2571 1697 2598 1724 ››
2654 1680 2719 1731 Et
2765 1677 2842 1732 ad
2891 1677 3203 1734 mulierem
3253 1679 3536 1735 ﬂuentem
3590 1685 3923 1752 sanguine:

2268 1785 2298 1818 ‹
2331 1765 2470 1830 Quis
2523 1781 2620 1820 me
2671 1767 2902 1836 tetigit?
2936 1791 2963 1816 »
2996 1767 3271 1824 Gladium
3297 1769 3558 1842 postulat
3583 1770 3655 1826 de
3687 1789 3813 1844 quo
3843 1773 3926 1829 di-

2262 1858 2449 1918 xerat,
2482 1854 2663 1910 nolite
2693 1856 3107 1928 putare,quod
3143 1860 3402 1913 venerim
3437 1873 3648 1930 pacem
3693 1861 3926 1918 mittere

2260 1942 2321 1997 in
2355 1948 2569 1998 terram
2607 1960 2621 1998 :
2677 1964 2705 1993 «
2740 1947 2866 1998 Non
2911 1945 3046 2000 veni
3100 1945 3328 2004 mittere
3376 1964 3587 2019 pacem
3644 1949 3752 2006 sed
3799 1950 3926 2022 gla-

2260 2030 2429 2086 dium
2485 2033 2719 2102 (Matth.
2755 2034 2828 2104 χ).
2857 2054 2884 2080 ››
2919 2034 3063 2088 Veni
3097 2035 3257 2090 enim
3301 2035 3560 2092 dividere
3609 2038 3921 2096 hominem

2260 2126 2468 2176 contra
2518 2125 2752 2191 patrem
2803 2137 3001 2189 suum,
3056 2128 3112 2177 et
3175 2123 3358 2179 ﬁliam
3418 2131 3624 2182 contra
3662 2133 3921 2184 matrem

2261 2225 2455 2275 suam,
2489 2214 2545 2264 et
2600 2224 2821 2264 nurum
2871 2215 3078 2266 contra
3108 2227 3346 2269 socrum
3375 2231 3573 2283 suum,
3605 2219 3662 2272 et
3691 2218 3917 2273 inimici

2259 2298 2520 2354 hominis
2548 2299 2859 2354 domestici
2890 2299 3052 2369 ejus;
3095 2306 3152 2355 et
3177 2307 3358 2358 tentat
3385 2308 3662 2359 naturam
3684 2311 3916 2362 naturae

2255 2387 2813 2460 Dominus,vultque
2839 2390 3175 2444 secundum
3202 2391 3515 2464 utriusque
3547 2393 3910 2450 voluntatem

2257 2475 2554 2532 viventem
2604 2477 2796 2531 ﬁlium
2855 2479 2913 2532 in
2943 2477 3139 2546 legem
3195 2480 3572 2553 gratiamque
3601 2481 3854 2538 dividere
3887 2499 3900 2537 :

2252 2580 2376 2619 non
2406 2581 2528 2637 quo
2558 2565 2672 2620 hoc
2695 2565 2926 2637 probet,
2961 2568 3060 2621 sed
3093 2584 3213 2639 quo
3243 2584 3379 2624 eam
3404 2571 3719 2642 adarguat,
3745 2577 3801 2626 et
3819 2571 3908 2626 vi-

2252 2658 2490 2708 ventem
2521 2670 2642 2709 non
2669 2655 2781 2708 nisi
2810 2670 2915 2726 per
2943 2654 3314 2727 baptismum
3343 2657 3582 2714 liberari
3611 2659 3910 2715 ostendat.

2250 2742 2524 2798 Libenter
2556 2743 2744 2798 voluit
2796 2744 2980 2798 dividi
3011 2761 3267 2816 puerum
3307 2761 3428 2801 non
3479 2753 3544 2802 ut
3579 2749 3912 2820 possideat,

2249 2831 2354 2886 sed
2386 2837 2451 2886 ut
2478 2831 2808 2887 interﬁciat.
2844 2833 3102 2890 Ecclesia
3131 2851 3313 2906 quem
3340 2835 3447 2890 scit
3478 2852 3654 2890 suum
3687 2854 3820 2893 esse
3851 2837 3917 2892 li-

477 2924 626 2995 justi
647 2924 828 2995 hujus
856 2918 1379 2994 (Math.xxvu).»Si
1401 2917 1811 2974 centurionem
1832 2921 1968 2970 ante
1988 2912 2140 2985 pati-
2173 2946 2212 3000 α
2246 2919 2455 2975 benter
2496 2921 2768 2975 concedit
2814 2921 3068 2984 aemulae,
3109 2923 3254 2977 dum
3299 2923 3453 2978 vivat
3483 2924 3694 2978 saltem
3741 2925 3917 2997 apud

474 3013 688 3070 bulum
748 3014 1162 3069 conﬁtentem:
1222 3031 1248 3058 ‹‹
1300 3011 1439 3064 Vere
1496 3009 1590 3063 hic
1644 3011 1772 3062 erat
1828 3005 2002 3060 Filius
2040 3003 2137 3058 Uei

475 3103 716 3174 (Matth.
745 3105 968 3173 xxvm).
1004 3100 1112 3154 )Si
1141 3114 1243 3154 eos
1301 3099 1405 3170 qui
1454 3103 1589 3152 ante
1633 3095 1976 3167 passionem
2029 3108 2136 3164 per

473 3191 815 3264 Philippum
840 3191 1162 3246 Dominum
1177 3187 1378 3243 videre
1408 3186 1725 3244 desiderat,
1745 3183 1910 3238 haud
1940 3181 2134 3237 ambi-

474 3281 563 3350 gis
590 3282 848 3353 primam
881 3279 1184 3351 peperisse
1213 3275 1554 3337 Ecclesiam,
1589 3279 1646 3329 et
1686 3278 1893 3344 postea
1922 3276 2133 3325 natum

472 3369 768 3440 populum
815 3368 1178 3429 Judseorum,
1209 3381 1319 3436 pro
1349 3381 1471 3435 quo
1503 3364 1791 3418 Dominus
1840 3360 2131 3430 precaba-

473 3461 605 3511 tur:
645 3478 670 3504 ‹‹
704 3458 890 3518 Pater,
923 3454 1165 3522 ignosce
1216 3452 1348 3519 illis,
1370 3451 1532 3521 quod
1565 3450 1724 3503 enim
1748 3449 1972 3502 faciunt
2002 3464 2133 3502 nes-

471 3545 636 3600 ciunt
663 3563 676 3614 ;
708 3567 736 3593 »
771 3558 1008 3614 unaque
1039 3542 1134 3595 die
1156 3539 1534 3595 crediderunt
1565 3539 1669 3592 tria
1699 3537 1904 3600 millia,
1933 3541 1989 3590 et
2014 3536 2130 3592 alia

469 3633 738 3705 quinque
788 3630 994 3686 millia.
1027 3649 1056 3683 ‹
1085 3626 1470 3685 Multitudinis
1523 3632 1724 3680 autem
1757 3624 2127 3680 credentium

468 3727 595 3779 erat
623 3722 826 3778 anima
847 3737 990 3788 una,
1023 3725 1082 3776 et
1110 3735 1211 3774 cor
1243 3733 1430 3772 unum
1461 3717 1616 3786 (Act.
1650 3723 1752 3785 ιν).
1780 3738 1807 3762 ››
1832 3745 1901 3753 -
1930 3733 1959 3766 «
1991 3718 2126 3770 Era-

468 3834 497 3861 ‹‹
537 3829 676 3867 mus
711 3809 905 3878 simul,
936 3809 1260 3880 nullusque
1293 3806 1443 3862 alius
1473 3805 1533 3859 in
1567 3804 1750 3859 domo
1777 3803 2121 3870 nobiscum,

465 3901 726 3972 exceptis
748 3899 924 3955 nobis
945 3898 1205 3953 duabus.
1237 3919 1264 3945 »
1289 3899 1416 3950 Non
1445 3893 1998 3965 blasphemantium
2023 3894 2123 3946 Ju-

464 3989 758 4058 daeorum,
791 4004 916 4044 non
943 3987 1250 4058 gentilium
1273 3983 1445 4039 idolis
1476 3982 1879 4038 servientium.

538 4099 566 4127 «
588 4081 846 4134 Mortuus
867 4083 956 4132 est
987 4077 1146 4131 enim
1177 4075 1334 4129 ﬁlius
1368 4071 1630 4127 mulieris
1659 4071 1840 4141 hujus
1869 4074 2062 4126 nocte.
2087 4087 2118 4122 ›

461 4172 615 4225 Dum
642 4169 800 4224 enim
830 4168 976 4237 legis
1008 4167 1276 4239 sequitur
1298 4162 1752 4220 observantiam
1784 4166 1838 4216 et
1861 4162 2116 4232 gratiam

2247 3008 2678 3074 adversarium,
2713 3025 2788 3064 ne
2835 3009 2986 3064 inter
3035 3009 3228 3078 legem
3285 3010 3508 3064 divisus
3539 3016 3594 3066 et
3643 3014 3918 3080 gratiam

2248 3097 2564 3154 Salvatoris
2597 3113 2884 3152 mucrone
2914 3097 3170 3152 feriatur.
3210 3097 3369 3153 Unde
3399 3098 3542 3154 dicit
3567 3104 3623 3155 et
3650 3103 3918 3172 Aposto-

2243 3185 2372 3241 lus:
2406 3209 2435 3235 «
2477 3189 2622 3242 Ecce
2653 3202 2766 3256 ego
2796 3187 3014 3243 Paulus
3041 3187 3174 3243 dico
3199 3187 3393 3258 vobis,
3424 3187 3595 3260 quod
3626 3189 3675 3244 si
3704 3190 3916 3261 legem

2243 3276 2602 3347 observatis,
2628 3277 2892 3332 Christus
2922 3277 3087 3333 vobis
3112 3276 3259 3331 nihil
3298 3276 3542 3349 prodest
3569 3279 3731 3349 (Gal.
3764 3283 3843 3350 v).
3883 3303 3912 3330 η

2241 3366 2386 3420 Item
2431 3365 2546 3421 alio
2577 3365 2788 3421 modo:
2821 3366 2972 3431 Quid
3003 3367 3064 3421 in
3093 3366 3207 3422 hac
3239 3366 3530 3422 sententia
3558 3367 3774 3424 melius
3795 3385 3912 3441 per

2243 3459 2503 3508 matrum
2534 3453 2884 3510 laetantium
2913 3455 3184 3521 nomina,
3215 3455 3329 3510 nisi
3359 3455 3677 3512 doctorum
3705 3458 3862 3512 ordo
3880 3459 3910 3513 ‘I

2242 3543 2395 3607 Quid
2423 3560 2558 3599 vero
2585 3560 2690 3615 per
2710 3559 2919 3598 earum
2950 3543 3125 3614 ﬁlios,
3154 3544 3269 3598 nisi
3300 3544 3729 3618 discipulorum
3758 3563 3905 3617 per-

2239 3647 2389 3688 sona
2432 3632 2835 3702 signiﬁcatur?
2866 3635 3012 3688 Nam
3035 3633 3307 3702 magistri
3336 3633 3616 3689 nimirum
3637 3632 3898 3703 vigilan-

2237 3727 2320 3775 tes
2351 3721 2595 3792 quidem
2627 3721 2871 3775 scientia
2896 3721 3000 3776 sed
3031 3723 3150 3776 vita
3180 3722 3564 3786 dormientes,
3590 3723 3903 3778 auditores

2235 3827 2378 3865 suos
2412 3827 2566 3882 quos
2593 3827 2698 3882 per
2725 3811 2954 3882 vigilias
2971 3811 3410 3883 praedicationis
3436 3813 3721 3880 nutriunt,
3743 3812 3909 3868 dum

2233 3900 2398 3972 quod
2439 3900 2646 3956 dicunt
2689 3901 2880 3955 facere
2910 3901 3240 3970 negligant,
3291 3917 3398 3973 per
3426 3917 3708 3957 somnum
3743 3908 3909 3957 tem-

2231 3989 2392 4060 poris
2441 3988 2740 4058 occidunt,
2793 3996 2849 4044 et
2913 3989 3272 4059 negligendo
3325 3990 3676 4062 opprimunt
3737 4007 3910 4064 quos

2229 4078 2386 4152 alere
2416 4077 2737 4133 verborum
2758 4077 2907 4133 lacte
2931 4077 3305 4135 videbantur.
3343 4079 3504 4134 Unde
3531 4079 3912 4154 plerumque

2230 4166 2376 4220 dum
2404 4167 2518 4238 ipsi
2556 4166 3100 4237 reprehensibiliter
3128 4168 3335 4223 vivunt
3381 4174 3436 4223 et
3456 4168 3680 4223 habere
3711 4169 3910 4224 disci-

460 4256 762 4326 Evangelii
789 4257 937 4328 jugo
965 4255 1229 4311 Mosaicae
1251 4253 1536 4309 doctrinae
1563 4250 1824 4323 copulat,
1845 4249 2115 4348 tenebra-
2146 4295 2190 4348 Β
2229 4254 2404 4326 pulos
2435 4255 2568 4310 vitae
2594 4255 2928 4311 laudabiles
2949 4262 3275 4328 nequeunt,
3312 4257 3538 4312 alienos
3572 4256 3684 4312 sibi
3717 4263 3916 4316 attra-

457 4365 594 4404 rum
624 4363 820 4403 errore
851 4350 1133 4418 cooperta
1154 4350 1258 4400 est.
1294 4367 1322 4394 «
1358 4341 1780 4414 Oppressitque
1811 4356 1949 4395 eum
1979 4338 2114 4394 dor-

455 4437 649 4494 miens
669 4442 859 4492 mater
889 4452 1019 4491 sua.
1055 4456 1082 4483 »
1106 4437 1246 4499 Quae
1276 4448 1398 4488 non
1429 4435 1661 4502 poterat
1682 4429 1912 4484 dicere:
1943 4451 1970 4478 «
1994 4431 2114 4498 Ego

455 4528 690 4584 dormio
729 4533 786 4583 et
838 4543 939 4582 cor
991 4541 1194 4580 meum
1251 4521 1452 4592 vigilat
1503 4520 1700 4590 (Cant.
1755 4521 1831 4588 v).
1869 4539 1897 4566 »
1930 4517 2114 4573 Media

452 4624 625 4674 nocte
656 4632 1046 4685 consurgens,
1080 4613 1211 4668 tulit
1259 4611 1450 4665 ﬁlium
1495 4610 1569 4664 de
1618 4608 1803 4662 latare
1845 4606 2113 4662 Ecclesiae

451 4708 821 4773 dormientis,
849 4711 907 4760 et
938 4706 994 4760 in
1027 4720 1136 4758 suo
1159 4700 1478 4757 collocavit
1507 4698 1663 4752 sinu.
1691 4697 1900 4767 Relege
1925 4701 2111 4752 totam

451 4795 719 4865 Apostoli
766 4794 845 4848 ad
899 4793 1135 4849 Galatas
1189 4789 1513 4863 Epistolarn
1567 4793 1624 4843 et
1674 4786 2111 4843 animadvertes

449 4882 759 4954 quomodo
788 4881 942 4936 ﬁlios
978 4881 1248 4936 Ecclesiae
1273 4896 1414 4935 suos
1440 4878 1634 4933 facere
1657 4876 1894 4932 festinet
1925 4879 2112 4948 Syna-

448 4987 625 5041 goga.
650 4973 717 5025 Et
748 4969 906 5026 dicat
955 4969 1307 5042 Apostolus:
1359 4990 1386 5017 «
1427 4967 1614 5023 Filioli
1644 4967 1760 5022 mei
1804 4983 1959 5039 quos
2009 4967 2110 5022 ite-

444 5077 582 5116 rum
613 5060 900 5134 parturio,
957 5060 1149 5116 donec
1196 5060 1483 5116 formetur
1527 5058 1790 5112 Christus
1826 5057 1887 5110 in
1939 5054 2106 5109 vobis

447 5151 604 5222 (Gal.
629 5155 732 5216 1v).
761 5169 790 5203 ›

517 5263 544 5290 ‹‹
574 5239 779 5296 Vivum
811 5239 958 5296 tulit.
985 5259 1015 5294 ›
1037 5244 1162 5296 Non
1186 5245 1248 5294 ut
1276 5237 1627 5312 possideret,
1653 5234 1758 5289 sed
1784 5239 1846 5288 ut
1875 5232 2103 5289 occide-

439 5335 564 5386 ret:
596 5334 724 5387 Non
772 5331 932 5386 enim
982 5347 1186 5387 amore
1228 5329 1364 5384 fecit
1413 5328 1528 5382 hoc
1566 5324 1691 5387 ﬁlii,
1734 5323 1841 5378 sed
1869 5323 2098 5378 aemulae

438 5419 598 5488 odio,
635 5426 690 5476 et
721 5438 898 5476 suum
929 5425 1236 5476 mortuum
1262 5433 1369 5490 per
1409 5415 1556 5484 legis
1602 5411 1991 5467 caeremonias
2034 5413 2097 5467 in

438 5511 573 5566 sinu
604 5511 875 5567 Ecclesiae
909 5509 1243 5581 supposuit.
1279 5509 1550 5574 Longum
1579 5507 1668 5558 est
1707 5502 1754 5557 si
1784 5502 1958 5557 velim
1990 5519 2097 5575 pcr

436 5599 673 5670 singula
719 5612 977 5663 currere,
1028 5595 1337 5668 quomodo
1388 5607 1494 5665 per
1546 5591 1887 5664 apostolum
1945 5595 2093 5650 Pau-

2226 4344 2367 4399 here
2394 4349 2706 4412 conantur,
2731 4351 3028 4417 quatenus
3059 4346 3204 4401 dum
3230 4345 3426 4401 bonos
3454 4363 3516 4401 se
3541 4346 3773 4403 habere
3811 4365 3915 4403 se—

2223 4449 2447 4505 quaces
2470 4434 2810 4501 ostendunt,
2831 4435 2995 4506 apud
3010 4435 3237 4505 judicia
3264 4435 3581 4490 hominum
3603 4443 3918 4494 excusent

2221 4522 2383 4578 mala
2422 4539 2557 4594 quae
2589 4530 2810 4592 agunt:
2845 4528 2901 4578 et
2928 4524 3103 4595 quasi
3156 4524 3535 4581 subditorum
3575 4526 3692 4580 vita
3727 4543 3916 4582 mor-

2222 4613 2452 4668 tiferam
2486 4617 2690 4682 tegant
2752 4611 3196 4684 negligentiam.
3234 4615 3398 4669 Unde
3428 4619 3482 4670 et
3521 4614 3639 4669 illic
3670 4617 3917 4673 mulier

2220 4717 2354 4773 quae
2385 4701 2576 4757 ﬁlium
2606 4702 2882 4757 exstinxit
2905 4703 3239 4775 proprium,
3281 4703 3554 4775 quaesivit
3595 4704 3913 4762 alienum.

2221 4789 2335 4847 Sed
2391 4807 2596 4846 veram
2649 4797 2902 4846 matrem
2958 4790 3292 4846 Salomonis
3347 4790 3582 4860 gladius
3633 4792 3913 4858 invenit,

2219 4880 2364 4952 quia
2418 4879 2709 4950 videlicet,
2771 4882 2945 4951 cujus
3017 4879 3244 4936 fructus
3301 4880 3476 4952 vivat,
3554 4881 3649 4936 vel
3709 4885 3919 4955 cujus

2216 4969 2484 5039 intereat,
2516 4975 2782 5026 extremo
2807 4970 3104 5038 examine,
3131 4970 3221 5025 ira
3250 4970 3496 5026 districti
3523 4969 3756 5041 judicis
3797 4974 3919 5030 de-

2215 5063 2528 5114 monstrat.
2563 5059 2646 5113 lbi
2676 5064 2733 5114 et
2761 5059 2906 5114 illud
2932 5065 3023 5114 est
3054 5059 3297 5114 solerter
3316 5059 3679 5116 intuendum
3714 5065 3915 5135 quod

2213 5144 2370 5200 ﬁlius
2432 5145 2631 5200 vivens
2676 5147 2842 5218 prius
2872 5146 3059 5202 dividi
3100 5147 3464 5220 praecipitur,
3492 5153 3558 5205 ut
3582 5148 3691 5204 soli
3727 5158 3922 5222 post-

2211 5233 2464 5289 modum
2504 5234 2678 5288 matri
2729 5235 3031 5290 reddatur.
3077 5237 3227 5301 Quia
3277 5236 3340 5293 in
3387 5238 3501 5294 hac
3551 5238 3672 5294 vita
3704 5242 3922 5312 quasi

2212 5324 2417 5397 partiri
2447 5324 2793 5380 conceditur
2819 5324 2940 5380 vita
2969 5325 3270 5398 discipuli,
3303 5327 3452 5383 dum
3495 5344 3567 5384 ex
3596 5327 3701 5384 illa
3732 5345 3922 5388 non-

2209 5429 2528 5486 nunquam
2586 5412 2734 5469 alter
2792 5413 2958 5487 apud
3016 5415 3339 5472 Dominum
3396 5417 3696 5483 meritum,
3737 5419 3926 5480 alter

2209 5503 2374 5574 apud
2393 5501 2671 5557 homines
2688 5502 2932 5560 laudem
2948 5504 3172 5561 habere
3189 5504 3708 5578 permittatur.Sed
3729 5506 3924 5568 falsa

2212 5596 2403 5651 mater
2427 5607 2568 5648 eum
2581 5609 2764 5667 quem
2776 5609 2900 5651 non
2926 5594 3332 5664 genuitoccidi
3351 5610 3477 5652 non
3489 5594 3930 5672 metuigquia
