4092 6178
201 189 298 243 401

1223 200 1481 258 ENARR.
1514 203 1583 258 IN
1614 198 1861 257 LIBROS
1892 198 2243 259 REGUM.,—
2270 207 2338 261 IN
2366 207 2494 263 LIB.
2530 207 2575 263 Ι.

3512 212 3619 270 402

192 314 544 381 arrogantes
575 315 846 408 magistri
868 319 1235 408 etcharitatis
1252 322 1467 393 ignari,
1489 325 1539 381 si
1587 324 1855 398 plenissi—
1890 322 1940 377 Α
1970 329 2190 382 sanctas
2221 326 2543 397 Trinitatis,
2569 331 2744 401 juxta
2772 329 2937 403 quod
2956 328 3164 398 inlege
3190 330 3423 388 Domini
3446 334 3627 408 scrip-

190 415 362 454 mum
390 416 611 457 nomen
649 402 849 460 laudis
880 422 953 462 ex
984 407 1191 465 alienis
1220 410 1529 487 discipulis
1572 413 1857 486 consequi

190 496 520 562 nequeunt,
541 508 749 549 eorum
774 496 957 552 vitam
976 498 1290 556 crudeliter
1319 501 1737 577 insequuntur.
1772 508 1858 559 ln-

185 577 361 633 vidite
413 581 573 636 enim
615 581 844 640 facibus
895 588 1192 658 succensi,
1220 590 1435 647 nolunt
1479 593 1629 649 alios
1657 593 1853 649 vivere

188 666 355 739 quod
402 684 466 724 se
517 672 894 745 conspiciunt
938 691 1061 731 non
1105 692 1283 750 posse
1327 681 1652 752 possidere.
1687 682 1852 739 Unde

189 759 245 811 et
291 753 414 812 illic
446 774 733 831 perversa
774 762 989 820 mulier
1026 765 1279 823 clamat:
1332 791 1361 819 α
1402 773 1517 827 Nec
1564 788 1736 827 meus
1780 772 1854 827 sit

188 860 296 900 nec
330 845 526 903 istius.
565 871 593 898 »
628 851 695 905 Ut
723 852 883 908 enim
935 853 1219 925 diximus,
1264 874 1419 929 quos
1455 859 1567 917 sibi
1598 860 1850 934 obsequi

186 947 305 989 non
333 934 540 992 vident
563 937 641 992 ad
681 938 933 1009 gloriam
964 945 1377 1016 temporalem,
1407 963 1509 1003 eos
1540 948 1670 1004 aliis
1699 949 1848 1005 invi-

182 1021 323 1077 dent
352 1023 559 1081 vivere
587 1043 696 1099 per
715 1030 1048 1087 veritatem.
1080 1035 1230 1089 Vera
1251 1040 1452 1092 autem
1480 1042 1671 1094 mater
1693 1043 1848 1096 sata-

177 1110 260 1180 git
285 1116 354 1168 ut
379 1114 515 1183 ejus
542 1114 699 1172 ﬁlius
737 1118 946 1175 saltem
997 1122 1162 1194 apud
1192 1128 1540 1183 extraneam
1566 1127 1639 1183 sit
1680 1133 1736 1184 et
1765 1129 1847 1184 vi-

172 1214 296 1255 vat.
320 1202 478 1266 Quia
509 1208 565 1259 et
602 1207 943 1264 concedunt
966 1226 1208 1267 veraces
1238 1214 1505 1284 magistri
1538 1215 1846 1288 discipulis

174 1294 236 1345 ut
263 1306 337 1346 ex
369 1307 587 1349 eorum
617 1295 922 1369 discipulis
952 1299 1048 1356 alii
1082 1302 1332 1373 quidem
1365 1305 1690 1373 magisterii
1720 1306 1842 1361 lau-

173 1378 313 1435 dem
354 1382 649 1448 habeant,
703 1386 752 1442 si
808 1392 1007 1444 tamen
1048 1391 1445 1462 integritatem
1482 1395 1619 1451 vita
1662 1395 1841 1451 iidem

173 1469 455 1543 discipuli
510 1489 635 1529 non
662 1476 955 1534 amittant.
1009 1482 1113 1535 Per
1158 1498 1292 1554 qua:
1324 1483 1555 1555 pietatis
1590 1484 1839 1556 viscera,

171 1559 296 1615 haec
329 1563 550 1618 eadem
606 1571 796 1622 mater
824 1583 962 1624 vera
993 1572 1339 1639 agnoscitur
1375 1574 1643 1643 omnino,
1695 1576 1839 1648 quia

1967 415 2095 468 tum
2124 417 2492 485 continetur;
2523 425 2626 475 «et
2653 419 2964 489 sexaginta
2990 419 3153 475 chori
3184 418 3412 488 farinze,
3432 445 3460 472 ››
3490 439 3630 496 pr0'

1964 500 2282 561 fectionem
2311 506 2611 564 bonorum
2651 525 2934 581 operum;
2974 531 3001 558 α
3034 507 3245 565 decem
3275 508 3458 566 boves
3487 512 3623 584 pin-

1964 606 2131 663 gues,
2159 614 2187 646 ›
2221 594 2494 652 doctores
2525 597 2826 668 decalogi;
2875 621 2903 649 «
2928 602 2985 652 et
3012 597 3220 667 viginti
3262 597 3449 655 boves
3479 616 3621 674 pas-

1962 681 2182 743 cuales,
2210 705 2237 732 »
2264 685 2685 755 praedicatores
2723 686 2870 741 Novi
2900 686 3276 750 Testamenti,
3309 687 3414 760 qui
3442 691 3622 762 quasi

1963 770 2333 838 geminatum
2375 773 2734 845 decalogum
2763 776 2824 830 in
2855 778 2916 830 s'e
2946 775 3189 844 habent,
3213 792 3353 832 cum
3386 781 3617 835 Novum

1960 863 2015 912 et
2041 861 2213 915 Vetus
2243 864 2691 918 Testamentum
2745 862 3053 936 aequaliter
3077 863 3427 936 praedicant,
3455 866 3618 938 pleni

1956 946 2267 1004 dilectione
2300 950 2401 1006 Dei
2426 957 2481 1006 et
2512 950 2791 1023 proximi.
2817 954 3109 1008 «Centum
3140 953 3371 1024 arietes,
3395 975 3423 1003 »
3456 971 3612 1027 quos

1957 1036 2169 1091 melius
2195 1038 2550 1110 signiﬁcant,
2584 1056 2771 1112 quam
2799 1056 2903 1095 eos
2931 1039 3035 1112 qui
3077 1040 3138 1095 in
3168 1055 3345 1112 grege
3374 1043 3613 1100 Domini

1952 1123 2106 1179 bene
2137 1124 2538 1195 dominantes,
2558 1128 2735 1184 simul
2765 1144 2903 1184 cum
2926 1128 3180 1185 subditis
3207 1135 3441 1187 aeternae
3469 1132 3611 1190 bea-

1956 1213 2219 1269 titudinis
2252 1215 2503 1284 gloriam
2525 1217 2813 1290 consequi
2843 1217 3169 1275 festinant?
3195 1220 3435 1277 Venatio
3463 1237 3610 1294 quo-
3704 1248 3708 1255 η

1950 1318 2070 1374 que
2109 1304 2484 1360 diversorum
2538 1306 2893 1362 animalium
2948 1322 3071 1362 non
3123 1307 3609 1368 inconvenienter

1950 1392 2141 1464 accipi
2170 1398 2365 1465 potest
2386 1394 2698 1467 acquisitio
2746 1395 3086 1463 hominum,
3119 1396 3223 1469 qui
3253 1413 3327 1452 ex
3352 1396 3605 1457 diversis

1950 1482 2228 1547 gentibus
2275 1483 2541 1555 quotidie
2570 1484 2794 1539 retibus
2850 1484 3153 1555 Evangelii
3181 1501 3289 1558 per
3309 1487 3603 1559 spiritales

1945 1573 2264 1625 venatores
2293 1572 2630 1642 capiuntur,
2651 1576 2707 1627 et
2728 1572 2789 1627 in
2806 1576 3049 1644 pastum
3073 1572 3393 1632 Salvatoris
3413 1576 3605 1633 nostri

173 1649 592 1719 magisterium
626 1654 684 1709 in
725 1656 998 1713 examine
1026 1659 1327 1731 charitatis
1380 1663 1753 1736 approbatur
1783 1670 1840 1721 et
1870 1672 1914 1724 Β
1944 1660 2312 1730 rediguntur.

174 1737 299 1794 sola
329 1744 529 1795 totum
554 1742 819 1815 recipere
842 1747 1077 1814 meruit,
1111 1765 1246 1822 quae
1277 1751 1450 1823 quasi
1490 1756 1680 1809 totum
1718 1769 1838 1809 ces-

174 1826 259 1882 sit.
293 1828 451 1892 Quia
483 1829 693 1887 fideles
741 1835 1063 1907 praepositi,
1088 1852 1199 1909 pro
1224 1854 1295 1895 eo
1345 1840 1510 1912 quod
1559 1857 1632 1897 ex
1659 1841 1836 1898 bonis

170 1913 482 1989 discipulis
506 1919 652 1989 suis,
686 1937 810 1978 non
847 1923 1040 1980 solum
1068 1925 1198 1981 aliis
1234 1926 1477 1984 laudem
1518 1946 1641 1986 non
1686 1931 1839 1987 invi-

169 2001 326 2075 dent,
358 2006 471 2063 sed
512 2008 828 2067 utilitatem
869 2012 952 2067 eis
984 2014 1165 2070 etiam
1194 2016 1497 2088 profectus
1534 2025 1782 2077 exorant
1817 2038 1830 2076 :

171 2092 281 2190 ipsi
309 2099 366 2149 et
388 2094 659 2165 integros
684 2105 741 2155 et
770 2101 1030 2158 viventes
1059 2103 1213 2160 ﬁlios
1240 2106 1554 2178 recipiunt,
1582 2109 1832 2181 quando

168 2188 225 2235 in
252 2198 538 2255 supremo
559 2188 839 2245 examine
866 2206 936 2245 ex
965 2208 1172 2248 eorum
1205 2194 1325 2250 vita
1363 2195 1637 2267 perfectte
1667 2197 1830 2254 retri-

172 2268 432 2326 butionis
457 2275 684 2342 gaudia
713 2287 1185 2351 consequuntur.

821 2422 1044 2478 CAPUT
1082 2425 1171 2479 IV.

233 2539 611 2597 Enumeratis
646 2558 789 2612 ergo
833 2546 1205 2620 principibus
1250 2550 1605 2619 Salomonis,
1629 2554 1734 2625 qui
1764 2552 1823 2608 in

169 2641 346 2696 regno
371 2629 506 2700 ejus
553 2631 733 2686 variis
782 2633 991 2690 ofﬁciis
1016 2627 1576 2711 deputati-fuerant,
1611 2658 1718 2698 seu
1740 2642 1826 2698 di-

164 2716 341 2772 versis
392 2721 726 2791 provinciis
756 2729 1071 2793 praeerant,
1105 2727 1371 2799 sequitur
1402 2730 1703 2802 Scriptura
1732 2730 1823 2786 di-

174 2818 311 2860 CBIIS
340 2824 352 2861 Ζ

231 2917 256 2942 ‹‹
290 2896 576 2954 Salomon
598 2902 800 2955 autem
823 2906 949 2957 erat
974 2902 1034 2957 in
1059 2903 1281 2960 ditione
1300 2921 1429 2973 sua,
1450 2906 1683 2963 habens
1697 2924 1824 2964 om-

2016 1770 2042 1798 ι(
2077 1748 2469 1823 Habebatque
2498 1766 2712 1824 pacem
2746 1751 3030 1807 Salomon
3053 1767 3126 1806 ex
3155 1752 3321 1808 omni
3348 1758 3516 1826 parte
3535 1754 3599 1810 in

1944 1858 1973 1886 «
2016 1836 2281 1899 circuitu.
2314 1838 2729 1912 Habitavitque
2751 1839 2907 1896 Juda
2934 1847 2992 1895 et
3043 1840 3225 1896 Israel
3252 1840 3483 1915 absque
3533 1843 3600 1898 ti-

1944 1947 1972 1977 κ
2014 1941 2180 1980 more
2211 1925 2331 1982 ullo
2365 1927 2777 1999 unusquisque
2801 1927 2914 1983 sub
2962 1928 3083 1983 vita
3113 1944 3223 1984 sua
3249 1932 3307 1984 et
3335 1929 3449 1985 sub
3476 1929 3599 1987 ﬁcu

1941 2034 1970 2061 «
2013 2030 2143 2084 sua,
2170 2030 2205 2070 a
2238 2018 2361 2070 Dan
2387 2032 2579 2087 usque
2614 2015 2920 2083 Bersabee,
2951 2017 3178 2072 cunctis
3198 2016 3413 2087 diebus
3437 2017 3599 2073 Salo-

1938 2121 1969 2155 ‹
2011 2103 2226 2157 monis.
2254 2125 2280 2151 »
2328 2103 2509 2158 Isaias
2551 2119 2795 2175 quoque
2845 2104 2920 2160 de
2964 2104 3355 2176 Redemptore
3386 2108 3594 2160 nostro

1934 2189 2018 2246 ita
2047 2190 2221 2245 dicit:
2252 2191 2766 2260 Multiplicabitur
2794 2194 2922 2261 ejus
2964 2192 3278 2261 imperium
3334 2198 3388 2248 et
3419 2194 3595 2261 paci:

1937 2294 2057 2335 non
2088 2281 2200 2334 erit
2228 2280 2367 2348 ﬁm‘s
2391 2280 2533 2350 (Isa.
2564 2281 2664 2352 ιχ).
2697 2279 2810 2335 sub
2840 2281 3013 2351 cujus
3038 2278 3386 2335 defensione
3414 2296 3593 2336 veru

1931 2370 1957 2424 J
1967 2368 2086 2423 uda
2107 2373 2163 2424 et
2187 2384 2361 2424 verus
2391 2367 2570 2423 Israel
2598 2368 2828 2441 absque
2862 2367 3070 2424 timore
3117 2366 3238 2423 ullo
3274 2367 3588 2426 habitant:

1934 2473 2073 2513 cum
2118 2455 2400 2512 cordibus
2429 2456 2637 2513 erectis
2674 2456 2754 2512 ad
2784 2456 3126 2525 Dominum,
3159 2460 3376 2513 cuncta
3412 2459 3593 2513 terre-

1933 2560 2013 2601 na
2045 2544 2397 2618 despiciunt,
2428 2560 2538 2601 nec
2588 2544 2852 2601 hostium
2902 2544 3097 2602 minas
3143 2544 3591 2617 pertimescunt,

1932 2632 2037 2688 sed
2071 2632 2129 2688 in
2160 2632 2445 2688 laudibus
2478 2632 2577 2688 Dei
2623 2632 2845 2703 jugiter
2872 2635 3273 2705 perseverant,
3296 2631 3594 2688 delectan-

1934 2726 2016 2776 tes
2045 2721 2101 2776 iu
2137 2721 2327 2791 gratia
2374 2719 2475 2775 Dei
2506 2724 2564 2775 et
2587 2719 2904 2776 dulcedine
2932 2718 3256 2790 charitatis,
3284 2735 3472 2791 quam
3500 2720 3591 2777 in-

1930 2813 2231 2865 cessanter
2260 2807 2487 2865 habent
2527 2808 2607 2864 ad
2656 2807 2978 2864 Dominum
3031 2811 3087 2863 et
3114 2807 3194 2863 ad
3223 2808 3589 2880 proximum.

2004 2920 2029 2946 ‹‹
2062 2897 2330 2953 Habebat
2361 2896 2647 2953 Salomon
2673 2895 3079 2968 quadraginta
3096 2894 3283 2950 millia
3299 2895 3594 2968 praesepia

165 3003 192 3029 κ
228 2983 325 3038 nia
351 3001 547 3056 regna
586 3003 623 3042 ει
681 2986 929 3045 ﬂumine
961 2994 1128 3047 terra;
1181 2994 1480 3061 philistjm,
1514 3012 1707 3069 utque
1743 2996 1817 3053 ad
1855 3026 1895 3080 ε
1929 3009 1956 3035 ‹‹
1990 3002 2283 3058 equorum
2342 2984 2670 3050 currilium,
2717 2988 2774 3040 et
2801 2983 3121 3039 duodecim
3152 2983 3338 3040 millia
3380 2999 3591 3056 eques-

164 3090 188 3117 οι
228 3074 548 3129 terminum
595 3076 861 3148 Egypti,
895 3078 1270 3136 offerentium
1312 3082 1421 3138 sibi
1460 3100 1735 3155 munera,
1766 3090 1823 3141 et

162 3176 190 3209 ‹
228 3162 614 3218 servientium
665 3165 740 3227 ei,
791 3168 1020 3223 cunctis
1079 3168 1292 3225 diebus
1341 3171 1473 3226 vitae
1514 3172 1723 3242 ejus.»
1756 3175 1823 3228 Et

160 3248 293 3318 quis
344 3251 407 3304 in
450 3251 572 3307 hoc
620 3253 832 3310 melius
877 3256 1249 3325 signiﬁcatur
1288 3276 1473 3331 quam
1532 3260 1820 3316 Paciﬁcus

161 3341 387 3405 noster,
416 3354 602 3409 quem
640 3343 1063 3413 przetigurabat
1112 3346 1273 3402 idem
1326 3347 1606 3404 Salomon
1622 3349 1648 3403 ‘?
1689 3350 1820 3421 Ipse

166 3422 331 3477 enim
356 3425 563 3481 omnia
591 3443 762 3499 regna
786 3438 954 3487 terra!
987 3448 1021 3488 a
1059 3433 1199 3489 solis
1229 3440 1362 3490 ortu
1394 3451 1585 3507 usque
1615 3436 1696 3492 ad
1726 3452 1822 3493 oc-

165 3526 394 3575 casum,
432 3513 496 3569 in
529 3516 739 3574 ditione
772 3536 884 3576 sua
908 3521 1110 3588 habet,
1144 3528 1201 3578 et
1228 3522 1576 3579 dominatur
1605 3525 1821 3599 (Scrip-

172 3603 296 3654 tura
327 3605 483 3671 teste)
515 3624 532 3655 ι
560 3620 596 3660 a
647 3608 799 3663 mari
850 3625 1042 3682 usque
1074 3611 1152 3667 ad
1184 3628 1369 3677 mare,
1409 3617 1465 3668 et
1493 3628 1531 3668 a
1569 3614 1818 3670 ﬂumine

168 3702 351 3759 usque
395 3691 475 3747 ad
535 3697 819 3751 terminos
871 3698 1034 3754 orbis
1087 3704 1257 3755 terrae
1306 3702 1517 3768 (Eccli.
1560 3704 1738 3775 χιιι).
1788 3724 1816 3753 ››

178 3776 291 3870 ιι)Ξί
330 3780 575 3838 serviunt
624 3799 838 3840 omnes
876 3787 1106 3860 populi,
1146 3794 1204 3844 et
1249 3790 1439 3845 tribus
1471 3795 1529 3846 et
1572 3790 1812 3870 lingua,

182 3860 463 3922 offerentes
492 3871 545 3925 ei
592 3871 815 3928 scilicet
854 3891 1109 3931 munera
1151 3883 1323 3932 rectae
1350 3878 1490 3933 ﬁdei
1537 3883 1593 3934 et
1630 3860 1817 3936 bono;

173 3965 290 4007 rum
337 3971 610 4028 operum.
668 3983 693 4009 «
730 3964 938 4031 Reges,
990 3964 1201 4036 inquit,
1237 3965 1477 4020 Tharsis
1511 3971 1567 4021 et
1605 3966 1814 4023 insulae

158 4053 394 4100 munera
423 4046 683 4103 offerent
709 4066 721 4103 :
756 4065 926 4118 reges
958 4056 1032 4106 Ar
1056 4053 1221 4107 abum
1249 4058 1306 4108 et
1333 4053 1493 4109 Saba
1523 4053 1685 4110 dona
1710 4055 1815 4111 ab-

153 4127 374 4189 ducent.
408 4137 472 4190 Et
522 4136 868 4193 adorabunt
923 4156 1061 4195 eum
1118 4157 1332 4197 omnes
1382 4147 1571 4208 terrae,
1603 4158 1813 4199 omnes

150 4225 339 4284 gentes
365 4223 641 4280 servient
677 4225 727 4281 ei
762 4227 954 4286 (I’sal.
980 4235 1146 4295 Lxxi).
1184 4252 1214 4279 ››
1238 4230 1410 4296 Quod
1441 4238 1641 4287 autem
1671 4231 1813 4287 sub-

144 4306 287 4364 ditur
316 4336 343 4359 ε
371 4303 620 4369 cunctis
650 4314 865 4371 diebus
896 4316 1025 4373 vitae
1058 4318 1253 4388 ejus,»
1286 4320 1400 4375 hoc
1422 4325 1511 4376 est
1537 4320 1597 4375 in
1631 4337 1813 4377 saecu-

137 4392 248 4452 lum
275 4418 394 4456 saec
411 4401 515 4461 uli.
546 4404 689 4475 quia
718 4404 843 4476 ipse
871 4406 1243 4476 permanebit
1275 4423 1533 4480 semper,
1567 4410 1812 4480 etregni

135 4488 252 4557 ejus
297 4508 433 4548 non
489 4492 603 4547 erit
634 4492 789 4562 tinis,
840 4497 1090 4568 ejusque
1141 4502 1404 4569 potestas
1448 4505 1534 4555 est
1565 4504 1809 4571 aeterna,

134 4579 290 4647 cujus
320 4581 479 4637 anni
515 4594 644 4636 non
672 4582 972 4640 deﬁcient.

196 4690 218 4716 κ
245 4672 384 4726 Erat
415 4675 637 4725 autem
678 4670 847 4726 cibus
877 4671 1213 4729 Salomonis
1245 4691 1350 4747 per
1382 4675 1652 4746 singulos
1683 4677 1812 4734 dies

128 4773 153 4800 α
191 4756 491 4828 tringinta
530 4757 698 4812 chori
749 4759 982 4828 similae,
1015 4767 1070 4818 et
1119 4765 1427 4832 sexaginta
1472 4764 1638 4820 chori
1676 4765 1812 4822 fari-

124 4864 147 4891 ι
187 4861 311 4903 nae:
336 4847 574 4903 decem
608 4845 794 4902 boves
815 4848 1092 4920 pingues,
1120 4855 1176 4906 et
1220 4851 1423 4920 viginti
1452 4852 1637 4908 boves
1675 4869 1813 4925 pas-

124 4950 150 4980 ‹
187 4935 420 5003 cuales,
451 4941 519 4991 et
543 4940 783 4991 centum
809 4937 1044 5005 arietes,
1078 4946 1323 5012 excepta
1347 4941 1663 4996 venatione
1686 4957 1809 4997 cer-

122 5040 149 5066 α
189 5038 433 5093 verum,
496 5027 559 5077 et
612 5038 990 5095 caprearum,
1050 5031 1229 5098 atque
1293 5027 1688 5097 bubalorum,
1750 5032 1809 5085 et

121 5129 146 5155 α
184 5112 395 5169 avium
434 5110 724 5167 altiliuvzi.
758 5116 887 5185 Ipse
909 5113 1063 5168 enim
1111 5114 1418 5171 obtinebat
1443 5133 1687 5173 omnem
1718 5133 1806 5173 re-

124 5214 152 5245 ‹
188 5199 437 5268 gionem
475 5215 621 5270 qum
676 5206 802 5254 erat
833 5206 994 5254 trans
1027 5202 1270 5272 tlumcn,
1295 5204 1475 5275 quasi
1504 5220 1539 5260 a
1564 5206 1804 5279 Thapsa

124 5308 147 5331 σι
186 5303 407 5361 usque,
446 5293 571 5344 etc.
605 5308 633 5335 ››
666 5287 819 5351 Quid
848 5304 991 5359 ergo
1020 5289 1189 5346 cibus
1228 5291 1336 5347 iste
1369 5292 1703 5350 Salomonis
1730 5295 1800 5350 si-

120 5376 385 5448 gniﬁcat,
413 5375 547 5432 nisi
579 5376 959 5433 refectionem
991 5381 1145 5448 regis
1167 5382 1353 5436 nostri
1378 5382 1520 5437 Jesu
1546 5382 1802 5446 Christi?

118 5467 209 5534 qui
242 5468 411 5522 bene
444 5465 725 5537 pascitur
740 5471 899 5520 recta
914 5465 1030 5521 ﬁde
1058 5472 1113 5522 et
1129 5469 1410 5540 operibus
1439 5469 1634 5540 bonis,
1665 5486 1798 5542 quae

119 5550 189 5606 illi
217 5555 517 5626 quotidie
572 5552 906 5609 offeruntur
942 5555 1020 5610 ab
1053 5557 1310 5612 Ecclesia
1339 5557 1650 5614 catholica.
1682 5557 1800 5615 Tri-

118 5641 277 5710 ginta
296 5659 476 5713 ergo
508 5641 679 5701 chori
715 5641 923 5699 similae
964 5648 1219 5717 possunt
1247 5645 1581 5721 exprimere
1609 5646 1794 5704 ﬁdem

1931 3099 1958 3125 ‹‹
2000 3075 2199 3141 trium,
2227 3074 2687 3145 uutriebantque
2740 3089 2842 3128 eos
2888 3071 3215 3145 supradicti
3254 3072 3411 3142 regis
3439 3089 3590 3145 prte-

1929 3187 1956 3214 ‹‹
2000 3163 2154 3219 fecti.
2202 3185 2229 3210 ››
2281 3162 2432 3226 Quid
2478 3177 2584 3232 per
2638 3160 3172 3233 quadragenarum
3229 3175 3585 3228 numerum;

1928 3253 2037 3307 nisi
2088 3255 2359 3322 tempora
2404 3248 2554 3317 legis
2613 3248 2823 3321 priscae
2875 3247 3312 3317 designantur?
3343 3247 3495 3313 Quia
3532 3251 3590 3303 et

1927 3345 2156 3413 Moyses
2178 3338 2339 3394 illam
2371 3343 2723 3410 accepturus
2764 3335 3168 3413 quadraginta
3197 3335 3410 3392 diebus
3430 3336 3587 3406 jeju-

1926 3430 2110 3499 navit,
2139 3434 2194 3484 et
2218 3427 2479 3502 populus
2511 3426 2885 3495 Israeliticus,
2917 3425 3019 3499 qui
3043 3441 3149 3497 per
3177 3441 3312 3481 eam
3337 3425 3589 3481 instrue-

1924 3521 2123 3586 batur,
2163 3516 2569 3590 quadraginta
2606 3515 2783 3571 annis
2827 3515 2888 3570 in
2924 3530 3126 3570 eremo
3160 3513 3398 3569 mansit.
3428 3517 3587 3570 Duo-

1925 3607 2206 3664 denarius
2231 3621 2373 3660 vero
2403 3620 2691 3660 numerus
2722 3619 2986 3675 praesens
3010 3608 3247 3674 tempus
3288 3601 3588 3672 signiﬁcat

1923 3698 1984 3753 in
2014 3712 2137 3769 quo
2164 3694 2491 3767 apostolica
2534 3692 2805 3748 doctrina
2832 3692 2978 3748 Novi
3006 3690 3363 3747 Testamenti
3393 3706 3587 3763 popu-

1921 3786 2050 3841 lum
2068 3783 2290 3839 nutriit.
2312 3785 2461 3837 Bene
2477 3796 2721 3853 quoque
2742 3795 2848 3852 per
2867 3778 3438 3853 quadragenarium,
3464 3777 3584 3835 sive

1919 3872 2359 3929 duodenarium
2383 3885 2725 3936 numerum,
2746 3867 3040 3940 praesepia
3077 3882 3374 3940 equorum
3420 3865 3582 3923 Salo-

1920 3961 2120 4019 monis
2148 3962 2573 4025 numerantur;
2604 3956 2749 4029 quia
2768 3956 2830 4011 in
2868 3961 3122 4029 utroque
3142 3954 3369 4028 populo
3400 3951 3582 4024 legali

1922 4049 2197 4107 videlicet
2223 4052 2280 4102 et
2304 4044 2674 4115 evangelica,
2706 4043 2788 4099 illi
2818 4044 2923 4117 qui
2960 4044 3161 4100 minus
3188 4042 3579 4113 intelligentes

1922 4140 2180 4203 fuerunt,
2214 4136 2291 4192 ad
2320 4134 2616 4208 praesepia
2646 4138 2993 4189 sanctarum
3023 4132 3465 4205 Scripturarum
3493 4132 3583 4187 in-

1920 4229 2201 4295 vitantur,
2236 4230 2298 4280 ut
2329 4223 2625 4298 pabulum
2666 4222 2749 4278 ibi
2792 4237 2977 4278 sacrae
3026 4221 3311 4278 doctrinae
3343 4221 3579 4293 accipe-
3662 4216 3677 4223 “

1918 4322 2067 4387 rent,
2100 4322 2397 4389 quatenus
2436 4312 2722 4386 equitatui
2771 4311 2994 4367 summi
3027 4310 3185 4382 regis
3211 4310 3442 4366 habiles
3474 4309 3579 4368 ﬁe-

1918 4411 2076 4473 rent;
2111 4427 2137 4454 ‹‹
2159 4403 2622 4475 uutriebantque
2651 4417 2753 4457 eos
2778 4400 3107 4474 supradicti
3136 4399 3290 4469 regis
3334 4398 3577 4470 praefec-

1918 4519 1945 4546 ‹‹
1980 4495 2058 4562 ti;
2092 4510 2229 4549 cum
2280 4491 2700 4564 unusquisque
2752 4490 3087 4555 doctorum,
3112 4501 3390 4544 sermone
3430 4485 3574 4541 ﬁdei

1915 4590 1973 4640 et
2001 4582 2277 4656 exemplo
2301 4581 2479 4637 bonae
2526 4578 2912 4652 operationis,
2945 4575 3161 4643 satagit
3186 4577 3431 4644 pastum
3454 4570 3570 4628 illis

1919 4672 2224 4728 salubrem
2246 4669 2534 4733 conferre,
2563 4665 2725 4722 unde
2747 4664 3125 4735 subsequens
3165 4660 3465 4733 Scriptura
3494 4658 3570 4716 de

1917 4762 2000 4817 eis
2026 4760 2205 4815 dicit:

1987 4871 2014 4899 ‹‹
2043 4847 2155 4903 Sed
2180 4851 2237 4901 et
2254 4845 2595 4900 necessaria
2618 4857 2842 4899 mensa:
2872 4838 3027 4909 regis
3051 4835 3409 4908 Salomonis,
3428 4852 3569 4894 cum

1917 4960 1943 4988 ι(
1986 4934 2210 5006 ingenti
2244 4948 2389 4988 cura
2426 4931 2780 5005 praebebant
2805 4932 3074 5001 tempore
3105 4943 3235 4983 suo.
3266 4925 3570 4983 Hordeum

1915 5049 1940 5076 (ι
1984 5039 2228 5098 quoque
2258 5027 2315 5078 et
2339 5020 2542 5094 paleas
2571 5034 2867 5093 equorum
2897 5021 2954 5074 et
2973 5018 3385 5088 jumentorum
3410 5014 3568 5071 defe-

1913 5138 1940 5165 ‹‹
1981 5114 2195 5171 rebant
2224 5112 2284 5168 in
2312 5111 2536 5177 locum,
2559 5109 2663 5165 ubi
2692 5112 2819 5164 erat
2841 5124 2944 5163 rex
2977 5107 3152 5177 juxta
3177 5105 3564 5162 constitutum

1911 5228 1939 5256 ‹‹
1983 5203 2119 5261 sibi.
2152 5225 2180 5253 «
2210 5202 2358 5268 Quia
2388 5216 2461 5257 ne
2486 5199 2634 5273 quid
2664 5197 2816 5255 desit
2841 5197 2935 5254 his
2963 5196 3068 5269 qui
3106 5195 3166 5251 in
3196 5195 3381 5251 domo
3410 5193 3566 5263 regis

1907 5298 2175 5363 manent,
2201 5296 2355 5348 totus
2376 5290 2524 5346 ordo
2549 5291 2897 5346 sanctorum
2917 5286 3404 5361 praedicatorum,
3429 5282 3567 5339 scri-

1905 5382 2109 5440 bendo
2132 5381 2352 5437 scilicet
2380 5384 2437 5436 et
2486 5377 2794 5452 loquendo
2822 5376 3078 5440 laborat,
3118 5378 3185 5430 ut
3214 5388 3427 5430 mensa
3456 5372 3567 5427 Do-

1908 5470 2056 5528 mini
2086 5469 2432 5525 abundetin
2463 5467 2637 5541 copia
2659 5466 2972 5534 librorum,
3004 5468 3059 5520 et
3090 5463 3399 5518 decentem
3428 5475 3567 5533 pas—

1908 5564 2037 5616 tum
2064 5558 2201 5614 inde
2227 5557 2490 5614 habeant
2518 5555 2742 5630 quique
2772 5554 3061 5610 ﬁdelium.

1978 5670 2008 5699 ‹‹
2042 5646 2210 5703 Dedit
2250 5661 2495 5722 quoque
2548 5648 2704 5702 Deus
2733 5642 3090 5717 sapientiam
3145 5636 3472 5707 Salomoni,
3502 5636 3560 5715 βξ
