4102 6184
462 250 464 252 ν
544 177 652 230 ιοε
1653 167 2010 226 ANGELOMI
2051 168 2082 222 ι

2324 169 2524 227 ENSlS
2563 171 2874 228 MONACHI
3853 177 3938 232 404

551 320 582 351 ι(
622 298 1005 371 prudentiam
1021 294 1274 350 multam
1301 293 1499 362 nimis,
1519 293 1956 348 etlatitudinem
1982 291 2199 358 cordis,
2227 292 2278 348 A
2317 297 2371 349 et
2425 311 2532 366 per
2563 295 2744 351 David
2775 295 3025 351 dicitur:
3065 318 3092 343 «
3128 297 3251 349 Vox
3281 295 3514 350 Domini
3543 296 3940 368 confringentis

556 405 584 434 κ
626 383 801 454 quasi
835 395 1079 436 arenam
1103 395 1238 450 quae
1267 378 1430 432 estin
1457 378 1645 432 littore
1673 377 2206 448 maris.EtpréBce-
2314 381 2525 436 cedros
2558 384 2745 448 (Psal.
2805 387 3015 454 xxvni).
3051 405 3078 431 ιι
3132 385 3178 436 Α
3230 382 3407 438 cedro
3457 383 3660 456 itaque
3705 386 3939 442 Christus

552 494 580 523 «
626 471 808 525 debat
837 467 1127 540 sapientia
1169 466 1505 522 Salomonis
1543 467 1901 538 sapientiam
1933 467 2204 522 omnium
2313 486 2504 543 usque
2536 471 2614 526 ad
2644 472 2977 544 hyssopum
3008 471 3296 544 disputat,
3329 471 3473 544 quia
3502 472 3635 545 ipse
3681 475 3938 547 superbo-

551 589 582 618 α
624 558 1014 622 Orientalium
1064 560 1119 611 et
1148 555 1592 627 IEgyptiorum,
1627 560 1682 612 et
1729 561 1854 612 erat
1886 555 2207 628 sapientior
2313 575 2448 614 rum
2475 560 2660 616 corda
2686 561 3076 616 ethumilium
3101 561 3348 631 judicat.
3373 562 3560 634 Super
3587 561 3749 633 ligna
3769 568 3936 621 autem

552 679 583 709 «
625 651 852 712 cunctis
895 644 1263 702 hominibus.
1298 645 1630 717 Sapientior
1672 647 1858 701 Ethan
1891 647 2128 706 Ezraite.
2153 650 2208 700 et
2315 649 2660 721 disputavit,
2705 649 2853 706 dum
2900 651 2957 705 in
2985 667 3158 706 cruce
3188 650 3490 723 pependit.
3523 654 3685 706 Tunc
3721 654 3864 709 enim
3890 654 3937 710 in

555 765 586 800 ι
625 745 856 798 Heman
885 739 939 790 et
965 733 1201 804 Chacal,
1236 739 1290 789 et
1341 734 1538 789 Dorda
1569 735 1703 790 filiis
1734 734 1944 792 Mahol.
1982 757 2008 784 ››
2044 733 2208 788 Dedit
2315 737 2493 792 cedro
2533 738 2732 794 saeculi
2786 738 3192 807 arrogantiam
3217 738 3530 808 judicavit.
3575 741 3765 805 Quam
3788 742 3935 797 etiam

550 833 752 902 itaque
770 830 926 881 Deus
953 823 1258 879 Salomoni
1278 827 1485 878 nostro
1504 823 1856 895 sapientiam
1881 823 2209 895 etpruden-
2315 843 2508 898 usque
2551 827 2628 883 ad
2676 828 2926 899 hyssopi
2972 827 3389 894 humilitatem,
3422 827 3484 881 id
3529 833 3617 883 est
3653 845 3832 902 usque
3876 829 3934 885 ad

550 921 717 989 tiam,
747 916 900 972 ultra
929 929 1142 969 omnes
1194 913 1466 968 homines
1497 918 1551 968 et
1578 929 1820 968 omnem
1871 918 2206 969 creaturam
2316 915 2508 970 crucis
2541 915 2954 984 stultitiam,ad
2977 915 3485 987 contemptibilem
3507 932 3829 973 sermonem
3854 923 3936 972 de-

547 1003 994 1069 rationabilem;
1019 1001 1094 1056 de
1121 1017 1242 1073 quo
1273 1003 1534 1056 Joannes
1561 1001 1737 1057 dicit:
1773 1025 1801 1051 «
1831 1004 2018 1067 Quem
2045 1000 2206 1055 enim
2315 1005 2484 1060 duxit
2511 1004 2668 1062 fidei.
2703 1005 2844 1062 Hinc
2886 1006 3106 1061 Paulus
3159 1005 3268 1060 ait:
3305 1028 3333 1054 ‹‹
3365 1005 3630 1061 Verbum
3657 1007 3803 1062 enim
3831 1023 3938 1063 cru-

551 1095 712 1152 misit
741 1097 915 1161 Deus,
961 1091 1213 1147 verbum
1265 1090 1366 1146 Dei
1417 1091 1718 1162 loquitur;
1752 1107 1874 1146 non
1927 1090 2089 1145 enim
2129 1089 2204 1145 ad
2315 1093 2398 1148 cis
2424 1094 2813 1165 pereuntibus
2845 1094 3090 1166 quidem
3111 1093 3354 1150 stultitia
3385 1099 3496 1160 est,
3529 1094 3620 1150 his
3649 1101 3830 1151 autem
3850 1095 3934 1168 qui

549 1199 905 1242 mensuram
929 1181 1034 1238 dat
1055 1182 1209 1236 Deus
1242 1181 1549 1252 spiritum;
1585 1183 1751 1236 Pater
1780 1180 1970 1248 diligit
1999 1181 2206 1236 Filium
2317 1183 2460 1238 salvi
2486 1182 2655 1249 ﬁunt,
2688 1184 2749 1239 id
2778 1189 2869 1240 est
2898 1184 3091 1253 nobis,
3125 1184 3312 1239 virtus
3345 1183 3443 1239 Dei
3480 1189 3570 1240 est
3600 1185 3654 1254 (Ι
3676 1187 3796 1241 Cor.
3830 1189 3886 1254 ι).
3911 1207 3932 1232 ››

552 1281 610 1333 et
637 1274 844 1332 omnia
867 1271 1030 1328 dedit
1054 1271 1116 1326 in
1144 1286 1331 1326 manu
1375 1270 1505 1340 ejus
1542 1271 1740 1336 (Joan.
1774 1275 1876 1336 ιιι).
1910 1292 1936 1318 ››
1972 1273 2035 1325 Et
2065 1269 2208 1325 alibi
2317 1271 2613 1344 Scriptum
2645 1277 2733 1329 est
2758 1273 2953 1329 enim:
2998 1294 3022 1323 ιι
3053 1273 3302 1328 Perdam
3336 1273 3684 1345 sapientiam
3725 1273 3935 1345 sapien-

553 1367 689 1439 ipsa
717 1363 941 1419 Veritas
969 1361 1146 1416 dicit:
1192 1379 1221 1411 ‹
1252 1359 1411 1415 Sicut
1435 1358 1595 1413 enim
1626 1362 1790 1414 Pater
1816 1359 1999 1415 habet
2027 1359 2207 1415 vitam
2320 1362 2488 1428 tium,
2522 1367 2578 1417 et
2606 1362 2988 1434 prudentiam
3048 1362 3434 1434 prudentium
3468 1361 3784 1435 reprobabo
3809 1363 3930 1430 (Ita.

552 1456 616 1512 in
647 1453 988 1524 semetipso,
1011 1451 1094 1505 sic
1115 1448 1279 1504 dedit
1306 1452 1363 1503 et
1394 1447 1533 1503 Filio
1567 1447 1748 1503 vitam
1774 1449 1993 1504 habere
2024 1449 2085 1503 in
2126 1463 2211 1503 se-
2321 1452 2495 1521 χχιχ).
2532 1474 2558 1499 ››
2591 1453 2656 1506 Et
2687 1451 2869 1522 paulo
2909 1455 3077 1522 post:
3114 1473 3140 1501 «
3173 1454 3319 1507 Nam
3353 1451 3501 1522 quia
3525 1452 3583 1507 in
3615 1451 3705 1506 Dei
3733 1450 3934 1523 sapien-

556 1543 842 1615 metipso:
895 1544 952 1596 et
978 1541 1332 1612 potestatem
1364 1535 1527 1591 dedit
1570 1536 1622 1591 ei
1667 1536 1962 1606 judicium
1994 1537 2210 1606 facere,
2321 1540 2400 1595 tia
2454 1555 2576 1594 non
2627 1541 2907 1609 cognovit
2950 1539 3214 1595 mundus
3240 1556 3347 1611 per
3379 1541 3728 1612 sapientiam
3760 1543 3930 1603 Deum,

555 1634 702 1706 quia
716 1631 876 1686 ﬁlius
897 1628 1158 1685 hominis
1174 1631 1264 1681 est
1288 1629 1484 1693 (Joan.
1512 1631 1626 1694 v).»
1653 1627 1792 1682 Hinc
1805 1627 2022 1682 Paulus
2040 1643 2215 1698 apos-
2243 1643 2283 1698 Β
2320 1628 2543 1700 placuit
2574 1631 2691 1683 Deo
2719 1646 2826 1701 per
2858 1629 3167 1684 stultitiam
3192 1629 3640 1700 praedicationis
3671 1629 3848 1684 salvos
3868 1626 3930 1682 ia-

557 1721 715 1778 tolus
741 1719 823 1776 ait
850 1719 924 1774 de
953 1719 1086 1790 ipso
1127 1716 1379 1772 Domino
1409 1714 1668 1771 Christo:
1700 1740 1726 1766 λ
1761 1715 1871 1780 Qui
1897 1721 1984 1771 est
2008 1717 2212 1785 imago
2325 1733 2456 1772 cere
2488 1717 2794 1772 credentes
2827 1718 2884 1787 (Ι
2912 1718 3040 1773 Cor.
3072 1718 3132 1788 ι).
3160 1738 3187 1765 ››

558 1810 662 1865 Dei
682 1807 1011 1874 invisibilis,
1044 1805 1478 1878 primogenitus
1503 1805 1699 1860 omnis
1729 1810 2012 1861 creatura:
2034 1825 2046 1872 ;
2070 1806 2216 1878 quia
2396 1829 2424 1856 ‹‹
2459 1809 2525 1863 Et
2548 1808 2822 1864 disseruit
2845 1808 3128 1864 Salomon
3157 1807 3230 1862 de
3247 1808 3543 1878 jumentis
3567 1813 3619 1863 et
3639 1805 3923 1863 volucribus

558 1900 622 1956 in
646 1900 778 1972 ipso
807 1897 1048 1954 condita
1070 1900 1208 1952 sunt
1242 1896 1540 1962 universa,
1575 1895 1633 1950 in
1664 1895 1827 1950 ccelis
1859 1900 1915 1951 et
1944 1897 2005 1951 in
2038 1901 2210 1966 terra,
2327 1916 2358 1949 ‹
2397 1901 2453 1951 et
2514 1895 2822 1968 reptilibus
2877 1901 2933 1950 et
2979 1895 3265 1968 piscibus.
3302 1917 3329 1944 ››
3364 1895 3645 1952 Disseruit
3696 1895 3918 1951 Salomon

557 1987 812 2044 visibilia
841 1991 897 2042 et
924 1985 1265 2056 invisibilia,
1295 1985 1421 2039 sive
1453 1985 1670 2051 throni,
1706 1985 1828 2040 sive
1861 1984 2220 2042 dominatio-
2327 1989 2529 2040 noster
2553 1985 2628 2039 de
2654 1985 2902 2054 singulis
2933 1984 3246 2056 speciebus
3272 1985 3658 2040 animalium:
3687 1984 3814 2056 quia
3833 1997 3925 2037 om-

560 2092 692 2141 nes,
727 2077 850 2132 sive
893 2074 1283 2148 principatus,
1327 2075 1445 2129 sive
1491 2078 1831 2146 potestates.
1871 2075 2086 2131 Omnia
2114 2092 2222 2148 per
2330 2075 2431 2130 nia
2461 2074 2625 2129 nuda
2669 2078 2726 2129 et
2772 2079 2978 2146 aperta
3022 2078 3160 2128 sunt
3187 2073 3374 2129 oculis
3405 2073 3556 2144 ejus,
3583 2089 3685 2130 nec
3725 2078 3804 2128 est
3837 2069 3929 2125 ulla

571 2167 775 2240 ipsum
805 2169 862 2221 et
883 2165 943 2220 in
974 2164 1111 2237 ipso
1143 2168 1340 2220 creata
1373 2165 1530 2229 sunt,
1565 2168 1621 2218 et
1650 2163 1776 2236 ipse
1807 2169 1895 2219 est
1933 2169 2069 2220 ante
2099 2181 2226 2221 om-
2332 2169 2602 2219 creatura
2650 2162 2962 2218 invisibilis
3006 2163 3066 2217 in
3109 2167 3436 2234 conspectu
3483 2163 3626 2234 ejus.
3658 2167 3772 2234 Ipse
3797 2158 3932 2215 novit

563 2271 697 2325 nes,
725 2259 783 2310 et
833 2254 1039 2310 omnia
1089 2253 1150 2310 in
1180 2253 1315 2326 ipso
1345 2257 1642 2319 constant,
1676 2257 1731 2308 et
1771 2254 1900 2326 ipse
1927 2259 2014 2310 est
2043 2271 2228 2329 caput
2334 2270 2543 2310 omnes
2570 2253 2956 2323 cogitationes
2987 2252 3326 2308 hominum.
3361 2257 3491 2324 Ipse
3515 2255 3767 2308 numerat
3802 2246 3930 2304 mul-

567 2344 837 2416 corporis
867 2343 1159 2413 Ecclesiae,
1191 2343 1293 2415 qui
1326 2347 1416 2398 est
1460 2342 1822 2414 principium
1864 2343 2227 2414 primogeni-
2335 2343 2616 2400 titudincs
2640 2342 2964 2407 stellarum,
2993 2342 3104 2415 ipsi
3135 2345 3297 2415 patet
3327 2342 3597 2414 abyssus,
3625 2345 3676 2395 et
3696 2339 3929 2394 infernus

567 2438 666 2490 tus
698 2449 769 2488 ex
815 2435 1101 2488 mortuis:
1145 2437 1210 2487 ut
1237 2433 1311 2486 sit
1341 2433 1467 2504 ipse
1495 2432 1554 2486 in
1586 2431 1870 2486 omnibus
1899 2433 2224 2504 primatum
2334 2448 2455 2487 non
2489 2436 2576 2486 est
2605 2431 2993 2488 absconditus
3024 2447 3229 2486 coram
3263 2447 3354 2486 eo.
3387 2432 3556 2496 Quasi
3584 2430 3720 2482 enim
3741 2425 3923 2494 dispu-

572 2525 802 2590 tenens,
835 2521 980 2592 quia
1008 2522 1067 2576 in
1098 2521 1231 2592 ipso
1263 2520 1625 2591 complacuit
1643 2537 1886 2576 omnem
1919 2521 2230 2594 plenitudi-
2333 2524 2456 2576 tare
2513 2520 2700 2591 ipsius
2752 2524 2858 2587 est,
2894 2537 3030 2576 cum
3078 2520 3445 2590 singulorum
3472 2517 3730 2572 rationem
3764 2509 3921 2566 nobis

577 2624 720 2665 nent
751 2608 1072 2665 divinitatis
1116 2609 1452 2664 inhabitare
1485 2609 1890 2680 corporaliter,
1932 2612 2069 2666 etin
2096 2611 2226 2684 ipso
2334 2609 2634 2681 proponit,
2665 2612 2720 2665 et
2767 2609 2826 2664 in
2864 2608 3178 2680 Scripturis
3238 2609 3353 2663 suis
3405 2604 3696 2660 manifesta
3742 2614 3926 2655 sacra-

571 2700 712 2753 sunt
743 2712 954 2752 omnes
984 2697 1245 2753 thesauri
1277 2698 1580 2769 sapientiae
1611 2703 1665 2753 et
1691 2698 1946 2753 scientiae
1975 2698 2225 2753 abscon-
2333 2702 2535 2753 menta
2565 2713 2697 2768 quae
2729 2697 2968 2752 fuerunt
3009 2697 3356 2752 abscondita
3385 2710 3419 2750 a
3444 2691 3660 2748 saeculis
3686 2694 3739 2745 et
3777 2703 3934 2759 gene-

573 2785 679 2843 diti
712 2787 925 2858 (Colos.
949 2802 987 2854 ι,
1011 2788 1089 2858 ιι),
1117 2811 1144 2838 ››
1187 2787 1478 2844 Omnibus
1500 2804 1641 2857 ergo
1674 2788 1963 2860 sapientia
1985 2788 2102 2842 veri
2129 2791 2226 2844 Sa-
2333 2785 2684 2851 rationibus,
2723 2791 2785 2840 ut
2812 2785 3259 2841 consideremus
3289 2781 3695 2840 beatitudinem
3722 2776 3933 2848 angelo-

567 2875 827 2932 lomonis
859 2875 1187 2945 antecellit;
1245 2878 1389 2949 quia
1432 2878 1689 2932 multum
1721 2877 1902 2932 distat
1940 2877 2092 2932 inter
2122 2894 2222 2933 eos
2336 2893 2494 2943 rum,
2519 2875 2829 2931 utilitatem
2857 2877 3191 2936 hominum.
3213 2881 3270 2931 et
3295 2873 3660 2930 calliditatem
3681 2869 3936 2938 maligno-

569 2965 675 3038 qui
738 2966 1189 3038 participatione
1246 2967 1551 3039 sapientiae
1610 2968 1906 3039 sapientes
1965 2973 2122 3030 sunt,
2172 2972 2228 3024 et
2257 3000 2297 3055 C
2333 2981 2468 3020 rum
2493 2965 2841 3037 spirituum;
2867 2965 3069 3037 sicque
3100 2964 3265 3037 quod
3297 2964 3523 3020 malum
3548 2967 3631 3018 est
3657 2957 3938 3033 reproban-

569 3055 739 3112 illum
781 3057 885 3129 qui
924 3060 1011 3112 est
1060 3056 1194 3112 fons
1250 3057 1557 3130 sapientiae
1603 3062 1660 3112 et
1697 3055 1866 3125 origo
1917 3056 2222 3113 virtutum.
2271 3053 2293 3055 ί
2333 3058 2458 3121 tes;
2492 3055 2655 3126 quod
2683 3054 2915 3110 bonum
2943 3059 3030 3109 est
3053 3054 3370 3124 eligamus,
3395 3059 3452 3110 et
3470 3053 3658 3126 ipsum
3685 3053 3938 3106 sectemur

571 3145 718 3202 Hinc
749 3152 836 3203 est
862 3147 1009 3203 illud
1033 3147 1198 3220 quod
1230 3146 1528 3220 sequitur:
2335 3159 2570 3215 semper
2591 3144 2848 3198 invicem
2889 3148 2944 3198 et
2965 3143 3024 3198 in
3058 3160 3289 3198 omnes.

645 3256 676 3289 ‹
715 3240 781 3292 Ει
809 3241 934 3294 erat
960 3239 1305 3294 nominatus
1337 3238 1395 3292 in
1453 3235 1739 3292 universis
1787 3237 2062 3305 gentibus
2121 3253 2227 3309 per
2406 3254 2434 3283 ‹‹
2467 3236 2533 3288 Et
2560 3233 2880 3288 veniebant
2905 3233 2980 3287 de
3008 3233 3236 3288 cunctis
3266 3232 3508 3305 populis
3530 3231 3602 3288 ad
3623 3225 3938 3286 audiendam

574 3347 602 3376 «
644 3324 974 3381 circuitum.
1008 3350 1035 3375 ››
1063 3329 1212 3390 Quia
1233 3342 1455 3381 nomen
1479 3326 1607 3395 ejus
1637 3325 1998 3396 praedicatur
2021 3327 2081 3381 in
2098 3326 2226 3380 uni-
2335 3344 2362 3371 ‹‹
2407 3323 2762 3394 sapientiam
2798 3322 3158 3389 Salomonis,
3202 3329 3258 3378 et
3301 3322 3378 3377 ab
3419 3321 3697 3378 universis
3737 3315 3940 3388 regibus

571 3429 747 3468 verso
777 3415 1041 3468 mundo:
1074 3430 1184 3468 nec
1215 3420 1304 3469 est
1338 3429 1556 3469 nomen
1597 3414 1762 3469 aliud
1793 3415 1904 3469 sub
1936 3415 2086 3470 cmlo
2117 3415 2224 3470 da-
2334 3430 2365 3465 «
2405 3416 2594 3478 terras,
2627 3411 2730 3482 qui
2788 3411 3117 3467 audiebant
3175 3411 3530 3484 sapientiam
3569 3411 3703 3481 ejus.
3750 3430 3774 3457 »
3822 3404 3942 3459 Hinc

574 3504 703 3556 tum
747 3501 1094 3556 hominibus
1145 3502 1207 3556 in
1260 3518 1382 3573 quo
1413 3506 1687 3572 oporteat
1713 3519 1824 3558 nos
1857 3503 2054 3559 salvos
2099 3505 2224 3560 ﬁeri
2334 3500 2627 3571 propheta
2687 3501 2866 3556 Isaias
2919 3501 3028 3556 ait:
3083 3521 3113 3553 ‹
3149 3501 3264 3556 Erit
3302 3501 3362 3556 in
3395 3498 3716 3557 novissimis
3758 3493 3944 3550 diebus

573 3587 732 3658 (Act.
769 3593 868 3657 iv).
2332 3593 2707 3659 preparatus
2739 3606 2914 3644 mons
2947 3590 3166 3644 domus
3207 3589 3442 3645 Domini
3481 3590 3538 3644 in
3567 3585 3761 3642 vertice
3796 3592 3944 3636 mon'

649 3695 670 3728 ι
707 3679 961 3734 Locutus
986 3681 1078 3735 est
1104 3695 1346 3752 quoque
1376 3678 1660 3734 Salomon
1690 3679 1799 3735 tria
1830 3679 2016 3735 millia
2045 3696 2223 3753 para-
2336 3677 2504 3742 tium,
2531 3681 2587 3732 et
2617 3677 2943 3734 elevabitur
2970 3694 3149 3751 super
3179 3678 3380 3747 colles,
3422 3682 3476 3733 et
3512 3677 3683 3732 ﬂuent
3717 3669 3787 3726 ad
3812 3683 3938 3724 eum

575 3788 604 3818 «
643 3766 941 3836 bolarum,
971 3773 1026 3824 et
1054 3769 1294 3825 fuerunt
1324 3768 1592 3824 carmina
1640 3769 1769 3840 ejus
1801 3769 2068 3842 quinque
2099 3771 2224 3826 mil-
2335 3781 2546 3820 omnes
2573 3771 2798 3836 gentes,
2819 3773 2874 3822 et
2894 3767 3068 3823 ibunt
3092 3767 3298 3840 populi
3325 3767 3516 3833 multi,
3549 3770 3603 3823 et
3627 3763 3831 3819 dicent:
3850 3757 3946 3810 Ve-

573 3877 602 3909 α
641 3856 742 3914 lia.
773 3881 800 3909 »
841 3857 993 3921 Quid
1046 3859 1206 3915 enim
1254 3875 1362 3931 per
1391 3859 1501 3915 tria
1543 3859 1728 3915 millia
1772 3860 2220 3932 parabolarum,
2335 3855 2473 3920 nite,
2495 3855 2899 3911 ascendamus
2917 3856 2996 3912 ad
3019 3862 3284 3911 montem
3309 3852 3709 3923 Domini,etad
3729 3850 3949 3906 domum

569 3946 685 4002 nisi
733 3947 1040 4019 plenitudo
1098 3948 1238 4004 ﬁdei
1280 3949 1338 4003 in
1398 3947 1527 4019 lege
1587 3954 1641 4004 et
1696 3949 1756 4004 in
1806 3950 2143 4020 Evangeliis
2193 3967 2230 4006 a
2337 3945 2437 4000 Dei
2465 3945 2669 4012 Jacob,
2703 3951 2760 4001 et
2787 3946 3023 4002 docebit
3054 3962 3164 4001 nos
3193 3947 3322 4001 vias
3349 3961 3512 4013 suas,
3549 3951 3604 4001 et
3651 3936 3949 4000 ambulabi-

571 4035 798 4092 Christo
823 4039 1037 4094 tradita
1087 4039 1474 4109 designatur?
1500 4040 1649 4104 Quia
1687 4039 1830 4094 dum
1884 4044 2002 4096 tota
2034 4040 2228 4096 multi-
2337 4050 2476 4089 mus
2504 4035 2565 4089 in
2592 4035 2815 4090 semitis
2847 4037 2974 4105 ejus
3003 4035 3145 4106 quia
3170 4035 3244 4089 de
3275 4035 3412 4091 Sion
3440 4035 3626 4091 exibit
3652 4033 3741 4088 lex
3772 4039 3823 4086 et
3842 4040 3952 4082 ver-

566 4124 796 4198 pliciter
823 4144 930 4200 per
973 4128 1393 4197 allegoriarum
1422 4144 1632 4183 sensus
1659 4128 1771 4182 sub
1792 4130 2080 4200 mysterio
2103 4130 2223 4186 Tri-
2332 4123 2483 4178 bum
2515 4125 2745 4179 Domini
2771 4123 2844 4179 de
2879 4124 3240 4180 Hierusalem
3271 4126 3413 4191 (Isa.
3439 4141 3475 4178 ιι
3485 4146 3522 4196 ).
3548 4144 3580 4179 ι

565 4214 764 4270 uitatis
785 4215 1114 4285 disseritur,
1131 4219 1304 4290 quasi
1328 4217 1436 4272 tria
1452 4217 1614 4272 milia
1627 4217 2053 4288 parabolarum
2071 4236 2221 4275 nun-

565 4307 843 4410 cupatur.
867 4305 1147 4362 Carmina
1181 4310 1385 4405 autem
1429 4307 1559 4410 ejus
1587 4306 1855 4410 quinque
1902 4305 2084 4361 millia
2113 4324 2220 4407 per
2247 4355 2292 4410 Β
2973 4321 3213 4376 CAPUT
3274 4321 3344 4375 V.

563 4393 832 4468 quinque
891 4410 1104 4452 sensus
1154 4395 1419 4467 corporis
1469 4394 1894 4462 intelliguntur,
1925 4411 2079 4466 quos
2110 4398 2217 4468 qui

560 4481 624 4540 in
673 4483 924 4541 diversis
969 4484 1282 4542 virtutibus
1338 4484 1490 4540 bene
1534 4483 1700 4552 rcgit,
1752 4483 1964 4539 beatus
1997 4488 2105 4548 est,
2159 4490 2216 4540 et
2402 4503 2429 4529 «
2471 4480 2812 4536 [Edificavit
2859 4482 3105 4537 domum
3139 4481 3391 4537 Domini.
3428 4503 3454 4531 »
3501 4483 3731 4538 Domus
3763 4473 3960 4535 Domini

557 4588 668 4648 per
704 4589 806 4631 eos
853 4573 1030 4650 quasi
1076 4574 1343 4648 quinque
1374 4571 1561 4628 millia
1594 4571 1844 4627 Domino
1875 4573 2212 4629 carminum
2325 4586 2510 4642 quam
2564 4568 2882 4626 aediﬁcavit
2930 4587 3032 4626 rex
3085 4571 3367 4627 Salomon
3401 4570 3461 4625 in
3509 4568 3887 4627 Hierusalem.
3914 4564 3960 4618 in

557 4664 736 4721 canit.
2323 4658 2585 4730 ﬁguram
2606 4657 2763 4714 facta
2791 4663 2878 4715 est
2903 4665 3123 4716 sancta:
3153 4659 3507 4714 universalis
3540 4658 3963 4727 Ecclesiaa,quw

629 4773 658 4800 «
683 4754 1015 4825 Disputavit
1063 4759 1265 4811 autem
1300 4753 1583 4810 Salomon
1623 4769 1658 4808 a
1689 4751 1867 4807 cedro
1898 4767 2089 4824 usque
2135 4752 2212 4808 ad
2323 4764 2359 4804 a
2378 4748 2574 4820 primo
2604 4747 2789 4804 electo
2821 4765 3011 4821 usque
3035 4749 3111 4804 ad
3144 4748 3419 4803 ultimum
3446 4749 3555 4821 qui
3591 4750 3654 4805 in
3675 4749 3793 4804 ﬁne
3821 4756 3963 4801 mun-

556 4857 588 4885 ‹‹
626 4837 985 4910 hyssopum.
1021 4864 1049 4892 ι»
1077 4843 1246 4899 Cedri
1280 4843 1544 4913 nomine,
1595 4841 1886 4897 celsitudo
1918 4841 2117 4912 gloriae
2149 4842 2207 4896 in
2321 4838 2382 4894 di
2404 4839 2750 4894 nasciturus
2785 4841 2890 4903 est,
2924 4837 3189 4911 quotidie
3220 4853 3327 4910 per
3357 4838 3620 4907 gratiam
3653 4838 3810 4908 regis
3829 4830 3966 4909 paci-

555 4921 754 4978 electis
783 4927 1088 4997 accipitur.
1123 4932 1287 4985 Unde
1343 4933 1634 5005 Propheta
1666 4936 1935 5000 testatur,
1970 4931 2202 4986 dicens:
2318 4927 2437 4992 ﬁci,
2491 4928 2583 4982 sui
2632 4926 2908 4983 videlicet
2966 4927 3399 4999 Redemptoris,
3443 4926 3809 4984 aediﬁcatur:
3855 4934 3965 4995 qua?

553 5009 814 5065 «Justus
856 5017 920 5067 ut
957 5013 1161 5085 palma
1183 5015 1510 5083 florebit,et
1541 5019 1921 5074 sicutcedrus
1955 5034 2092 5088 quae
2116 5022 2203 5073 est
2316 5017 2536 5088 partim
2603 5016 2802 5070 adhuc
2883 5017 3294 5087 peregrinatur
3367 5015 3446 5071 ab
3503 5015 3609 5072 illo
3686 5017 3749 5072 in
3808 5009 3970 5070 terris,

545 5096 609 5154 in
641 5096 865 5153 Libano
887 5100 1376 5172 multiplicabitur
1407 5107 1592 5170 (Psal.
1626 5109 1763 5166 xu).
1808 5126 1835 5153 »
1880 5106 2201 5175 Hyssopus
2314 5104 2535 5177 partim
2594 5104 2789 5157 evasis
2847 5104 3275 5176 peregrinandi
3327 5105 3639 5174 aerumnis,
3705 5121 3843 5162 cum
3891 5097 3970 5155 illo

543 5189 748 5246 autem
777 5185 965 5242 herba
993 5193 1084 5244 est
1107 5189 1350 5244 humilis
1383 5207 1531 5246 saxo
1575 5192 1974 5262 haerens,qua
1999 5191 2202 5259 signa-
2311 5192 2440 5262 jam
2488 5194 2698 5258 regnat
2748 5191 2809 5245 in
2881 5191 3092 5250 caelis:
3145 5194 3245 5249 ubi
3315 5198 3560 5266 peracto
3623 5195 3844 5250 ultimo
3897 5190 3972 5260 ju-

540 5277 639 5332 tur
667 5274 969 5331 humilitas
998 5276 1228 5331 Christi.
1263 5277 1622 5350 Redemptor
1668 5279 1892 5349 quippe
1940 5282 2205 5335 nostera
2314 5277 2491 5342 dicio,
2560 5280 2682 5333 tota
2757 5284 2845 5334 est
2908 5288 3233 5351 regnatura
3304 5299 3442 5337 cum
3501 5281 3631 5338 illo.
3688 5282 3784 5337 Ad
3840 5281 3974 5336 hanc

541 5363 722 5422 cedro
752 5379 946 5437 usque
989 5365 1068 5421 ad
1104 5366 1442 5436 hyssopum
1495 5366 1864 5436 disputavit:
1924 5365 2066 5437 quia
2125 5369 2202 5423 ab
2313 5368 2568 5424 domum
2624 5368 2921 5438 pertinent
2997 5371 3165 5426 electi
3221 5371 3440 5440 angeli,
3496 5387 3774 5443 quorum
3824 5365 3975 5426 nobis

545 5455 665 5513 alta
693 5453 1037 5511 excellentia
1067 5453 1266 5525 gloriae
1288 5454 1538 5508 crelestis
1568 5469 1757 5524 usque
1776 5453 1852 5509 ad
1878 5455 2074 5510 carnis
2098 5456 2205 5510 hu-
2314 5455 2639 5511 similitudo
2709 5456 2768 5511 in
2838 5457 3037 5515 futura
3104 5464 3227 5516 vrta
3305 5461 3698 5532 promittitur,
3763 5458 3975 5516 dicente

543 5545 853 5606 militatem
877 5544 1299 5628 descendendo
1323 5541 1610 5616 pervenit.
1636 5540 1941 5613 Siquidem
1963 5547 2017 5600 et
2043 5544 2202 5599 cedri
2307 5542 2561 5599 Domino
2588 5561 2600 5599 :
2638 5567 2665 5592 ‹‹
2691 5544 2769 5600 Illi
2797 5551 2996 5603 autem
3027 5549 3128 5621 qui
3153 5549 3318 5620 digni
3349 5549 3752 5605 habebuntur
3776 5543 3978 5606 saeculo

538 5634 783 5694 nomine
807 5649 1134 5709 pravorum
1155 5634 1418 5708 superba
1438 5631 1614 5690 elatio
1639 5630 2010 5704 designatur.
2039 5631 2198 5690 Sicut
2309 5630 2412 5690 illo
2441 5634 2498 5689 et
2521 5635 2954 5693 resurrectione
2983 5653 3054 5694 ex
3083 5637 3353 5704 mortuis,
3381 5651 3576 5711 neque
3611 5637 3878 5706 nubent,
3894 5643 3980 5690 ne‘
