4092 6178
258 147 375 205 405

1196 145 1455 205 ENARR.
1498 149 1566 204 IN
1614 146 1865 205 LIBROS
1904 144 2164 203 neeum.
2188 148 2347 201 -η-ΙΝ
2386 148 2515 203 LIB.
2556 148 2644 202 Ill.

3577 151 3686 207 406

254 284 383 342 que
410 268 632 327 ducent
664 285 882 327 uxores
909 289 922 338 ;
953 286 1150 342 neque
1182 270 1342 328 enim
1369 270 1523 329 ultra
1551 271 1705 328 mori
1749 274 1917 343 pote-
1949 273 1997 325 A
2034 269 2166 326 liter
2184 270 2477 343 exprimit.
2506 273 2708 342 Neque
2997 268 3293 342 prohibet,
3310 270 3460 343 quin
3486 271 3689 330 Hiram

254 362 423 429 runt,
454 358 719 432 mquales
741 360 903 415 enim
940 359 1169 429 angelis
1200 364 1359 427 sunt,
1394 366 1450 417 et
1494 360 1598 417 lilii
1628 364 1767 416 sunt
1798 359 1919 426 Dei,

254 464 401 504 cum
433 447 552 505 sint
598 448 705 503 ﬁlii
742 449 1190 506 resurrectionis
1228 451 1399 521 (Luc.
1428 450 1550 521 xx).
1583 470 1614 503 »
1644 449 1735 505 Ad
1764 449 1920 505 hanc

250 537 515 610 pertinet
560 537 689 611 ipse
729 538 1025 596 mediator
1077 538 1177 594 Dei
1235 543 1293 595 et
1345 539 1687 604 hominum,
1736 539 1920 595 homo

252 627 526 685 Christus
572 628 766 697 Jesus,
816 627 955 700 ipso
1010 632 1352 698 attestante,
1400 645 1541 684 cum
1569 628 1690 685 ait:
1742 651 1769 678 «
1802 627 1922 683 Sol-

250 716 377 772 vite
424 715 721 789 templum
766 718 903 787 hoc,
932 721 989 773 et
1034 717 1096 774 in
1138 717 1331 774 tribus
1375 717 1590 773 diebus
1649 716 1920 773 excitabo

250 805 408 862 illud
438 806 633 878 (Joan.
666 807 750 877 ιι).
770 828 799 857 κ
821 807 991 872 Quod
1022 823 1333 880 exponens
1360 807 1757 877 Evangelista,
1782 806 1921 862 sub-

247 895 459 970 junxit
486 912 499 950 :
533 917 561 943 «
595 896 719 951 Hoc
764 901 970 953 autem
1016 896 1257 953 dicebat
1287 896 1363 953 de
1395 896 1619 970 templo
1649 896 1921 969 corporis

252 985 374 1043 sui.
414 1006 444 1035 »ι
488 984 632 1041 Dicit
675 985 994 1057 Apostolus
1041 986 1117 1042 de
1169 986 1346 1042 nobis
1379 1004 1392 1042 :
1425 1006 1455 1040 ‹
1490 986 1730 1042 Nescitis
1777 986 1922 1058 quia

249 1074 552 1148 templum
579 1074 683 1131 Dei
709 1074 871 1142 estis,
900 1080 957 1130 et
984 1075 1237 1148 Spiritus
1262 1075 1364 1131 Dei
1393 1075 1624 1131 habitat
1659 1075 1722 1131 in
1750 1075 1919 1131 vobis

248 1165 316 1232 (Ι
334 1165 475 1220 Cor.
504 1164 634 1235 v1)?
664 1188 693 1215 ››
722 1165 779 1220 Si
807 1180 949 1235 ergo
976 1163 1071 1220 ille
1098 1165 1391 1237 templum
1421 1164 1521 1220 Dei
1551 1180 1658 1236 per
1692 1180 1921 1220 assum-

248 1260 428 1327 ptam
460 1253 899 1311 humanitatem
926 1253 1118 1310 factus
1145 1258 1253 1321 est,
1279 1258 1336 1309 et
1364 1269 1473 1309 nos
1504 1253 1797 1325 templum
1819 1253 1916 1309 Dei

247 1359 367 1417 per
393 1343 835 1399 inhabitantem
859 1343 1142 1415 Spiritum
1167 1344 1218 1415 ej
1229 1361 1298 1398 us
1327 1343 1389 1399 in
1408 1342 1585 1399 nobis
1601 1340 1915 1415 efﬁcimur,

246 1438 490 1489 constat
513 1433 721 1505 utique
749 1432 893 1504 quia
921 1431 1179 1502 ﬁguram
1210 1432 1484 1488 omnium
1531 1436 1826 1499 nostrum,
1861 1436 1919 1488 et

246 1522 443 1596 ipsius
468 1521 743 1577 videlicet
770 1520 1025 1593 Domini,
1060 1526 1117 1578 et
1147 1522 1563 1577 membrorum
1594 1521 1746 1591 ejus,
1780 1537 1916 1593 qua:

2030 360 2158 431 (qui
2209 376 2315 415 rex
2344 364 2488 429 erat,
2516 358 2823 431 regalique
2875 358 3143 430 potentia
3193 357 3578 416 Solomonem
3624 360 3688 416 in

2028 448 2281 503 aediﬁcio
2334 448 2554 505 domus
2604 447 2839 503 Domini
2887 446 3184 518 juvabat),
3225 462 3551 505 conversos
3606 449 3689 507 ad

2028 536 2214 594 ﬁdem
2242 538 2406 609 ipsos
2430 553 2632 593 rerum
2660 537 2943 592 dominos
2972 535 3169 609 typice
3190 536 3521 605 denuntiet,
3536 555 3688 611 quo-

2026 642 2164 683 rum
2192 643 2377 699 opera
2413 631 2646 683 constat
2676 626 2998 683 Ecclesiam
3028 627 3255 698 saepius
3310 626 3684 698 adjuvatam,

2028 732 2099 773 ac
2144 717 2422 773 nobiliter
2476 719 2947 787 augmentatam,
2981 720 3037 772 et
3087 720 3297 773 contra
3348 717 3684 787 haereticos,

2028 805 2439 861 schismaticos
2490 810 2547 861 et
2602 820 2876 878 paganos
2932 802 3369 877 principalibus
3422 810 3684 863 erectam

2026 910 2156 950 esse
2185 895 2454 951 decretis.

2099 1005 2126 1034 α
2169 984 2337 1040 Petiit
2364 999 2505 1054 ergo
2532 982 2817 1039 Salomon
2841 981 2904 1038 in
2948 998 3128 1054 opere
3148 981 3354 1055 templi
3391 983 3683 1040 auxilium

2029 1093 2057 1122 α
2099 1072 2177 1128 ab
2207 1072 2427 1129 Hiram.
2464 1096 2491 1122 ››
2528 1072 2677 1138 Quia
2715 1088 2854 1127 cum
2885 1070 3130 1127 veniens
3158 1071 3220 1125 in
3265 1087 3443 1128 carne
3488 1073 3684 1128 Domi-

2025 1177 2163 1229 nus,
2186 1161 2465 1218 dilectam
2489 1162 2603 1217 sibi
2630 1161 2885 1217 domum
2909 1159 3182 1216 videlicet
3201 1160 3521 1221 Ecclesiam
3545 1161 3686 1217 aedi-

2026 1251 2207 1309 ﬁcare
2237 1252 2600 1325 disponeret,
2623 1268 2747 1307 non
2773 1250 2849 1306 de
2877 1250 3098 1306 Judazis
3125 1251 3562 1323 tantummodo,
3587 1267 3684 1308 ve-

2025 1340 2344 1396 rumetiam
2375 1340 2450 1395 de
2495 1339 2771 1409 gentibus
2820 1338 3128 1409 adjutores
3177 1337 3394 1409 elegit:
3427 1342 3577 1395 Nam
3605 1338 3682 1396 de

2028 1432 2284 1502 utroque
2304 1428 2531 1502 populo
2561 1428 2867 1484 ministros
2899 1428 3193 1484 sermonis
3222 1428 3573 1501 assumpsit.

2101 1540 2128 1569 «
2170 1518 2324 1575 Misit
2352 1518 2551 1574 Hiram
2579 1517 2883 1574 Salomoni
2900 1516 3153 1589 praecisa
3173 1516 3249 1574 de
3274 1517 3501 1573 Libano
3516 1516 3683 1589 ligna

244 1629 366 1670 nos
395 1628 632 1679 sumus,
675 1611 965 1684 templum
998 1611 1145 1667 illud
1198 1611 1507 1668 materiale
1560 1611 1744 1666 tenuit
1768 1629 1780 1679 ;
1813 1612 1919 1667 sed
1948 1626 1990 1683 Β
2026 1630 2056 1659 (ι
2095 1609 2343 1665 cedrina
2370 1613 2428 1664 et
2454 1607 2733 1679 abiegna,
2761 1624 2896 1681 quae
2926 1607 2989 1662 in
3018 1608 3203 1663 domo
3230 1607 3469 1663 Domini
3492 1623 3682 1680 pone—

245 1701 444 1774 ipsius
461 1704 758 1771 tanquam
782 1698 1002 1773 lapidis
1024 1699 1331 1769 angularis
1352 1699 1731 1769 singulariter
1750 1700 1915 1755 electi

252 1795 314 1847 et
344 1789 610 1863 pretiosi,
634 1789 697 1844 in
718 1789 1182 1846 fundamentum
1207 1789 1470 1845 fundati:
1496 1789 1683 1844 nostri
1713 1793 1913 1846 autem

248 1882 547 1951 tanquam
605 1877 882 1951 lapidum
937 1879 1215 1934 vivorum
1276 1878 1912 1951 supertediticatorum,

246 1980 437 2037 super
454 1962 925 2019 fundamentum
949 1962 1363 2035 apostolorum
1384 1968 1441 2018 et
1459 1963 1913 2035 prophetarum,

247 2054 368 2110 hoc
396 2057 487 2109 est
520 2067 703 2125 super
728 2052 929 2124 ipsum
953 2052 1294 2109 Dominum.
1326 2052 1608 2123 Designat
1636 2052 1916 2108 eamdem

253 2143 359 2199 Dei
421 2141 674 2201 domum
751 2141 1143 2215 spiritualem,
1208 2142 1388 2198 etiam
1456 2142 1915 2199 tabernaculum

252 2231 568 2304 quondam
581 2230 806 2287 factum
828 2231 888 2286 in
901 2246 1103 2287 eremo
1119 2246 1227 2303 per
1248 2233 1507 2303 Moysen.
1522 2234 1738 2288 Verum
1752 2231 1916 2303 fquia

258 2318 369 2377 illa
390 2319 596 2375 domus
621 2319 686 2374 in
715 2319 922 2375 itinere
969 2334 1093 2391 quo
1119 2318 1198 2374 ad
1247 2323 1466 2376 terram
1497 2319 1914 2393 repromissio-

251 2408 355 2467 nis
388 2408 745 2475 veniehatur,
778 2408 907 2463 haec
945 2412 1148 2465 autem
1204 2408 1617 2465 aediﬁcabatur
1666 2408 1729 2465 in
1783 2408 1915 2481 ipsa

249 2502 410 2554 terra
435 2496 921 2570 repromissionis
954 2500 1011 2552 et
1038 2496 1099 2551 in
1125 2496 1358 2552 civitate
1405 2496 1733 2553 Jerusalem
1768 2514 1781 2552 :
1814 2496 1915 2553 illa

247 2592 316 2642 ut
335 2586 410 2641 de
434 2586 570 2643 loco
594 2586 674 2643 ad
694 2585 898 2643 locum
943 2585 1154 2642 crebro
1202 2586 1538 2642 Levitarum
1581 2586 1913 2643 ministerio

247 2680 505 2749 portata,
542 2674 788 2732 tandem
818 2675 879 2730 in
927 2678 1145 2730 terram
1194 2675 1506 2748 promissae
1549 2675 1912 2732 haereditatis

248 2767 673 2833 induceretur;
710 2764 841 2819 haec
869 2768 935 2821 ut
958 2780 1101 2820 mox
1137 2764 1199 2819 in
1228 2764 1423 2837 patria
1448 2764 1580 2836 ipsa
1601 2769 1660 2821 et
1686 2765 1748 2820 in
1770 2765 1915 2822 civi-

252 2860 375 2911 tate
403 2854 570 2925 regia
618 2858 986 2917 constructa,
1038 2852 1368 2909 inviolabili
1419 2869 1656 2926 semper
1697 2854 1914 2910 funda-

2026 1717 2055 1753 α
2094 1703 2317 1755 rentur.
2334 1718 2363 1748 ››
2388 1698 2538 1764 Quia
2566 1714 2853 1755 conversa
2882 1697 3178 1767 gentilitas
3206 1697 3370 1754 misit
3389 1697 3465 1754 ad
3487 1697 3685 1754 Domi-

2022 1803 2169 1843 num
2192 1788 2349 1844 viros
2372 1788 2687 1860 quondam
2711 1792 2767 1844 et
2789 1787 3124 1843 secundum
3151 1787 3441 1844 saeculum
3465 1785 3680 1856 claros,

2024 1876 2131 1933 sed
2160 1877 2353 1933 securi
2385 1876 2703 1933 Dominicae
2732 1876 3176 1949 increpationis,
3209 1876 3285 1932 de
3327 1880 3531 1933 monte
3555 1891 3683 1932 sua:

2023 1967 2317 2040 superbiae
2341 1968 2471 2039 jam
2496 1967 2759 2038 dejectos
2789 1970 2847 2023 et
2872 1967 3240 2035 humiliatos,
3275 1966 3379 2038 qui
3411 1967 3491 2023 ad
3541 1982 3682 2024 nor-

2021 2072 2189 2113 mam
2215 2057 2586 2126 Evangelicae
2614 2056 2875 2112 veritatis
2902 2055 3153 2113 instituti
3200 2056 3262 2111 in
3286 2054 3681 2111 aediﬁcatione

2023 2145 2295 2202 Ecclesiae
2322 2162 2433 2218 pro
2456 2162 2570 2201 suo
2597 2145 2854 2218 quisque
2887 2145 3099 2201 merito
3120 2144 3213 2201 vel
3236 2148 3528 2216 tempore,
3563 2142 3682 2200 col-

2020 2234 2375 2291 locarentur.

2093 2344 2123 2372 «
2164 2322 2310 2379 Misit
2329 2322 2509 2379 etiam
2525 2322 2800 2379 artiﬁces.
2820 2342 2847 2373 »
2865 2321 3016 2387 Quia
3032 2335 3352 2377 conversos
3372 2319 3453 2377 ad
3473 2334 3678 2376 veram

2022 2412 2375 2485 sapientiam
2406 2412 2822 2485 philosophos,
2851 2411 2956 2483 qui
2989 2411 3180 2480 gratia
3208 2408 3555 2467 eruditionis
3575 2424 3680 2482 po-
3796 2422 3799 2429 '

2020 2502 2178 2576 pulis
2194 2517 2438 2575 quoque
2453 2502 2731 2571 regendis
2742 2502 2876 2572 jure
2897 2504 3410 2573 praeponerentur,
3424 2498 3678 2555 Domino

2022 2591 2321 2662 gentilitas
2374 2590 2586 2647 obtulit
2618 2607 2631 2646 :
2660 2589 2857 2663 qualis
2915 2589 3026 2645 fuit
3074 2589 3219 2661 ipsis
3268 2587 3678 2660 apostolorum

2021 2679 2393 2753 temporibus
2418 2679 2737 2752 Dionysius
2760 2678 3144 2751 Areopagita,
3171 2676 3367 2749 qualis
3394 2675 3679 2748 deinceps

2022 2769 2230 2826 doctor
2260 2769 2652 2825 suavissimus
2681 2774 2737 2825 et
2779 2768 3137 2824 fortissimus
3166 2770 3396 2838 martyr
3432 2764 3678 2838 Cypria-

2023 2875 2157 2926 nus,
2193 2858 2414 2933 ahique
2440 2858 2891 2931 quamplurimi.
2920 2858 3072 2916 Misit
3101 2861 3158 2914 et
3182 2872 3400 2912 aurum
3420 2854 3588 2928 quod
3614 2854 3678 2910 in

248 2943 454 2996 mento
486 2938 841 2994 consisteret
874 2956 886 2994 :
921 2938 1113 2994 donec
1138 2938 1467 2994 indicatum
1504 2938 1617 2993 sibi
1646 2938 1916 2997 futurum
1944 2979 1985 3033 ο
2025 2948 2238 3005 eadem
2263 2964 2416 3020 pene
2444 2948 2876 3017 signiﬁcatione
2906 2946 3377 3020 accipitur,quia
3390 2945 3677 3001 nimirum

247 3029 485 3087 cazleste
514 3045 745 3086 munus
776 3028 1142 3101 impleretur.
1172 3030 1366 3084 Potest
1386 3027 1450 3084 in
1496 3028 1620 3097 illa,
1650 3044 1913 3101 praesen-

245 3119 321 3176 tis
350 3118 627 3175 Ecclesiae
656 3117 835 3173 labor
864 3122 921 3174 et
945 3116 1238 3185 exsilium,
1272 3117 1334 3173 in
1368 3118 1484 3173 hoc
1512 3117 1714 3174 futura
1741 3118 1913 3190 quies

245 3213 307 3267 et
334 3207 645 3264 beatitudo
672 3207 939 3277 ﬁgurari.
972 3206 1073 3263 Vel
1101 3210 1256 3262 certe
1303 3206 1449 3277 quia
1478 3206 1579 3262 illa
1610 3206 1751 3261 solis
1779 3206 1914 3261 ﬁliis

246 3295 465 3367 Israel,
488 3296 619 3351 hinc
647 3302 844 3353 autem
891 3313 927 3354 a
971 3294 1291 3368 proselytis
1321 3294 1501 3350 etiam
1553 3298 1611 3350 et
1639 3294 1916 3364 gentibus

252 3384 431 3441 facta
485 3387 593 3439 est.
623 3386 864 3440 Possunt
913 3385 974 3440 in
1021 3384 1124 3441 illa
1166 3382 1571 3456 principaliter
1612 3388 1834 3457 patres,
1862 3387 1919 3440 et

256 3471 490 3528 Veteris
536 3473 875 3530 Testamenti
928 3473 1212 3547 antiquus
1260 3471 1357 3527 ille
1406 3471 1509 3527 Dei
1538 3471 1824 3544 populus,
1854 3472 1918 3528 in

256 3563 379 3621 hac
408 3565 606 3618 autem
636 3568 999 3633 congregata
1028 3561 1103 3619 de
1143 3560 1421 3631 gentibus
1455 3561 1738 3626 Ecclesia.
1767 3560 1919 3632 ﬁgu-

248 3651 456 3711 raliter
512 3652 787 3725 exprimi.
861 3650 1151 3719 Quamvis
1216 3650 1540 3706 aadiﬁcium
1605 3650 1917 3723 utriusque

263 3741 485 3797 domus
511 3740 882 3797 enucleatius
926 3739 1179 3813 spiritali
1233 3756 1436 3809 sensu,
1492 3755 1812 3795 excursum
1863 3743 1921 3796 et

270 3827 499 3884 labores
522 3830 841 3903 praesentis
888 3819 1155 3885 Eccl'esier
1205 3827 1616 3901 quotidianos,
1648 3832 1705 3885 et
1763 3844 1917 3900 prae-
1949 3829 1965 3844 ‘

264 3918 384 3975 mia
410 3917 468 3974 in
496 3918 698 3975 futuro
731 3918 1038 3992 perennia,
1066 3916 1411 3989 gaudiaque
1440 3917 1608 3987 regni
1640 3916 1917 3987 caelestis,

257 4012 313 4064 et
336 4008 685 4065 electionem
707 4008 917 4081 primae.
947 4008 1021 4064 de
1046 4006 1227 4063 Israel
1256 4005 1549 4076 Ecclesiae,
1578 4010 1635 4061 et
1665 4005 1917 4062 salutem

249 4098 532 4155 omnium
559 4099 852 4167 gentium,
882 4097 945 4152 in
975 4096 1208 4153 Christo
1261 4094 1463 4151 multis
1493 4094 1691 4150 modis
1720 4099 1919 4151 osten-

246 4187 433 4245 datur
486 4185 795 4245 insinuare
847 4186 1079 4257 ﬁguris.
1133 4188 1344 4241 Narrat
1400 4188 1603 4241 autem
1652 4184 1918 4252 historia,

248 4276 399 4351 quia
432 4275 722 4333 Salomon
752 4275 1006 4332 domum
1040 4273 1279 4330 Domini
1308 4273 1730 4341 aediﬁcaturus,
1762 4290 1924 4347 quaa-

250 4366 419 4425 sierit
450 4365 746 4423 auxilium
772 4365 850 4421 ab
878 4365 1078 4422 Hiram
1116 4379 1256 4433 rege
1300 4364 1461 4436 Tyri,
1490 4364 1595 4437 qui
1623 4370 1750 4421 erat
1779 4363 1926 4421 ami-

249 4473 365 4512 cus
388 4456 586 4512 David
609 4456 776 4513 omni
807 4460 1094 4529 tempore,
1123 4460 1180 4511 et
1204 4471 1343 4511 cum
1385 4454 1517 4526 ipso
1545 4471 1788 4528 quoque
1818 4457 1923 4511 Sa-

250 4546 504 4602 lomone
534 4550 862 4618 postquam
908 4561 1094 4614 regno
1142 4545 1366 4618 potitus
1412 4548 1518 4612 est,
1556 4560 1770 4617 pacem
1813 4544 1925 4602 ha-

252 4634 401 4692 bere
426 4635 558 4706 jam
609 4637 889 4708 cmperat,
921 4639 1393 4707 promptumque
1422 4649 1566 4689 mox
1624 4634 1702 4690 ad
1755 4634 1927 4706 adju-

255 4723 536 4781 vandum
559 4738 623 4779 se
646 4722 710 4779 in
734 4721 1019 4779 omnibus
1044 4722 1095 4794 ej
1106 4739 1174 4778 us
1199 4721 1489 4778 invenerit
1513 4722 1777 4779 amicum
1803 4740 1815 4778 :
1844 4723 1929 4780 ita

258 4817 334 4872 ut
363 4812 621 4869 artiﬁces
647 4811 749 4877 illi,
781 4816 838 4867 et
862 4811 1027 4882 ligna
1053 4816 1108 4869 et
1133 4827 1371 4882 aurum,
1412 4815 1590 4884 prout
1632 4827 1786 4883 opus
1811 4812 1924 4869 ha-

258 4901 477 4972 bebat,
530 4900 777 4958 dederit.
811 4901 993 4972 Cujus
1035 4899 1311 4956 beneﬁcii
1342 4899 1533 4971 gratia
1563 4899 1847 4956 Salomon
1877 4900 1932 4957 ei

264 5007 380 5066 per
407 5006 606 5061 annos
658 4990 926 5061 singulos
956 4990 1251 5062 plurimos
1286 4990 1457 5048 tritici
1486 4993 1544 5046 et
1572 4988 1687 5045 olei
1714 4991 1931 5047 choros

266 5082 336 5141 in
365 5082 571 5147 cibum
600 5081 810 5139 domui
839 5080 970 5151 ejus
999 5078 1207 5135 dabat.
1240 5079 1394 5135 Nulli
1423 5084 1627 5136 autem
1672 5078 1935 5136 dubium

268 5173 443 5247 quod
470 5172 777 5242 Salomon,
806 5170 910 5243 qui
930 5170 1351 5242 interpretatur
1368 5171 1682 5240 paciﬁcus,
1716 5174 1772 5226 et
1801 5170 1936 5243 ipso

266 5263 519 5325 nomine
549 5266 607 5320 et
636 5259 1019 5317 serenissima
1040 5258 1211 5328 regni
1235 5257 1326 5314 sui
1353 5261 1529 5325 statu,
1560 5258 1729 5315 illum
1760 5259 1940 5330 signi-

264 5350 426 5420 ﬁcet,
482 5350 557 5407 de
601 5365 726 5424 quo
773 5348 921 5404 dixit
968 5347 1153 5405 Isaias
1185 5364 1197 5401 :
1224 5368 1251 5395 «
1282 5346 1762 5421 Multiplicabitur
1807 5348 1939 5419 ejus

262 5442 617 5516 imperium,
650 5444 709 5498 et
765 5439 931 5512 pacis
974 5454 1099 5495 non
1147 5437 1256 5495 erit
1298 5437 1455 5507 ﬁnis,
1485 5461 1513 5488 »
1546 5437 1746 5493 Hiram
1778 5454 1942 5507 vero,

2025 3037 2183 3093 viros
2217 3037 2511 3109 sapientia
2539 3040 2598 3091 et
2624 3036 2866 3105 ingenio
2894 3036 3218 3107 praeclaros
3248 3035 3541 3090 ostendit:
3566 3048 3677 3105 pro

2024 3125 2247 3197 quibus
2304 3124 2533 3179 cunctis
2579 3123 2982 3179 oblationibus
3030 3123 3325 3193 gentilitas
3357 3138 3393 3178 a
3420 3125 3676 3178 Domino

2023 3214 2187 3269 dona
2212 3215 2517 3284 exspectat
2558 3211 2763 3280 gratiae
2817 3212 3093 3268 ccelestis.
3134 3210 3422 3269 Convenit
3472 3213 3677 3266 autem

2024 3306 2164 3374 apte
2197 3300 2380 3356 rebus
2421 3299 2717 3370 Ecclesiae,
2746 3300 2913 3372 quod
2942 3300 3231 3357 auxilium
3259 3299 3458 3373 operis
3486 3298 3677 3355 sancti

2023 3390 2303 3459 ﬂagitans
2335 3389 2417 3446 ait
2445 3388 2526 3446 ad
2555 3389 2758 3444 Hiram
2791 3389 3074 3445 Salomon
3098 3407 3111 3442 :

2097 3502 2125 3531 ‹‹
2165 3479 2429 3552 Praecipe
2473 3478 2652 3547 igitur
2687 3482 2753 3533 ut
2781 3477 3110 3550 praecidant
3153 3478 3299 3535 mihi
3340 3477 3554 3534 cedros
3600 3476 3677 3532 de

2026 3590 2053 3618 ‹‹
2097 3568 2343 3635 Libano,
2368 3571 2425 3623 et
2450 3566 2604 3623 servi
2628 3567 2746 3623 mei
2768 3566 2883 3623 sint
2901 3583 3040 3623 cum
3071 3567 3255 3623 servis
3281 3568 3416 3635 tuis,
3449 3580 3676 3623 merce-

2027 3679 2055 3708 ‹‹
2095 3657 2237 3713 dem
2266 3661 2469 3713 autem
2525 3672 2837 3713 servorum
2867 3660 3109 3712 tuorum
3137 3656 3299 3712 dabo
3328 3656 3433 3713 tibi
3459 3670 3679 3729 quam-

2032 3765 2052 3799 ι
2099 3762 2339 3818 cunque
2367 3744 2623 3818 petieris.
2660 3745 2784 3802 Scis
2813 3744 2973 3801 enim
3012 3746 3320 3817 quomodo
3347 3761 3472 3801 non
3501 3748 3590 3801 est
3615 3742 3680 3800 in

2029 3856 2058 3895 ς‹
2095 3833 2324 3907 populo
2354 3849 2490 3889 meo
2516 3833 2625 3902 vir,
2657 3832 2762 3905 qui
2808 3833 3039 3889 noverit
3065 3832 3230 3901 ligna
3267 3833 3499 3889 credere
3529 3832 3682 3889 sicut

2028 3942 2059 3977 α
2097 3922 2340 3979 Sidonii.
2375 3925 2526 3979 Cum
2572 3937 2714 3991 ergo
2745 3922 3012 3978 audisset
3039 3922 3239 3977 Hiram
3280 3921 3466 3979 verba
3514 3920 3679 3978 Salo-

2030 4035 2058 4065 ‹‹
2098 4012 2319 4083 monis,
2350 4011 2583 4067 laetatus
2607 4015 2697 4067 est
2722 4011 2919 4081 valde,
2950 4015 3007 4067 et
3031 4012 3111 4068 ait
3144 4029 3158 4066 :
3191 4010 3542 4068 Benedictus
3571 4012 3682 4067 Do-

2029 4123 2059 4153 «
2098 4101 2301 4161 minus
2326 4103 2477 4157 Deus
2496 4100 2695 4167 hodie,
2723 4100 2829 4173 qui
2846 4100 3012 4156 dedit
3030 4100 3220 4156 David
3240 4100 3431 4156 ﬁlium
3453 4099 3685 4173 sapien-

2032 4212 2061 4243 «
2103 4190 2427 4257 tissimum,
2469 4205 2651 4261 super
2691 4189 2987 4262 populum
3028 4190 3190 4246 hunc
3235 4188 3587 4263 plurimum.
3619 4191 3687 4246 Et

2033 4301 2063 4331 «
2103 4280 2265 4336 misit
2283 4279 2489 4335 Hiram
2511 4278 2591 4334 ad
2617 4279 3003 4336 Salomonem
3024 4279 3232 4336 dicens
3258 4297 3272 4335 :
3293 4279 3509 4336 Audivi
3526 4294 3690 4352 quae-

2036 4391 2063 4419 α
2107 4384 2344 4443 cunque
2363 4367 2668 4424 mandasti
2687 4368 2853 4424 mihi.
2889 4372 3010 4439 Ego
3040 4369 3258 4425 faciam
3288 4385 3534 4426 omnem
3578 4382 3687 4424 vo-

2035 4480 2064 4510 ‹‹
2104 4457 2394 4514 luntatem
2417 4462 2583 4514 tuam
2600 4458 2662 4513 in
2677 4457 2853 4527 lignis
2874 4458 3130 4514 cedrinis
3147 4462 3203 4513 et
3219 4458 3511 4527 abiegnis.
3526 4456 3689 4511 Servi

2033 4566 2065 4602 ‹
2103 4546 2224 4603 mei
2248 4547 2552 4619 deponent
2572 4563 2643 4604 ea
2661 4547 2737 4602 de
2762 4546 2990 4605 Libano
3011 4546 3093 4602 ad
3115 4561 3304 4614 mare,
3319 4549 3375 4600 et
3396 4559 3508 4615 ego
3528 4559 3693 4599 com-

2035 4657 2065 4688 α
2103 4652 2333 4709 ponam
2359 4652 2430 4692 ea
2457 4637 2520 4692 in
2570 4636 2799 4693 ratibus
2827 4636 2890 4691 in
2923 4635 3077 4691 mari
3126 4648 3319 4704 usque
3362 4632 3441 4688 ad
3485 4632 3691 4689 locum

2037 4748 2066 4778 κ
2104 4741 2288 4798 quem
2320 4725 2748 4797 signiﬁcaveris
2781 4725 2950 4793 mihi,
2972 4727 3030 4780 et
3060 4721 3380 4795 applicabo
3405 4737 3478 4779 ea
3504 4721 3607 4790 ibi,
3635 4726 3693 4780 et

2038 4836 2068 4873 ς(
2108 4820 2173 4872 tu
2200 4814 2371 4871 tolles
2394 4831 2499 4871 ea:
2526 4814 2939 4887 I’raabebisque
2967 4812 3306 4870 necessaria
3325 4812 3494 4878 mihi,
3520 4812 3694 4870 detur

2043 4926 2071 4957 «
2111 4903 2282 4967 cibus
2303 4903 2513 4959 domui
2533 4919 2706 4959 meae.
2730 4905 2936 4976 Itaque
2958 4903 3160 4959 Hiram
3180 4901 3365 4958 dabat
3389 4901 3696 4960 Solomoni

2043 5015 2071 5044 α
2110 4992 2276 5062 ligna
2303 4991 2548 5049 cedrina
2576 4997 2633 5048 et
2651 4991 2816 5063 ligna
2844 4992 3103 5064 abiegna
3128 4993 3301 5063 juxta
3319 5007 3565 5049 omnem
3594 5008 3700 5049 vo-

2044 5104 2075 5135 «
2111 5082 2403 5139 luntatem
2434 5082 2583 5153 ejus.
2613 5081 2898 5139 Salomon
2927 5087 3130 5139 autem
3164 5082 3472 5155 praebebat
3496 5082 3699 5139 Hiram

2049 5193 2081 5229 κ
2120 5170 2330 5240 viginti
2357 5169 2543 5228 millia
2560 5170 2778 5227 choros
2806 5171 2981 5228 tritici
3003 5172 3065 5227 in
3091 5171 3294 5228 cibum
3318 5170 3523 5228 domui
3547 5171 3699 5243 ejus,

2049 5282 2078 5312 «
2120 5264 2177 5317 et
2200 5258 2407 5330 viginti
2435 5260 2651 5317 choros
2704 5260 3009 5333 purissimi
3057 5260 3190 5316 olei.
3224 5262 3363 5319 Haec
3405 5258 3705 5318 tribuebat

2052 5371 2080 5399 «
2124 5348 2408 5407 Salomon
2436 5348 2635 5406 Hiram
2666 5364 2774 5421 per
2803 5364 2998 5405 annos
3027 5348 3317 5419 singulos.
3355 5348 3523 5405 Dedit
3550 5362 3704 5421 quo-

2053 5461 2081 5490 ‹‹
2121 5455 2241 5511 que
2291 5439 2578 5495 Dominus
2609 5438 2967 5511 sapientiam
3017 5437 3323 5495 Salomoni
3366 5439 3516 5495 sicut
3544 5436 3707 5493 locu-

264 5532 379 5607 qui
427 5532 632 5588 Latine
680 5529 896 5586 dicitur
947 5529 1177 5586 excelse
1226 5529 1449 5595 vivens,
1505 5527 1814 5584 credentes
1870 5544 1946 5584 ex
2057 5551 2085 5581 «
2128 5533 2223 5584 tus
2260 5532 2348 5584 est
2374 5528 2449 5599 ei,
2480 5533 2726 5601 eratque
2767 5545 2890 5602 pax
2924 5529 3079 5584 inter
3125 5528 3329 5585 Hiram
3360 5531 3419 5583 et
3440 5518 3707 5583 Salom’o—

265 5620 556 5694 gentibus
584 5622 645 5683 et
666 5618 790 5679 vita
815 5616 997 5681 simul
1021 5634 1165 5677 cum
1205 5617 1324 5677 ﬁde
1368 5616 1683 5689 gloriosos,
1711 5617 1940 5692 ﬁgura-

2061 5638 2091 5667 «
2130 5632 2293 5688 nem,
2313 5621 2372 5677 et
2387 5623 2810 5691 percusserunt
2822 5618 3009 5678 ambo
3021 5617 3239 5676 fcedus.
3257 5638 3286 5669 »
3301 5615 3462 5674 Servi
3480 5614 3706 5685 quippe
