  <div class='ocr_page' id='page_1' title='image "/cluster/home/n/w/nwhite01/storage/ocr_20150623/115/hvd.32044054759790/209.png"; bbox 0 0 4092 6178; ppageno 0'>
   <div class='ocr_carea' id='block_1_1' title="bbox 413 147 543 204">
    <p class='ocr_par' dir='ltr' id='par_1_1' title="bbox 413 147 543 204">
     <span class='ocr_line' id='line_1_1' title="bbox 413 147 543 204; baseline 0 0"><span class='ocrx_word' id='word_1_1' title='bbox 413 187 416 190; x_wconf 82' lang='lat'><strong><em>.</em></strong></span> <span class='ocrx_word' id='word_1_2' title='bbox 439 147 543 204; x_wconf 67' lang='grc' dir='ltr'><strong>ων</strong></span> 
     </span>
    </p>
   </div>
   <div class='ocr_carea' id='block_1_2' title="bbox 441 223 2171 335">
    <p class='ocr_par' dir='ltr' id='par_1_2' title="bbox 441 223 2171 335">
     <span class='ocr_line' id='line_1_2' title="bbox 441 223 2171 335; baseline -0.013 -11"><span class='ocrx_word' id='word_1_3' title='bbox 441 266 667 334; x_wconf 84' lang='lat' dir='ltr'><strong>Hiram,</strong></span> <span class='ocrx_word' id='word_1_4' title='bbox 698 262 803 335; x_wconf 87' lang='lat' dir='ltr'><strong>qui</strong></span> <span class='ocrx_word' id='word_1_5' title='bbox 849 223 1258 332; x_wconf 33' lang='lat' dir='ltr'><strong>praecideb‘ant</strong></span> <span class='ocrx_word' id='word_1_6' title='bbox 1301 253 1608 311; x_wconf 90' lang='lat' dir='ltr'><strong>Salomoni</strong></span> <span class='ocrx_word' id='word_1_7' title='bbox 1659 251 1870 307; x_wconf 90' lang='lat' dir='ltr'><strong>cedros</strong></span> <span class='ocrx_word' id='word_1_8' title='bbox 1899 247 1974 304; x_wconf 89' lang='lat' dir='ltr'><strong>de</strong></span> <span class='ocrx_word' id='word_1_9' title='bbox 2007 245 2093 302; x_wconf 92' lang='lat' dir='ltr'><strong>Li-</strong></span> <span class='ocrx_word' id='word_1_10' title='bbox 2124 249 2171 302; x_wconf 76' lang='grc' dir='ltr'><strong>Α</strong></span> 
     </span>
    </p>
   </div>
   <div class='ocr_carea' id='block_1_3' title="bbox 441 341 2096 423">
    <p class='ocr_par' dir='ltr' id='par_1_3' title="bbox 441 341 2096 423">
     <span class='ocr_line' id='line_1_3' title="bbox 441 341 2096 423; baseline -0.013 -10"><span class='ocrx_word' id='word_1_11' title='bbox 441 356 627 423; x_wconf 89' lang='lat' dir='ltr'><strong>bano,</strong></span> <span class='ocrx_word' id='word_1_12' title='bbox 668 353 940 407; x_wconf 89' lang='lat' dir='ltr'><strong>doctores</strong></span> <span class='ocrx_word' id='word_1_13' title='bbox 989 351 1128 401; x_wconf 90' lang='lat' dir='ltr'><strong>sunt</strong></span> <span class='ocrx_word' id='word_1_14' title='bbox 1170 344 1334 399; x_wconf 79' lang='lat' dir='ltr'><strong>electi</strong></span> <span class='ocrx_word' id='word_1_15' title='bbox 1385 344 1457 399; x_wconf 88' lang='lat' dir='ltr'><strong>de</strong></span> <span class='ocrx_word' id='word_1_16' title='bbox 1510 341 1807 412; x_wconf 83' lang='lat' dir='ltr'><strong>gentibus,</strong></span> <span class='ocrx_word' id='word_1_17' title='bbox 1836 353 2096 411; x_wconf 90' lang='lat' dir='ltr'><strong>quorum</strong></span> 
     </span>
    </p>
   </div>
   <div class='ocr_carea' id='block_1_4' title="bbox 444 425 2100 507">
    <p class='ocr_par' dir='ltr' id='par_1_4' title="bbox 444 425 2100 507">
     <span class='ocr_line' id='line_1_4' title="bbox 444 425 2100 507; baseline -0.011 -7"><span class='ocrx_word' id='word_1_18' title='bbox 444 442 623 502; x_wconf 79' lang='lat' dir='ltr'><strong>oﬂicii</strong></span> <span class='ocrx_word' id='word_1_19' title='bbox 653 443 760 504; x_wconf 90' lang='lat' dir='ltr'><strong>est,</strong></span> <span class='ocrx_word' id='word_1_20' title='bbox 793 452 896 492; x_wconf 90' lang='lat' dir='ltr'><strong>eos</strong></span> <span class='ocrx_word' id='word_1_21' title='bbox 927 434 1031 507; x_wconf 91' lang='lat' dir='ltr'><strong>qui</strong></span> <span class='ocrx_word' id='word_1_22' title='bbox 1058 434 1120 489; x_wconf 90' lang='lat' dir='ltr'><strong>in</strong></span> <span class='ocrx_word' id='word_1_23' title='bbox 1171 433 1287 488; x_wconf 89' lang='lat' dir='ltr'><strong>hoc</strong></span> <span class='ocrx_word' id='word_1_24' title='bbox 1336 432 1566 488; x_wconf 90' lang='lat' dir='ltr'><strong>mundo</strong></span> <span class='ocrx_word' id='word_1_25' title='bbox 1596 430 1776 487; x_wconf 82' lang='lat' dir='ltr'><strong>rebus</strong></span> <span class='ocrx_word' id='word_1_26' title='bbox 1807 433 1864 484; x_wconf 89' lang='lat' dir='ltr'><strong>et</strong></span> <span class='ocrx_word' id='word_1_27' title='bbox 1911 425 2100 496; x_wconf 81' lang='lat' dir='ltr'><strong>gloria</strong></span> 
     </span>
    </p>
   </div>
   <div class='ocr_carea' id='block_1_5' title="bbox 440 517 2095 594">
    <p class='ocr_par' dir='ltr' id='par_1_5' title="bbox 440 517 2095 594">
     <span class='ocr_line' id='line_1_5' title="bbox 440 517 2095 594; baseline -0.011 -7"><span class='ocrx_word' id='word_1_28' title='bbox 440 529 822 591; x_wconf 82' lang='lat' dir='ltr'><strong>laetabantur,</strong></span> <span class='ocrx_word' id='word_1_29' title='bbox 842 528 898 578; x_wconf 90' lang='lat' dir='ltr'><strong>et</strong></span> <span class='ocrx_word' id='word_1_30' title='bbox 929 520 1224 594; x_wconf 70' lang='lat' dir='ltr'><strong>superbia:</strong></span> <span class='ocrx_word' id='word_1_31' title='bbox 1254 519 1412 576; x_wconf 89' lang='lat' dir='ltr'><strong>fastu</strong></span> <span class='ocrx_word' id='word_1_32' title='bbox 1437 517 1791 589; x_wconf 88' lang='lat' dir='ltr'><strong>corrigendo</strong></span> <span class='ocrx_word' id='word_1_33' title='bbox 1818 521 2095 581; x_wconf 76' lang='lat' dir='ltr'><strong>sternere,</strong></span> 
     </span>
    </p>
   </div>
   <div class='ocr_carea' id='block_1_6' title="bbox 444 607 2103 691">
    <p class='ocr_par' dir='ltr' id='par_1_6' title="bbox 444 607 2103 691">
     <span class='ocr_line' id='line_1_6' title="bbox 444 607 2103 691; baseline -0.01 -16"><span class='ocrx_word' id='word_1_34' title='bbox 444 623 624 691; x_wconf 90' lang='lat' dir='ltr'><strong>atque</strong></span> <span class='ocrx_word' id='word_1_35' title='bbox 652 615 730 671; x_wconf 89' lang='lat' dir='ltr'><strong>ad</strong></span> <span class='ocrx_word' id='word_1_36' title='bbox 759 612 1123 684; x_wconf 88' lang='lat' dir='ltr'><strong>obsequium</strong></span> <span class='ocrx_word' id='word_1_37' title='bbox 1156 610 1247 665; x_wconf 94' lang='lat' dir='ltr'><strong>sui</strong></span> <span class='ocrx_word' id='word_1_38' title='bbox 1279 607 1711 680; x_wconf 79' lang='lat' dir='ltr'><strong>Redemptoris,</strong></span> <span class='ocrx_word' id='word_1_39' title='bbox 1731 622 1939 662; x_wconf 91' lang='lat' dir='ltr'><strong>eorum</strong></span> <span class='ocrx_word' id='word_1_40' title='bbox 1959 607 2103 659; x_wconf 87' lang='lat' dir='ltr'><strong>vota</strong></span> 
     </span>
    </p>
   </div>
   <div class='ocr_carea' id='block_1_7' title="bbox 443 696 2103 772">
    <p class='ocr_par' dir='ltr' id='par_1_7' title="bbox 443 696 2103 772">
     <span class='ocr_line' id='line_1_7' title="bbox 443 696 2103 772; baseline -0.011 -6"><span class='ocrx_word' id='word_1_41' title='bbox 443 707 751 765; x_wconf 90' lang='lat' dir='ltr'><strong>tranferre.</strong></span> <span class='ocrx_word' id='word_1_42' title='bbox 799 703 946 756; x_wconf 92' lang='lat' dir='ltr'><strong>Cum</strong></span> <span class='ocrx_word' id='word_1_43' title='bbox 1000 699 1223 772; x_wconf 85' lang='lat' dir='ltr'><strong>quibus</strong></span> <span class='ocrx_word' id='word_1_44' title='bbox 1265 698 1538 754; x_wconf 84' lang='lat' dir='ltr'><strong>videlicet</strong></span> <span class='ocrx_word' id='word_1_45' title='bbox 1583 696 1788 765; x_wconf 74' lang='lat' dir='ltr'><strong>servis,</strong></span> <span class='ocrx_word' id='word_1_46' title='bbox 1837 697 2007 750; x_wconf 90' lang='lat' dir='ltr'><strong>erant</strong></span> <span class='ocrx_word' id='word_1_47' title='bbox 2045 696 2103 748; x_wconf 92' lang='lat' dir='ltr'><strong>et</strong></span> 
     </span>
    </p>
   </div>
   <div class='ocr_carea' id='block_1_8' title="bbox 446 783 2101 861">
    <p class='ocr_par' dir='ltr' id='par_1_8' title="bbox 446 783 2101 861">
     <span class='ocr_line' id='line_1_8' title="bbox 446 783 2101 861; baseline -0.008 -9"><span class='ocrx_word' id='word_1_48' title='bbox 446 795 600 859; x_wconf 82' lang='lat' dir='ltr'><strong>servi</strong></span> <span class='ocrx_word' id='word_1_49' title='bbox 650 789 1007 856; x_wconf 91' lang='lat' dir='ltr'><strong>Salomonis,</strong></span> <span class='ocrx_word' id='word_1_50' title='bbox 1044 806 1112 844; x_wconf 91' lang='lat' dir='ltr'><strong>ac</strong></span> <span class='ocrx_word' id='word_1_51' title='bbox 1142 789 1366 861; x_wconf 89' lang='lat' dir='ltr'><strong>pariter</strong></span> <span class='ocrx_word' id='word_1_52' title='bbox 1410 792 1744 843; x_wconf 89' lang='lat' dir='ltr'><strong>memorato</strong></span> <span class='ocrx_word' id='word_1_53' title='bbox 1793 783 2101 840; x_wconf 87' lang='lat' dir='ltr'><strong>instabant</strong></span> 
     </span>
    </p>
   </div>
   <div class='ocr_carea' id='block_1_9' title="bbox 446 875 2101 957">
    <p class='ocr_par' dir='ltr' id='par_1_9' title="bbox 446 875 2101 957">
     <span class='ocr_line' id='line_1_9' title="bbox 446 875 2101 957; baseline -0.007 -18"><span class='ocrx_word' id='word_1_54' title='bbox 446 882 644 957; x_wconf 88' lang='lat' dir='ltr'><strong>operi;</strong></span> <span class='ocrx_word' id='word_1_55' title='bbox 673 881 817 953; x_wconf 89' lang='lat' dir='ltr'><strong>quia</strong></span> <span class='ocrx_word' id='word_1_56' title='bbox 863 879 1040 952; x_wconf 89' lang='lat' dir='ltr'><strong>primi</strong></span> <span class='ocrx_word' id='word_1_57' title='bbox 1094 878 1368 934; x_wconf 90' lang='lat' dir='ltr'><strong>doctores</strong></span> <span class='ocrx_word' id='word_1_58' title='bbox 1413 895 1482 932; x_wconf 82' lang='lat' dir='ltr'><strong>ex</strong></span> <span class='ocrx_word' id='word_1_59' title='bbox 1532 875 1808 946; x_wconf 82' lang='lat' dir='ltr'><strong>gentibus</strong></span> <span class='ocrx_word' id='word_1_60' title='bbox 1856 887 2101 929; x_wconf 89' lang='lat' dir='ltr'><strong>necesse</strong></span> 
     </span>
    </p>
   </div>
   <div class='ocr_carea' id='block_1_10' title="bbox 444 961 2100 1042">
    <p class='ocr_par' dir='ltr' id='par_1_10' title="bbox 444 961 2100 1042">
     <span class='ocr_line' id='line_1_10' title="bbox 444 961 2100 1042; baseline -0.008 -14"><span class='ocrx_word' id='word_1_61' title='bbox 444 971 757 1030; x_wconf 84' lang='lat' dir='ltr'><strong>habebant</strong></span> <span class='ocrx_word' id='word_1_62' title='bbox 792 969 1067 1042; x_wconf 90' lang='lat' dir='ltr'><strong>ipsorum</strong></span> <span class='ocrx_word' id='word_1_63' title='bbox 1117 966 1549 1040; x_wconf 78' lang='lat' dir='ltr'><strong>apostolorum,</strong></span> <span class='ocrx_word' id='word_1_64' title='bbox 1595 964 1701 1036; x_wconf 90' lang='lat' dir='ltr'><strong>qui</strong></span> <span class='ocrx_word' id='word_1_65' title='bbox 1760 980 1795 1018; x_wconf 89' lang='lat' dir='ltr'><strong>a</strong></span> <span class='ocrx_word' id='word_1_66' title='bbox 1847 961 2100 1017; x_wconf 90' lang='lat' dir='ltr'><strong>Domino</strong></span> 
     </span>
    </p>
   </div>
   <div class='ocr_carea' id='block_1_11' title="bbox 446 1051 2102 1129">
    <p class='ocr_par' dir='ltr' id='par_1_11' title="bbox 446 1051 2102 1129">
     <span class='ocr_line' id='line_1_11' title="bbox 446 1051 2102 1129; baseline -0.008 -12"><span class='ocrx_word' id='word_1_67' title='bbox 446 1061 800 1129; x_wconf 84' lang='lat' dir='ltr'><strong>didicerant,</strong></span> <span class='ocrx_word' id='word_1_68' title='bbox 830 1058 1158 1114; x_wconf 86' lang='lat' dir='ltr'><strong>eruditione</strong></span> <span class='ocrx_word' id='word_1_69' title='bbox 1191 1057 1253 1111; x_wconf 91' lang='lat' dir='ltr'><strong>in</strong></span> <span class='ocrx_word' id='word_1_70' title='bbox 1298 1056 1476 1110; x_wconf 84' lang='lat' dir='ltr'><strong>verbo</strong></span> <span class='ocrx_word' id='word_1_71' title='bbox 1521 1053 1660 1108; x_wconf 88' lang='lat' dir='ltr'><strong>fidei</strong></span> <span class='ocrx_word' id='word_1_72' title='bbox 1703 1051 1948 1108; x_wconf 88' lang='lat' dir='ltr'><strong>instituti</strong></span> <span class='ocrx_word' id='word_1_73' title='bbox 1980 1069 1993 1105; x_wconf 89' lang='lat'><strong>:</strong></span> <span class='ocrx_word' id='word_1_74' title='bbox 2028 1065 2102 1104; x_wconf 89' lang='lat' dir='ltr'><strong>ne</strong></span> 
     </span>
    </p>
   </div>
   <div class='ocr_carea' id='block_1_12' title="bbox 449 1139 2102 1222">
    <p class='ocr_par' dir='ltr' id='par_1_12' title="bbox 449 1139 2102 1222">
     <span class='ocr_line' id='line_1_12' title="bbox 449 1139 2102 1222; baseline -0.008 -16"><span class='ocrx_word' id='word_1_75' title='bbox 449 1151 497 1207; x_wconf 90' lang='lat' dir='ltr'><strong>si</strong></span> <span class='ocrx_word' id='word_1_76' title='bbox 553 1149 787 1222; x_wconf 85' lang='lat' dir='ltr'><strong>absque</strong></span> <span class='ocrx_word' id='word_1_77' title='bbox 841 1146 1142 1217; x_wconf 85' lang='lat' dir='ltr'><strong>magistris</strong></span> <span class='ocrx_word' id='word_1_78' title='bbox 1190 1146 1403 1201; x_wconf 89' lang='lat' dir='ltr'><strong>docere</strong></span> <span class='ocrx_word' id='word_1_79' title='bbox 1456 1144 1804 1215; x_wconf 91' lang='lat' dir='ltr'><strong>inciperent,</strong></span> <span class='ocrx_word' id='word_1_80' title='bbox 1831 1139 2102 1209; x_wconf 89' lang='lat' dir='ltr'><strong>magistri</strong></span> 
     </span>
    </p>
   </div>
   <div class='ocr_carea' id='block_1_13' title="bbox 449 1231 2102 1303">
    <p class='ocr_par' dir='ltr' id='par_1_13' title="bbox 449 1231 2102 1303">
     <span class='ocr_line' id='line_1_13' title="bbox 449 1231 2102 1303; baseline -0.008 -7"><span class='ocrx_word' id='word_1_81' title='bbox 449 1240 760 1297; x_wconf 83' lang='lat' dir='ltr'><strong>existerent</strong></span> <span class='ocrx_word' id='word_1_82' title='bbox 788 1236 1022 1303; x_wconf 86' lang='lat' dir='ltr'><strong>erroris,</strong></span> <span class='ocrx_word' id='word_1_83' title='bbox 1059 1235 1279 1290; x_wconf 90' lang='lat' dir='ltr'><strong>idcirco</strong></span> <span class='ocrx_word' id='word_1_84' title='bbox 1313 1233 1530 1289; x_wconf 86' lang='lat' dir='ltr'><strong>etenim</strong></span> <span class='ocrx_word' id='word_1_85' title='bbox 1565 1231 1847 1288; x_wconf 88' lang='lat' dir='ltr'><strong>Salomon</strong></span> <span class='ocrx_word' id='word_1_86' title='bbox 1897 1245 2102 1284; x_wconf 90' lang='lat' dir='ltr'><strong>servos</strong></span> 
     </span>
    </p>
   </div>
   <div class='ocr_carea' id='block_1_14' title="bbox 451 1318 2108 1392">
    <p class='ocr_par' dir='ltr' id='par_1_14' title="bbox 451 1318 2108 1392">
     <span class='ocr_line' id='line_1_14' title="bbox 451 1318 2108 1392; baseline -0.008 -7"><span class='ocrx_word' id='word_1_87' title='bbox 451 1329 653 1386; x_wconf 85' lang='lat' dir='ltr'><strong>Hiram</strong></span> <span class='ocrx_word' id='word_1_88' title='bbox 698 1326 922 1381; x_wconf 58' lang='lat' dir='ltr'><strong>credere</strong></span> <span class='ocrx_word' id='word_1_89' title='bbox 975 1325 1086 1379; x_wconf 89' lang='lat' dir='ltr'><strong>sibi</strong></span> <span class='ocrx_word' id='word_1_90' title='bbox 1138 1323 1326 1379; x_wconf 87' lang='lat' dir='ltr'><strong>voluit</strong></span> <span class='ocrx_word' id='word_1_91' title='bbox 1370 1323 1534 1392; x_wconf 89' lang='lat' dir='ltr'><strong>ligna</strong></span> <span class='ocrx_word' id='word_1_92' title='bbox 1563 1320 1638 1376; x_wconf 92' lang='lat' dir='ltr'><strong>de</strong></span> <span class='ocrx_word' id='word_1_93' title='bbox 1685 1320 1930 1384; x_wconf 81' lang='lat' dir='ltr'><strong>Libano,</strong></span> <span class='ocrx_word' id='word_1_94' title='bbox 1963 1318 2108 1391; x_wconf 88' lang='lat' dir='ltr'><strong>quia</strong></span> 
     </span>
    </p>
   </div>
   <div class='ocr_carea' id='block_1_15' title="bbox 451 1405 2110 1475">
    <p class='ocr_par' dir='ltr' id='par_1_15' title="bbox 451 1405 2110 1475">
     <span class='ocr_line' id='line_1_15' title="bbox 451 1405 2110 1475; baseline -0.008 0"><span class='ocrx_word' id='word_1_95' title='bbox 451 1416 747 1475; x_wconf 86' lang='lat' dir='ltr'><strong>doctiores</strong></span> <span class='ocrx_word' id='word_1_96' title='bbox 791 1418 962 1471; x_wconf 90' lang='lat' dir='ltr'><strong>erant</strong></span> <span class='ocrx_word' id='word_1_97' title='bbox 1017 1413 1204 1469; x_wconf 90' lang='lat' dir='ltr'><strong>servis</strong></span> <span class='ocrx_word' id='word_1_98' title='bbox 1259 1412 1381 1467; x_wconf 85' lang='lat' dir='ltr'><strong>suis</strong></span> <span class='ocrx_word' id='word_1_99' title='bbox 1432 1411 1508 1467; x_wconf 93' lang='lat' dir='ltr'><strong>ad</strong></span> <span class='ocrx_word' id='word_1_100' title='bbox 1563 1408 1943 1465; x_wconf 63' lang='lat' dir='ltr'><strong>caedendum.</strong></span> <span class='ocrx_word' id='word_1_101' title='bbox 1995 1405 2110 1464; x_wconf 88' lang='lat' dir='ltr'><strong>Sed</strong></span> 
     </span>
    </p>
   </div>
   <div class='ocr_carea' id='block_1_16' title="bbox 450 1497 2110 1564">
    <p class='ocr_par' dir='ltr' id='par_1_16' title="bbox 450 1497 2110 1564">
     <span class='ocr_line' id='line_1_16' title="bbox 450 1497 2110 1564; baseline -0.008 0"><span class='ocrx_word' id='word_1_102' title='bbox 450 1507 674 1564; x_wconf 92' lang='lat' dir='ltr'><strong>idcirco</strong></span> <span class='ocrx_word' id='word_1_103' title='bbox 718 1506 897 1562; x_wconf 90' lang='lat' dir='ltr'><strong>etiam</strong></span> <span class='ocrx_word' id='word_1_104' title='bbox 931 1519 1137 1559; x_wconf 88' lang='lat' dir='ltr'><strong>servos</strong></span> <span class='ocrx_word' id='word_1_105' title='bbox 1169 1519 1312 1557; x_wconf 91' lang='lat' dir='ltr'><strong>suos</strong></span> <span class='ocrx_word' id='word_1_106' title='bbox 1357 1499 1534 1556; x_wconf 87' lang='lat' dir='ltr'><strong>simul</strong></span> <span class='ocrx_word' id='word_1_107' title='bbox 1566 1499 1776 1554; x_wconf 90' lang='lat' dir='ltr'><strong>adesse</strong></span> <span class='ocrx_word' id='word_1_108' title='bbox 1805 1497 2012 1564; x_wconf 91' lang='lat' dir='ltr'><strong>voluit,</strong></span> <span class='ocrx_word' id='word_1_109' title='bbox 2046 1500 2110 1551; x_wconf 94' lang='lat' dir='ltr'><strong>ut</strong></span> 
     </span>
    </p>
   </div>
   <div class='ocr_carea' id='block_1_17' title="bbox 1541 118 2751 188">
    <p class='ocr_par' dir='ltr' id='par_1_17' title="bbox 1541 118 2751 188">
     <span class='ocr_line' id='line_1_17' title="bbox 1541 118 2751 188; baseline -0.004 -2"><span class='ocrx_word' id='word_1_110' title='bbox 1541 127 1896 188; x_wconf 76' lang='lat' dir='ltr'><strong>ANGELOMI</strong></span> <span class='ocrx_word' id='word_1_111' title='bbox 1935 118 2402 181; x_wconf 68' lang='lat' dir='ltr'><strong>LUXOVIENSIS</strong></span> <span class='ocrx_word' id='word_1_112' title='bbox 2442 125 2751 183; x_wconf 75' lang='lat' dir='ltr'><strong>MONACHI</strong></span> 
     </span>
    </p>
   </div>
   <div class='ocr_carea' id='block_1_18' title="bbox 3748 121 3847 177">
    <p class='ocr_par' dir='ltr' id='par_1_18' title="bbox 3748 121 3847 177">
     <span class='ocr_line' id='line_1_18' title="bbox 3748 121 3847 177; baseline 0 0"><span class='ocrx_word' id='word_1_113' title='bbox 3748 121 3847 177; x_wconf 59' lang='lat'><strong>608</strong></span> 
     </span>
    </p>
   </div>
   <div class='ocr_carea' id='block_1_19' title="bbox 2208 243 3854 324">
    <p class='ocr_par' dir='ltr' id='par_1_19' title="bbox 2208 243 3854 324">
     <span class='ocr_line' id='line_1_19' title="bbox 2208 243 3854 324; baseline -0.001 -22"><span class='ocrx_word' id='word_1_114' title='bbox 2208 246 2268 302; x_wconf 91' lang='lat' dir='ltr'><strong>in</strong></span> <span class='ocrx_word' id='word_1_115' title='bbox 2299 246 2506 306; x_wconf 86' lang='lat' dir='ltr'><strong>fratres</strong></span> <span class='ocrx_word' id='word_1_116' title='bbox 2535 267 2879 324; x_wconf 91' lang='lat' dir='ltr'><strong>operamur.</strong></span> <span class='ocrx_word' id='word_1_117' title='bbox 2911 252 3015 305; x_wconf 87' lang='lat' dir='ltr'><strong>Per</strong></span> <span class='ocrx_word' id='word_1_118' title='bbox 3041 244 3620 312; x_wconf 88' lang='lat' dir='ltr'><strong>orationem,omnia</strong></span> <span class='ocrx_word' id='word_1_119' title='bbox 3635 243 3854 317; x_wconf 88' lang='lat' dir='ltr'><strong>quibus</strong></span> 
     </span>
    </p>
   </div>
   <div class='ocr_carea' id='block_1_20' title="bbox 2207 332 3854 412">
    <p class='ocr_par' dir='ltr' id='par_1_20' title="bbox 2207 332 3854 412">
     <span class='ocr_line' id='line_1_20' title="bbox 2207 332 3854 412; baseline -0.002 -21"><span class='ocrx_word' id='word_1_120' title='bbox 2207 353 2313 409; x_wconf 91' lang='lat' dir='ltr'><strong>per</strong></span> <span class='ocrx_word' id='word_1_121' title='bbox 2369 338 2666 395; x_wconf 89' lang='lat' dir='ltr'><strong>internam</strong></span> <span class='ocrx_word' id='word_1_122' title='bbox 2721 337 3246 412; x_wconf 90' lang='lat' dir='ltr'><strong>compunctionem</strong></span> <span class='ocrx_word' id='word_1_123' title='bbox 3308 340 3510 390; x_wconf 87' lang='lat' dir='ltr'><strong>nostro</strong></span> <span class='ocrx_word' id='word_1_124' title='bbox 3559 332 3854 389; x_wconf 89' lang='lat' dir='ltr'><strong>Conditori</strong></span> 
     </span>
    </p>
   </div>
   <div class='ocr_carea' id='block_1_21' title="bbox 2209 423 3861 499">
    <p class='ocr_par' dir='ltr' id='par_1_21' title="bbox 2209 423 3861 499">
     <span class='ocr_line' id='line_1_21' title="bbox 2209 423 3861 499; baseline -0.004 -17"><span class='ocrx_word' id='word_1_125' title='bbox 2209 427 2652 497; x_wconf 86' lang='lat' dir='ltr'><strong>conjungimur.</strong></span> <span class='ocrx_word' id='word_1_126' title='bbox 2687 432 2792 484; x_wconf 86' lang='lat' dir='ltr'><strong>Per</strong></span> <span class='ocrx_word' id='word_1_127' title='bbox 2833 428 3156 499; x_wconf 86' lang='lat' dir='ltr'><strong>jejunium,</strong></span> <span class='ocrx_word' id='word_1_128' title='bbox 3188 425 3395 480; x_wconf 88' lang='lat' dir='ltr'><strong>omnia</strong></span> <span class='ocrx_word' id='word_1_129' title='bbox 3428 423 3650 497; x_wconf 87' lang='lat' dir='ltr'><strong>quibus</strong></span> <span class='ocrx_word' id='word_1_130' title='bbox 3681 437 3790 476; x_wconf 85' lang='lat' dir='ltr'><strong>nos</strong></span> <span class='ocrx_word' id='word_1_131' title='bbox 3823 439 3861 476; x_wconf 87' lang='lat' dir='ltr'><strong>a</strong></span> 
     </span>
    </p>
   </div>
   <div class='ocr_carea' id='block_1_22' title="bbox 2208 510 3865 587">
    <p class='ocr_par' dir='ltr' id='par_1_22' title="bbox 2208 510 3865 587">
     <span class='ocr_line' id='line_1_22' title="bbox 2208 510 3865 587; baseline -0.004 -17"><span class='ocrx_word' id='word_1_132' title='bbox 2208 517 2565 587; x_wconf 84' lang='lat' dir='ltr'><strong>contagione</strong></span> <span class='ocrx_word' id='word_1_133' title='bbox 2590 517 2888 583; x_wconf 88' lang='lat' dir='ltr'><strong>vitiorum,</strong></span> <span class='ocrx_word' id='word_1_134' title='bbox 2923 522 2978 571; x_wconf 89' lang='lat' dir='ltr'><strong>et</strong></span> <span class='ocrx_word' id='word_1_135' title='bbox 3008 513 3298 570; x_wconf 87' lang='lat' dir='ltr'><strong>illecebris</strong></span> <span class='ocrx_word' id='word_1_136' title='bbox 3349 511 3550 567; x_wconf 70' lang='lat' dir='ltr'><strong>saeculi</strong></span> <span class='ocrx_word' id='word_1_137' title='bbox 3579 510 3865 566; x_wconf 82' lang='lat' dir='ltr'><strong>observa-</strong></span> 
     </span>
    </p>
   </div>
   <div class='ocr_carea' id='block_1_23' title="bbox 2209 599 3864 676">
    <p class='ocr_par' dir='ltr' id='par_1_23' title="bbox 2209 599 3864 676">
     <span class='ocr_line' id='line_1_23' title="bbox 2209 599 3864 676; baseline -0.004 -16"><span class='ocrx_word' id='word_1_138' title='bbox 2209 622 2365 673; x_wconf 89' lang='lat' dir='ltr'><strong>mus,</strong></span> <span class='ocrx_word' id='word_1_139' title='bbox 2398 611 2462 662; x_wconf 90' lang='lat' dir='ltr'><strong>ut</strong></span> <span class='ocrx_word' id='word_1_140' title='bbox 2489 607 2677 662; x_wconf 89' lang='lat' dir='ltr'><strong>libera</strong></span> <span class='ocrx_word' id='word_1_141' title='bbox 2723 612 2940 664; x_wconf 86' lang='lat' dir='ltr'><strong>mente.</strong></span> <span class='ocrx_word' id='word_1_142' title='bbox 2975 611 3032 661; x_wconf 92' lang='lat' dir='ltr'><strong>et</strong></span> <span class='ocrx_word' id='word_1_143' title='bbox 3061 619 3310 676; x_wconf 91' lang='lat' dir='ltr'><strong>corpore</strong></span> <span class='ocrx_word' id='word_1_144' title='bbox 3342 607 3529 667; x_wconf 90' lang='lat' dir='ltr'><strong>casto,</strong></span> <span class='ocrx_word' id='word_1_145' title='bbox 3564 599 3864 656; x_wconf 89' lang='lat' dir='ltr'><strong>dilectioni</strong></span> 
     </span>
    </p>
   </div>
   <div class='ocr_carea' id='block_1_24' title="bbox 2207 690 3868 768">
    <p class='ocr_par' dir='ltr' id='par_1_24' title="bbox 2207 690 3868 768">
     <span class='ocr_line' id='line_1_24' title="bbox 2207 690 3868 768; baseline -0.002 -18"><span class='ocrx_word' id='word_1_146' title='bbox 2207 696 2522 752; x_wconf 89' lang='lat' dir='ltr'><strong>valeamus</strong></span> <span class='ocrx_word' id='word_1_147' title='bbox 2572 697 2858 752; x_wconf 70' lang='lat' dir='ltr'><strong>inhaerere</strong></span> <span class='ocrx_word' id='word_1_148' title='bbox 2908 711 3144 768; x_wconf 88' lang='lat' dir='ltr'><strong>semper</strong></span> <span class='ocrx_word' id='word_1_149' title='bbox 3189 693 3372 749; x_wconf 84' lang='lat' dir='ltr'><strong>nostri</strong></span> <span class='ocrx_word' id='word_1_150' title='bbox 3423 690 3758 747; x_wconf 84' lang='lat' dir='ltr'><strong>Conditoris</strong></span> <span class='ocrx_word' id='word_1_151' title='bbox 3809 693 3868 746; x_wconf 88' lang='lat' dir='ltr'><strong>et</strong></span> 
     </span>
    </p>
   </div>
   <div class='ocr_carea' id='block_1_25' title="bbox 2210 781 3866 856">
    <p class='ocr_par' dir='ltr' id='par_1_25' title="bbox 2210 781 3866 856">
     <span class='ocr_line' id='line_1_25' title="bbox 2210 781 3866 856; baseline -0.004 -16"><span class='ocrx_word' id='word_1_152' title='bbox 2210 787 2480 856; x_wconf 85' lang='lat' dir='ltr'><strong>proximi.</strong></span> <span class='ocrx_word' id='word_1_153' title='bbox 2502 789 2567 842; x_wconf 85' lang='lat' dir='ltr'><strong>Et</strong></span> <span class='ocrx_word' id='word_1_154' title='bbox 2595 787 2686 842; x_wconf 90' lang='lat' dir='ltr'><strong>isti</strong></span> <span class='ocrx_word' id='word_1_155' title='bbox 2705 791 2842 842; x_wconf 90' lang='lat' dir='ltr'><strong>sunt</strong></span> <span class='ocrx_word' id='word_1_156' title='bbox 2871 791 2987 841; x_wconf 88' lang='lat' dir='ltr'><strong>tres</strong></span> <span class='ocrx_word' id='word_1_157' title='bbox 3009 800 3248 840; x_wconf 91' lang='lat' dir='ltr'><strong>menses</strong></span> <span class='ocrx_word' id='word_1_158' title='bbox 3279 781 3692 854; x_wconf 88' lang='lat' dir='ltr'><strong>operariorum</strong></span> <span class='ocrx_word' id='word_1_159' title='bbox 3717 785 3866 835; x_wconf 91' lang='lat' dir='ltr'><strong>tem-</strong></span> 
     </span>
    </p>
   </div>
   <div class='ocr_carea' id='block_1_26' title="bbox 2207 868 3869 948">
    <p class='ocr_par' dir='ltr' id='par_1_26' title="bbox 2207 868 3869 948">
     <span class='ocr_line' id='line_1_26' title="bbox 2207 868 3869 948; baseline -0.005 -18"><span class='ocrx_word' id='word_1_160' title='bbox 2207 874 2290 946; x_wconf 89' lang='lat' dir='ltr'><strong>pli</strong></span> <span class='ocrx_word' id='word_1_161' title='bbox 2324 895 2337 932; x_wconf 92' lang='lat'><strong>:</strong></span> <span class='ocrx_word' id='word_1_162' title='bbox 2369 879 2514 932; x_wconf 79' lang='lat' dir='ltr'><strong>Nam</strong></span> <span class='ocrx_word' id='word_1_163' title='bbox 2539 876 2683 948; x_wconf 91' lang='lat' dir='ltr'><strong>quia</strong></span> <span class='ocrx_word' id='word_1_164' title='bbox 2714 876 2936 931; x_wconf 90' lang='lat' dir='ltr'><strong>mensis</strong></span> <span class='ocrx_word' id='word_1_165' title='bbox 2975 872 3342 947; x_wconf 88' lang='lat' dir='ltr'><strong>plenitudine</strong></span> <span class='ocrx_word' id='word_1_166' title='bbox 3373 871 3603 926; x_wconf 88' lang='lat' dir='ltr'><strong>dierum</strong></span> <span class='ocrx_word' id='word_1_167' title='bbox 3635 868 3869 924; x_wconf 88' lang='lat' dir='ltr'><strong>lunaris</strong></span> 
     </span>
    </p>
   </div>
   <div class='ocr_carea' id='block_1_27' title="bbox 2210 957 3871 1038">
    <p class='ocr_par' dir='ltr' id='par_1_27' title="bbox 2210 957 3871 1038">
     <span class='ocr_line' id='line_1_27' title="bbox 2210 957 3871 1038; baseline -0.005 -18"><span class='ocrx_word' id='word_1_168' title='bbox 2210 965 2410 1020; x_wconf 90' lang='lat' dir='ltr'><strong>circuli</strong></span> <span class='ocrx_word' id='word_1_169' title='bbox 2437 966 2756 1038; x_wconf 89' lang='lat' dir='ltr'><strong>perficitur,</strong></span> <span class='ocrx_word' id='word_1_170' title='bbox 2781 970 2936 1021; x_wconf 91' lang='lat' dir='ltr'><strong>recte</strong></span> <span class='ocrx_word' id='word_1_171' title='bbox 2966 979 3073 1036; x_wconf 91' lang='lat' dir='ltr'><strong>per</strong></span> <span class='ocrx_word' id='word_1_172' title='bbox 3093 963 3261 1018; x_wconf 91' lang='lat' dir='ltr'><strong>illum</strong></span> <span class='ocrx_word' id='word_1_173' title='bbox 3297 959 3604 1034; x_wconf 88' lang='lat' dir='ltr'><strong>plenitudo</strong></span> <span class='ocrx_word' id='word_1_174' title='bbox 3635 957 3871 1014; x_wconf 84' lang='lat' dir='ltr'><strong>virtutis</strong></span> 
     </span>
    </p>
   </div>
   <div class='ocr_carea' id='block_1_28' title="bbox 2211 1047 3871 1129">
    <p class='ocr_par' dir='ltr' id='par_1_28' title="bbox 2211 1047 3871 1129">
     <span class='ocr_line' id='line_1_28' title="bbox 2211 1047 3871 1129; baseline -0.005 -18"><span class='ocrx_word' id='word_1_175' title='bbox 2211 1056 2501 1128; x_wconf 88' lang='lat' dir='ltr'><strong>cujusque</strong></span> <span class='ocrx_word' id='word_1_176' title='bbox 2519 1055 2795 1129; x_wconf 87' lang='lat' dir='ltr'><strong>spiritalis</strong></span> <span class='ocrx_word' id='word_1_177' title='bbox 2811 1053 3162 1117; x_wconf 86' lang='lat' dir='ltr'><strong>ostenditur,</strong></span> <span class='ocrx_word' id='word_1_178' title='bbox 3185 1053 3244 1107; x_wconf 91' lang='lat' dir='ltr'><strong>in</strong></span> <span class='ocrx_word' id='word_1_179' title='bbox 3263 1067 3387 1124; x_wconf 91' lang='lat' dir='ltr'><strong>qua</strong></span> <span class='ocrx_word' id='word_1_180' title='bbox 3407 1065 3578 1105; x_wconf 92' lang='lat' dir='ltr'><strong>mens</strong></span> <span class='ocrx_word' id='word_1_181' title='bbox 3598 1047 3871 1104; x_wconf 84' lang='lat' dir='ltr'><strong>ﬁdelium</strong></span> 
     </span>
    </p>
   </div>
   <div class='ocr_carea' id='block_1_29' title="bbox 2215 1138 3877 1218">
    <p class='ocr_par' dir='ltr' id='par_1_29' title="bbox 2215 1138 3877 1218">
     <span class='ocr_line' id='line_1_29' title="bbox 2215 1138 3877 1218; baseline -0.004 -16"><span class='ocrx_word' id='word_1_182' title='bbox 2215 1163 2250 1202; x_wconf 93' lang='lat' dir='ltr'><strong>a</strong></span> <span class='ocrx_word' id='word_1_183' title='bbox 2281 1146 2532 1201; x_wconf 91' lang='lat' dir='ltr'><strong>Domino</strong></span> <span class='ocrx_word' id='word_1_184' title='bbox 2574 1145 2928 1218; x_wconf 87' lang='lat' dir='ltr'><strong>quotidiana</strong></span> <span class='ocrx_word' id='word_1_185' title='bbox 2981 1143 3393 1209; x_wconf 90' lang='lat' dir='ltr'><strong>illustratione,</strong></span> <span class='ocrx_word' id='word_1_186' title='bbox 3426 1139 3604 1213; x_wconf 88' lang='lat' dir='ltr'><strong>quasi</strong></span> <span class='ocrx_word' id='word_1_187' title='bbox 3651 1138 3800 1194; x_wconf 90' lang='lat' dir='ltr'><strong>luna</strong></span> <span class='ocrx_word' id='word_1_188' title='bbox 3835 1153 3877 1195; x_wconf 73' lang='grc' dir='ltr'><strong>α.</strong></span> 
     </span>
    </p>
   </div>
   <div class='ocr_carea' id='block_1_30' title="bbox 2215 1227 3874 1308">
    <p class='ocr_par' dir='ltr' id='par_1_30' title="bbox 2215 1227 3874 1308">
     <span class='ocr_line' id='line_1_30' title="bbox 2215 1227 3874 1308; baseline -0.006 -17"><span class='ocrx_word' id='word_1_189' title='bbox 2215 1235 2337 1291; x_wconf 91' lang='lat' dir='ltr'><strong>sole</strong></span> <span class='ocrx_word' id='word_1_190' title='bbox 2384 1235 2715 1308; x_wconf 88' lang='lat' dir='ltr'><strong>respicitur.</strong></span> <span class='ocrx_word' id='word_1_191' title='bbox 2749 1237 2909 1290; x_wconf 91' lang='lat' dir='ltr'><strong>Unus</strong></span> <span class='ocrx_word' id='word_1_192' title='bbox 2955 1249 3099 1288; x_wconf 85' lang='lat' dir='ltr'><strong>vero</strong></span> <span class='ocrx_word' id='word_1_193' title='bbox 3160 1230 3378 1287; x_wconf 88' lang='lat' dir='ltr'><strong>mensis</strong></span> <span class='ocrx_word' id='word_1_194' title='bbox 3430 1246 3553 1302; x_wconf 93' lang='lat' dir='ltr'><strong>quo</strong></span> <span class='ocrx_word' id='word_1_195' title='bbox 3602 1227 3764 1297; x_wconf 83' lang='lat' dir='ltr'><strong>ligna</strong></span> <span class='ocrx_word' id='word_1_196' title='bbox 3791 1227 3874 1284; x_wconf 86' lang='lat' dir='ltr'><strong>ad</strong></span> 
     </span>
    </p>
   </div>
   <div class='ocr_carea' id='block_1_31' title="bbox 2215 1319 3874 1400">
    <p class='ocr_par' dir='ltr' id='par_1_31' title="bbox 2215 1319 3874 1400">
     <span class='ocr_line' id='line_1_31' title="bbox 2215 1319 3874 1400; baseline -0.007 -18"><span class='ocrx_word' id='word_1_197' title='bbox 2215 1343 2369 1400; x_wconf 89' lang='lat' dir='ltr'><strong>opus</strong></span> <span class='ocrx_word' id='word_1_198' title='bbox 2395 1326 2601 1398; x_wconf 91' lang='lat' dir='ltr'><strong>templi</strong></span> <span class='ocrx_word' id='word_1_199' title='bbox 2632 1325 2963 1390; x_wconf 63' lang='lat' dir='ltr'><strong>caedebant,</strong></span> <span class='ocrx_word' id='word_1_200' title='bbox 2983 1324 3367 1393; x_wconf 88' lang='lat' dir='ltr'><strong>eleemosyna</strong></span> <span class='ocrx_word' id='word_1_201' title='bbox 3388 1325 3494 1386; x_wconf 90' lang='lat' dir='ltr'><strong>est,</strong></span> <span class='ocrx_word' id='word_1_202' title='bbox 3523 1319 3581 1374; x_wconf 92' lang='lat' dir='ltr'><strong>id</strong></span> <span class='ocrx_word' id='word_1_203' title='bbox 3609 1323 3697 1374; x_wconf 88' lang='lat' dir='ltr'><strong>est</strong></span> <span class='ocrx_word' id='word_1_204' title='bbox 3715 1333 3874 1390; x_wconf 91' lang='lat' dir='ltr'><strong>opus</strong></span> 
     </span>
    </p>
   </div>
   <div class='ocr_carea' id='block_1_32' title="bbox 2217 1407 3877 1487">
    <p class='ocr_par' dir='ltr' id='par_1_32' title="bbox 2217 1407 3877 1487">
     <span class='ocr_line' id='line_1_32' title="bbox 2217 1407 3877 1487; baseline -0.008 -14"><span class='ocrx_word' id='word_1_205' title='bbox 2217 1415 2658 1481; x_wconf 69' lang='lat' dir='ltr'><strong>misericordiae,</strong></span> <span class='ocrx_word' id='word_1_206' title='bbox 2690 1430 2816 1487; x_wconf 91' lang='lat' dir='ltr'><strong>qua</strong></span> <span class='ocrx_word' id='word_1_207' title='bbox 2867 1429 3012 1483; x_wconf 89' lang='lat' dir='ltr'><strong>erga</strong></span> <span class='ocrx_word' id='word_1_208' title='bbox 3065 1412 3315 1467; x_wconf 85' lang='lat' dir='ltr'><strong>salutem</strong></span> <span class='ocrx_word' id='word_1_209' title='bbox 3369 1407 3646 1482; x_wconf 87' lang='lat' dir='ltr'><strong>proximi,</strong></span> <span class='ocrx_word' id='word_1_210' title='bbox 3697 1412 3760 1462; x_wconf 92' lang='lat' dir='ltr'><strong>ut</strong></span> <span class='ocrx_word' id='word_1_211' title='bbox 3813 1407 3877 1461; x_wconf 91' lang='lat' dir='ltr'><strong>in</strong></span> 
     </span>
    </p>
   </div>
   <div class='ocr_carea' id='block_1_33' title="bbox 2219 1498 3878 1572">
    <p class='ocr_par' dir='ltr' id='par_1_33' title="bbox 2219 1498 3878 1572">
     <span class='ocr_line' id='line_1_33' title="bbox 2219 1498 3878 1572; baseline -0.007 -10"><span class='ocrx_word' id='word_1_212' title='bbox 2219 1508 2505 1562; x_wconf 87' lang='lat' dir='ltr'><strong>unitatem</strong></span> <span class='ocrx_word' id='word_1_213' title='bbox 2540 1510 2758 1561; x_wconf 64' lang='lat' dir='ltr'><strong>sanctae</strong></span> <span class='ocrx_word' id='word_1_214' title='bbox 2784 1503 3054 1559; x_wconf 72' lang='lat' dir='ltr'><strong>Ecclesiae</strong></span> <span class='ocrx_word' id='word_1_215' title='bbox 3083 1503 3237 1557; x_wconf 89' lang='lat' dir='ltr'><strong>bene</strong></span> <span class='ocrx_word' id='word_1_216' title='bbox 3265 1498 3635 1572; x_wconf 84' lang='lat' dir='ltr'><strong>proﬁciendo</strong></span> <span class='ocrx_word' id='word_1_217' title='bbox 3663 1513 3878 1570; x_wconf 88' lang='lat' dir='ltr'><strong>perve-</strong></span> 
     </span>
    </p>
   </div>
   <div class='ocr_carea' id='block_1_34' title="bbox 454 1586 3881 1665">
    <p class='ocr_par' dir='ltr' id='par_1_34' title="bbox 454 1586 3881 1665">
     <span class='ocr_line' id='line_1_34' title="bbox 454 1586 3881 1665; baseline -0.007 2"><span class='ocrx_word' id='word_1_218' title='bbox 454 1596 836 1654; x_wconf 68' lang='grc' dir='ltr'><strong>οείθηάετθῐιί</strong></span> <span class='ocrx_word' id='word_1_219' title='bbox 863 1593 1228 1650; x_wconf 59' lang='grc' dir='ltr'><strong>εδεάθηίίῦυε</strong></span> <span class='ocrx_word' id='word_1_220' title='bbox 1257 1592 1426 1662; x_wconf 64' lang='lat' dir='ltr'><strong>cuius</strong></span> <span class='ocrx_word' id='word_1_221' title='bbox 1457 1605 1754 1646; x_wconf 56' lang='lat' dir='ltr'><strong>mensura?</strong></span> <span class='ocrx_word' id='word_1_222' title='bbox 1791 1589 1956 1658; x_wconf 68' lang='lat' dir='ltr'><strong>ligna</strong></span> <span class='ocrx_word' id='word_1_223' title='bbox 1983 1587 2110 1643; x_wconf 69' lang='lat' dir='ltr'><strong>ﬁeri</strong></span> <span class='ocrx_word' id='word_1_224' title='bbox 2140 1599 2183 1654; x_wconf 86' lang='grc' dir='ltr'>Β</span> <span class='ocrx_word' id='word_1_225' title='bbox 2219 1597 2408 1665; x_wconf 87' lang='lat' dir='ltr'><strong>niant,</strong></span> <span class='ocrx_word' id='word_1_226' title='bbox 2439 1594 2734 1660; x_wconf 89' lang='lat' dir='ltr'><strong>docendo,</strong></span> <span class='ocrx_word' id='word_1_227' title='bbox 2770 1591 3142 1661; x_wconf 86' lang='lat' dir='ltr'><strong>castigando,</strong></span> <span class='ocrx_word' id='word_1_228' title='bbox 3169 1589 3519 1662; x_wconf 87' lang='lat' dir='ltr'><strong>temporalia</strong></span> <span class='ocrx_word' id='word_1_229' title='bbox 3550 1586 3881 1644; x_wconf 86' lang='lat' dir='ltr'><strong>commoda</strong></span> 
     </span>
    </p>
   </div>
   <div class='ocr_carea' id='block_1_35' title="bbox 429 1676 2112 1755">
    <p class='ocr_par' dir='ltr' id='par_1_35' title="bbox 429 1676 2112 1755">
     <span class='ocr_line' id='line_1_35' title="bbox 429 1676 2112 1755; baseline -0.007 -12"><span class='ocrx_word' id='word_1_230' title='bbox 429 1686 760 1742; x_wconf 73' lang='lat' dir='ltr'><strong>deberent.</strong></span> <span class='ocrx_word' id='word_1_231' title='bbox 799 1684 980 1755; x_wconf 91' lang='lat' dir='ltr'><strong>Cujus</strong></span> <span class='ocrx_word' id='word_1_232' title='bbox 1011 1683 1094 1738; x_wconf 85' lang='lat' dir='ltr'><strong>rei</strong></span> <span class='ocrx_word' id='word_1_233' title='bbox 1132 1681 1326 1752; x_wconf 87' lang='lat' dir='ltr'><strong>ﬁgura</strong></span> <span class='ocrx_word' id='word_1_234' title='bbox 1373 1681 1435 1735; x_wconf 89' lang='lat' dir='ltr'><strong>in</strong></span> <span class='ocrx_word' id='word_1_235' title='bbox 1479 1682 1767 1752; x_wconf 86' lang='lat' dir='ltr'><strong>promptu</strong></span> <span class='ocrx_word' id='word_1_236' title='bbox 1796 1686 1887 1734; x_wconf 85' lang='lat' dir='ltr'><strong>est</strong></span> <span class='ocrx_word' id='word_1_237' title='bbox 1921 1695 1934 1732; x_wconf 89' lang='lat'>:</span> <span class='ocrx_word' id='word_1_238' title='bbox 1967 1676 2112 1750; x_wconf 91' lang='lat' dir='ltr'><strong>quia</strong></span> 
     </span>
    </p>
   </div>
   <div class='ocr_carea' id='block_1_36' title="bbox 455 1765 2111 1846">
    <p class='ocr_par' dir='ltr' id='par_1_36' title="bbox 455 1765 2111 1846">
     <span class='ocr_line' id='line_1_36' title="bbox 455 1765 2111 1846; baseline -0.006 -16"><span class='ocrx_word' id='word_1_239' title='bbox 455 1774 743 1830; x_wconf 90' lang='lat' dir='ltr'><strong>nimirum</strong></span> <span class='ocrx_word' id='word_1_240' title='bbox 773 1771 1032 1846; x_wconf 91' lang='lat' dir='ltr'><strong>apostoli</strong></span> <span class='ocrx_word' id='word_1_241' title='bbox 1058 1771 1271 1828; x_wconf 86' lang='lat' dir='ltr'><strong>certius</strong></span> <span class='ocrx_word' id='word_1_242' title='bbox 1303 1768 1556 1825; x_wconf 84' lang='lat' dir='ltr'><strong>verbum</strong></span> <span class='ocrx_word' id='word_1_243' title='bbox 1599 1766 1916 1836; x_wconf 82' lang='lat' dir='ltr'><strong>Evangelii.</strong></span> <span class='ocrx_word' id='word_1_244' title='bbox 1945 1765 2111 1838; x_wconf 88' lang='lat' dir='ltr'><strong>quod</strong></span> 
     </span>
    </p>
   </div>
   <div class='ocr_carea' id='block_1_37' title="bbox 460 1855 2112 1927">
    <p class='ocr_par' dir='ltr' id='par_1_37' title="bbox 460 1855 2112 1927">
     <span class='ocr_line' id='line_1_37' title="bbox 460 1855 2112 1927; baseline -0.007 -6"><span class='ocrx_word' id='word_1_245' title='bbox 460 1881 496 1921; x_wconf 91' lang='lat' dir='ltr'><strong>a</strong></span> <span class='ocrx_word' id='word_1_246' title='bbox 526 1863 778 1920; x_wconf 92' lang='lat' dir='ltr'><strong>Domino</strong></span> <span class='ocrx_word' id='word_1_247' title='bbox 829 1862 1093 1925; x_wconf 86' lang='lat' dir='ltr'><strong>audiere,</strong></span> <span class='ocrx_word' id='word_1_248' title='bbox 1125 1863 1441 1920; x_wconf 87' lang='lat' dir='ltr'><strong>noverunt,</strong></span> <span class='ocrx_word' id='word_1_249' title='bbox 1465 1857 1570 1914; x_wconf 91' lang='lat' dir='ltr'><strong>sed</strong></span> <span class='ocrx_word' id='word_1_250' title='bbox 1619 1857 1864 1927; x_wconf 82' lang='lat' dir='ltr'><strong>gentiles</strong></span> <span class='ocrx_word' id='word_1_251' title='bbox 1914 1855 1992 1912; x_wconf 90' lang='lat' dir='ltr'><strong>ab</strong></span> <span class='ocrx_word' id='word_1_252' title='bbox 2021 1871 2112 1910; x_wconf 91' lang='lat' dir='ltr'><strong>er-</strong></span> 
     </span>
    </p>
   </div>
   <div class='ocr_carea' id='block_1_38' title="bbox 457 1945 2117 2023">
    <p class='ocr_par' dir='ltr' id='par_1_38' title="bbox 457 1945 2117 2023">
     <span class='ocr_line' id='line_1_38' title="bbox 457 1945 2117 2023; baseline -0.005 -14"><span class='ocrx_word' id='word_1_253' title='bbox 457 1969 590 2010; x_wconf 90' lang='lat' dir='ltr'><strong>rore</strong></span> <span class='ocrx_word' id='word_1_254' title='bbox 622 1951 915 2021; x_wconf 91' lang='lat' dir='ltr'><strong>conversi,</strong></span> <span class='ocrx_word' id='word_1_255' title='bbox 949 1955 1127 2023; x_wconf 90' lang='lat' dir='ltr'><strong>atque</strong></span> <span class='ocrx_word' id='word_1_256' title='bbox 1159 1949 1237 2005; x_wconf 89' lang='lat' dir='ltr'><strong>ad</strong></span> <span class='ocrx_word' id='word_1_257' title='bbox 1259 1949 1564 2005; x_wconf 90' lang='lat' dir='ltr'><strong>veritatem</strong></span> <span class='ocrx_word' id='word_1_258' title='bbox 1597 1945 1900 2017; x_wconf 87' lang='lat' dir='ltr'><strong>Evangelii</strong></span> <span class='ocrx_word' id='word_1_259' title='bbox 1926 1950 2117 2000; x_wconf 87' lang='lat' dir='ltr'><strong>trans-</strong></span> 
     </span>
    </p>
   </div>
   <div class='ocr_carea' id='block_1_39' title="bbox 457 2037 2112 2112">
    <p class='ocr_par' dir='ltr' id='par_1_39' title="bbox 457 2037 2112 2112">
     <span class='ocr_line' id='line_1_39' title="bbox 457 2037 2112 2112; baseline -0.006 -15"><span class='ocrx_word' id='word_1_260' title='bbox 457 2041 722 2111; x_wconf 84' lang='lat' dir='ltr'><strong>formati,</strong></span> <span class='ocrx_word' id='word_1_261' title='bbox 753 2040 966 2096; x_wconf 91' lang='lat' dir='ltr'><strong>melius</strong></span> <span class='ocrx_word' id='word_1_262' title='bbox 1015 2039 1180 2112; x_wconf 90' lang='lat' dir='ltr'><strong>ipsos</strong></span> <span class='ocrx_word' id='word_1_263' title='bbox 1230 2038 1497 2109; x_wconf 89' lang='lat' dir='ltr'><strong>gentium</strong></span> <span class='ocrx_word' id='word_1_264' title='bbox 1545 2051 1771 2091; x_wconf 89' lang='lat' dir='ltr'><strong>errores</strong></span> <span class='ocrx_word' id='word_1_265' title='bbox 1799 2037 2112 2091; x_wconf 86' lang='lat' dir='ltr'><strong>noverant.</strong></span> 
     </span>
    </p>
   </div>
   <div class='ocr_carea' id='block_1_40' title="bbox 461 2123 2117 2202">
    <p class='ocr_par' dir='ltr' id='par_1_40' title="bbox 461 2123 2117 2202">
     <span class='ocr_line' id='line_1_40' title="bbox 461 2123 2117 2202; baseline -0.004 -17"><span class='ocrx_word' id='word_1_266' title='bbox 461 2133 527 2186; x_wconf 88' lang='lat' dir='ltr'><strong>Et</strong></span> <span class='ocrx_word' id='word_1_267' title='bbox 555 2145 677 2202; x_wconf 93' lang='lat' dir='ltr'><strong>quo</strong></span> <span class='ocrx_word' id='word_1_268' title='bbox 707 2129 920 2184; x_wconf 88' lang='lat' dir='ltr'><strong>certius</strong></span> <span class='ocrx_word' id='word_1_269' title='bbox 953 2131 1268 2196; x_wconf 88' lang='lat' dir='ltr'><strong>noverunt,</strong></span> <span class='ocrx_word' id='word_1_270' title='bbox 1293 2143 1364 2182; x_wconf 90' lang='lat' dir='ltr'><strong>eo</strong></span> <span class='ocrx_word' id='word_1_271' title='bbox 1394 2123 1770 2181; x_wconf 89' lang='lat' dir='ltr'><strong>artiﬁciosius</strong></span> <span class='ocrx_word' id='word_1_272' title='bbox 1793 2124 1905 2180; x_wconf 90' lang='lat' dir='ltr'><strong>hos</strong></span> <span class='ocrx_word' id='word_1_273' title='bbox 1933 2138 2117 2196; x_wconf 81' lang='lat' dir='ltr'><strong>expu-</strong></span> 
     </span>
    </p>
   </div>
   <div class='ocr_carea' id='block_1_41' title="bbox 462 2215 1549 2291">
    <p class='ocr_par' dir='ltr' id='par_1_41' title="bbox 462 2215 1549 2291">
     <span class='ocr_line' id='line_1_41' title="bbox 462 2215 1549 2291; baseline -0.005 -16"><span class='ocrx_word' id='word_1_274' title='bbox 462 2235 647 2291; x_wconf 90' lang='lat' dir='ltr'><strong>gnare</strong></span> <span class='ocrx_word' id='word_1_275' title='bbox 671 2223 851 2291; x_wconf 88' lang='lat' dir='ltr'><strong>atque</strong></span> <span class='ocrx_word' id='word_1_276' title='bbox 877 2233 1172 2274; x_wconf 90' lang='lat' dir='ltr'><strong>evacuare</strong></span> <span class='ocrx_word' id='word_1_277' title='bbox 1196 2215 1549 2272; x_wconf 89' lang='lat' dir='ltr'><strong>didicerunt.</strong></span> 
     </span>
    </p>
   </div>
   <div class='ocr_carea' id='block_1_42' title="bbox 535 2302 2118 2381">
    <p class='ocr_par' dir='ltr' id='par_1_42' title="bbox 535 2302 2118 2381">
     <span class='ocr_line' id='line_1_42' title="bbox 535 2302 2118 2381; baseline 0 -23"><span class='ocrx_word' id='word_1_278' title='bbox 535 2332 563 2358; x_wconf 86' lang='grc'><strong>‹‹</strong></span> <span class='ocrx_word' id='word_1_279' title='bbox 606 2307 909 2381; x_wconf 89' lang='lat' dir='ltr'><strong>Elegitque</strong></span> <span class='ocrx_word' id='word_1_280' title='bbox 955 2323 1060 2363; x_wconf 82' lang='lat' dir='ltr'><strong>rex</strong></span> <span class='ocrx_word' id='word_1_281' title='bbox 1118 2307 1402 2363; x_wconf 92' lang='lat' dir='ltr'><strong>Salomon</strong></span> <span class='ocrx_word' id='word_1_282' title='bbox 1466 2305 1772 2380; x_wconf 87' lang='lat' dir='ltr'><strong>operarios</strong></span> <span class='ocrx_word' id='word_1_283' title='bbox 1821 2304 1894 2360; x_wconf 91' lang='lat' dir='ltr'><strong>de</strong></span> <span class='ocrx_word' id='word_1_284' title='bbox 1951 2302 2118 2359; x_wconf 92' lang='lat' dir='ltr'><strong>omni</strong></span> 
     </span>
    </p>
   </div>
   <div class='ocr_carea' id='block_1_43' title="bbox 464 2394 2114 2466">
    <p class='ocr_par' dir='ltr' id='par_1_43' title="bbox 464 2394 2114 2466">
     <span class='ocr_line' id='line_1_43' title="bbox 464 2394 2114 2466; baseline -0.002 -16"><span class='ocrx_word' id='word_1_285' title='bbox 464 2421 493 2450; x_wconf 73' lang='grc' dir='ltr'>α</span> <span class='ocrx_word' id='word_1_286' title='bbox 538 2397 744 2465; x_wconf 89' lang='lat' dir='ltr'><strong>Israel,</strong></span> <span class='ocrx_word' id='word_1_287' title='bbox 767 2402 823 2452; x_wconf 92' lang='lat' dir='ltr'><strong>et</strong></span> <span class='ocrx_word' id='word_1_288' title='bbox 851 2401 974 2452; x_wconf 87' lang='lat' dir='ltr'><strong>erat</strong></span> <span class='ocrx_word' id='word_1_289' title='bbox 1022 2396 1266 2452; x_wconf 91' lang='lat' dir='ltr'><strong>indictio</strong></span> <span class='ocrx_word' id='word_1_290' title='bbox 1317 2396 1555 2466; x_wconf 88' lang='lat' dir='ltr'><strong>triginta</strong></span> <span class='ocrx_word' id='word_1_291' title='bbox 1596 2395 1782 2451; x_wconf 90' lang='lat' dir='ltr'><strong>millia</strong></span> <span class='ocrx_word' id='word_1_292' title='bbox 1826 2394 2114 2449; x_wconf 91' lang='lat' dir='ltr'><strong>virorum.</strong></span> 
     </span>
    </p>
   </div>
   <div class='ocr_carea' id='block_1_44' title="bbox 466 2483 2120 2556">
    <p class='ocr_par' dir='ltr' id='par_1_44' title="bbox 466 2483 2120 2556">
     <span class='ocr_line' id='line_1_44' title="bbox 466 2483 2120 2556; baseline 0.001 -20"><span class='ocrx_word' id='word_1_293' title='bbox 466 2509 495 2536; x_wconf 82' lang='lat'>«</span> <span class='ocrx_word' id='word_1_294' title='bbox 535 2485 912 2556; x_wconf 87' lang='lat' dir='ltr'><strong>Mittebatque</strong></span> <span class='ocrx_word' id='word_1_295' title='bbox 943 2501 1044 2540; x_wconf 91' lang='lat' dir='ltr'><strong>eos</strong></span> <span class='ocrx_word' id='word_1_296' title='bbox 1073 2484 1135 2539; x_wconf 92' lang='lat' dir='ltr'><strong>in</strong></span> <span class='ocrx_word' id='word_1_297' title='bbox 1187 2484 1478 2539; x_wconf 87' lang='lat' dir='ltr'><strong>Libanum</strong></span> <span class='ocrx_word' id='word_1_298' title='bbox 1521 2485 1728 2541; x_wconf 90' lang='lat' dir='ltr'><strong>decem</strong></span> <span class='ocrx_word' id='word_1_299' title='bbox 1773 2483 1979 2552; x_wconf 91' lang='lat' dir='ltr'><strong>millia,</strong></span> <span class='ocrx_word' id='word_1_300' title='bbox 2013 2497 2120 2554; x_wconf 91' lang='lat' dir='ltr'><strong>per</strong></span> 
     </span>
    </p>
   </div>
   <div class='ocr_carea' id='block_1_45' title="bbox 466 2571 2117 2642">
    <p class='ocr_par' dir='ltr' id='par_1_45' title="bbox 466 2571 2117 2642">
     <span class='ocr_line' id='line_1_45' title="bbox 466 2571 2117 2642; baseline 0.001 -18"><span class='ocrx_word' id='word_1_301' title='bbox 466 2594 497 2624; x_wconf 85' lang='grc'><strong>‹‹</strong></span> <span class='ocrx_word' id='word_1_302' title='bbox 535 2588 773 2629; x_wconf 89' lang='lat' dir='ltr'><strong>menses</strong></span> <span class='ocrx_word' id='word_1_303' title='bbox 803 2573 1072 2640; x_wconf 88' lang='lat' dir='ltr'><strong>singulos</strong></span> <span class='ocrx_word' id='word_1_304' title='bbox 1102 2573 1387 2642; x_wconf 87' lang='lat' dir='ltr'><strong>vicissim,</strong></span> <span class='ocrx_word' id='word_1_305' title='bbox 1421 2574 1500 2629; x_wconf 90' lang='lat' dir='ltr'><strong>ita</strong></span> <span class='ocrx_word' id='word_1_306' title='bbox 1533 2578 1596 2630; x_wconf 92' lang='lat' dir='ltr'><strong>ut</strong></span> <span class='ocrx_word' id='word_1_307' title='bbox 1623 2573 1864 2629; x_wconf 90' lang='lat' dir='ltr'><strong>duobus</strong></span> <span class='ocrx_word' id='word_1_308' title='bbox 1894 2571 2117 2627; x_wconf 89' lang='lat' dir='ltr'><strong>mensi-</strong></span> 
     </span>
    </p>
   </div>
   <div class='ocr_carea' id='block_1_46' title="bbox 465 2660 2122 2736">
    <p class='ocr_par' dir='ltr' id='par_1_46' title="bbox 465 2660 2122 2736">
     <span class='ocr_line' id='line_1_46' title="bbox 465 2660 2122 2736; baseline 0.004 -25"><span class='ocrx_word' id='word_1_309' title='bbox 465 2685 494 2712; x_wconf 76' lang='grc' dir='ltr'>α</span> <span class='ocrx_word' id='word_1_310' title='bbox 537 2661 653 2717; x_wconf 90' lang='lat' dir='ltr'><strong>bus</strong></span> <span class='ocrx_word' id='word_1_311' title='bbox 680 2667 884 2716; x_wconf 88' lang='lat' dir='ltr'><strong>essent</strong></span> <span class='ocrx_word' id='word_1_312' title='bbox 911 2661 972 2716; x_wconf 91' lang='lat' dir='ltr'><strong>in</strong></span> <span class='ocrx_word' id='word_1_313' title='bbox 1002 2660 1286 2717; x_wconf 88' lang='lat' dir='ltr'><strong>domibus</strong></span> <span class='ocrx_word' id='word_1_314' title='bbox 1312 2664 1456 2718; x_wconf 88' lang='lat' dir='ltr'><strong>suis.</strong></span> <span class='ocrx_word' id='word_1_315' title='bbox 1493 2687 1519 2713; x_wconf 84' lang='lat'>»</span> <span class='ocrx_word' id='word_1_316' title='bbox 1543 2663 1651 2719; x_wconf 90' lang='lat' dir='ltr'><strong>Ubi</strong></span> <span class='ocrx_word' id='word_1_317' title='bbox 1676 2663 1871 2736; x_wconf 88' lang='lat' dir='ltr'><strong>primo</strong></span> <span class='ocrx_word' id='word_1_318' title='bbox 1910 2665 2122 2718; x_wconf 87' lang='lat' dir='ltr'><strong>notan-</strong></span> 
     </span>
    </p>
   </div>
   <div class='ocr_carea' id='block_1_47' title="bbox 465 2751 2121 2826">
    <p class='ocr_par' dir='ltr' id='par_1_47' title="bbox 465 2751 2121 2826">
     <span class='ocr_line' id='line_1_47' title="bbox 465 2751 2121 2826; baseline 0 -19"><span class='ocrx_word' id='word_1_319' title='bbox 465 2753 632 2816; x_wconf 88' lang='lat' dir='ltr'><strong>dum,</strong></span> <span class='ocrx_word' id='word_1_320' title='bbox 667 2751 833 2823; x_wconf 92' lang='lat' dir='ltr'><strong>quod</strong></span> <span class='ocrx_word' id='word_1_321' title='bbox 857 2767 980 2807; x_wconf 92' lang='lat' dir='ltr'><strong>non</strong></span> <span class='ocrx_word' id='word_1_322' title='bbox 1011 2751 1229 2807; x_wconf 86' lang='lat' dir='ltr'><strong>frustra</strong></span> <span class='ocrx_word' id='word_1_323' title='bbox 1259 2752 1541 2809; x_wconf 89' lang='lat' dir='ltr'><strong>Salomon</strong></span> <span class='ocrx_word' id='word_1_324' title='bbox 1563 2753 1870 2826; x_wconf 89' lang='lat' dir='ltr'><strong>operarios</strong></span> <span class='ocrx_word' id='word_1_325' title='bbox 1898 2751 1972 2808; x_wconf 90' lang='lat' dir='ltr'><strong>de</strong></span> <span class='ocrx_word' id='word_1_326' title='bbox 1995 2768 2121 2808; x_wconf 89' lang='lat' dir='ltr'><strong>om-</strong></span> 
     </span>
    </p>
   </div>
   <div class='ocr_carea' id='block_1_48' title="bbox 465 2838 2121 2916">
    <p class='ocr_par' dir='ltr' id='par_1_48' title="bbox 465 2838 2121 2916">
     <span class='ocr_line' id='line_1_48' title="bbox 465 2838 2121 2916; baseline -0.001 -20"><span class='ocrx_word' id='word_1_327' title='bbox 465 2841 527 2896; x_wconf 94' lang='lat' dir='ltr'><strong>ni</strong></span> <span class='ocrx_word' id='word_1_328' title='bbox 563 2839 739 2896; x_wconf 91' lang='lat' dir='ltr'><strong>lsrael</strong></span> <span class='ocrx_word' id='word_1_329' title='bbox 771 2839 964 2910; x_wconf 86' lang='lat' dir='ltr'><strong>elegit,</strong></span> <span class='ocrx_word' id='word_1_330' title='bbox 1018 2856 1213 2912; x_wconf 89' lang='lat' dir='ltr'><strong>neque</strong></span> <span class='ocrx_word' id='word_1_331' title='bbox 1244 2845 1370 2896; x_wconf 88' lang='lat' dir='ltr'><strong>erat</strong></span> <span class='ocrx_word' id='word_1_332' title='bbox 1397 2841 1520 2898; x_wconf 89' lang='lat' dir='ltr'><strong>ulla</strong></span> <span class='ocrx_word' id='word_1_333' title='bbox 1547 2843 1741 2916; x_wconf 91' lang='lat' dir='ltr'><strong>portio</strong></span> <span class='ocrx_word' id='word_1_334' title='bbox 1790 2839 2017 2914; x_wconf 88' lang='lat' dir='ltr'><strong>populi,</strong></span> <span class='ocrx_word' id='word_1_335' title='bbox 2045 2838 2121 2894; x_wconf 87' lang='lat' dir='ltr'><strong>de</strong></span> 
     </span>
    </p>
   </div>
   <div class='ocr_carea' id='block_1_49' title="bbox 2221 1676 3882 1759">
    <p class='ocr_par' dir='ltr' id='par_1_49' title="bbox 2221 1676 3882 1759">
     <span class='ocr_line' id='line_1_49' title="bbox 2221 1676 3882 1759; baseline -0.008 -17"><span class='ocrx_word' id='word_1_336' title='bbox 2221 1684 2647 1759; x_wconf 89' lang='lat' dir='ltr'><strong>impendendc,</strong></span> <span class='ocrx_word' id='word_1_337' title='bbox 2694 1683 2827 1738; x_wconf 65' lang='lat' dir='ltr'><strong>vitae</strong></span> <span class='ocrx_word' id='word_1_338' title='bbox 2857 1681 3135 1754; x_wconf 81' lang='lat' dir='ltr'><strong>exempla</strong></span> <span class='ocrx_word' id='word_1_339' title='bbox 3191 1676 3584 1734; x_wconf 88' lang='lat' dir='ltr'><strong>monstrando</strong></span> <span class='ocrx_word' id='word_1_340' title='bbox 3643 1676 3882 1731; x_wconf 86' lang='lat' dir='ltr'><strong>labora-</strong></span> 
     </span>
    </p>
   </div>
   <div class='ocr_carea' id='block_1_50' title="bbox 2225 1765 3883 1844">
    <p class='ocr_par' dir='ltr' id='par_1_50' title="bbox 2225 1765 3883 1844">
     <span class='ocr_line' id='line_1_50' title="bbox 2225 1765 3883 1844; baseline -0.007 -12"><span class='ocrx_word' id='word_1_341' title='bbox 2225 1794 2378 1833; x_wconf 87' lang='lat' dir='ltr'><strong>mus.</strong></span> <span class='ocrx_word' id='word_1_342' title='bbox 2412 1777 2538 1830; x_wconf 93' lang='lat' dir='ltr'><strong>Duo</strong></span> <span class='ocrx_word' id='word_1_343' title='bbox 2568 1778 2764 1829; x_wconf 90' lang='lat' dir='ltr'><strong>autem</strong></span> <span class='ocrx_word' id='word_1_344' title='bbox 2795 1771 3008 1844; x_wconf 87' lang='lat' dir='ltr'><strong>reliqui</strong></span> <span class='ocrx_word' id='word_1_345' title='bbox 3040 1786 3276 1826; x_wconf 84' lang='lat' dir='ltr'><strong>menses</strong></span> <span class='ocrx_word' id='word_1_346' title='bbox 3327 1767 3548 1842; x_wconf 86' lang='lat' dir='ltr'><strong>quibus</strong></span> <span class='ocrx_word' id='word_1_347' title='bbox 3590 1767 3648 1820; x_wconf 91' lang='lat' dir='ltr'><strong>in</strong></span> <span class='ocrx_word' id='word_1_348' title='bbox 3681 1765 3883 1821; x_wconf 87' lang='lat' dir='ltr'><strong>domi-</strong></span> 
     </span>
    </p>
   </div>
   <div class='ocr_carea' id='block_1_51' title="bbox 2221 1856 3884 1925">
    <p class='ocr_par' dir='ltr' id='par_1_51' title="bbox 2221 1856 3884 1925">
     <span class='ocr_line' id='line_1_51' title="bbox 2221 1856 3884 1925; baseline -0.006 -6"><span class='ocrx_word' id='word_1_349' title='bbox 2221 1863 2335 1919; x_wconf 87' lang='lat' dir='ltr'><strong>bus</strong></span> <span class='ocrx_word' id='word_1_350' title='bbox 2385 1862 2507 1918; x_wconf 92' lang='lat' dir='ltr'><strong>suis</strong></span> <span class='ocrx_word' id='word_1_351' title='bbox 2551 1877 2815 1925; x_wconf 81' lang='lat' dir='ltr'><strong>manere,</strong></span> <span class='ocrx_word' id='word_1_352' title='bbox 2846 1877 2917 1916; x_wconf 91' lang='lat' dir='ltr'><strong>ac</strong></span> <span class='ocrx_word' id='word_1_353' title='bbox 2959 1860 3082 1915; x_wconf 90' lang='lat' dir='ltr'><strong>suis</strong></span> <span class='ocrx_word' id='word_1_354' title='bbox 3131 1856 3583 1914; x_wconf 87' lang='lat' dir='ltr'><strong>necessitatibus</strong></span> <span class='ocrx_word' id='word_1_355' title='bbox 3613 1860 3753 1910; x_wconf 91' lang='lat' dir='ltr'><strong>sunt</strong></span> <span class='ocrx_word' id='word_1_356' title='bbox 3782 1872 3884 1909; x_wconf 86' lang='lat' dir='ltr'><strong>va-</strong></span> 
     </span>
    </p>
   </div>
   <div class='ocr_carea' id='block_1_52' title="bbox 2224 1945 3886 2024">
    <p class='ocr_par' dir='ltr' id='par_1_52' title="bbox 2224 1945 3886 2024">
     <span class='ocr_line' id='line_1_52' title="bbox 2224 1945 3886 2024; baseline -0.006 -15"><span class='ocrx_word' id='word_1_357' title='bbox 2224 1969 2360 2009; x_wconf 91' lang='lat' dir='ltr'><strong>care</strong></span> <span class='ocrx_word' id='word_1_358' title='bbox 2393 1952 2684 2024; x_wconf 86' lang='lat' dir='ltr'><strong>permissi,</strong></span> <span class='ocrx_word' id='word_1_359' title='bbox 2720 1949 2909 2006; x_wconf 86' lang='lat' dir='ltr'><strong>oratio</strong></span> <span class='ocrx_word' id='word_1_360' title='bbox 2935 1955 3022 2006; x_wconf 89' lang='lat' dir='ltr'><strong>est</strong></span> <span class='ocrx_word' id='word_1_361' title='bbox 3051 1954 3107 2004; x_wconf 93' lang='lat' dir='ltr'><strong>et</strong></span> <span class='ocrx_word' id='word_1_362' title='bbox 3130 1947 3450 2020; x_wconf 88' lang='lat' dir='ltr'><strong>jejunium,</strong></span> <span class='ocrx_word' id='word_1_363' title='bbox 3481 1945 3702 2018; x_wconf 89' lang='lat' dir='ltr'><strong>quibus</strong></span> <span class='ocrx_word' id='word_1_364' title='bbox 3731 1961 3886 2018; x_wconf 67' lang='lat' dir='ltr'><strong>prse-</strong></span> 
     </span>
    </p>
   </div>
   <div class='ocr_carea' id='block_1_53' title="bbox 2224 2035 3886 2115">
    <p class='ocr_par' dir='ltr' id='par_1_53' title="bbox 2224 2035 3886 2115">
     <span class='ocr_line' id='line_1_53' title="bbox 2224 2035 3886 2115; baseline -0.006 -16"><span class='ocrx_word' id='word_1_365' title='bbox 2224 2048 2384 2099; x_wconf 88' lang='lat' dir='ltr'><strong>terea</strong></span> <span class='ocrx_word' id='word_1_366' title='bbox 2413 2059 2549 2115; x_wconf 76' lang='lat' dir='ltr'><strong>quae</strong></span> <span class='ocrx_word' id='word_1_367' title='bbox 2578 2057 2722 2112; x_wconf 89' lang='lat' dir='ltr'><strong>erga</strong></span> <span class='ocrx_word' id='word_1_368' title='bbox 2762 2039 3174 2096; x_wconf 83' lang='lat' dir='ltr'><strong>necessitatem</strong></span> <span class='ocrx_word' id='word_1_369' title='bbox 3209 2038 3456 2093; x_wconf 83' lang='lat' dir='ltr'><strong>fratrum</strong></span> <span class='ocrx_word' id='word_1_370' title='bbox 3482 2035 3625 2092; x_wconf 86' lang='lat' dir='ltr'><strong>foris</strong></span> <span class='ocrx_word' id='word_1_371' title='bbox 3663 2051 3886 2108; x_wconf 87' lang='lat' dir='ltr'><strong>opera-</strong></span> 
     </span>
    </p>
   </div>
   <div class='ocr_carea' id='block_1_54' title="bbox 2226 2123 3882 2201">
    <p class='ocr_par' dir='ltr' id='par_1_54' title="bbox 2226 2123 3882 2201">
     <span class='ocr_line' id='line_1_54' title="bbox 2226 2123 3882 2201; baseline -0.007 -12"><span class='ocrx_word' id='word_1_372' title='bbox 2226 2149 2381 2199; x_wconf 90' lang='lat' dir='ltr'><strong>mur,</strong></span> <span class='ocrx_word' id='word_1_373' title='bbox 2414 2135 2630 2188; x_wconf 68' lang='lat' dir='ltr'><strong>nostrae</strong></span> <span class='ocrx_word' id='word_1_374' title='bbox 2661 2129 2870 2185; x_wconf 70' lang='lat' dir='ltr'><strong>salutis</strong></span> <span class='ocrx_word' id='word_1_375' title='bbox 2900 2128 3157 2201; x_wconf 68' lang='lat' dir='ltr'><strong>propriae</strong></span> <span class='ocrx_word' id='word_1_376' title='bbox 3186 2143 3394 2183; x_wconf 88' lang='lat' dir='ltr'><strong>curam</strong></span> <span class='ocrx_word' id='word_1_377' title='bbox 3425 2125 3580 2181; x_wconf 92' lang='lat' dir='ltr'><strong>intus</strong></span> <span class='ocrx_word' id='word_1_378' title='bbox 3607 2123 3882 2180; x_wconf 82' lang='lat' dir='ltr'><strong>conversi</strong></span> 
     </span>
    </p>
   </div>
   <div class='ocr_carea' id='block_1_55' title="bbox 2230 2211 3887 2287">
    <p class='ocr_par' dir='ltr' id='par_1_55' title="bbox 2230 2211 3887 2287">
     <span class='ocr_line' id='line_1_55' title="bbox 2230 2211 3887 2287; baseline -0.007 -10"><span class='ocrx_word' id='word_1_379' title='bbox 2230 2220 2308 2277; x_wconf 92' lang='lat' dir='ltr'><strong>ad</strong></span> <span class='ocrx_word' id='word_1_380' title='bbox 2341 2219 2659 2276; x_wconf 85' lang='lat' dir='ltr'><strong>Dominum</strong></span> <span class='ocrx_word' id='word_1_381' title='bbox 2699 2224 2898 2274; x_wconf 87' lang='lat' dir='ltr'><strong>mente</strong></span> <span class='ocrx_word' id='word_1_382' title='bbox 2931 2217 3218 2287; x_wconf 84' lang='lat' dir='ltr'><strong>gerimus.</strong></span> <span class='ocrx_word' id='word_1_383' title='bbox 3255 2218 3318 2271; x_wconf 90' lang='lat' dir='ltr'><strong>Et</strong></span> <span class='ocrx_word' id='word_1_384' title='bbox 3345 2213 3653 2287; x_wconf 90' lang='lat' dir='ltr'><strong>quomodo</strong></span> <span class='ocrx_word' id='word_1_385' title='bbox 3678 2211 3760 2268; x_wconf 92' lang='lat' dir='ltr'><strong>illi</strong></span> <span class='ocrx_word' id='word_1_386' title='bbox 3793 2229 3887 2267; x_wconf 86' lang='lat' dir='ltr'><strong>so-</strong></span> 
     </span>
    </p>
   </div>
   <div class='ocr_carea' id='block_1_56' title="bbox 2226 2303 3881 2382">
    <p class='ocr_par' dir='ltr' id='par_1_56' title="bbox 2226 2303 3881 2382">
     <span class='ocr_line' id='line_1_56' title="bbox 2226 2303 3881 2382; baseline -0.007 -16"><span class='ocrx_word' id='word_1_387' title='bbox 2226 2311 2353 2366; x_wconf 92' lang='lat' dir='ltr'><strong>lum</strong></span> <span class='ocrx_word' id='word_1_388' title='bbox 2406 2309 2660 2382; x_wconf 89' lang='lat' dir='ltr'><strong>perfecte</strong></span> <span class='ocrx_word' id='word_1_389' title='bbox 2695 2307 2783 2365; x_wconf 87' lang='lat' dir='ltr'><strong>vel</strong></span> <span class='ocrx_word' id='word_1_390' title='bbox 2834 2325 2953 2362; x_wconf 79' lang='lat' dir='ltr'><strong>suae</strong></span> <span class='ocrx_word' id='word_1_391' title='bbox 2994 2305 3082 2362; x_wconf 78' lang='lat' dir='ltr'><strong>vel</strong></span> <span class='ocrx_word' id='word_1_392' title='bbox 3133 2306 3403 2361; x_wconf 66' lang='lat' dir='ltr'><strong>fraterna:</strong></span> <span class='ocrx_word' id='word_1_393' title='bbox 3430 2303 3637 2358; x_wconf 85' lang='lat' dir='ltr'><strong>salutis</strong></span> <span class='ocrx_word' id='word_1_394' title='bbox 3670 2317 3881 2357; x_wconf 87' lang='lat' dir='ltr'><strong>curam</strong></span> 
     </span>
    </p>
   </div>
   <div class='ocr_carea' id='block_1_57' title="bbox 2229 2387 3880 2469">
    <p class='ocr_par' dir='ltr' id='par_1_57' title="bbox 2229 2387 3880 2469">
     <span class='ocr_line' id='line_1_57' title="bbox 2229 2387 3880 2469; baseline -0.007 -15"><span class='ocrx_word' id='word_1_395' title='bbox 2229 2404 2462 2469; x_wconf 88' lang='lat' dir='ltr'><strong>gerunt,</strong></span> <span class='ocrx_word' id='word_1_396' title='bbox 2489 2397 2591 2469; x_wconf 89' lang='lat' dir='ltr'><strong>qui</strong></span> <span class='ocrx_word' id='word_1_397' title='bbox 2620 2411 2681 2452; x_wconf 87' lang='lat' dir='ltr'><strong>se</strong></span> <span class='ocrx_word' id='word_1_398' title='bbox 2712 2395 2772 2452; x_wconf 91' lang='lat' dir='ltr'><strong>in</strong></span> <span class='ocrx_word' id='word_1_399' title='bbox 2801 2394 3045 2452; x_wconf 89' lang='lat' dir='ltr'><strong>tuitione</strong></span> <span class='ocrx_word' id='word_1_400' title='bbox 3077 2389 3294 2449; x_wconf 68' lang='lat' dir='ltr'><strong>divinae</strong></span> <span class='ocrx_word' id='word_1_401' title='bbox 3327 2390 3531 2462; x_wconf 71' lang='lat' dir='ltr'><strong>gratiae</strong></span> <span class='ocrx_word' id='word_1_402' title='bbox 3585 2387 3880 2444; x_wconf 84' lang='lat' dir='ltr'><strong>humiliter</strong></span> 
     </span>
    </p>
   </div>
   <div class='ocr_carea' id='block_1_58' title="bbox 2230 2485 3015 2558">
    <p class='ocr_par' dir='ltr' id='par_1_58' title="bbox 2230 2485 3015 2558">
     <span class='ocr_line' id='line_1_58' title="bbox 2230 2485 3015 2558; baseline -0.004 -16"><span class='ocrx_word' id='word_1_403' title='bbox 2230 2488 2497 2543; x_wconf 88' lang='lat' dir='ltr'><strong>subdunt</strong></span> <span class='ocrx_word' id='word_1_404' title='bbox 2525 2490 2679 2542; x_wconf 90' lang='lat' dir='ltr'><strong>recte</strong></span> <span class='ocrx_word' id='word_1_405' title='bbox 2707 2485 2975 2558; x_wconf 88' lang='lat' dir='ltr'><strong>sequitur</strong></span> <span class='ocrx_word' id='word_1_406' title='bbox 3003 2502 3015 2539; x_wconf 93' lang='lat'><strong>:</strong></span> 
     </span>
    </p>
   </div>
   <div class='ocr_carea' id='block_1_59' title="bbox 2302 2567 3878 2646">
    <p class='ocr_par' dir='ltr' id='par_1_59' title="bbox 2302 2567 3878 2646">
     <span class='ocr_line' id='line_1_59' title="bbox 2302 2567 3878 2646; baseline -0.006 -14"><span class='ocrx_word' id='word_1_407' title='bbox 2302 2600 2329 2628; x_wconf 84' lang='lat'><strong>«</strong></span> <span class='ocrx_word' id='word_1_408' title='bbox 2375 2580 2438 2632; x_wconf 85' lang='lat' dir='ltr'><strong>Et</strong></span> <span class='ocrx_word' id='word_1_409' title='bbox 2462 2575 2788 2631; x_wconf 77' lang='lat' dir='ltr'><strong>Adoniram</strong></span> <span class='ocrx_word' id='word_1_410' title='bbox 2810 2579 2936 2629; x_wconf 87' lang='lat' dir='ltr'><strong>erat</strong></span> <span class='ocrx_word' id='word_1_411' title='bbox 2960 2589 3139 2646; x_wconf 88' lang='lat' dir='ltr'><strong>super</strong></span> <span class='ocrx_word' id='word_1_412' title='bbox 3162 2571 3584 2644; x_wconf 86' lang='lat' dir='ltr'><strong>hujuscemodi</strong></span> <span class='ocrx_word' id='word_1_413' title='bbox 3611 2567 3878 2626; x_wconf 88' lang='lat' dir='ltr'><strong>indictio-</strong></span> 
     </span>
    </p>
   </div>
   <div class='ocr_carea' id='block_1_60' title="bbox 2228 2660 3889 2736">
    <p class='ocr_par' dir='ltr' id='par_1_60' title="bbox 2228 2660 3889 2736">
     <span class='ocr_line' id='line_1_60' title="bbox 2228 2660 3889 2736; baseline -0.005 -14"><span class='ocrx_word' id='word_1_414' title='bbox 2228 2683 2386 2723; x_wconf 92' lang='lat' dir='ltr'><strong>nem.</strong></span> <span class='ocrx_word' id='word_1_415' title='bbox 2422 2688 2451 2715; x_wconf 70' lang='grc' dir='ltr'><strong><em>υ</em></strong></span> <span class='ocrx_word' id='word_1_416' title='bbox 2480 2665 2803 2720; x_wconf 85' lang='lat' dir='ltr'><strong>Adoniram</strong></span> <span class='ocrx_word' id='word_1_417' title='bbox 2834 2664 3058 2736; x_wconf 90' lang='lat' dir='ltr'><strong>quippe</strong></span> <span class='ocrx_word' id='word_1_418' title='bbox 3087 2663 3192 2735; x_wconf 93' lang='lat' dir='ltr'><strong>qui</strong></span> <span class='ocrx_word' id='word_1_419' title='bbox 3219 2663 3417 2718; x_wconf 88' lang='lat' dir='ltr'><strong>Latine</strong></span> <span class='ocrx_word' id='word_1_420' title='bbox 3448 2661 3662 2716; x_wconf 90' lang='lat' dir='ltr'><strong>dicitur</strong></span> <span class='ocrx_word' id='word_1_421' title='bbox 3688 2660 3889 2714; x_wconf 81' lang='lat' dir='ltr'><strong>Domi-</strong></span> 
     </span>
    </p>
   </div>
   <div class='ocr_carea' id='block_1_61' title="bbox 2228 2749 3886 2824">
    <p class='ocr_par' dir='ltr' id='par_1_61' title="bbox 2228 2749 3886 2824">
     <span class='ocr_line' id='line_1_61' title="bbox 2228 2749 3886 2824; baseline -0.006 -12"><span class='ocrx_word' id='word_1_422' title='bbox 2228 2773 2341 2813; x_wconf 84' lang='lat' dir='ltr'><strong>nus</strong></span> <span class='ocrx_word' id='word_1_423' title='bbox 2397 2770 2560 2811; x_wconf 84' lang='lat' dir='ltr'><strong>meus</strong></span> <span class='ocrx_word' id='word_1_424' title='bbox 2608 2754 2898 2819; x_wconf 71' lang='lat' dir='ltr'><strong>excelsus,</strong></span> <span class='ocrx_word' id='word_1_425' title='bbox 2948 2769 3130 2824; x_wconf 90' lang='lat' dir='ltr'><strong>quem</strong></span> <span class='ocrx_word' id='word_1_426' title='bbox 3183 2751 3399 2807; x_wconf 84' lang='lat' dir='ltr'><strong>melius</strong></span> <span class='ocrx_word' id='word_1_427' title='bbox 3446 2766 3636 2822; x_wconf 90' lang='lat' dir='ltr'><strong>quam</strong></span> <span class='ocrx_word' id='word_1_428' title='bbox 3681 2749 3886 2820; x_wconf 89' lang='lat' dir='ltr'><strong>ipsum</strong></span> 
     </span>
    </p>
   </div>
   <div class='ocr_carea' id='block_1_62' title="bbox 2229 2834 3892 2920">
    <p class='ocr_par' dir='ltr' id='par_1_62' title="bbox 2229 2834 3892 2920">
     <span class='ocr_line' id='line_1_62' title="bbox 2229 2834 3892 2920; baseline -0.007 -18"><span class='ocrx_word' id='word_1_429' title='bbox 2229 2857 2410 2920; x_wconf 87' lang='lat' dir='ltr'><strong>quem</strong></span> <span class='ocrx_word' id='word_1_430' title='bbox 2428 2842 2669 2900; x_wconf 87' lang='lat' dir='ltr'><strong>nomine</strong></span> <span class='ocrx_word' id='word_1_431' title='bbox 2690 2840 2955 2899; x_wconf 87' lang='lat' dir='ltr'><strong>imitatur</strong></span> <span class='ocrx_word' id='word_1_432' title='bbox 2975 2838 3257 2910; x_wconf 89' lang='lat' dir='ltr'><strong>insinuat,</strong></span> <span class='ocrx_word' id='word_1_433' title='bbox 3274 2839 3591 2896; x_wconf 88' lang='lat' dir='ltr'><strong>Dominum</strong></span> <span class='ocrx_word' id='word_1_434' title='bbox 3615 2834 3892 2893; x_wconf 84' lang='lat' dir='ltr'><strong>videlicet</strong></span> 
     </span>
    </p>
   </div>
   <div class='ocr_carea' id='block_1_63' title="bbox 465 2922 3888 3014">
    <p class='ocr_par' dir='ltr' id='par_1_63' title="bbox 465 2922 3888 3014">
     <span class='ocr_line' id='line_1_63' title="bbox 465 2922 3888 3014; baseline -0.007 -11"><span class='ocrx_word' id='word_1_435' title='bbox 465 2945 592 3002; x_wconf 66' lang='lat' dir='ltr'><strong>qua</strong></span> <span class='ocrx_word' id='word_1_436' title='bbox 635 2944 757 2984; x_wconf 76' lang='grc' dir='ltr'><strong>Ποῐι</strong></span> <span class='ocrx_word' id='word_1_437' title='bbox 814 2929 985 2998; x_wconf 71' lang='lat' dir='ltr'><strong>digni</strong></span> <span class='ocrx_word' id='word_1_438' title='bbox 1036 2933 1204 2984; x_wconf 59' lang='lat' dir='ltr'><strong>tanto</strong></span> <span class='ocrx_word' id='word_1_439' title='bbox 1254 2945 1433 3003; x_wconf 77' lang='lat' dir='ltr'><strong>Opere</strong></span> <span class='ocrx_word' id='word_1_440' title='bbox 1487 2930 1597 2986; x_wconf 64' lang='lat' dir='ltr'><strong>Viri</strong></span> <span class='ocrx_word' id='word_1_441' title='bbox 1649 2933 2118 2986; x_wconf 57' lang='lat' dir='ltr'><strong>assumerentm‘.</strong></span> <span class='ocrx_word' id='word_1_442' title='bbox 2153 2958 2193 3014; x_wconf 64' lang='grc' dir='ltr'><strong>(ς</strong></span> <span class='ocrx_word' id='word_1_443' title='bbox 2232 2935 2620 2993; x_wconf 82' lang='lat' dir='ltr'><strong>Salvatorem.</strong></span> <span class='ocrx_word' id='word_1_444' title='bbox 2671 2937 2737 2990; x_wconf 92' lang='lat' dir='ltr'><strong>Et</strong></span> <span class='ocrx_word' id='word_1_445' title='bbox 2785 2938 2925 2989; x_wconf 91' lang='lat' dir='ltr'><strong>tunc</strong></span> <span class='ocrx_word' id='word_1_446' title='bbox 2965 2932 3285 2988; x_wconf 70' lang='lat' dir='ltr'><strong>Adoniram</strong></span> <span class='ocrx_word' id='word_1_447' title='bbox 3333 2929 3621 3001; x_wconf 82' lang='lat' dir='ltr'><strong>operariis</strong></span> <span class='ocrx_word' id='word_1_448' title='bbox 3679 2922 3888 2999; x_wconf 90' lang='lat' dir='ltr'><strong>templi</strong></span> 
     </span>
    </p>
   </div>
   <div class='ocr_carea' id='block_1_64' title="bbox 468 3017 2119 3092">
    <p class='ocr_par' dir='ltr' id='par_1_64' title="bbox 468 3017 2119 3092">
     <span class='ocr_line' id='line_1_64' title="bbox 468 3017 2119 3092; baseline 0.001 -20"><span class='ocrx_word' id='word_1_449' title='bbox 468 3017 620 3083; x_wconf 88' lang='lat' dir='ltr'><strong>Quia</strong></span> <span class='ocrx_word' id='word_1_450' title='bbox 649 3017 932 3073; x_wconf 90' lang='lat' dir='ltr'><strong>nimirum</strong></span> <span class='ocrx_word' id='word_1_451' title='bbox 965 3033 1088 3073; x_wconf 89' lang='lat' dir='ltr'><strong>non</strong></span> <span class='ocrx_word' id='word_1_452' title='bbox 1114 3034 1281 3074; x_wconf 86' lang='lat' dir='ltr'><strong>nunc</strong></span> <span class='ocrx_word' id='word_1_453' title='bbox 1306 3019 1380 3074; x_wconf 91' lang='lat' dir='ltr'><strong>de</strong></span> <span class='ocrx_word' id='word_1_454' title='bbox 1407 3035 1532 3075; x_wconf 91' lang='lat' dir='ltr'><strong>una</strong></span> <span class='ocrx_word' id='word_1_455' title='bbox 1571 3020 1749 3092; x_wconf 89' lang='lat' dir='ltr'><strong>stirpe</strong></span> <span class='ocrx_word' id='word_1_456' title='bbox 1793 3024 1990 3074; x_wconf 86' lang='lat' dir='ltr'><strong>Aaron</strong></span> <span class='ocrx_word' id='word_1_457' title='bbox 2022 3034 2119 3074; x_wconf 85' lang='lat' dir='ltr'><strong>sa-</strong></span> 
     </span>
    </p>
   </div>
   <div class='ocr_carea' id='block_1_65' title="bbox 467 3106 2123 3180">
    <p class='ocr_par' dir='ltr' id='par_1_65' title="bbox 467 3106 2123 3180">
     <span class='ocr_line' id='line_1_65' title="bbox 467 3106 2123 3180; baseline -0.001 -17"><span class='ocrx_word' id='word_1_458' title='bbox 467 3106 736 3164; x_wconf 89' lang='lat' dir='ltr'><strong>cerdotes</strong></span> <span class='ocrx_word' id='word_1_459' title='bbox 767 3107 1043 3177; x_wconf 84' lang='lat' dir='ltr'><strong>eligendi,</strong></span> <span class='ocrx_word' id='word_1_460' title='bbox 1074 3108 1178 3163; x_wconf 90' lang='lat' dir='ltr'><strong>sed</strong></span> <span class='ocrx_word' id='word_1_461' title='bbox 1205 3107 1279 3164; x_wconf 91' lang='lat' dir='ltr'><strong>de</strong></span> <span class='ocrx_word' id='word_1_462' title='bbox 1306 3109 1470 3164; x_wconf 92' lang='lat' dir='ltr'><strong>omni</strong></span> <span class='ocrx_word' id='word_1_463' title='bbox 1495 3112 1632 3164; x_wconf 90' lang='lat' dir='ltr'><strong>sunt</strong></span> <span class='ocrx_word' id='word_1_464' title='bbox 1656 3107 1917 3163; x_wconf 85' lang='lat' dir='ltr'><strong>Ecclesia</strong></span> <span class='ocrx_word' id='word_1_465' title='bbox 1961 3124 2123 3180; x_wconf 70' lang='lat' dir='ltr'><strong>quae-</strong></span> 
     </span>
    </p>
   </div>
   <div class='ocr_carea' id='block_1_66' title="bbox 465 3195 2122 3269">
    <p class='ocr_par' dir='ltr' id='par_1_66' title="bbox 465 3195 2122 3269">
     <span class='ocr_line' id='line_1_66' title="bbox 465 3195 2122 3269; baseline 0 -17"><span class='ocrx_word' id='word_1_466' title='bbox 465 3195 656 3262; x_wconf 90' lang='lat' dir='ltr'><strong>rendi,</strong></span> <span class='ocrx_word' id='word_1_467' title='bbox 681 3196 787 3268; x_wconf 90' lang='lat' dir='ltr'><strong>qui</strong></span> <span class='ocrx_word' id='word_1_468' title='bbox 818 3196 1116 3252; x_wconf 67' lang='lat' dir='ltr'><strong>aediﬁcare</strong></span> <span class='ocrx_word' id='word_1_469' title='bbox 1145 3197 1398 3253; x_wconf 90' lang='lat' dir='ltr'><strong>domum</strong></span> <span class='ocrx_word' id='word_1_470' title='bbox 1455 3197 1686 3253; x_wconf 89' lang='lat' dir='ltr'><strong>Domini</strong></span> <span class='ocrx_word' id='word_1_471' title='bbox 1731 3197 1821 3254; x_wconf 90' lang='lat' dir='ltr'><strong>vel</strong></span> <span class='ocrx_word' id='word_1_472' title='bbox 1850 3196 2122 3269; x_wconf 87' lang='lat' dir='ltr'><strong>exemplo</strong></span> 
     </span>
    </p>
   </div>
   <div class='ocr_carea' id='block_1_67' title="bbox 469 3285 2128 3361">
    <p class='ocr_par' dir='ltr' id='par_1_67' title="bbox 469 3285 2128 3361">
     <span class='ocr_line' id='line_1_67' title="bbox 469 3285 2128 3361; baseline 0.002 -21"><span class='ocrx_word' id='word_1_473' title='bbox 469 3301 580 3341; x_wconf 92' lang='lat' dir='ltr'><strong>suo</strong></span> <span class='ocrx_word' id='word_1_474' title='bbox 609 3285 704 3340; x_wconf 89' lang='lat' dir='ltr'><strong>vel</strong></span> <span class='ocrx_word' id='word_1_475' title='bbox 733 3285 892 3342; x_wconf 89' lang='lat' dir='ltr'><strong>dicto</strong></span> <span class='ocrx_word' id='word_1_476' title='bbox 920 3286 1256 3342; x_wconf 84' lang='lat' dir='ltr'><strong>sufﬁciant:</strong></span> <span class='ocrx_word' id='word_1_477' title='bbox 1287 3293 1344 3343; x_wconf 89' lang='lat' dir='ltr'><strong>et</strong></span> <span class='ocrx_word' id='word_1_478' title='bbox 1376 3288 1717 3361; x_wconf 90' lang='lat' dir='ltr'><strong>ubicunque</strong></span> <span class='ocrx_word' id='word_1_479' title='bbox 1750 3286 1974 3344; x_wconf 88' lang='lat' dir='ltr'><strong>inventi</strong></span> <span class='ocrx_word' id='word_1_480' title='bbox 2004 3287 2128 3344; x_wconf 87' lang='lat' dir='ltr'><strong>fue-</strong></span> 
     </span>
    </p>
   </div>
   <div class='ocr_carea' id='block_1_68' title="bbox 468 3374 2124 3449">
    <p class='ocr_par' dir='ltr' id='par_1_68' title="bbox 468 3374 2124 3449">
     <span class='ocr_line' id='line_1_68' title="bbox 468 3374 2124 3449; baseline 0.003 -21"><span class='ocrx_word' id='word_1_481' title='bbox 468 3374 605 3440; x_wconf 90' lang='lat' dir='ltr'><strong>rint,</strong></span> <span class='ocrx_word' id='word_1_482' title='bbox 627 3388 768 3427; x_wconf 86' lang='lat' dir='ltr'><strong>mox</strong></span> <span class='ocrx_word' id='word_1_483' title='bbox 792 3374 854 3428; x_wconf 91' lang='lat' dir='ltr'><strong>in</strong></span> <span class='ocrx_word' id='word_1_484' title='bbox 884 3374 1149 3429; x_wconf 81' lang='lat' dir='ltr'><strong>oﬂlcium</strong></span> <span class='ocrx_word' id='word_1_485' title='bbox 1178 3375 1490 3431; x_wconf 87' lang='lat' dir='ltr'><strong>doctorum</strong></span> <span class='ocrx_word' id='word_1_486' title='bbox 1518 3377 1747 3449; x_wconf 89' lang='lat' dir='ltr'><strong>absque</strong></span> <span class='ocrx_word' id='word_1_487' title='bbox 1770 3377 1891 3432; x_wconf 92' lang='lat' dir='ltr'><strong>ulla</strong></span> <span class='ocrx_word' id='word_1_488' title='bbox 1920 3392 2124 3449; x_wconf 85' lang='lat' dir='ltr'><strong>perso-</strong></span> 
     </span>
    </p>
   </div>
   <div class='ocr_carea' id='block_1_69' title="bbox 469 3461 2127 3536">
    <p class='ocr_par' dir='ltr' id='par_1_69' title="bbox 469 3461 2127 3536">
     <span class='ocr_line' id='line_1_69' title="bbox 469 3461 2127 3536; baseline 0.004 -21"><span class='ocrx_word' id='word_1_489' title='bbox 469 3476 687 3515; x_wconf 89' lang='lat' dir='ltr'><strong>narum</strong></span> <span class='ocrx_word' id='word_1_490' title='bbox 718 3461 1064 3530; x_wconf 89' lang='lat' dir='ltr'><strong>acceptione</strong></span> <span class='ocrx_word' id='word_1_491' title='bbox 1096 3464 1510 3532; x_wconf 86' lang='lat' dir='ltr'><strong>promovendi.</strong></span> <span class='ocrx_word' id='word_1_492' title='bbox 1545 3465 1708 3520; x_wconf 87' lang='lat' dir='ltr'><strong>Tales</strong></span> <span class='ocrx_word' id='word_1_493' title='bbox 1740 3466 1843 3536; x_wconf 85' lang='lat' dir='ltr'><strong>qui</strong></span> <span class='ocrx_word' id='word_1_494' title='bbox 1875 3481 2015 3520; x_wconf 89' lang='lat' dir='ltr'><strong>cum</strong></span> <span class='ocrx_word' id='word_1_495' title='bbox 2048 3463 2127 3521; x_wconf 91' lang='lat' dir='ltr'><strong>ad</strong></span> 
     </span>
    </p>
   </div>
   <div class='ocr_carea' id='block_1_70' title="bbox 471 3547 2129 3620">
    <p class='ocr_par' dir='ltr' id='par_1_70' title="bbox 471 3547 2129 3620">
     <span class='ocr_line' id='line_1_70' title="bbox 471 3547 2129 3620; baseline 0.004 -16"><span class='ocrx_word' id='word_1_496' title='bbox 471 3547 832 3604; x_wconf 89' lang='lat' dir='ltr'><strong>erudiendos</strong></span> <span class='ocrx_word' id='word_1_497' title='bbox 859 3548 1129 3604; x_wconf 88' lang='lat' dir='ltr'><strong>inﬁdeles</strong></span> <span class='ocrx_word' id='word_1_498' title='bbox 1159 3550 1220 3605; x_wconf 92' lang='lat' dir='ltr'><strong>in</strong></span> <span class='ocrx_word' id='word_1_499' title='bbox 1251 3551 1570 3620; x_wconf 86' lang='lat' dir='ltr'><strong>collegium</strong></span> <span class='ocrx_word' id='word_1_500' title='bbox 1598 3554 1868 3609; x_wconf 70' lang='lat' dir='ltr'><strong>Ecclesiae</strong></span> <span class='ocrx_word' id='word_1_501' title='bbox 1913 3571 2129 3611; x_wconf 92' lang='lat' dir='ltr'><strong>vocan-</strong></span> 
     </span>
    </p>
   </div>
   <div class='ocr_carea' id='block_1_71' title="bbox 470 3634 2129 3709">
    <p class='ocr_par' dir='ltr' id='par_1_71' title="bbox 470 3634 2129 3709">
     <span class='ocr_line' id='line_1_71' title="bbox 470 3634 2129 3709; baseline 0.004 -17"><span class='ocrx_word' id='word_1_502' title='bbox 470 3637 583 3692; x_wconf 91' lang='lat' dir='ltr'><strong>dos</strong></span> <span class='ocrx_word' id='word_1_503' title='bbox 613 3634 990 3706; x_wconf 88' lang='lat' dir='ltr'><strong>ordinantur,</strong></span> <span class='ocrx_word' id='word_1_504' title='bbox 1012 3638 1187 3709; x_wconf 88' lang='lat' dir='ltr'><strong>quasi</strong></span> <span class='ocrx_word' id='word_1_505' title='bbox 1213 3639 1290 3695; x_wconf 89' lang='lat' dir='ltr'><strong>ad</strong></span> <span class='ocrx_word' id='word_1_506' title='bbox 1313 3641 1633 3696; x_wconf 61' lang='lat' dir='ltr'><strong>credendas</strong></span> <span class='ocrx_word' id='word_1_507' title='bbox 1655 3643 1715 3697; x_wconf 92' lang='lat' dir='ltr'><strong>in</strong></span> <span class='ocrx_word' id='word_1_508' title='bbox 1742 3642 1963 3698; x_wconf 90' lang='lat' dir='ltr'><strong>Libano</strong></span> <span class='ocrx_word' id='word_1_509' title='bbox 1986 3648 2129 3699; x_wconf 90' lang='lat' dir='ltr'><strong>tem-</strong></span> 
     </span>
    </p>
   </div>
   <div class='ocr_carea' id='block_1_72' title="bbox 470 3725 2131 3804">
    <p class='ocr_par' dir='ltr' id='par_1_72' title="bbox 470 3725 2131 3804">
     <span class='ocr_line' id='line_1_72' title="bbox 470 3725 2131 3804; baseline 0.007 -25"><span class='ocrx_word' id='word_1_510' title='bbox 470 3725 554 3799; x_wconf 91' lang='lat' dir='ltr'><strong>pli</strong></span> <span class='ocrx_word' id='word_1_511' title='bbox 584 3725 887 3793; x_wconf 84' lang='lat' dir='ltr'><strong>materias,</strong></span> <span class='ocrx_word' id='word_1_512' title='bbox 918 3727 1029 3782; x_wconf 90' lang='lat' dir='ltr'><strong>viri</strong></span> <span class='ocrx_word' id='word_1_513' title='bbox 1060 3729 1286 3785; x_wconf 88' lang='lat' dir='ltr'><strong>strenui</strong></span> <span class='ocrx_word' id='word_1_514' title='bbox 1315 3735 1493 3804; x_wconf 83' lang='lat' dir='ltr'><strong>atque</strong></span> <span class='ocrx_word' id='word_1_515' title='bbox 1515 3731 1680 3786; x_wconf 84' lang='lat' dir='ltr'><strong>electi</strong></span> <span class='ocrx_word' id='word_1_516' title='bbox 1707 3734 2037 3789; x_wconf 83' lang='lat' dir='ltr'><strong>mittuntur.</strong></span> <span class='ocrx_word' id='word_1_517' title='bbox 2066 3736 2131 3790; x_wconf 90' lang='lat' dir='ltr'><strong>Et</strong></span> 
     </span>
    </p>
   </div>
   <div class='ocr_carea' id='block_1_73' title="bbox 469 3813 2129 3894">
    <p class='ocr_par' dir='ltr' id='par_1_73' title="bbox 469 3813 2129 3894">
     <span class='ocr_line' id='line_1_73' title="bbox 469 3813 2129 3894; baseline 0.007 -26"><span class='ocrx_word' id='word_1_518' title='bbox 469 3813 719 3887; x_wconf 89' lang='lat' dir='ltr'><strong>quidem</strong></span> <span class='ocrx_word' id='word_1_519' title='bbox 773 3830 1062 3872; x_wconf 91' lang='lat' dir='ltr'><strong>numerus</strong></span> <span class='ocrx_word' id='word_1_520' title='bbox 1113 3818 1354 3888; x_wconf 81' lang='lat' dir='ltr'><strong>triginta</strong></span> <span class='ocrx_word' id='word_1_521' title='bbox 1380 3820 1656 3884; x_wconf 79' lang='lat' dir='ltr'><strong>millium,</strong></span> <span class='ocrx_word' id='word_1_522' title='bbox 1700 3838 1822 3894; x_wconf 93' lang='lat' dir='ltr'><strong>quo</strong></span> <span class='ocrx_word' id='word_1_523' title='bbox 1852 3821 2031 3878; x_wconf 89' lang='lat' dir='ltr'><strong>iidem</strong></span> <span class='ocrx_word' id='word_1_524' title='bbox 2061 3822 2129 3879; x_wconf 92' lang='lat' dir='ltr'><strong>li-</strong></span> 
     </span>
    </p>
   </div>
   <div class='ocr_carea' id='block_1_74' title="bbox 469 3908 2129 3982">
    <p class='ocr_par' dir='ltr' id='par_1_74' title="bbox 469 3908 2129 3982">
     <span class='ocr_line' id='line_1_74' title="bbox 469 3908 2129 3982; baseline 0.007 -25"><span class='ocrx_word' id='word_1_525' title='bbox 469 3918 730 3973; x_wconf 90' lang='lat' dir='ltr'><strong>gnorum</strong></span> <span class='ocrx_word' id='word_1_526' title='bbox 758 3920 1010 3960; x_wconf 65' lang='lat' dir='ltr'><strong>censores</strong></span> <span class='ocrx_word' id='word_1_527' title='bbox 1041 3908 1530 3977; x_wconf 85' lang='lat' dir='ltr'><strong>recensebantur,</strong></span> <span class='ocrx_word' id='word_1_528' title='bbox 1564 3915 1755 3982; x_wconf 90' lang='lat' dir='ltr'><strong>potest</strong></span> <span class='ocrx_word' id='word_1_529' title='bbox 1804 3911 1880 3967; x_wconf 91' lang='lat' dir='ltr'><strong>ad</strong></span> <span class='ocrx_word' id='word_1_530' title='bbox 1921 3926 2129 3968; x_wconf 88' lang='lat' dir='ltr'><strong>eorum</strong></span> 
     </span>
    </p>
   </div>
   <div class='ocr_carea' id='block_1_75' title="bbox 467 3991 2130 4070">
    <p class='ocr_par' dir='ltr' id='par_1_75' title="bbox 467 3991 2130 4070">
     <span class='ocr_line' id='line_1_75' title="bbox 467 3991 2130 4070; baseline 0.008 -25"><span class='ocrx_word' id='word_1_531' title='bbox 467 3991 732 4061; x_wconf 90' lang='lat' dir='ltr'><strong>ﬁguram</strong></span> <span class='ocrx_word' id='word_1_532' title='bbox 781 3999 918 4064; x_wconf 88' lang='lat' dir='ltr'><strong>apte</strong></span> <span class='ocrx_word' id='word_1_533' title='bbox 948 3994 1172 4064; x_wconf 90' lang='lat' dir='ltr'><strong>referri,</strong></span> <span class='ocrx_word' id='word_1_534' title='bbox 1199 3997 1302 4070; x_wconf 91' lang='lat' dir='ltr'><strong>qui</strong></span> <span class='ocrx_word' id='word_1_535' title='bbox 1328 3998 1390 4053; x_wconf 90' lang='lat' dir='ltr'><strong>in</strong></span> <span class='ocrx_word' id='word_1_536' title='bbox 1421 3999 1535 4054; x_wconf 87' lang='lat' dir='ltr'><strong>ﬁde</strong></span> <span class='ocrx_word' id='word_1_537' title='bbox 1587 4005 1806 4056; x_wconf 66' lang='lat' dir='ltr'><strong>sanctae</strong></span> <span class='ocrx_word' id='word_1_538' title='bbox 1836 4001 2130 4059; x_wconf 89' lang='lat' dir='ltr'><strong>Trinitatis</strong></span> 
     </span>
    </p>
   </div>
   <div class='ocr_carea' id='block_1_76' title="bbox 470 4079 2126 4160">
    <p class='ocr_par' dir='ltr' id='par_1_76' title="bbox 470 4079 2126 4160">
     <span class='ocr_line' id='line_1_76' title="bbox 470 4079 2126 4160; baseline 0.009 -28"><span class='ocrx_word' id='word_1_539' title='bbox 470 4082 610 4134; x_wconf 88' lang='lat' dir='ltr'><strong>sunt</strong></span> <span class='ocrx_word' id='word_1_540' title='bbox 629 4079 894 4151; x_wconf 88' lang='lat' dir='ltr'><strong>perfecti,</strong></span> <span class='ocrx_word' id='word_1_541' title='bbox 925 4084 1094 4155; x_wconf 88' lang='lat' dir='ltr'><strong>quod</strong></span> <span class='ocrx_word' id='word_1_542' title='bbox 1141 4084 1488 4142; x_wconf 88' lang='lat' dir='ltr'><strong>doctoribus</strong></span> <span class='ocrx_word' id='word_1_543' title='bbox 1541 4091 1803 4146; x_wconf 81' lang='lat' dir='ltr'><strong>maxime</strong></span> <span class='ocrx_word' id='word_1_544' title='bbox 1835 4093 2126 4160; x_wconf 88' lang='lat' dir='ltr'><strong>congruit.</strong></span> 
     </span>
    </p>
   </div>
   <div class='ocr_carea' id='block_1_77' title="bbox 472 4168 2134 4252">
    <p class='ocr_par' dir='ltr' id='par_1_77' title="bbox 472 4168 2134 4252">
     <span class='ocr_line' id='line_1_77' title="bbox 472 4168 2134 4252; baseline 0.011 -32"><span class='ocrx_word' id='word_1_545' title='bbox 472 4169 692 4222; x_wconf 89' lang='lat' dir='ltr'><strong>Verum</strong></span> <span class='ocrx_word' id='word_1_546' title='bbox 721 4168 868 4239; x_wconf 89' lang='lat' dir='ltr'><strong>quia</strong></span> <span class='ocrx_word' id='word_1_547' title='bbox 889 4172 1131 4240; x_wconf 87' lang='lat' dir='ltr'><strong>triginta</strong></span> <span class='ocrx_word' id='word_1_548' title='bbox 1160 4174 1346 4231; x_wconf 87' lang='lat' dir='ltr'><strong>millia</strong></span> <span class='ocrx_word' id='word_1_549' title='bbox 1396 4175 1476 4233; x_wconf 89' lang='lat' dir='ltr'><strong>ita</strong></span> <span class='ocrx_word' id='word_1_550' title='bbox 1518 4181 1687 4236; x_wconf 89' lang='lat' dir='ltr'><strong>erant</strong></span> <span class='ocrx_word' id='word_1_551' title='bbox 1738 4175 2034 4252; x_wconf 89' lang='lat' dir='ltr'><strong>ordinata,</strong></span> <span class='ocrx_word' id='word_1_552' title='bbox 2069 4183 2134 4238; x_wconf 89' lang='lat' dir='ltr'><strong>ut</strong></span> 
     </span>
    </p>
   </div>
   <div class='ocr_carea' id='block_1_78' title="bbox 472 4254 2126 4340">
    <p class='ocr_par' dir='ltr' id='par_1_78' title="bbox 472 4254 2126 4340">
     <span class='ocr_line' id='line_1_78' title="bbox 472 4254 2126 4340; baseline 0.012 -32"><span class='ocrx_word' id='word_1_553' title='bbox 472 4254 632 4310; x_wconf 91' lang='lat' dir='ltr'><strong>dena</strong></span> <span class='ocrx_word' id='word_1_554' title='bbox 683 4255 870 4313; x_wconf 87' lang='lat' dir='ltr'><strong>millia</strong></span> <span class='ocrx_word' id='word_1_555' title='bbox 924 4275 1030 4330; x_wconf 91' lang='lat' dir='ltr'><strong>per</strong></span> <span class='ocrx_word' id='word_1_556' title='bbox 1059 4276 1297 4317; x_wconf 89' lang='lat' dir='ltr'><strong>menses</strong></span> <span class='ocrx_word' id='word_1_557' title='bbox 1327 4264 1595 4334; x_wconf 88' lang='lat' dir='ltr'><strong>singulos</strong></span> <span class='ocrx_word' id='word_1_558' title='bbox 1621 4268 1785 4340; x_wconf 89' lang='lat' dir='ltr'><strong>operi</strong></span> <span class='ocrx_word' id='word_1_559' title='bbox 1819 4269 2126 4338; x_wconf 90' lang='lat' dir='ltr'><strong>instarent,</strong></span> 
     </span>
    </p>
   </div>
   <div class='ocr_carea' id='block_1_79' title="bbox 473 4343 2129 4433">
    <p class='ocr_par' dir='ltr' id='par_1_79' title="bbox 473 4343 2129 4433">
     <span class='ocr_line' id='line_1_79' title="bbox 473 4343 2129 4433; baseline 0.013 -36"><span class='ocrx_word' id='word_1_560' title='bbox 473 4343 670 4433; x_wconf 81' lang='lat' dir='ltr'><strong>magis</strong></span> <span class='ocrx_word' id='word_1_561' title='bbox 707 4344 938 4402; x_wconf 86' lang='lat' dir='ltr'><strong>denarii</strong></span> <span class='ocrx_word' id='word_1_562' title='bbox 987 4351 1220 4406; x_wconf 90' lang='lat' dir='ltr'><strong>numeri</strong></span> <span class='ocrx_word' id='word_1_563' title='bbox 1261 4360 1708 4413; x_wconf 89' lang='lat' dir='ltr'><strong>sacramentum</strong></span> <span class='ocrx_word' id='word_1_564' title='bbox 1759 4361 2129 4433; x_wconf 88' lang='lat' dir='ltr'><strong>perpendere</strong></span> 
     </span>
    </p>
   </div>
   <div class='ocr_carea' id='block_1_80' title="bbox 471 4431 2131 4513">
    <p class='ocr_par' dir='ltr' id='par_1_80' title="bbox 471 4431 2131 4513">
     <span class='ocr_line' id='line_1_80' title="bbox 471 4431 2131 4513; baseline 0.013 -27"><span class='ocrx_word' id='word_1_565' title='bbox 471 4431 784 4490; x_wconf 89' lang='lat' dir='ltr'><strong>debemus.</strong></span> <span class='ocrx_word' id='word_1_566' title='bbox 820 4438 985 4493; x_wconf 92' lang='lat' dir='ltr'><strong>Dena</strong></span> <span class='ocrx_word' id='word_1_567' title='bbox 1013 4454 1278 4513; x_wconf 80' lang='lat' dir='ltr'><strong>namque</strong></span> <span class='ocrx_word' id='word_1_568' title='bbox 1307 4443 1494 4500; x_wconf 91' lang='lat' dir='ltr'><strong>millia</strong></span> <span class='ocrx_word' id='word_1_569' title='bbox 1524 4447 1786 4504; x_wconf 90' lang='lat' dir='ltr'><strong>virorum</strong></span> <span class='ocrx_word' id='word_1_570' title='bbox 1845 4431 1919 4505; x_wconf 85' lang='lat' dir='ltr'><strong>de</strong></span> <span class='ocrx_word' id='word_1_571' title='bbox 1952 4450 2131 4507; x_wconf 90' lang='lat' dir='ltr'><strong>Israel</strong></span> 
     </span>
    </p>
   </div>
   <div class='ocr_carea' id='block_1_81' title="bbox 474 4521 2131 4602">
    <p class='ocr_par' dir='ltr' id='par_1_81' title="bbox 474 4521 2131 4602">
     <span class='ocr_line' id='line_1_81' title="bbox 474 4521 2131 4602; baseline 0.012 -26"><span class='ocrx_word' id='word_1_572' title='bbox 474 4521 552 4578; x_wconf 89' lang='lat' dir='ltr'><strong>ad</strong></span> <span class='ocrx_word' id='word_1_573' title='bbox 586 4522 875 4581; x_wconf 69' lang='lat' dir='ltr'><strong>caedenda</strong></span> <span class='ocrx_word' id='word_1_574' title='bbox 903 4525 1070 4597; x_wconf 90' lang='lat' dir='ltr'><strong>ligna</strong></span> <span class='ocrx_word' id='word_1_575' title='bbox 1096 4527 1158 4584; x_wconf 91' lang='lat' dir='ltr'><strong>in</strong></span> <span class='ocrx_word' id='word_1_576' title='bbox 1191 4545 1344 4602; x_wconf 93' lang='lat' dir='ltr'><strong>opus</strong></span> <span class='ocrx_word' id='word_1_577' title='bbox 1369 4531 1589 4590; x_wconf 91' lang='lat' dir='ltr'><strong>domus</strong></span> <span class='ocrx_word' id='word_1_578' title='bbox 1616 4536 1849 4593; x_wconf 88' lang='lat' dir='ltr'><strong>Domini</strong></span> <span class='ocrx_word' id='word_1_579' title='bbox 1893 4539 2131 4595; x_wconf 87' lang='lat' dir='ltr'><strong>mittun-</strong></span> 
     </span>
    </p>
   </div>
   <div class='ocr_carea' id='block_1_82' title="bbox 472 4613 2129 4700">
    <p class='ocr_par' dir='ltr' id='par_1_82' title="bbox 472 4613 2129 4700">
     <span class='ocr_line' id='line_1_82' title="bbox 472 4613 2129 4700; baseline 0.012 -34"><span class='ocrx_word' id='word_1_580' title='bbox 472 4613 587 4682; x_wconf 91' lang='lat' dir='ltr'><strong>tur,</strong></span> <span class='ocrx_word' id='word_1_581' title='bbox 617 4613 761 4686; x_wconf 90' lang='lat' dir='ltr'><strong>quia</strong></span> <span class='ocrx_word' id='word_1_582' title='bbox 806 4615 1152 4691; x_wconf 91' lang='lat' dir='ltr'><strong>quicunque</strong></span> <span class='ocrx_word' id='word_1_583' title='bbox 1183 4620 1457 4678; x_wconf 89' lang='lat' dir='ltr'><strong>doctores</strong></span> <span class='ocrx_word' id='word_1_584' title='bbox 1506 4629 1684 4697; x_wconf 88' lang='lat' dir='ltr'><strong>atque</strong></span> <span class='ocrx_word' id='word_1_585' title='bbox 1720 4627 2129 4700; x_wconf 88' lang='lat' dir='ltr'><strong>insipientium</strong></span> 
     </span>
    </p>
   </div>
   <div class='ocr_carea' id='block_1_83' title="bbox 470 4700 2132 4792">
    <p class='ocr_par' dir='ltr' id='par_1_83' title="bbox 470 4700 2132 4792">
     <span class='ocr_line' id='line_1_83' title="bbox 470 4700 2132 4792; baseline 0.014 -38"><span class='ocrx_word' id='word_1_586' title='bbox 470 4700 799 4792; x_wconf 83' lang='lat' dir='ltr'><strong>eruditores</strong></span> <span class='ocrx_word' id='word_1_587' title='bbox 817 4711 954 4762; x_wconf 90' lang='lat' dir='ltr'><strong>sunt</strong></span> <span class='ocrx_word' id='word_1_588' title='bbox 966 4708 1309 4778; x_wconf 89' lang='lat' dir='ltr'><strong>ordinandi,</strong></span> <span class='ocrx_word' id='word_1_589' title='bbox 1324 4711 1534 4768; x_wconf 88' lang='lat' dir='ltr'><strong>decem</strong></span> <span class='ocrx_word' id='word_1_590' title='bbox 1551 4718 2006 4790; x_wconf 62' lang='lat' dir='ltr'><strong>praeceptalegis</strong></span> <span class='ocrx_word' id='word_1_591' title='bbox 2023 4733 2132 4792; x_wconf 88' lang='lat' dir='ltr'><strong>per</strong></span> 
     </span>
    </p>
   </div>
   <div class='ocr_carea' id='block_1_84' title="bbox 471 4790 2132 4868">
    <p class='ocr_par' dir='ltr' id='par_1_84' title="bbox 471 4790 2132 4868">
     <span class='ocr_line' id='line_1_84' title="bbox 471 4790 2132 4868; baseline 0.015 -26"><span class='ocrx_word' id='word_1_592' title='bbox 471 4790 678 4845; x_wconf 89' lang='lat' dir='ltr'><strong>omnia</strong></span> <span class='ocrx_word' id='word_1_593' title='bbox 706 4795 764 4846; x_wconf 90' lang='lat' dir='ltr'><strong>et</strong></span> <span class='ocrx_word' id='word_1_594' title='bbox 786 4792 899 4863; x_wconf 91' lang='lat' dir='ltr'><strong>ipsi</strong></span> <span class='ocrx_word' id='word_1_595' title='bbox 917 4795 1260 4868; x_wconf 90' lang='lat' dir='ltr'><strong>observare,</strong></span> <span class='ocrx_word' id='word_1_596' title='bbox 1287 4804 1343 4855; x_wconf 90' lang='lat' dir='ltr'><strong>et</strong></span> <span class='ocrx_word' id='word_1_597' title='bbox 1370 4801 1743 4860; x_wconf 89' lang='lat' dir='ltr'><strong>auditoribus</strong></span> <span class='ocrx_word' id='word_1_598' title='bbox 1767 4806 1889 4864; x_wconf 89' lang='lat' dir='ltr'><strong>suis</strong></span> <span class='ocrx_word' id='word_1_599' title='bbox 1909 4790 2132 4866; x_wconf 80' lang='lat' dir='ltr'><strong>debent</strong></span> 
     </span>
    </p>
   </div>
   <div class='ocr_carea' id='block_1_85' title="bbox 470 4874 2128 4964">
    <p class='ocr_par' dir='ltr' id='par_1_85' title="bbox 470 4874 2128 4964">
     <span class='ocr_line' id='line_1_85' title="bbox 470 4874 2128 4964; baseline 0.017 -37"><span class='ocrx_word' id='word_1_600' title='bbox 470 4874 855 4936; x_wconf 87' lang='lat' dir='ltr'><strong>observanda</strong></span> <span class='ocrx_word' id='word_1_601' title='bbox 884 4889 1240 4949; x_wconf 89' lang='lat' dir='ltr'><strong>monstrare,</strong></span> <span class='ocrx_word' id='word_1_602' title='bbox 1273 4889 1375 4944; x_wconf 88' lang='lat' dir='ltr'><strong>sed</strong></span> <span class='ocrx_word' id='word_1_603' title='bbox 1399 4895 1454 4946; x_wconf 91' lang='lat' dir='ltr'><strong>et</strong></span> <span class='ocrx_word' id='word_1_604' title='bbox 1481 4896 1733 4964; x_wconf 62' lang='lat' dir='ltr'><strong>praemia</strong></span> <span class='ocrx_word' id='word_1_605' title='bbox 1756 4895 1818 4951; x_wconf 91' lang='lat' dir='ltr'><strong>in</strong></span> <span class='ocrx_word' id='word_1_606' title='bbox 1848 4898 2012 4954; x_wconf 67' lang='lat' dir='ltr'><strong>caelis</strong></span> <span class='ocrx_word' id='word_1_607' title='bbox 2037 4898 2128 4954; x_wconf 88' lang='lat' dir='ltr'><strong>fu-</strong></span> 
     </span>
    </p>
   </div>
   <div class='ocr_carea' id='block_1_86' title="bbox 469 4965 2132 5060">
    <p class='ocr_par' dir='ltr' id='par_1_86' title="bbox 469 4965 2132 5060">
     <span class='ocr_line' id='line_1_86' title="bbox 469 4965 2132 5060; baseline 0.017 -42"><span class='ocrx_word' id='word_1_608' title='bbox 469 4965 632 5060; x_wconf 64' lang='lat' dir='ltr'><strong>tura,</strong></span> <span class='ocrx_word' id='word_1_609' title='bbox 650 4979 786 5060; x_wconf 66' lang='lat' dir='ltr'><strong>quae</strong></span> <span class='ocrx_word' id='word_1_610' title='bbox 808 4967 1057 5060; x_wconf 88' lang='lat' dir='ltr'><strong>denario</strong></span> <span class='ocrx_word' id='word_1_611' title='bbox 1089 4974 1279 5032; x_wconf 91' lang='lat' dir='ltr'><strong>solent</strong></span> <span class='ocrx_word' id='word_1_612' title='bbox 1310 4980 1647 5049; x_wconf 84' lang='lat' dir='ltr'><strong>tigurari,et</strong></span> <span class='ocrx_word' id='word_1_613' title='bbox 1664 4985 1778 5058; x_wconf 91' lang='lat' dir='ltr'><strong>ipsi</strong></span> <span class='ocrx_word' id='word_1_614' title='bbox 1813 5003 2053 5059; x_wconf 90' lang='lat' dir='ltr'><strong>sperare</strong></span> <span class='ocrx_word' id='word_1_615' title='bbox 2074 4993 2132 5045; x_wconf 87' lang='lat' dir='ltr'><strong>et</strong></span> 
     </span>
    </p>
   </div>
   <div class='ocr_carea' id='block_1_87' title="bbox 471 5050 2125 5151">
    <p class='ocr_par' dir='ltr' id='par_1_87' title="bbox 471 5050 2125 5151">
     <span class='ocr_line' id='line_1_87' title="bbox 471 5050 2125 5151; baseline 0.019 -49"><span class='ocrx_word' id='word_1_616' title='bbox 471 5050 848 5151; x_wconf 61' lang='lat' dir='ltr'><strong>auditoribus</strong></span> <span class='ocrx_word' id='word_1_617' title='bbox 869 5058 992 5112; x_wconf 89' lang='lat' dir='ltr'><strong>suis</strong></span> <span class='ocrx_word' id='word_1_618' title='bbox 1009 5064 1310 5133; x_wconf 88' lang='lat' dir='ltr'><strong>speranda</strong></span> <span class='ocrx_word' id='word_1_619' title='bbox 1334 5067 1555 5127; x_wconf 87' lang='lat' dir='ltr'><strong>debent</strong></span> <span class='ocrx_word' id='word_1_620' title='bbox 1575 5050 1810 5146; x_wconf 74' lang='lat' dir='ltr'><strong>semper</strong></span> <span class='ocrx_word' id='word_1_621' title='bbox 1829 5050 2125 5132; x_wconf 60' lang='lat' dir='ltr'><strong>intimare.</strong></span> 
     </span>
    </p>
   </div>
   <div class='ocr_carea' id='block_1_88' title="bbox 468 5141 2127 5241">
    <p class='ocr_par' dir='ltr' id='par_1_88' title="bbox 468 5141 2127 5241">
     <span class='ocr_line' id='line_1_88' title="bbox 468 5141 2127 5241; baseline 0.016 -47"><span class='ocrx_word' id='word_1_622' title='bbox 468 5141 897 5241; x_wconf 48' lang='lat' dir='ltr'><strong>Terninautem</strong></span> <span class='ocrx_word' id='word_1_623' title='bbox 954 5165 1217 5220; x_wconf 87' lang='lat' dir='ltr'><strong>menses,</strong></span> <span class='ocrx_word' id='word_1_624' title='bbox 1247 5171 1507 5227; x_wconf 89' lang='lat' dir='ltr'><strong>quorum</strong></span> <span class='ocrx_word' id='word_1_625' title='bbox 1555 5141 1841 5219; x_wconf 74' lang='lat' dir='ltr'><strong>distantia</strong></span> <span class='ocrx_word' id='word_1_626' title='bbox 1879 5163 2127 5234; x_wconf 88' lang='lat' dir='ltr'><strong>singulis</strong></span> 
     </span>
    </p>
   </div>
   <div class='ocr_carea' id='block_1_89' title="bbox 469 5229 2126 5329">
    <p class='ocr_par' dir='ltr' id='par_1_89' title="bbox 469 5229 2126 5329">
     <span class='ocr_line' id='line_1_89' title="bbox 469 5229 2126 5329; baseline 0.018 -48"><span class='ocrx_word' id='word_1_627' title='bbox 469 5233 596 5329; x_wconf 74' lang='lat' dir='ltr'><strong>erat</strong></span> <span class='ocrx_word' id='word_1_628' title='bbox 639 5229 942 5329; x_wconf 77' lang='lat' dir='ltr'><strong>lignorum</strong></span> <span class='ocrx_word' id='word_1_629' title='bbox 971 5241 1300 5301; x_wconf 66' lang='lat' dir='ltr'><strong>caasoribus</strong></span> <span class='ocrx_word' id='word_1_630' title='bbox 1343 5246 1646 5320; x_wconf 90' lang='lat' dir='ltr'><strong>imposita,</strong></span> <span class='ocrx_word' id='word_1_631' title='bbox 1700 5229 2126 5323; x_wconf 69' lang='lat' dir='ltr'><strong>perfectionem</strong></span> 
     </span>
    </p>
   </div>
   <div class='ocr_carea' id='block_1_90' title="bbox 467 5317 2123 5409">
    <p class='ocr_par' dir='ltr' id='par_1_90' title="bbox 467 5317 2123 5409">
     <span class='ocr_line' id='line_1_90' title="bbox 467 5317 2123 5409; baseline 0.019 -42"><span class='ocrx_word' id='word_1_632' title='bbox 467 5317 648 5409; x_wconf 69' lang='lat' dir='ltr'><strong>trium</strong></span> <span class='ocrx_word' id='word_1_633' title='bbox 677 5319 959 5381; x_wconf 89' lang='lat' dir='ltr'><strong>virtutum</strong></span> <span class='ocrx_word' id='word_1_634' title='bbox 981 5317 1478 5402; x_wconf 82' lang='lat' dir='ltr'><strong>Evangelicarum</strong></span> <span class='ocrx_word' id='word_1_635' title='bbox 1507 5317 2123 5409; x_wconf 46' lang='lat' dir='ltr'><strong>typice-denuntiant:</strong></span> 
     </span>
    </p>
   </div>
   <div class='ocr_carea' id='block_1_91' title="bbox 467 5401 2130 5496">
    <p class='ocr_par' dir='ltr' id='par_1_91' title="bbox 467 5401 2130 5496">
     <span class='ocr_line' id='line_1_91' title="bbox 467 5401 2130 5496; baseline 0.017 -38"><span class='ocrx_word' id='word_1_636' title='bbox 467 5401 866 5496; x_wconf 67' lang='lat' dir='ltr'><strong>eleemosynae</strong></span> <span class='ocrx_word' id='word_1_637' title='bbox 921 5401 1214 5487; x_wconf 85' lang='lat' dir='ltr'><strong>videlicet,</strong></span> <span class='ocrx_word' id='word_1_638' title='bbox 1272 5401 1588 5480; x_wconf 49' lang='lat' dir='ltr'><strong>orationis-</strong></span> <span class='ocrx_word' id='word_1_639' title='bbox 1620 5430 1676 5480; x_wconf 91' lang='lat' dir='ltr'><strong>et</strong></span> <span class='ocrx_word' id='word_1_640' title='bbox 1725 5426 1958 5496; x_wconf 89' lang='lat' dir='ltr'><strong>jejunii.</strong></span> <span class='ocrx_word' id='word_1_641' title='bbox 2023 5431 2130 5485; x_wconf 84' lang='lat' dir='ltr'><strong>Per</strong></span> 
     </span>
    </p>
   </div>
   <div class='ocr_carea' id='block_1_92' title="bbox 465 5490 2129 5584">
    <p class='ocr_par' dir='ltr' id='par_1_92' title="bbox 465 5490 2129 5584">
     <span class='ocr_line' id='line_1_92' title="bbox 465 5490 2129 5584; baseline 0.017 -39"><span class='ocrx_word' id='word_1_642' title='bbox 465 5490 916 5570; x_wconf 79' lang='lat' dir='ltr'><strong>eleemosynam</strong></span> <span class='ocrx_word' id='word_1_643' title='bbox 960 5521 1226 5580; x_wconf 90' lang='lat' dir='ltr'><strong>namque</strong></span> <span class='ocrx_word' id='word_1_644' title='bbox 1275 5490 1870 5584; x_wconf 77' lang='lat' dir='ltr'><strong>comprehenduntur</strong></span> <span class='ocrx_word' id='word_1_645' title='bbox 1920 5518 2129 5573; x_wconf 86' lang='lat' dir='ltr'><strong>omnia</strong></span> 
     </span>
    </p>
   </div>
   <div class='ocr_carea' id='block_1_93' title="bbox 463 5586 2126 5678">
    <p class='ocr_par' dir='ltr' id='par_1_93' title="bbox 463 5586 2126 5678">
     <span class='ocr_line' id='line_1_93' title="bbox 463 5586 2126 5678; baseline 0.014 -39"><span class='ocrx_word' id='word_1_646' title='bbox 463 5597 598 5655; x_wconf 78' lang='lat' dir='ltr'><strong>quae</strong></span> <span class='ocrx_word' id='word_1_647' title='bbox 629 5586 705 5645; x_wconf 85' lang='lat' dir='ltr'><strong>ad</strong></span> <span class='ocrx_word' id='word_1_648' title='bbox 736 5589 1112 5652; x_wconf 82' lang='lat' dir='ltr'><strong>dilectionem</strong></span> <span class='ocrx_word' id='word_1_649' title='bbox 1143 5600 1402 5668; x_wconf 78' lang='lat' dir='ltr'><strong>proximi</strong></span> <span class='ocrx_word' id='word_1_650' title='bbox 1433 5601 1796 5678; x_wconf 81' lang='lat' dir='ltr'><strong>explendam</strong></span> <span class='ocrx_word' id='word_1_651' title='bbox 1832 5605 2126 5666; x_wconf 84' lang='lat' dir='ltr'><strong>benevole</strong></span> 
     </span>
    </p>
   </div>
   <div class='ocr_carea' id='block_1_94' title="bbox 2229 3015 3891 3098">
    <p class='ocr_par' dir='ltr' id='par_1_94' title="bbox 2229 3015 3891 3098">
     <span class='ocr_line' id='line_1_94' title="bbox 2229 3015 3891 3098; baseline -0.007 -18"><span class='ocrx_word' id='word_1_652' title='bbox 2229 3024 2616 3098; x_wconf 69' lang='lat' dir='ltr'><strong>prceponitur,</strong></span> <span class='ocrx_word' id='word_1_653' title='bbox 2650 3026 2715 3079; x_wconf 90' lang='lat' dir='ltr'><strong>ut</strong></span> <span class='ocrx_word' id='word_1_654' title='bbox 2741 3038 2854 3078; x_wconf 90' lang='lat' dir='ltr'><strong>sua</strong></span> <span class='ocrx_word' id='word_1_655' title='bbox 2879 3021 3217 3094; x_wconf 88' lang='lat' dir='ltr'><strong>provisione</strong></span> <span class='ocrx_word' id='word_1_656' title='bbox 3247 3019 3354 3074; x_wconf 90' lang='lat' dir='ltr'><strong>rite</strong></span> <span class='ocrx_word' id='word_1_657' title='bbox 3383 3017 3634 3081; x_wconf 87' lang='lat' dir='ltr'><strong>ordinet,</strong></span> <span class='ocrx_word' id='word_1_658' title='bbox 3655 3015 3891 3088; x_wconf 89' lang='lat' dir='ltr'><strong>quibus</strong></span> 
     </span>
    </p>
   </div>
   <div class='ocr_carea' id='block_1_95' title="bbox 2232 3103 3890 3183">
    <p class='ocr_par' dir='ltr' id='par_1_95' title="bbox 2232 3103 3890 3183">
     <span class='ocr_line' id='line_1_95' title="bbox 2232 3103 3890 3183; baseline -0.008 -14"><span class='ocrx_word' id='word_1_659' title='bbox 2232 3113 2539 3169; x_wconf 89' lang='lat' dir='ltr'><strong>mensibus</strong></span> <span class='ocrx_word' id='word_1_660' title='bbox 2588 3111 2805 3182; x_wconf 87' lang='lat' dir='ltr'><strong>singuli</strong></span> <span class='ocrx_word' id='word_1_661' title='bbox 2844 3109 2923 3166; x_wconf 87' lang='lat' dir='ltr'><strong>ad</strong></span> <span class='ocrx_word' id='word_1_662' title='bbox 2951 3107 3323 3183; x_wconf 88' lang='lat' dir='ltr'><strong>operandum</strong></span> <span class='ocrx_word' id='word_1_663' title='bbox 3371 3108 3605 3169; x_wconf 81' lang='lat' dir='ltr'><strong>exeant,</strong></span> <span class='ocrx_word' id='word_1_664' title='bbox 3657 3103 3890 3174; x_wconf 90' lang='lat' dir='ltr'><strong>quibus</strong></span> 
     </span>
    </p>
   </div>
   <div class='ocr_carea' id='block_1_96' title="bbox 2232 3196 3889 3260">
    <p class='ocr_par' dir='ltr' id='par_1_96' title="bbox 2232 3196 3889 3260">
     <span class='ocr_line' id='line_1_96' title="bbox 2232 3196 3889 3260; baseline -0.008 -1"><span class='ocrx_word' id='word_1_665' title='bbox 2232 3203 2432 3259; x_wconf 88' lang='lat' dir='ltr'><strong>denuo</strong></span> <span class='ocrx_word' id='word_1_666' title='bbox 2461 3201 2537 3258; x_wconf 88' lang='lat' dir='ltr'><strong>ad</strong></span> <span class='ocrx_word' id='word_1_667' title='bbox 2576 3201 2910 3257; x_wconf 84' lang='lat' dir='ltr'><strong>curandam</strong></span> <span class='ocrx_word' id='word_1_668' title='bbox 2939 3199 3191 3255; x_wconf 88' lang='lat' dir='ltr'><strong>domum</strong></span> <span class='ocrx_word' id='word_1_669' title='bbox 3219 3212 3393 3252; x_wconf 86' lang='lat' dir='ltr'><strong>suam</strong></span> <span class='ocrx_word' id='word_1_670' title='bbox 3438 3196 3713 3260; x_wconf 86' lang='lat' dir='ltr'><strong>redeant,</strong></span> <span class='ocrx_word' id='word_1_671' title='bbox 3750 3209 3889 3247; x_wconf 91' lang='lat' dir='ltr'><strong>cum</strong></span> 
     </span>
    </p>
   </div>
   <div class='ocr_carea' id='block_1_97' title="bbox 2231 3287 3887 3349">
    <p class='ocr_par' dir='ltr' id='par_1_97' title="bbox 2231 3287 3887 3349">
     <span class='ocr_line' id='line_1_97' title="bbox 2231 3287 3887 3349; baseline -0.007 -3"><span class='ocrx_word' id='word_1_672' title='bbox 2231 3293 2518 3349; x_wconf 91' lang='lat' dir='ltr'><strong>Dominus</strong></span> <span class='ocrx_word' id='word_1_673' title='bbox 2566 3295 2622 3346; x_wconf 92' lang='lat' dir='ltr'><strong>et</strong></span> <span class='ocrx_word' id='word_1_674' title='bbox 2678 3288 2948 3346; x_wconf 89' lang='lat' dir='ltr'><strong>Salvator</strong></span> <span class='ocrx_word' id='word_1_675' title='bbox 3006 3293 3208 3343; x_wconf 90' lang='lat' dir='ltr'><strong>noster</strong></span> <span class='ocrx_word' id='word_1_676' title='bbox 3257 3289 3484 3341; x_wconf 88' lang='lat' dir='ltr'><strong>mentes</strong></span> <span class='ocrx_word' id='word_1_677' title='bbox 3543 3287 3887 3338; x_wconf 90' lang='lat' dir='ltr'><strong>sanctorum</strong></span> 
     </span>
    </p>
   </div>
   <div class='ocr_carea' id='block_1_98' title="bbox 2232 3370 3886 3454">
    <p class='ocr_par' dir='ltr' id='par_1_98' title="bbox 2232 3370 3886 3454">
     <span class='ocr_line' id='line_1_98' title="bbox 2232 3370 3886 3454; baseline -0.008 -17"><span class='ocrx_word' id='word_1_678' title='bbox 2232 3381 2696 3454; x_wconf 69' lang='lat' dir='ltr'><strong>praedicatorum</strong></span> <span class='ocrx_word' id='word_1_679' title='bbox 2729 3393 2840 3433; x_wconf 89' lang='lat' dir='ltr'><strong>sua</strong></span> <span class='ocrx_word' id='word_1_680' title='bbox 2871 3372 3222 3433; x_wconf 87' lang='lat' dir='ltr'><strong>familiarius</strong></span> <span class='ocrx_word' id='word_1_681' title='bbox 3276 3373 3665 3430; x_wconf 87' lang='lat' dir='ltr'><strong>illustratione</strong></span> <span class='ocrx_word' id='word_1_682' title='bbox 3713 3370 3886 3424; x_wconf 86' lang='lat' dir='ltr'><strong>infor-</strong></span> 
     </span>
    </p>
   </div>
   <div class='ocr_carea' id='block_1_99' title="bbox 2235 3459 3885 3538">
    <p class='ocr_par' dir='ltr' id='par_1_99' title="bbox 2235 3459 3885 3538">
     <span class='ocr_line' id='line_1_99' title="bbox 2235 3459 3885 3538; baseline -0.01 -11"><span class='ocrx_word' id='word_1_683' title='bbox 2235 3474 2361 3526; x_wconf 91' lang='lat' dir='ltr'><strong>mat</strong></span> <span class='ocrx_word' id='word_1_684' title='bbox 2388 3469 2464 3524; x_wconf 88' lang='lat' dir='ltr'><strong>ad</strong></span> <span class='ocrx_word' id='word_1_685' title='bbox 2494 3465 2983 3535; x_wconf 89' lang='lat' dir='ltr'><strong>discernendum,</strong></span> <span class='ocrx_word' id='word_1_686' title='bbox 3009 3465 3260 3538; x_wconf 90' lang='lat' dir='ltr'><strong>quando</strong></span> <span class='ocrx_word' id='word_1_687' title='bbox 3289 3465 3561 3536; x_wconf 84' lang='lat' dir='ltr'><strong>Oporteat</strong></span> <span class='ocrx_word' id='word_1_688' title='bbox 3590 3459 3885 3514; x_wconf 71' lang='lat' dir='ltr'><strong>aediﬁcan-</strong></span> 
     </span>
    </p>
   </div>
   <div class='ocr_carea' id='block_1_100' title="bbox 2234 3545 3888 3630">
    <p class='ocr_par' dir='ltr' id='par_1_100' title="bbox 2234 3545 3888 3630">
     <span class='ocr_line' id='line_1_100' title="bbox 2234 3545 3888 3630; baseline -0.01 -16"><span class='ocrx_word' id='word_1_689' title='bbox 2234 3559 2295 3614; x_wconf 91' lang='lat' dir='ltr'><strong>di</strong></span> <span class='ocrx_word' id='word_1_690' title='bbox 2322 3557 2645 3614; x_wconf 90' lang='lat' dir='ltr'><strong>Ecclesiam</strong></span> <span class='ocrx_word' id='word_1_691' title='bbox 2671 3573 2824 3630; x_wconf 90' lang='lat' dir='ltr'><strong>opus</strong></span> <span class='ocrx_word' id='word_1_692' title='bbox 2856 3556 3020 3618; x_wconf 89' lang='lat' dir='ltr'><strong>inire,</strong></span> <span class='ocrx_word' id='word_1_693' title='bbox 3055 3552 3440 3626; x_wconf 81' lang='lat' dir='ltr'><strong>praedicando</strong></span> <span class='ocrx_word' id='word_1_694' title='bbox 3464 3549 3550 3605; x_wconf 91' lang='lat' dir='ltr'><strong>vel</strong></span> <span class='ocrx_word' id='word_1_695' title='bbox 3572 3548 3681 3603; x_wconf 87' lang='lat' dir='ltr'><strong>alia</strong></span> <span class='ocrx_word' id='word_1_696' title='bbox 3703 3545 3888 3616; x_wconf 88' lang='lat' dir='ltr'><strong>pieta-</strong></span> 
     </span>
    </p>
   </div>
   <div class='ocr_carea' id='block_1_101' title="bbox 2235 3643 3880 3720">
    <p class='ocr_par' dir='ltr' id='par_1_101' title="bbox 2235 3643 3880 3720">
     <span class='ocr_line' id='line_1_101' title="bbox 2235 3643 3880 3720; baseline -0.012 -15"><span class='ocrx_word' id='word_1_697' title='bbox 2235 3651 2308 3705; x_wconf 89' lang='lat' dir='ltr'><strong>tis</strong></span> <span class='ocrx_word' id='word_1_698' title='bbox 2340 3647 2536 3704; x_wconf 81' lang='lat' dir='ltr'><strong>oﬁicia</strong></span> <span class='ocrx_word' id='word_1_699' title='bbox 2566 3646 2949 3720; x_wconf 67' lang='lat' dir='ltr'><strong>praestando;</strong></span> <span class='ocrx_word' id='word_1_700' title='bbox 2979 3650 3033 3700; x_wconf 89' lang='lat' dir='ltr'><strong>et</strong></span> <span class='ocrx_word' id='word_1_701' title='bbox 3078 3643 3329 3716; x_wconf 92' lang='lat' dir='ltr'><strong>quando</strong></span> <span class='ocrx_word' id='word_1_702' title='bbox 3379 3654 3611 3696; x_wconf 89' lang='lat' dir='ltr'><strong>rursum</strong></span> <span class='ocrx_word' id='word_1_703' title='bbox 3663 3648 3880 3689; x_wconf 86' lang='lat' dir='ltr'><strong>conve-</strong></span> 
     </span>
    </p>
   </div>
   <div class='ocr_carea' id='block_1_102' title="bbox 2235 3723 3889 3810">
    <p class='ocr_par' dir='ltr' id='par_1_102' title="bbox 2235 3723 3889 3810">
     <span class='ocr_line' id='line_1_102' title="bbox 2235 3723 3889 3810; baseline -0.011 -16"><span class='ocrx_word' id='word_1_704' title='bbox 2235 3737 2361 3794; x_wconf 91' lang='lat' dir='ltr'><strong>niat</strong></span> <span class='ocrx_word' id='word_1_705' title='bbox 2392 3733 2466 3793; x_wconf 87' lang='lat' dir='ltr'><strong>ad</strong></span> <span class='ocrx_word' id='word_1_706' title='bbox 2498 3754 2672 3794; x_wconf 92' lang='lat' dir='ltr'><strong>suam</strong></span> <span class='ocrx_word' id='word_1_707' title='bbox 2733 3734 3001 3810; x_wconf 82' lang='lat' dir='ltr'><strong>ipsorum</strong></span> <span class='ocrx_word' id='word_1_708' title='bbox 3055 3733 3484 3791; x_wconf 80' lang='lat' dir='ltr'><strong>conscientiam</strong></span> <span class='ocrx_word' id='word_1_709' title='bbox 3537 3723 3889 3783; x_wconf 85' lang='lat' dir='ltr'><strong>examinan-</strong></span> 
     </span>
    </p>
   </div>
   <div class='ocr_carea' id='block_1_103' title="bbox 2235 3811 3890 3901">
    <p class='ocr_par' dir='ltr' id='par_1_103' title="bbox 2235 3811 3890 3901">
     <span class='ocr_line' id='line_1_103' title="bbox 2235 3811 3890 3901; baseline -0.011 -17"><span class='ocrx_word' id='word_1_710' title='bbox 2235 3829 2399 3897; x_wconf 90' lang='lat' dir='ltr'><strong>dam,</strong></span> <span class='ocrx_word' id='word_1_711' title='bbox 2419 3828 2593 3901; x_wconf 90' lang='lat' dir='ltr'><strong>quasi</strong></span> <span class='ocrx_word' id='word_1_712' title='bbox 2616 3827 2694 3882; x_wconf 90' lang='lat' dir='ltr'><strong>ad</strong></span> <span class='ocrx_word' id='word_1_713' title='bbox 2720 3825 3159 3898; x_wconf 86' lang='lat' dir='ltr'><strong>inspiciendam</strong></span> <span class='ocrx_word' id='word_1_714' title='bbox 3182 3821 3432 3877; x_wconf 87' lang='lat' dir='ltr'><strong>domum</strong></span> <span class='ocrx_word' id='word_1_715' title='bbox 3460 3833 3633 3874; x_wconf 87' lang='lat' dir='ltr'><strong>suam</strong></span> <span class='ocrx_word' id='word_1_716' title='bbox 3656 3811 3890 3880; x_wconf 89' lang='lat' dir='ltr'><strong>reverti,</strong></span> 
     </span>
    </p>
   </div>
   <div class='ocr_carea' id='block_1_104' title="bbox 2235 3907 3896 3986">
    <p class='ocr_par' dir='ltr' id='par_1_104' title="bbox 2235 3907 3896 3986">
     <span class='ocr_line' id='line_1_104' title="bbox 2235 3907 3896 3986; baseline -0.012 -11"><span class='ocrx_word' id='word_1_717' title='bbox 2235 3923 2291 3975; x_wconf 89' lang='lat' dir='ltr'><strong>et</strong></span> <span class='ocrx_word' id='word_1_718' title='bbox 2316 3920 2472 3975; x_wconf 89' lang='lat' dir='ltr'><strong>hanc</strong></span> <span class='ocrx_word' id='word_1_719' title='bbox 2503 3917 2877 3974; x_wconf 87' lang='lat' dir='ltr'><strong>orationibus</strong></span> <span class='ocrx_word' id='word_1_720' title='bbox 2907 3932 2976 3972; x_wconf 90' lang='lat' dir='ltr'><strong>ac</strong></span> <span class='ocrx_word' id='word_1_721' title='bbox 3001 3913 3244 3986; x_wconf 90' lang='lat' dir='ltr'><strong>jejuniis</strong></span> <span class='ocrx_word' id='word_1_722' title='bbox 3270 3923 3530 3983; x_wconf 89' lang='lat' dir='ltr'><strong>superno</strong></span> <span class='ocrx_word' id='word_1_723' title='bbox 3561 3907 3896 3977; x_wconf 71' lang='lat' dir='ltr'><strong>inspectore</strong></span> 
     </span>
    </p>
   </div>
   <div class='ocr_carea' id='block_1_105' title="bbox 2239 4004 3215 4077">
    <p class='ocr_par' dir='ltr' id='par_1_105' title="bbox 2239 4004 3215 4077">
     <span class='ocr_line' id='line_1_105' title="bbox 2239 4004 3215 4077; baseline -0.006 -12"><span class='ocrx_word' id='word_1_724' title='bbox 2239 4026 2307 4066; x_wconf 89' lang='lat' dir='ltr'><strong>ac</strong></span> <span class='ocrx_word' id='word_1_725' title='bbox 2338 4008 2640 4064; x_wconf 88' lang='lat' dir='ltr'><strong>visitatore</strong></span> <span class='ocrx_word' id='word_1_726' title='bbox 2663 4004 2912 4077; x_wconf 88' lang='lat' dir='ltr'><strong>dignam</strong></span> <span class='ocrx_word' id='word_1_727' title='bbox 2945 4005 3215 4061; x_wconf 65' lang='lat' dir='ltr'><strong>reddere.</strong></span> 
     </span>
    </p>
   </div>
   <div class='ocr_carea' id='block_1_106' title="bbox 2307 4083 3896 4169">
    <p class='ocr_par' dir='ltr' id='par_1_106' title="bbox 2307 4083 3896 4169">
     <span class='ocr_line' id='line_1_106' title="bbox 2307 4083 3896 4169; baseline -0.008 -17"><span class='ocrx_word' id='word_1_728' title='bbox 2307 4114 2338 4152; x_wconf 84' lang='grc'>‹</span> <span class='ocrx_word' id='word_1_729' title='bbox 2379 4100 2636 4154; x_wconf 80' lang='lat' dir='ltr'><strong>Fuerunt</strong></span> <span class='ocrx_word' id='word_1_730' title='bbox 2679 4094 2881 4169; x_wconf 85' lang='lat' dir='ltr'><strong>itaque</strong></span> <span class='ocrx_word' id='word_1_731' title='bbox 2916 4092 3222 4152; x_wconf 88' lang='lat' dir='ltr'><strong>Salomoni</strong></span> <span class='ocrx_word' id='word_1_732' title='bbox 3272 4089 3654 4163; x_wconf 89' lang='lat' dir='ltr'><strong>septuaginta</strong></span> <span class='ocrx_word' id='word_1_733' title='bbox 3707 4083 3896 4141; x_wconf 85' lang='lat' dir='ltr'><strong>millia</strong></span> 
     </span>
    </p>
   </div>
   <div class='ocr_carea' id='block_1_107' title="bbox 2238 4173 3896 4260">
    <p class='ocr_par' dir='ltr' id='par_1_107' title="bbox 2238 4173 3896 4260">
     <span class='ocr_line' id='line_1_107' title="bbox 2238 4173 3896 4260; baseline -0.01 -15"><span class='ocrx_word' id='word_1_734' title='bbox 2238 4212 2265 4238; x_wconf 86' lang='lat'>«</span> <span class='ocrx_word' id='word_1_735' title='bbox 2307 4199 2513 4245; x_wconf 86' lang='lat' dir='ltr'><strong>eorum</strong></span> <span class='ocrx_word' id='word_1_736' title='bbox 2564 4187 2665 4260; x_wconf 87' lang='lat' dir='ltr'><strong>qui</strong></span> <span class='ocrx_word' id='word_1_737' title='bbox 2695 4197 2882 4242; x_wconf 88' lang='lat' dir='ltr'><strong>onera</strong></span> <span class='ocrx_word' id='word_1_738' title='bbox 2911 4183 3249 4258; x_wconf 83' lang='lat' dir='ltr'><strong>portabant,</strong></span> <span class='ocrx_word' id='word_1_739' title='bbox 3283 4184 3339 4237; x_wconf 92' lang='lat' dir='ltr'><strong>et</strong></span> <span class='ocrx_word' id='word_1_740' title='bbox 3364 4178 3668 4247; x_wconf 88' lang='lat' dir='ltr'><strong>octoginta</strong></span> <span class='ocrx_word' id='word_1_741' title='bbox 3708 4173 3896 4230; x_wconf 85' lang='lat' dir='ltr'><strong>millia</strong></span> 
     </span>
    </p>
   </div>
   <div class='ocr_carea' id='block_1_108' title="bbox 2239 4264 3898 4346">
    <p class='ocr_par' dir='ltr' id='par_1_108' title="bbox 2239 4264 3898 4346">
     <span class='ocr_line' id='line_1_108' title="bbox 2239 4264 3898 4346; baseline -0.011 -12"><span class='ocrx_word' id='word_1_742' title='bbox 2239 4301 2266 4329; x_wconf 86' lang='lat'><strong>«</strong></span> <span class='ocrx_word' id='word_1_743' title='bbox 2305 4277 2664 4333; x_wconf 86' lang='lat' dir='ltr'><strong>latomorum</strong></span> <span class='ocrx_word' id='word_1_744' title='bbox 2694 4275 2752 4331; x_wconf 90' lang='lat' dir='ltr'><strong>in</strong></span> <span class='ocrx_word' id='word_1_745' title='bbox 2775 4279 2977 4331; x_wconf 89' lang='lat' dir='ltr'><strong>monte</strong></span> <span class='ocrx_word' id='word_1_746' title='bbox 2994 4273 3223 4346; x_wconf 85' lang='lat' dir='ltr'><strong>absque</strong></span> <span class='ocrx_word' id='word_1_747' title='bbox 3249 4264 3726 4344; x_wconf 66' lang='lat' dir='ltr'><strong>praepositis,qui</strong></span> <span class='ocrx_word' id='word_1_748' title='bbox 3749 4278 3898 4336; x_wconf 65' lang='lat' dir='ltr'><strong>pra;-</strong></span> 
     </span>
    </p>
   </div>
   <div class='ocr_carea' id='block_1_109' title="bbox 2238 4352 3900 4437">
    <p class='ocr_par' dir='ltr' id='par_1_109' title="bbox 2238 4352 3900 4437">
     <span class='ocr_line' id='line_1_109' title="bbox 2238 4352 3900 4437; baseline -0.011 -13"><span class='ocrx_word' id='word_1_749' title='bbox 2238 4387 2265 4416; x_wconf 86' lang='grc'><strong>‹‹</strong></span> <span class='ocrx_word' id='word_1_750' title='bbox 2307 4372 2477 4423; x_wconf 89' lang='lat' dir='ltr'><strong>erant</strong></span> <span class='ocrx_word' id='word_1_751' title='bbox 2506 4365 2755 4436; x_wconf 90' lang='lat' dir='ltr'><strong>singulis</strong></span> <span class='ocrx_word' id='word_1_752' title='bbox 2785 4364 3091 4437; x_wconf 87' lang='lat' dir='ltr'><strong>operibus,</strong></span> <span class='ocrx_word' id='word_1_753' title='bbox 3125 4371 3378 4418; x_wconf 83' lang='lat' dir='ltr'><strong>numero</strong></span> <span class='ocrx_word' id='word_1_754' title='bbox 3423 4357 3604 4413; x_wconf 85' lang='lat' dir='ltr'><strong>trium</strong></span> <span class='ocrx_word' id='word_1_755' title='bbox 3639 4352 3900 4409; x_wconf 87' lang='lat' dir='ltr'><strong>millium</strong></span> 
     </span>
    </p>
   </div>
   <div class='ocr_carea' id='block_1_110' title="bbox 2238 4439 3903 4527">
    <p class='ocr_par' dir='ltr' id='par_1_110' title="bbox 2238 4439 3903 4527">
     <span class='ocr_line' id='line_1_110' title="bbox 2238 4439 3903 4527; baseline -0.008 -19"><span class='ocrx_word' id='word_1_756' title='bbox 2238 4481 2264 4508; x_wconf 87' lang='grc'><strong>‹‹</strong></span> <span class='ocrx_word' id='word_1_757' title='bbox 2306 4460 2702 4512; x_wconf 90' lang='lat' dir='ltr'><strong>trecentorum</strong></span> <span class='ocrx_word' id='word_1_758' title='bbox 2732 4453 3204 4527; x_wconf 72' lang='lat' dir='ltr'><strong>praecipientium</strong></span> <span class='ocrx_word' id='word_1_759' title='bbox 3231 4447 3458 4524; x_wconf 87' lang='lat' dir='ltr'><strong>populo</strong></span> <span class='ocrx_word' id='word_1_760' title='bbox 3489 4450 3544 4501; x_wconf 92' lang='lat' dir='ltr'><strong>et</strong></span> <span class='ocrx_word' id='word_1_761' title='bbox 3566 4440 3662 4499; x_wconf 86' lang='lat' dir='ltr'><strong>his</strong></span> <span class='ocrx_word' id='word_1_762' title='bbox 3682 4441 3791 4515; x_wconf 92' lang='lat' dir='ltr'><strong>qui</strong></span> <span class='ocrx_word' id='word_1_763' title='bbox 3819 4439 3903 4495; x_wconf 82' lang='lat' dir='ltr'><strong>fa-</strong></span> 
     </span>
    </p>
   </div>
   <div class='ocr_carea' id='block_1_111' title="bbox 2239 4535 3903 4617">
    <p class='ocr_par' dir='ltr' id='par_1_111' title="bbox 2239 4535 3903 4617">
     <span class='ocr_line' id='line_1_111' title="bbox 2239 4535 3903 4617; baseline -0.011 -15"><span class='ocrx_word' id='word_1_764' title='bbox 2239 4567 2266 4596; x_wconf 86' lang='lat'>«</span> <span class='ocrx_word' id='word_1_765' title='bbox 2307 4545 2538 4602; x_wconf 88' lang='lat' dir='ltr'><strong>ciebant</strong></span> <span class='ocrx_word' id='word_1_766' title='bbox 2555 4560 2726 4617; x_wconf 89' lang='lat' dir='ltr'><strong>opus.</strong></span> <span class='ocrx_word' id='word_1_767' title='bbox 2739 4565 2765 4591; x_wconf 87' lang='grc'><strong>››</strong></span> <span class='ocrx_word' id='word_1_768' title='bbox 2781 4541 3007 4598; x_wconf 88' lang='lat' dir='ltr'><strong>Latomi</strong></span> <span class='ocrx_word' id='word_1_769' title='bbox 3024 4541 3303 4597; x_wconf 90' lang='lat' dir='ltr'><strong>dicuntur</strong></span> <span class='ocrx_word' id='word_1_770' title='bbox 3320 4535 3589 4610; x_wconf 90' lang='lat' dir='ltr'><strong>lapidum</strong></span> <span class='ocrx_word' id='word_1_771' title='bbox 3618 4542 3903 4596; x_wconf 68' lang='lat' dir='ltr'><strong>caasores,</strong></span> 
     </span>
    </p>
   </div>
   <div class='ocr_carea' id='block_1_112' title="bbox 2235 4623 3903 4705">
    <p class='ocr_par' dir='ltr' id='par_1_112' title="bbox 2235 4623 3903 4705">
     <span class='ocr_line' id='line_1_112' title="bbox 2235 4623 3903 4705; baseline -0.011 -13"><span class='ocrx_word' id='word_1_772' title='bbox 2235 4636 2394 4692; x_wconf 90' lang='lat' dir='ltr'><strong>idem</strong></span> <span class='ocrx_word' id='word_1_773' title='bbox 2435 4640 2634 4689; x_wconf 91' lang='lat' dir='ltr'><strong>autem</strong></span> <span class='ocrx_word' id='word_1_774' title='bbox 2680 4630 2952 4705; x_wconf 89' lang='lat' dir='ltr'><strong>lapidum</strong></span> <span class='ocrx_word' id='word_1_775' title='bbox 2985 4645 3238 4686; x_wconf 69' lang='lat' dir='ltr'><strong>eaesores</strong></span> <span class='ocrx_word' id='word_1_776' title='bbox 3267 4627 3432 4700; x_wconf 88' lang='lat' dir='ltr'><strong>quod</strong></span> <span class='ocrx_word' id='word_1_777' title='bbox 3490 4631 3547 4679; x_wconf 89' lang='lat' dir='ltr'><strong>et</strong></span> <span class='ocrx_word' id='word_1_778' title='bbox 3590 4623 3903 4692; x_wconf 77' lang='lat' dir='ltr'><strong>lignorum</strong></span> 
     </span>
    </p>
   </div>
   <div class='ocr_carea' id='block_1_113' title="bbox 2237 4707 3904 4793">
    <p class='ocr_par' dir='ltr' id='par_1_113' title="bbox 2237 4707 3904 4793">
     <span class='ocr_line' id='line_1_113' title="bbox 2237 4707 3904 4793; baseline -0.012 -11"><span class='ocrx_word' id='word_1_779' title='bbox 2237 4739 2491 4782; x_wconf 74' lang='lat' dir='ltr'><strong>caesores</strong></span> <span class='ocrx_word' id='word_1_780' title='bbox 2510 4723 2763 4793; x_wconf 88' lang='lat' dir='ltr'><strong>ﬁgurate</strong></span> <span class='ocrx_word' id='word_1_781' title='bbox 2793 4721 3136 4791; x_wconf 88' lang='lat' dir='ltr'><strong>designant,</strong></span> <span class='ocrx_word' id='word_1_782' title='bbox 3155 4719 3268 4774; x_wconf 90' lang='lat' dir='ltr'><strong>hoc</strong></span> <span class='ocrx_word' id='word_1_783' title='bbox 3299 4720 3390 4772; x_wconf 92' lang='lat' dir='ltr'><strong>est</strong></span> <span class='ocrx_word' id='word_1_784' title='bbox 3421 4717 3661 4770; x_wconf 88' lang='lat' dir='ltr'><strong>sanctos</strong></span> <span class='ocrx_word' id='word_1_785' title='bbox 3687 4707 3904 4783; x_wconf 68' lang='lat' dir='ltr'><strong>praedi-</strong></span> 
     </span>
    </p>
   </div>
   <div class='ocr_carea' id='block_1_114' title="bbox 2237 4793 3904 4886">
    <p class='ocr_par' dir='ltr' id='par_1_114' title="bbox 2237 4793 3904 4886">
     <span class='ocr_line' id='line_1_114' title="bbox 2237 4793 3904 4886; baseline -0.013 -16"><span class='ocrx_word' id='word_1_786' title='bbox 2237 4818 2487 4881; x_wconf 87' lang='lat' dir='ltr'><strong>catores,</strong></span> <span class='ocrx_word' id='word_1_787' title='bbox 2507 4811 2613 4886; x_wconf 92' lang='lat' dir='ltr'><strong>qui</strong></span> <span class='ocrx_word' id='word_1_788' title='bbox 2639 4816 2868 4867; x_wconf 88' lang='lat' dir='ltr'><strong>mentes</strong></span> <span class='ocrx_word' id='word_1_789' title='bbox 2887 4807 3296 4880; x_wconf 87' lang='lat' dir='ltr'><strong>insipientium</strong></span> <span class='ocrx_word' id='word_1_790' title='bbox 3328 4802 3587 4860; x_wconf 85' lang='lat' dir='ltr'><strong>dolabra</strong></span> <span class='ocrx_word' id='word_1_791' title='bbox 3607 4799 3782 4855; x_wconf 87' lang='lat' dir='ltr'><strong>verbi</strong></span> <span class='ocrx_word' id='word_1_792' title='bbox 3807 4793 3904 4852; x_wconf 88' lang='lat' dir='ltr'><strong>Dei</strong></span> 
     </span>
    </p>
   </div>
   <div class='ocr_carea' id='block_1_115' title="bbox 2238 4887 3902 4973">
    <p class='ocr_par' dir='ltr' id='par_1_115' title="bbox 2238 4887 3902 4973">
     <span class='ocr_line' id='line_1_115' title="bbox 2238 4887 3902 4973; baseline -0.013 -14"><span class='ocrx_word' id='word_1_793' title='bbox 2238 4907 2532 4970; x_wconf 83' lang='lat' dir='ltr'><strong>exercent,</strong></span> <span class='ocrx_word' id='word_1_794' title='bbox 2551 4916 2772 4973; x_wconf 90' lang='lat' dir='ltr'><strong>eosque</strong></span> <span class='ocrx_word' id='word_1_795' title='bbox 2795 4899 2873 4955; x_wconf 86' lang='lat' dir='ltr'><strong>ab</strong></span> <span class='ocrx_word' id='word_1_796' title='bbox 2900 4915 2970 4954; x_wconf 91' lang='lat' dir='ltr'><strong>ea</strong></span> <span class='ocrx_word' id='word_1_797' title='bbox 2998 4911 3118 4969; x_wconf 89' lang='lat' dir='ltr'><strong>qua</strong></span> <span class='ocrx_word' id='word_1_798' title='bbox 3139 4895 3261 4950; x_wconf 91' lang='lat' dir='ltr'><strong>nati</strong></span> <span class='ocrx_word' id='word_1_799' title='bbox 3287 4897 3426 4948; x_wconf 91' lang='lat' dir='ltr'><strong>sunt</strong></span> <span class='ocrx_word' id='word_1_800' title='bbox 3454 4887 3808 4948; x_wconf 88' lang='lat' dir='ltr'><strong>tortitudine</strong></span> <span class='ocrx_word' id='word_1_801' title='bbox 3834 4897 3902 4940; x_wconf 90' lang='lat' dir='ltr'><strong>ac</strong></span> 
     </span>
    </p>
   </div>
   <div class='ocr_carea' id='block_1_116' title="bbox 2238 4971 3906 5051">
    <p class='ocr_par' dir='ltr' id='par_1_116' title="bbox 2238 4971 3906 5051">
     <span class='ocr_line' id='line_1_116' title="bbox 2238 4971 3906 5051; baseline -0.011 -4"><span class='ocrx_word' id='word_1_802' title='bbox 2238 4991 2614 5047; x_wconf 88' lang='lat' dir='ltr'><strong>deformitate</strong></span> <span class='ocrx_word' id='word_1_803' title='bbox 2645 4971 3043 5044; x_wconf 70' lang='lat' dir='ltr'><strong>transmittare</strong></span> <span class='ocrx_word' id='word_1_804' title='bbox 3074 4981 3466 5051; x_wconf 87' lang='lat' dir='ltr'><strong>contendunt,</strong></span> <span class='ocrx_word' id='word_1_805' title='bbox 3501 4995 3570 5035; x_wconf 92' lang='lat' dir='ltr'><strong>ac</strong></span> <span class='ocrx_word' id='word_1_806' title='bbox 3613 4971 3906 5045; x_wconf 83' lang='lat' dir='ltr'><strong>regulari-</strong></span> 
     </span>
    </p>
   </div>
   <div class='ocr_carea' id='block_1_117' title="bbox 2239 5058 3909 5137">
    <p class='ocr_par' dir='ltr' id='par_1_117' title="bbox 2239 5058 3909 5137">
     <span class='ocr_line' id='line_1_117' title="bbox 2239 5058 3909 5137; baseline -0.012 -3"><span class='ocrx_word' id='word_1_807' title='bbox 2239 5085 2326 5134; x_wconf 91' lang='lat' dir='ltr'><strong>ter</strong></span> <span class='ocrx_word' id='word_1_808' title='bbox 2348 5078 2644 5133; x_wconf 90' lang='lat' dir='ltr'><strong>institutos</strong></span> <span class='ocrx_word' id='word_1_809' title='bbox 2670 5077 2895 5131; x_wconf 90' lang='lat' dir='ltr'><strong>unitate</strong></span> <span class='ocrx_word' id='word_1_810' title='bbox 2925 5071 3219 5137; x_wconf 86' lang='lat' dir='ltr'><strong>ﬁdelium,</strong></span> <span class='ocrx_word' id='word_1_811' title='bbox 3254 5064 3666 5124; x_wconf 62' lang='lat' dir='ltr'><strong>aediﬁcationis</strong></span> <span class='ocrx_word' id='word_1_812' title='bbox 3696 5058 3909 5118; x_wconf 59' lang='lat' dir='ltr'><strong>videliv</strong></span> 
     </span>
    </p>
   </div>
   <div class='ocr_carea' id='block_1_118' title="bbox 2239 5151 3906 5236">
    <p class='ocr_par' dir='ltr' id='par_1_118' title="bbox 2239 5151 3906 5236">
     <span class='ocr_line' id='line_1_118' title="bbox 2239 5151 3906 5236; baseline -0.01 -14"><span class='ocrx_word' id='word_1_813' title='bbox 2239 5171 2331 5222; x_wconf 84' lang='lat' dir='ltr'><strong>cet</strong></span> <span class='ocrx_word' id='word_1_814' title='bbox 2359 5165 2577 5220; x_wconf 89' lang='lat' dir='ltr'><strong>domus</strong></span> <span class='ocrx_word' id='word_1_815' title='bbox 2605 5163 2706 5218; x_wconf 92' lang='lat' dir='ltr'><strong>Dei</strong></span> <span class='ocrx_word' id='word_1_816' title='bbox 2739 5168 2910 5236; x_wconf 89' lang='lat' dir='ltr'><strong>aptos</strong></span> <span class='ocrx_word' id='word_1_817' title='bbox 2940 5159 3190 5216; x_wconf 88' lang='lat' dir='ltr'><strong>reddere</strong></span> <span class='ocrx_word' id='word_1_818' title='bbox 3221 5163 3453 5214; x_wconf 87' lang='lat' dir='ltr'><strong>curant.</strong></span> <span class='ocrx_word' id='word_1_819' title='bbox 3491 5151 3663 5221; x_wconf 88' lang='lat' dir='ltr'><strong>Quod</strong></span> <span class='ocrx_word' id='word_1_820' title='bbox 3695 5155 3906 5207; x_wconf 80' lang='lat' dir='ltr'><strong>autem</strong></span> 
     </span>
    </p>
   </div>
   <div class='ocr_carea' id='block_1_119' title="bbox 2239 5247 3905 5325">
    <p class='ocr_par' dir='ltr' id='par_1_119' title="bbox 2239 5247 3905 5325">
     <span class='ocr_line' id='line_1_119' title="bbox 2239 5247 3905 5325; baseline -0.012 -13"><span class='ocrx_word' id='word_1_821' title='bbox 2239 5261 2297 5312; x_wconf 89' lang='lat' dir='ltr'><strong>et</strong></span> <span class='ocrx_word' id='word_1_822' title='bbox 2319 5255 2482 5323; x_wconf 88' lang='lat' dir='ltr'><strong>ligna</strong></span> <span class='ocrx_word' id='word_1_823' title='bbox 2512 5257 2568 5308; x_wconf 91' lang='lat' dir='ltr'><strong>et</strong></span> <span class='ocrx_word' id='word_1_824' title='bbox 2591 5251 2822 5325; x_wconf 88' lang='lat' dir='ltr'><strong>lapides</strong></span> <span class='ocrx_word' id='word_1_825' title='bbox 2853 5253 2914 5307; x_wconf 88' lang='lat' dir='ltr'><strong>in</strong></span> <span class='ocrx_word' id='word_1_826' title='bbox 2942 5253 3144 5306; x_wconf 88' lang='lat' dir='ltr'><strong>monte</strong></span> <span class='ocrx_word' id='word_1_827' title='bbox 3177 5248 3512 5316; x_wconf 61' lang='lat' dir='ltr'><strong>creduntur,</strong></span> <span class='ocrx_word' id='word_1_828' title='bbox 3542 5247 3599 5299; x_wconf 91' lang='lat' dir='ltr'><strong>et</strong></span> <span class='ocrx_word' id='word_1_829' title='bbox 3641 5257 3803 5297; x_wconf 79' lang='lat' dir='ltr'><strong>caesa</strong></span> <span class='ocrx_word' id='word_1_830' title='bbox 3835 5251 3905 5294; x_wconf 86' lang='lat' dir='ltr'><strong>ac</strong></span> 
     </span>
    </p>
   </div>
   <div class='ocr_carea' id='block_1_120' title="bbox 2236 5329 3902 5418">
    <p class='ocr_par' dir='ltr' id='par_1_120' title="bbox 2236 5329 3902 5418">
     <span class='ocr_line' id='line_1_120' title="bbox 2236 5329 3902 5418; baseline -0.013 -17"><span class='ocrx_word' id='word_1_831' title='bbox 2236 5345 2599 5418; x_wconf 63' lang='lat' dir='ltr'><strong>praeparata,</strong></span> <span class='ocrx_word' id='word_1_832' title='bbox 2633 5346 2888 5414; x_wconf 87' lang='lat' dir='ltr'><strong>utraque</strong></span> <span class='ocrx_word' id='word_1_833' title='bbox 2921 5339 3199 5395; x_wconf 87' lang='lat' dir='ltr'><strong>materies</strong></span> <span class='ocrx_word' id='word_1_834' title='bbox 3250 5337 3328 5392; x_wconf 86' lang='lat' dir='ltr'><strong>ad</strong></span> <span class='ocrx_word' id='word_1_835' title='bbox 3378 5338 3644 5390; x_wconf 89' lang='lat' dir='ltr'><strong>montem</strong></span> <span class='ocrx_word' id='word_1_836' title='bbox 3676 5329 3902 5384; x_wconf 91' lang='lat' dir='ltr'><strong>domus</strong></span> 
     </span>
    </p>
   </div>
   <div class='ocr_carea' id='block_1_121' title="bbox 2239 5415 3904 5502">
    <p class='ocr_par' dir='ltr' id='par_1_121' title="bbox 2239 5415 3904 5502">
     <span class='ocr_line' id='line_1_121' title="bbox 2239 5415 3904 5502; baseline -0.01 -17"><span class='ocrx_word' id='word_1_837' title='bbox 2239 5415 2475 5488; x_wconf 84' lang='lat' dir='ltr'><strong>Domini</strong></span> <span class='ocrx_word' id='word_1_838' title='bbox 2504 5432 2878 5502; x_wconf 85' lang='lat' dir='ltr'><strong>transfertur,</strong></span> <span class='ocrx_word' id='word_1_839' title='bbox 2927 5433 3094 5502; x_wconf 88' lang='lat' dir='ltr'><strong>patet</strong></span> <span class='ocrx_word' id='word_1_840' title='bbox 3124 5443 3360 5493; x_wconf 90' lang='lat' dir='ltr'><strong>sensus,</strong></span> <span class='ocrx_word' id='word_1_841' title='bbox 3388 5421 3554 5496; x_wconf 90' lang='lat' dir='ltr'><strong>quod</strong></span> <span class='ocrx_word' id='word_1_842' title='bbox 3579 5433 3796 5475; x_wconf 90' lang='lat' dir='ltr'><strong>omnes</strong></span> <span class='ocrx_word' id='word_1_843' title='bbox 3843 5415 3904 5470; x_wconf 91' lang='lat' dir='ltr'><strong>in</strong></span> 
     </span>
    </p>
   </div>
   <div class='ocr_carea' id='block_1_122' title="bbox 2240 5502 3907 5593">
    <p class='ocr_par' dir='ltr' id='par_1_122' title="bbox 2240 5502 3907 5593">
     <span class='ocr_line' id='line_1_122' title="bbox 2240 5502 3907 5593; baseline -0.01 -19"><span class='ocrx_word' id='word_1_844' title='bbox 2240 5526 2442 5576; x_wconf 88' lang='lat' dir='ltr'><strong>monte</strong></span> <span class='ocrx_word' id='word_1_845' title='bbox 2455 5519 2749 5593; x_wconf 70' lang='lat' dir='ltr'><strong>superbia:</strong></span> <span class='ocrx_word' id='word_1_846' title='bbox 2763 5521 2884 5576; x_wconf 90' lang='lat' dir='ltr'><strong>nati</strong></span> <span class='ocrx_word' id='word_1_847' title='bbox 2901 5515 3482 5590; x_wconf 85' lang='lat' dir='ltr'><strong>sumus,quicunque</strong></span> <span class='ocrx_word' id='word_1_848' title='bbox 3497 5512 3694 5566; x_wconf 89' lang='lat' dir='ltr'><strong>autem</strong></span> <span class='ocrx_word' id='word_1_849' title='bbox 3710 5502 3907 5574; x_wconf 87' lang='lat' dir='ltr'><strong>gratia</strong></span> 
     </span>
    </p>
   </div>
   <div class='ocr_carea' id='block_1_123' title="bbox 2241 5595 3906 5679">
    <p class='ocr_par' dir='ltr' id='par_1_123' title="bbox 2241 5595 3906 5679">
     <span class='ocr_line' id='line_1_123' title="bbox 2241 5595 3906 5679; baseline -0.023 4"><span class='ocrx_word' id='word_1_850' title='bbox 2241 5607 2340 5661; x_wconf 65' lang='lat' dir='ltr'><strong>“9i</strong></span> <span class='ocrx_word' id='word_1_851' title='bbox 2369 5607 2754 5679; x_wconf 57' lang='lat' dir='ltr'><strong>Prfeordiuati</strong></span> <span class='ocrx_word' id='word_1_852' title='bbox 2783 5623 2994 5665; x_wconf 85' lang='lat' dir='ltr'><strong>sumus</strong></span> <span class='ocrx_word' id='word_1_853' title='bbox 3027 5604 3106 5662; x_wconf 90' lang='lat' dir='ltr'><strong>ad</strong></span> <span class='ocrx_word' id='word_1_854' title='bbox 3145 5606 3357 5674; x_wconf 84' lang='lat' dir='ltr'><strong>vitam,</strong></span> <span class='ocrx_word' id='word_1_855' title='bbox 3388 5595 3721 5656; x_wconf 83' lang='lat' dir='ltr'><strong>excidimur</strong></span> <span class='ocrx_word' id='word_1_856' title='bbox 3749 5595 3906 5647; x_wconf 86' lang='lat' dir='ltr'><strong>cate-</strong></span> 
     </span>
    </p>
   </div>
  </div>
