4092 6178
248 161 355 216 409

1179 159 1431 214 ENARR.
1474 158 1543 215 IN
1583 156 1837 216 LIBROS
1873 159 2139 216 REGUM.
2169 171 2238 202 -—'
2268 161 2337 218 IN
2380 163 2507 220 LIB.
2554 164 2647 221 ιιι.

3553 157 3666 226 ero

238 280 537 338 chizando
569 287 624 338 et
656 286 1034 339 sacramenta
1063 281 1202 338 ﬁdei
1225 262 1612 356 percipiendo
1643 283 1715 339 de
1739 300 1903 339 mon-
1937 289 1985 338 A
2015 285 2226 341 cedros
2255 287 2423 342 missi
2457 293 2612 345 sunt.
2649 292 2726 345 De
2748 291 3068 363 pros'elytis
3109 290 3258 355 istis,
3313 290 3387 346 de
3437 292 3661 364 quibus

239 376 292 428 te
322 372 650 444 superbiae,
679 378 736 427 et
765 373 827 428 in
857 377 1121 428 montem
1155 371 1374 427 domus
1403 373 1638 428 Domini
1665 374 1906 429 transfe-

2014 390 2174 430 nunc
2204 376 2381 432 locuti
2414 395 2643 448 sumus,
2667 379 2939 452 lapidum
2971 396 3241 436 ctesores.
3275 381 3353 435 De
3382 383 3661 451 gentibus

237 462 432 517 rimur
466 479 481 514 :
539 462 704 535 quia,
746 463 892 519 eruti
923 462 998 518 de
1028 466 1316 534 potestate
1371 462 1774 529 tenebrarum,
1826 461 1905 518 ad
2016 463 2216 518 [liram
2238 465 2364 536 ipse
2385 469 2442 521 et
2476 467 2629 521 servi
2659 468 2810 538 ejus,
2841 469 2943 540 qui
2973 485 3112 524 cum
3154 469 3338 524 servis
3391 470 3661 529 Salomo-

234 566 448 606 arcem
480 551 763 606 virtutum
795 568 930 623 quae
958 556 1046 606 est
1075 551 1135 606 in
1167 551 1395 606 unitate
1427 555 1647 607 sanctae
1713 552 1902 607 Eccle-

231 641 337 695 siae
363 640 773 712 pervenimus.
827 639 1169 696 Notandum
1217 644 1441 706 autem,
1502 639 1667 711 quod
1721 640 1902 696 iidem

229 728 499 802 operarii
527 729 610 784 ita
639 734 806 784 erant
832 729 1152 797 distributi;
1178 735 1241 784 ut
1273 745 1411 802 pars
1438 730 1496 784 in
1525 735 1725 785 monte
1754 730 1900 802 lapi-

228 819 344 874 des
380 819 702 882 caaderent,
736 836 874 891 pars
909 819 1051 874 item
1081 835 1268 874 onera
1297 824 1621 891 portarent.
1656 820 1902 876 Diversa

220 923 509 980 namque
543 913 681 963 sunt
710 908 872 964 dona
905 907 1180 980 Spiritus,
1205 913 1262 964 et
1309 908 1557 980 quidam
1606 909 1897 978 majorem

221 996 476 1052 dicendi
525 1012 595 1052 ac
642 1001 954 1069 protervos
1011 996 1301 1067 arguendi
1344 998 1745 1052 constantiam
1796 997 1900 1052 ha-

219 1084 371 1140 bent
417 1103 430 1138 :
491 1084 746 1157 quidam
813 1085 1079 1141 mitiores
1145 1085 1220 1142 ad
1271 1085 1679 1141 consolandos
1716 1085 1900 1157 pusil-

217 1173 490 1228 lanimes
588 1179 644 1229 et
716 1173 988 1230 inﬁrmos
1112 1173 1517 1230 sublevandos
1593 1174 1896 1230 existunt:

218 1262 489 1335 quidam
603 1264 912 1335 utriusque
1000 1263 1226 1319 virtutis
1329 1279 1579 1319 munere
1650 1263 1896 1335 praediti,

214 1351 292 1408 ad
342 1368 513 1424 opus
564 1351 785 1406 domus
840 1351 1070 1408 Domini
1121 1352 1504 1408 conveniunt.
1531 1351 1748 1418 Quales
1772 1351 1898 1407 ﬁeri

212 1440 412 1496 voluit
431 1456 547 1496 eos
574 1441 797 1513 quibus
815 1440 1079 1513 loquitur
1099 1440 1440 1514 Apostolus,
1467 1441 1702 1497 dicens:
1720 1463 1748 1490 «
1765 1443 1898 1498 Cor-

214 1530 394 1601 ripite
426 1528 758 1603 inquietos,
787 1529 1182 1586 consolamini
1239 1529 1678 1602 pusillanimes,
1719 1531 1899 1586 susci-

213 1618 333 1691 pite
346 1617 664 1687 inﬁrmos,
679 1617 969 1690 patientes
983 1623 1169 1674 estote
1186 1618 1265 1675 ad
1275 1633 1486 1674 omnes
1501 1618 1557 1690 (Ι
1564 1618 1762 1674 Thess.
1776 1619 1856 1689 v).
1870 1643 1895 1667 υ

214 1706 542 1779 Praepositi
572 1711 776 1762 autem
821 1706 924 1778 qui
974 1712 1270 1779 praeerant
1302 1707 1555 1776 singulis
1586 1706 1892 1778 operibus,

215 1797 323 1870 ipsi
354 1800 511 1852 sunt
535 1811 722 1851 sacrae
749 1795 1086 1852 conditores
1105 1797 1441 1870 Scripturte,
1473 1811 1734 1868 quorum
1764 1812 1896 1852 ma-

216 1885 469 1956 gisterio
528 1885 593 1939 in
643 1883 926 1940 omnibus
955 1885 1284 1948 erudimur,
1339 1884 1650 1957 quomodo
1674 1885 1896 1940 inscios

216 1973 436 2030 docere
460 1978 526 2029 et
546 1978 992 2045 contemptores
1045 1973 1366 2047 corripere,
1425 1974 1737 2046 quomodo
1784 1989 1894 2028 nos

217 2062 478 2119 invicem
503 2077 701 2118 onera
716 2067 924 2118 nostra
951 2068 1191 2134 portare
1225 2063 1386 2131 (Gal.
1425 2064 1526 2134 vn),
1557 2068 1621 2118 ut
1647 2062 1894 2135 implea-

221 2167 355 2206 mus
382 2152 591 2221 legem
627 2151 863 2220 Christi,
895 2151 1230 2207 conveniat.
1267 2154 1439 2207 Recte
1494 2151 1727 2224 praetati
1757 2166 1896 2224 ope-

225 2240 368 2296 rarii
395 2237 789 2313 septuaginta
827 2238 1032 2309 millia,
1063 2244 1120 2296 et
1165 2239 1470 2309 octoginta
1521 2239 1709 2295 millia
1763 2255 1894 2296 esse

226 2327 642 2401 perhibentur.
678 2327 1066 2399 Septuaginta
1117 2327 1300 2383 millia
1324 2327 1599 2384 videlicet
1650 2333 1895 2400 propter

220 2415 675 2472 sabbatismum
703 2414 1049 2471 animarum
1079 2433 1092 2470 :
1144 2415 1432 2488 septimus
1463 2417 1622 2471 enim
1675 2416 1802 2472 dies
1831 2417 1891 2472 in

218 2503 577 2566 sabbatum,
606 2503 670 2558 id
701 2508 791 2559 est
819 2505 1108 2575 requiem,
1143 2511 1532 2560 consecratus
1562 2510 1668 2561 est.
1725 2507 1892 2562 Octo-

217 2595 379 2664 ginta
402 2593 605 2650 millia
619 2598 866 2665 propter
893 2607 1064 2664 spem
1095 2594 1564 2660 resurrectionis,
1597 2610 1735 2666 quze
1795 2610 1891 2648 oc-

215 2687 353 2740 tava
383 2683 514 2752 die,
539 2682 603 2738 id
624 2687 714 2738 est
741 2686 877 2753 post
905 2681 1231 2738 sabbatum
1260 2682 1321 2737 in
1355 2683 1608 2738 Domino
1634 2699 1889 2755 praeces-

221 2772 314 2837 sit,
345 2777 402 2827 et
427 2771 492 2828 in
528 2770 711 2826 nobis
732 2786 976 2842 quoque
1007 2775 1218 2826 octava
1243 2770 1339 2826 die
1373 2770 1552 2825 simul
1593 2777 1650 2826 et
1678 2777 1893 2828 octava

221 2863 386 2916 aetate
413 2861 634 2916 futura
665 2863 957 2931 speratur.
990 2859 1296 2931 Praepositi
1323 2863 1524 2914 autem
1553 2865 1723 2915 erant
1780 2859 1892 2914 tria

224 2948 406 3006 millia
436 2947 720 3016 trecenti,
738 2951 983 3020 propter
1006 2947 1192 3004 ﬁdem
1208 2947 1494 3003 nimirum
1521 2952 1742 3003 sanctte
1763 2947 1889 3002 Tri-

219 3039 413 3095 nitatis
443 3053 648 3111 quam
676 3052 786 3110 per
815 3041 1026 3093 sancta
1067 3036 1242 3092 nobis
1272 3036 1510 3109 eloquia
1540 3038 1889 3108 praedicant.

224 3129 392 3193 Quod
425 3144 574 3183 vero
592 3143 707 3200 pro
739 3126 928 3182 tribus
951 3125 1214 3181 millibus
1232 3126 1506 3182 trecentis
1528 3126 1890 3200 praepositis,

221 3218 284 3272 in
347 3217 507 3271 libro
568 3215 1077 3287 Paralipomenon
1126 3214 1215 3285 (II
1263 3215 1392 3270 Par
1444 3216 1506 3284 ιι)
1549 3215 1659 3269 tria
1709 3213 1894 3269 millia

234 3306 506 3360 sexcenti
538 3311 673 3360 sunt
701 3304 921 3378 scripti,
975 3304 1054 3360 ad
1083 3304 1363 3360 eamdem
1405 3319 1651 3376 prorsus
1705 3303 1892 3358 subli-

247 3393 445 3449 mium
470 3394 732 3450 vivorum
756 3394 1183 3468 perfectionem
1240 3393 1498 3466 respicit.
1558 3396 1705 3449 Nam
1751 3393 1896 3465 quia

242 3483 304 3538 in
329 3484 563 3539 senario
591 3499 836 3540 numero
873 3483 1161 3540 Dominus
1187 3482 1397 3539 mundi
1422 3489 1703 3539 ornatum
1733 3499 1895 3539 com-

242 3570 438 3644 plevit,
463 3578 620 3628 recte
644 3573 700 3628 in
731 3589 803 3628 eo
832 3573 1094 3645 perfecta
1121 3572 1425 3628 bonorum
1461 3572 1654 3628 solent
1709 3588 1894 3644 opera

236 3661 493 3730 ﬁgurari.
522 3664 588 3717 Et
618 3664 766 3734 quia
796 3666 1004 3716 sancta
1032 3660 1333 3734 Scriptura
1363 3677 1502 3716 cum
1531 3661 1651 3716 ﬁde
1677 3661 1893 3716 verita-

251 3749 342 3816 tis,
365 3765 536 3821 opera
560 3750 807 3821 justitiae
853 3749 1026 3805 docet
1069 3749 1372 3814 habenda,
1406 3754 1562 3806 recte
1593 3749 1894 3822 praepositi

256 3853 483 3911 operum
511 3839 722 3912 templi
753 3839 864 3895 tria
891 3838 1077 3894 millia
1105 3843 1161 3894 et
1190 3839 1451 3894 sexcenti
1479 3839 1662 3894 fuisse
1692 3839 1890 3911 perhi-

241 3926 461 3984 bentur.
497 3933 618 3985 Nec
651 3929 1137 4000 praetereundum
1165 3929 1331 4000 quod
1360 3929 1489 3984 haec
1515 3928 1894 4000 septuaginta

235 4016 407 4072 millia
446 4023 506 4073 et
540 4017 848 4087 octoginta
877 4015 1063 4071 millia
1090 4011 1457 4088 portantium
1488 4031 1692 4081 onera,
1725 4021 1782 4070 et
1805 4015 1891 4070 la—

213 4109 532 4162 tomorum
575 4121 717 4161 cum
748 4104 1088 4177 praepositis
1149 4103 1293 4171 suis,
1325 4119 1448 4158 non
1498 4104 1661 4158 fuere
1710 4103 1784 4157 de
1821 4108 1894 4158 ls-

224 4195 359 4262 rael,
383 4195 499 4251 sed
558 4193 635 4248 de
665 4193 1009 4265 proselytis,
1041 4192 1102 4248 id
1133 4196 1222 4247 est
1251 4192 1524 4260 advenis,
1552 4192 1656 4263 qui
1701 4207 1897 4246 mora-

218 4282 441 4340 bantur
465 4284 635 4338 inter
659 4298 782 4338 eos.
816 4281 1114 4353 Scriptum
1148 4296 1412 4352 namque
1462 4287 1551 4336 est
1605 4281 1665 4335 in
1716 4281 1893 4334 Para-

217 4371 585 4446 lipomenon
621 4388 634 4426 :
695 4371 1092 4427 «Numeravit
1145 4370 1324 4439 igitur
1367 4369 1651 4425 Salomon
1683 4385 1894 4423 omnes

213 4462 368 4518 viros
396 4460 782 4537 proselytos,
817 4459 922 4533 qui
971 4463 1139 4514 erant
1191 4458 1252 4513 in
1306 4462 1462 4514 terra
1517 4457 1713 4520 lsrael,
1761 4461 1897 4522 post

213 4549 996 4620 dinumerationemquam
1029 4546 1431 4602 dinumeravit
1488 4546 1675 4601 David
1730 4550 1898 4617 pater

209 4639 362 4710 ejus,
415 4646 481 4695 et
554 4636 966 4696 inventiﬁunt
1007 4640 1248 4691 centum
1301 4635 1740 4707 quinquaginta
1789 4633 1899 4688 tria

211 4728 400 4784 millia
434 4726 739 4783 sexcenti.
765 4723 1043 4796 Fecitque
1086 4740 1155 4778 ex
1183 4723 1266 4778 eis
1307 4722 1686 4795 septuaginta
1715 4721 1901 4776 millia

209 4816 311 4888 qui
361 4813 660 4872 humeris
685 4829 870 4870 onera
898 4816 1224 4884 portarent,
1258 4815 1314 4866 et
1349 4811 1654 4879 octoginta
1712 4809 1899 4864 millia

208 4905 310 4976 qui
352 4902 616 4978 lapides
668 4903 744 4957 de
793 4900 1102 4957 montibus
1146 4899 1479 4955 caaderent:
1532 4899 1640 4953 tria
1697 4903 1899 4952 autem

209 4994 418 5063 millia,
454 4997 530 5050 et
554 4994 860 5047 sexcentos
889 4988 1242 5062 praepositos
1297 5005 1547 5061 operum
1607 4985 1836 5059 populi,
1873 5010 1899 5035 ››

206 5087 316 5139 etc.
382 5080 694 5150 Proselyti
742 5083 943 5135 autem
995 5077 1368 5135 vocobantur
1424 5080 1622 5133 Graece
1675 5075 1779 5148 qui
1829 5090 1903 5131 ex

209 5170 340 5226 aliis
393 5167 770 5228 nationibus
821 5165 1138 5240 progeniti,
1205 5166 1268 5221 in
1315 5166 1500 5222 ﬁdem
1550 5170 1606 5222 et
1659 5180 1901 5220 consor-

208 5259 359 5316 tium
446 5256 680 5332 populi
727 5256 848 5327 Dei,
920 5258 1169 5328 accepta
1223 5254 1697 5322 circumcisione,
1747 5257 1903 5310 tran-

210 5347 474 5404 sierunt.
546 5346 812 5402 Fuerunt
883 5344 1084 5417 itaque
1164 5343 1422 5416 operarii
1494 5344 1712 5398 domus
1799 5345 1904 5398 Do-

209 5437 370 5493 mini
413 5437 502 5492 de
565 5433 703 5489 ﬁliis
754 5433 962 5501 lsaael,
1008 5433 1250 5489 fuerunt
1291 5434 1366 5488 de
1419 5431 1755 5505 proselytis,
1784 5431 1904 5486 fue-

211 5531 356 5581 runt
406 5525 496 5580 de
560 5522 862 5592 gentibus.
921 5524 1002 5576 De
1056 5521 1194 5577 ﬁliis
1252 5521 1526 5576 videlicet
1580 5519 1756 5576 Israel
1806 5519 1902 5575 tri-

216 5614 392 5683 ginta
427 5611 632 5670 millia
664 5627 872 5668 eorum
902 5610 1005 5684 qui
1027 5609 1106 5667 ad
1132 5609 1546 5683 praacidendas
1571 5609 1647 5666 de
1679 5609 1902 5665 Libano

2012 551 2104 606 nis
2125 551 2288 622 ligna
2316 554 2627 610 caedebant
2656 555 2730 611 de
2756 555 2980 612 libano.
3019 558 3205 612 Omne
3235 557 3414 627 igitur
3464 559 3658 617 homi-

2011 655 2157 696 num
2190 634 2378 709 genus
2405 659 2510 714 per
2546 661 2699 716 quos
2731 645 3092 702 aediﬁcanda
3121 651 3249 701 erat
3301 647 3576 715 Ecclesia,
3601 651 3664 707 in

2011 730 2403 786 rediticatione
2459 733 2663 805 templi
2717 734 3040 805 praecessit.
3103 735 3295 790 Judzei
3317 751 3582 808 namque
3609 743 3664 796 et

2008 819 2310 892 proselyti,
2344 827 2400 876 et
2429 822 2674 891 gentiles
2705 824 2977 879 conversi
2997 823 3075 880 ad
3112 826 3420 880 veritatem
3473 829 3663 883 Evan-

2009 909 2162 978 gelii,
2196 926 2380 966 unam
2413 912 2811 985 eamdemque
2877 913 3087 970 Christi
3141 914 3482 982 Ecclesiam,
3543 917 3661 973 sive

2006 1004 2163 1054 recte
2192 999 2467 1067 vivendo,
2502 1001 2626 1057 sive
2656 1002 2834 1057 etiam
2860 1002 3155 1072 docendo,
3187 1007 3559 1060 construunt.

2080 1109 2109 1138 «
2133 1088 2532 1161 Praecepitque
2555 1107 2657 1146 rex
2696 1095 2760 1147 ut
2799 1090 3066 1147 tollerent
3102 1091 3334 1163 lapides
3362 1093 3648 1162 grandes,

2009 1195 2040 1230 ‹
2066 1181 2122 1232 et
2150 1176 2382 1248 lapides
2420 1179 2714 1250 pretiosos
2745 1181 2802 1235 in
2849 1179 3309 1236 fundamentum
3340 1181 3564 1253 templi,
3600 1187 3660 1239 et

2009 1284 2040 1318 ‹
2065 1265 2434 1338 quadrarent
2459 1283 2583 1324 eos.
2614 1290 2641 1318 »
2675 1268 3152 1324 Fundamentum
3181 1268 3384 1340 templi
3421 1269 3658 1326 nullum

2008 1359 2096 1410 est
2120 1355 2282 1410 aliud
2323 1356 2773 1427 intelligendum
2796 1357 3063 1429 mystice,
3095 1373 3281 1429 quam
3311 1357 3458 1412 illud
3483 1359 3655 1430 quod

2007 1443 2268 1499 ostendit
2287 1447 2626 1518 Apostolus,
2654 1446 2858 1501 dicens
2884 1464 2896 1501 :
2929 1467 2957 1499 «
2993 1445 3472 1502 Fundamentum
3498 1447 3658 1503 enim

2011 1532 2173 1588 aliud
2197 1549 2377 1590 nemo
2408 1539 2602 1606 potest
2629 1551 2849 1607 ponere
2874 1539 3088 1606 praeter
3117 1536 3177 1590 id
3203 1535 3368 1607 quod
3394 1536 3660 1608 positum

1936 1637 1978 1689 Β
2009 1627 2113 1689 est,
2147 1623 2249 1694 qui
2281 1628 2367 1678 est
2397 1623 2660 1679 Christus
2699 1627 2866 1679 .Iesus
2897 1624 3059 1695 (Cor.
3093 1626 3140 1679 1.
3175 1625 3279 1695 ul).
3315 1647 3344 1674 »
3388 1623 3498 1689 Qui
3528 1639 3666 1697 pro-

2006 1714 2210 1782 pterea
2235 1710 2698 1767 fundamentum
2725 1712 2944 1768 domus
2973 1712 3205 1767 Domini
3236 1714 3455 1783 {potest
3508 1717 3666 1768 recte

2004 1800 2228 1868 vocari,
2262 1823 2292 1850 «
2324 1801 2466 1872 quia
2487 1801 2662 1871 (sicut
2685 1801 2764 1856 ait
2795 1805 3015 1869 Petrus)
3065 1816 3189 1856 non
3218 1805 3306 1857 est
3335 1799 3497 1856 aliud
3546 1797 3662 1856 sub

2005 1888 2150 1944 caelo
2176 1889 2385 1945 datum
2417 1905 2640 1945 nomen
2691 1890 3058 1957 hominibus,
3098 1890 3160 1945 in
3216 1906 3340 1962 quo
3389 1893 3665 1962 oporteat

2002 1993 2116 2033 nos
2151 1978 2348 2034 salvos
2380 1979 2506 2034 ﬁeri
2539 1979 2684 2050 (Act.
2718 1981 2816 2044 ιν).
2849 2001 2876 2028 ››
2909 1984 2972 2034 In
3003 1979 3168 2051 quod
3199 1978 3660 2035 fundamentum

2001 2066 2233 2138 lapides
2255 2068 2516 2135 grandes
2535 2072 2591 2122 et
2617 2069 2858 2140 pretiosi
2877 2068 3172 2134 tollentur,
3205 2083 3342 2121 cum
3371 2065 3661 2138 praecipui

2001 2154 2174 2210 factis
2199 2171 2267 2210 ac
2299 2156 2606 2211 sanctitate
2631 2156 2757 2224 viri,
2791 2155 3066 2211 familiari
3096 2155 3315 2210 mentis
3349 2153 3659 2210 sanctitate

2003 2259 2113 2299 suo
2165 2243 2474 2300 adhaerent
2503 2243 2828 2313 Conditori,
2886 2248 2952 2299 ut
2993 2259 3116 2316 quo
3165 2241 3397 2297 ﬁrmius
3449 2241 3511 2297 in
3557 2240 3660 2297 illo

2002 2347 2170 2404 spem
2195 2348 2368 2388 suam
2390 2337 2640 2404 ponunt,
2666 2347 2738 2387 eo
2778 2331 2986 2387 fortius
3015 2330 3272 2387 aliorum
3303 2330 3493 2386 vitam
3518 2328 3660 2385 diri-

2003 2435 2139 2490 gere
2166 2420 2354 2493 (quod
2386 2426 2474 2476 est
2501 2421 2876 2476 latitudinem
2915 2420 3157 2492 parietis
3185 2423 3447 2491 portare)
3497 2416 3660 2473 suﬂi-

2001 2509 2182 2564 ciunt.
2220 2509 2470 2581 Lapides
2493 2524 2636 2579 ergo
2675 2509 2780 2580 qui
2823 2509 2884 2563 in
2945 2507 3410 2563 fundamentum
3454 2504 3662 2578 templi

2001 2599 2079 2653 ad
2109 2597 2476 2671 portandum
2521 2598 2842 2653 aediﬁcium
2868 2613 3048 2652 omne
3077 2596 3482 2669 ponebantur,
3527 2609 3664 2666 pro-

2001 2687 2127 2760 prie
2158 2692 2295 2742 sunt
2324 2687 2633 2759 propheta:
2664 2691 2720 2742 et
2750 2685 3030 2758 apostoli,
3062 2685 3165 2757 qui
3195 2684 3452 2740 verbum
3483 2687 3540 2739 et
3569 2698 3662 2738 sa-

2002 2781 2314 2832 cramenta
2339 2776 2622 2842 veritatis,
2656 2776 2778 2830 sive
2805 2775 3110 2830 visibiliter
3139 2774 3263 2829 sive
3290 2771 3665 2829 invisibiliter

2002 2866 2082 2922 ab
2114 2865 2248 2937 ipsa
2285 2865 2380 2919 Dei
2414 2865 2708 2936 sapientia
2738 2868 3154 2936 perceperunt.
3197 2863 3306 2926 Qui
3332 2862 3487 2918 bene
3516 2860 3664 2934 lapi-

1923 2987 1963 3042 C
2002 2953 2109 3008 des
2140 2954 2336 3026 primo
2365 2952 2642 3024 quadrati
2677 2968 2748 3007 ac
2779 2951 2860 3006 sic
2891 2951 2950 3006 in
2999 2951 3460 3007 fundamentum
3518 2949 3665 3021 poni

1997 3043 2304 3113 jubentur.
2365 3041 2736 3106 Quadratum
2825 3056 3091 3110 namque
3144 3055 3346 3108 omne,
3395 3053 3665 3111 quocun-

2001 3147 2119 3204 que
2143 3130 2407 3197 vertitur,
2434 3129 2622 3183 ﬁxum
2654 3133 2808 3182 stare
2853 3127 3182 3182 consuevit.
3238 3127 3343 3180 Cui
3379 3127 3664 3181 nimirum

2000 3218 2209 3288 ﬁgura:
2259 3217 2443 3272 corda
2514 3215 2930 3272 assimilantur
2997 3214 3340 3276 electorum,
3394 3230 3530 3286 qum
3578 3213 3663 3269 ita

2002 3308 2063 3362 in
2147 3307 2282 3361 ﬁdei
2372 3305 2648 3360 ﬁrmitate
2737 3303 3058 3359 consistere
3153 3302 3510 3370 didicerunt,
3597 3307 3666 3357 ut

2002 3396 2170 3452 nulla
2260 3394 2667 3450 occurentium
2762 3408 2964 3448 rerum
3067 3392 3447 3460 adversitate,
3551 3407 3662 3448 nec

2002 3486 2133 3557 ipsa
2169 3485 2344 3539 etiam
2379 3488 2564 3538 morte
2597 3499 2633 3538 a
2678 3482 2769 3537 sui
2817 3480 3169 3537 rectitudine
3206 3481 3439 3553 possint
3466 3483 3658 3535 status

2003 3573 2296 3628 inclinari.

2077 3685 2103 3711 ε(
2131 3665 2291 3727 Quos
2319 3659 2674 3715 dolaverunt
2705 3657 3068 3714 caementarii
3101 3655 3437 3712 Salomonis
3469 3661 3524 3711 et
3553 3671 3666 3711 cm-

2005 3773 2032 3801 «
2057 3749 2329 3804 mentarii
2364 3749 2580 3803 Hiram.
2617 3770 2644 3797 »
2669 3747 2955 3802 Dolantur
2977 3761 3244 3816 namque
3274 3743 3506 3816 lapides
3535 3760 3664 3816 pre-

2000 3838 2156 3903 tiosi,
2194 3854 2331 3892 cum
2353 3835 2521 3891 electi
2541 3836 2765 3907 quique
2799 3833 3266 3906 praecedentium
3317 3837 3664 3887 sanctorum

2001 3925 2388 3980 instructione
2419 3928 2474 3978 et
2522 3923 2824 3983 instantia,
2877 3920 3173 3993 quidquid
3218 3921 3277 3974 in
3325 3935 3387 3974 se
3437 3918 3666 3974 habent

2003 4013 2250 4069 noxium
2266 4017 2321 4067 et
2336 4012 2514 4066 inane
2532 4010 2894 4082 relinquunt:
2917 4014 3096 4081 atque
3121 4013 3256 4062 ante
3270 4011 3663 4079 conspectum

2006 4101 2101 4156 sui
2131 4101 2442 4169 Creatoris,
2468 4099 2658 4155 solam
2687 4098 2876 4154 insitae
2923 4097 3038 4151 sibi
3065 4097 3308 4167 justitite
3365 4096 3660 4165 regulam,

2004 4187 2472 4262 quasistabilem
2500 4188 2884 4261 quadraturee
2906 4186 3162 4241 formam
3194 4185 3536 4240 ostendunt.
3565 4187 3666 4240 Do-

2006 4279 2276 4335 laverunt
2293 4283 2494 4334 autem
2509 4278 2622 4333 hos
2645 4276 2896 4348 lapides,
2927 4291 3050 4330 non
3080 4275 3276 4330 solum
3300 4274 3664 4331 caementarii

2011 4366 2372 4435 Salomonis,
2399 4367 2505 4420 sed
2533 4371 2589 4421 et
2615 4365 2978 4420 caementarii
3001 4364 3223 4427 Hiram,
3245 4363 3387 4435 quia
3404 4379 3476 4418 ex
3498 4368 3662 4418 utro-

2007 4470 2127 4526 que
2148 4454 2376 4526 populo
2402 4453 2678 4510 doctores
2711 4454 2870 4508 fuere
2903 4458 3122 4508 sanctae
3156 4451 3443 4506 Ecclesiae.

2080 4565 2107 4590 «
2143 4545 2324 4598 Porro
2356 4542 2527 4598 Giblii
2560 4544 3052 4614 praeparaverunt
3106 4539 3270 4607 ligna
3325 4542 3381 4590 et
3427 4535 3660 4607 lapides

2009 4651 2040 4684 ‹
2075 4630 2154 4686 ad
2187 4630 2611 4686 aediﬁcandam
2665 4629 2937 4684 domum.
3006 4626 3258 4682 nGiblos
3314 4627 3406 4678 est
3447 4623 3658 4680 civitas

2009 4721 2326 4790 Phoenicis,
2359 4720 2534 4790 cujus
2565 4716 2838 4773 meminit
2888 4713 3173 4782 Ezechiel,
3205 4713 3412 4768 dicens
3447 4729 3459 4766 :
3490 4735 3518 4763 «
3567 4713 3662 4768 Sa-

2009 4809 2236 4880 pientes
2285 4808 2388 4871 tui,
2447 4810 2612 4878 Tyre,
2670 4804 2807 4860 facti
2851 4807 2991 4858 sunt
3047 4801 3478 4870 gubernatores
3552 4801 3659 4869 tui,

2011 4912 2184 4951 senes
2217 4895 2388 4950 Giblii
2416 4900 2469 4950 et
2501 4892 2826 4965 prudentes
2847 4891 2896 4961 ej
2908 4907 2976 4945 us
3002 4889 3240 4961 (Ezech.
3264 4890 3466 4961 xxvn),
3494 4911 3522 4938 »
3545 4894 3656 4945 etc.

2012 4988 2120 5039 Pro
2149 5000 2272 5056 qua
2310 4983 2369 5037 in
2422 4983 2636 5038 Hel)an
2681 4981 3014 5035 continetur
3057 4980 3234 5035 Gebel
3282 4979 3402 5033 sive
3454 4979 3658 5050 Jabal,

2009 5073 2174 5144 quod
2212 5071 2630 5143 interpretatur
2676 5069 2962 5136 deﬁniens
3004 5067 3125 5122 sive
3185 5067 3656 5124 disterminans:

2009 5161 2177 5235 quod
2206 5160 2570 5215 vocabulum
2593 5162 2726 5230 apte
2754 5156 3032 5212 convenit
3059 5156 3142 5210 eis
3175 5155 3280 5228 qui
3330 5156 3515 5211 corda
3558 5157 3664 5211 ho-

2011 5251 2244 5306 minum
2275 5249 2353 5304 ad
2384 5248 2705 5303 (editicium
2729 5245 3009 5318 spiritale,
3034 5244 3196 5316 quod
3221 5261 3294 5300 ex
3346 5243 3661 5300 virtutibus

2012 5340 2229 5395 animze
2302 5335 2685 5403 construitur,
2749 5337 2983 5406 parant.
3035 5333 3126 5388 Sic
3156 5333 3374 5388 etenim
3437 5331 3660 5386 solum-

2011 5428 2195 5484 modo
2252 5444 2393 5482 suos
2451 5424 2752 5482 auditores
2828 5422 3013 5478 ﬁdem
3065 5427 3121 5477 et
3177 5438 3359 5494 opera
3419 5419 3659 5490 justitire

2012 5519 2223 5574 docere
2262 5515 2586 5580 sufﬁciunt,
2622 5514 2766 5568 dum
2815 5513 2928 5582 ipsi
2981 5511 3144 5582 prius
3195 5511 3380 5566 sacris
3424 5507 3657 5581 paginis

2013 5606 2206 5661 edocti
2251 5604 2564 5674 diligenter
2608 5617 2744 5674 quae
2791 5600 2866 5656 sit
2901 5599 3052 5660 ﬁdes
3083 5599 3358 5667 tenenda,
3390 5612 3514 5669 quo
3550 5594 3659 5649 vir-
