4102 6184
518 153 620 210 Hi

1623 149 1979 214 ANGELOMI
2019 143 2468 214 LUXOWENBIS
2506 146 2822 208 MONACHI
3348 95 3354 104 .
3649 181 3654 183 -
3825 153 3913 214 612

521 277 719 333 tutum
749 274 894 332 calle
923 273 1346 340 incedendum,
1365 277 1525 329 certa
1545 271 1890 334 deﬁnitione
1918 269 2174 326 veritatis
2206 272 2252 325 Α
2285 285 2446 325 anno
2471 275 2707 342 quarto,
2739 287 2945 328 mense
2975 271 3094 336 Zio,
3129 271 3255 342 ipse
3285 274 3374 325 est
3403 270 3570 326 enim
3589 273 3812 330 mensis
3839 291 3914 330 se-

522 364 856 422 didicerint.
881 366 1027 420 Nam
1048 361 1267 418 frustra
1301 361 1566 416 ofﬁcium
1598 361 1710 416 sibi
1733 361 1992 418 doctoris
2009 376 2176 414 usur-

523 457 646 527 pat,
668 452 770 523 qui
792 450 1208 510 discretionem
1225 450 1530 506 catholica
1553 451 1691 506 ﬁdei
1712 450 2174 521 ignorataVeque

522 539 933 602 sanctuarium
950 538 1224 606 Domino,
1245 539 1349 595 sed
1366 539 1604 595 ruinam
1625 540 1735 595 sibi
1750 537 2174 609 rediﬁcant,qui

520 628 738 689 docere
763 627 911 684 alios
941 627 1235 695 regulam,
1255 644 1442 699 quam
1467 629 1579 701 ipsi
1609 645 1734 692 non
1763 629 2046 698 didicere,
2077 643 2173 682 co-

519 722 759 779 nantur,
785 721 848 772 In
877 716 1237 773 aediﬁcanda
1268 733 1411 787 ergo
1440 717 1624 774 domo
1650 719 1772 785 Dei,
1811 718 2007 790 primo
2037 720 2175 771 sunt

520 807 684 875 ligna
707 809 765 861 et
792 805 1025 876 lapides
1055 806 1325 862 caedendi
1355 807 1431 864 de
1459 807 1854 880 montezquia
1885 823 1987 863 eos
2019 821 2174 878 quos

518 893 715 954 inﬁde
739 894 1005 954 veritatis
1034 894 1336 954 instituere
1360 895 1706 968 qumrimus,
1726 896 1920 968 primo
1933 909 2173 950 necesse

519 987 608 1039 est
635 986 699 1040 ut
718 981 1146 1040 abrenuntiare
1176 985 1420 1041 diabolo
1437 1001 1507 1041 ac
1519 986 1594 1041 de
1621 991 1776 1041 sorte
1795 985 2005 1057 prima:
2021 1000 2172 1056 prte-

518 1072 920 1140 varicationis,
940 1074 1002 1128 in
1031 1090 1154 1146 qua
1175 1075 1297 1136 nati
1321 1080 1482 1144 sunt,
1507 1076 1835 1132 doceamus
1864 1089 2176 1130 renascen-

526 1163 607 1218 do
633 1162 782 1222 erui.
814 1164 1078 1235 Denique
1109 1165 1419 1236 quaerendi
1451 1170 1589 1222 sunt
1610 1165 1841 1236 lapides
1856 1164 2097 1236 pretiosi
2119 1168 2175 1219 et

520 1251 806 1321 grandes,
839 1256 1020 1324 atque
1050 1253 1111 1313 in
1138 1253 1600 1309 fundamentum
1633 1253 1837 1324 templi
1886 1252 2172 1324 ponendi,

519 1344 588 1404 ut
614 1340 1068 1405 meminerimus
1096 1341 1375 1398 abdicata
1405 1343 1853 1400 conversatione
1866 1341 2174 1414 priori,eo-

519 1447 658 1488 rum
685 1431 746 1494 in
776 1430 1059 1490 omnibus
1112 1431 1292 1488 vitam
1348 1449 1667 1504 moresque
1713 1433 2024 1505 inspicere,
2071 1447 2174 1487 eos

520 1519 742 1578 nostris
768 1519 1145 1581 auditoribus
1162 1520 1484 1577 imitandos
1507 1537 1862 1593 proponere,
1885 1537 2038 1593 quos
2068 1536 2174 1592 per

2285 359 2519 414 cundus
2548 360 2704 428 regis
2740 361 3076 417 Salomonis
3107 376 3287 431 super
3315 359 3512 414 Israel.
3542 361 3698 416 Ordo
3721 378 3912 419 sensus

2283 453 2389 514 est,
2419 449 2480 504 in
2506 465 2667 506 anno
2697 455 2912 522 quarto
2955 449 3112 518 regis
3161 448 3496 505 Salomonis
3524 466 3703 522 super
3731 453 3910 516 Israel,

2281 553 2487 593 mense
2505 538 2622 604 Zio,
2642 538 2766 610 ipse
2780 544 2865 594 est
2881 538 3102 593 mensis
3126 537 3710 594 secundus.Mensem
3731 546 3908 602 autem

2283 627 2615 682 secundum
2646 628 2860 683 Maium
2888 627 3058 682 dicit:
3086 642 3349 698 namque
3386 627 3604 698 Aprilis
3640 644 3758 699 quo
3796 632 3909 686 Pas-

2283 717 2396 772 cha
2417 717 2830 772 celebrabatur
2860 716 3221 789 principium
3247 717 3575 783 mensium,
3613 717 3774 789 apud
3815 722 3906 774 He-

2279 805 2475 865 braeos
2499 806 2726 877 primus
2754 810 2879 862 erat
2903 806 2966 860 in
2991 805 3305 862 mensibus
3335 805 3502 860 anni.
3548 809 3630 861 Ex
3653 822 3770 878 quo
3798 824 3904 864 ma-

2282 894 2489 951 nifeste
2507 899 2687 967 patet,
2711 895 2857 966 quia
2886 910 3027 950 mox
3057 899 3299 966 peracto
3325 894 3580 966 pascha,
3597 896 3768 967 coepit
3785 895 3903 950 redi-

2281 984 2460 1039 ﬁcare
2485 984 2734 1039 domum
2767 983 3040 1050 Domino,
3073 988 3130 1038 et
3157 987 3546 1038 consecratus
3577 983 3904 1054 mysticaso-

2281 1073 2582 1130 lemnitate
2615 1073 2892 1146 pOpulus,
2920 1090 3138 1128 manus
3175 1073 3254 1128 ad
3285 1073 3614 1144 mysticum
3646 1090 3786 1145 opus
3813 1074 3904 1129 mi-

2283 1163 2372 1218 sit.
2404 1163 2492 1220 Fit
2515 1168 2716 1218 autem
2746 1162 3241 1218 commemoratio
3296 1163 3664 1231 egressionis
3713 1179 3778 1218 ex
3822 1167 3900 1218 {E—

2282 1255 2488 1323 gypto,
2522 1251 2768 1322 quando
2824 1249 3279 1306 tabernaculum
3329 1249 3622 1306 aediﬁcari
3666 1255 3896 1323 coeptum

2281 1346 2386 1396 est:
2409 1345 2472 1398 ut
2496 1341 2892 1398 admoneatur
2923 1340 3124 1408 lector,
3152 1340 3318 1404 quod
3347 1356 3649 1396 annorum
3667 1345 3891 1411 tempus.

2280 1431 2431 1488 inter
2455 1430 2914 1486 aediﬁcationem
2945 1429 3253 1502 utriusque
3283 1429 3513 1485 domus
3544 1430 3824 1490 transierit.
3848 1431 3897 1484 et

2279 1521 2418 1576 huic
2443 1536 2686 1592 quoque
2703 1536 2956 1574 summae
2988 1519 3293 1591 temporis,
3319 1526 3756 1576 sacramentum
3773 1519 3900 1575 ines-

519 1607 796 1674 virtutem
827 1607 1176 1666 humilitatis
1220 1609 1552 1681 specialiter
1587 1610 1837 1672 Domino
1869 1609 2172 1666 adhmrere
2209 1625 2250 1680 Β
2281 1625 2343 1665 se
2375 1609 2634 1680 spiritale
2665 1612 3010 1677 cognoscat.
3046 1610 3266 1673 Quater
3294 1624 3565 1680 namque
3600 1610 3828 1678 centeni,
3855 1611 3899 1662 et

521 1696 890 1762 noverimus,
913 1697 1244 1752 Addendus
1270 1702 1364 1755 est
1391 1698 1450 1754 in
1481 1698 1670 1756 altum
1697 1699 1892 1770 paries
1919 1715 2172 1772 cperum

503 1785 843 1852 bonorum,
877 1791 934 1842 et
958 1787 1131 1857 quasi
1166 1787 1643 1860 superimpositis
1677 1787 1788 1846 sibi
1812 1788 2068 1844 invicem
2085 1804 2174 1842 or-

522 1874 766 1938 dinibus
797 1874 1089 1946 lapidum,
1136 1876 1581 1934 ambulandum
1625 1881 1714 1936 est
1765 1894 1835 1933 ac
1863 1878 2172 1950 proﬁcien-

521 1962 671 2027 dum
704 1963 780 2026 de
809 1963 1020 2022 virtute
1049 1965 1112 2022 in
1141 1965 1434 2023 virtutem.
1473 1968 1572 2022 Vel
1605 1971 1758 2023 certe
1786 1967 2018 2038 lapidcs
2037 1967 2171 2022 fun-

522 2051 809 2114 damento
833 2053 1113 2122 grandes,
1137 2055 1379 2127 pretiosi
1417 2059 1476 2111 et
1501 2056 1803 2127 quadrati,
1834 2057 2012 2128 primi
2037 2060 2175 2114 sunt

525 2140 613 2203 (ut
637 2154 820 2209 supra
845 2139 1128 2213 diximus)
1159 2143 1554 2200 Ecclesiarum
1575 2144 1975 2217 magistri,qui
1996 2145 2075 2202 ab
2091 2144 2175 2216 ip-

523 2241 591 2282 so
614 2226 867 2288 Domino
889 2229 1142 2286 verbum
1159 2231 1404 2287 audiere
1428 2232 1656 2290 salutis.
1684 2233 2050 2305 Superpositi
2069 2249 2172 2288 au-

523 2317 642 2371 tem
654 2315 886 2388 lapides
905 2317 1187 2378 ordinum
1208 2320 1329 2377 sive
1353 2321 1998 2394 lignorum,sequentes
2014 2327 2171 2390 sunt,

522 2418 633 2464 suo
648 2405 874 2477 quique
893 2411 1159 2478 tempore
1175 2410 1514 2466 sacerdotes
1531 2427 1598 2468 ac
1615 2411 2173 2482 doctores,quorum

521 2491 618 2555 vel
633 2493 1057 2563 praedicatione
1081 2512 1150 2552 ac
1186 2497 1536 2563 ministerio,
1561 2499 1882 2556 fabricatur
1917 2499 2176 2554 Ecclesia

521 2579 616 2634 vel
645 2581 956 2638 ordinatur
983 2583 1325 2640 virtutibus.
1360 2585 1577 2651 Quales
1607 2591 1814 2641 autem
1836 2586 2033 2642 colore
2053 2586 2176 2642 fue-

523 2667 642 2730 rint
668 2667 901 2740 lapides
929 2671 1152 2742 quibus
1181 2672 1404 2734 factum
1455 2680 1543 2729 est
1587 2674 1901 2746 templum,
1933 2675 1994 2730 in
2023 2675 2174 2732 libro

524 2757 1022 2831 Paralipomenon
1046 2767 1248 2833 aperte
1264 2762 1634 2819 declaratum
1663 2768 1775 2829 est,
1814 2763 2046 2820 dicente
2071 2767 2175 2822 Da-

522 2844 624 2908 vid
665 2846 744 2909 ad
782 2847 1189 2920 Salomonem,
1233 2867 1372 2906 cum
1393 2851 1442 2906 ei
1465 2851 1770 2922 impensas
1799 2851 2001 2923 templi
2021 2868 2175 2923 quas

2280 1697 2492 1770 viceni,
2509 1697 2980 1770 quadringentos
3010 1702 3067 1753 et
3091 1698 3394 1767 octoginta
3418 1699 3897 1763 faciunt.Quatuor

2281 1794 2480 1848 autem
2539 1787 2904 1857 Evangelicae
2965 1786 3311 1858 perfectioni
3363 1792 3504 1858 apte
3553 1787 3893 1854 conveniunt,

2279 1882 2522 1948 propter
2548 1877 2748 1946 ipsum
2773 1875 3284 1945 Evangelistarum
3315 1891 3665 1935 numerum:
3687 1890 3892 1932 canum

2279 1965 2508 2035 viginti,
2526 1964 2703 2033 legali
2723 1964 3009 2020 doctrina:
3014 1971 3281 2037 ,propter
3291 1981 3488 2021 annos
3504 1965 3777 2034 legistoris
3791 1962 3896 2019 toti-

2281 2055 2513 2116 dem.ln
2541 2071 2663 2126 quo
2692 2054 2872 2112 etiam
2903 2070 3155 2112 numero
3188 2055 3477 2123 virorum,
3501 2055 3737 2126 gratiam
3753 2068 3895 2120 sanc-

2284 2144 2323 2200 ti
2349 2143 2600 2215 Spiritus
2622 2143 2921 2215 primitiva
2945 2143 3204 2214 suscepit
3237 2143 3496 2200 Ecclesia
3517 2148 3790 2216 :patenter
3811 2157 3892 2197 0s-

2283 2232 2535 2290 tendens
2562 2232 2708 2305 quia
2733 2233 2840 2304 qui
2864 2232 2993 2300 lege
3024 2233 3283 2300 legitime
3313 2238 3579 2303 utuntur,
3615 2233 3672 2288 id
3697 2237 3776 2288 est
3801 2230 3891 2302 qui

2285 2322 2497 2380 Christi
2523 2322 2582 2376 in
2609 2338 2680 2377 ea
2705 2322 2958 2391 gratiam
3007 2327 3443 2390 cognoscentes
3467 2322 3886 2394 amplectuntur,

2279 2413 2412 2481 jure
2443 2411 2683 2482 spiritus
2713 2411 2844 2480 ejus
2875 2412 3065 2478 gratia
3105 2411 3432 2482 replentur,
3458 2411 3588 2483 quia
3611 2410 3666 2466 in
3713 2406 3881 2462 chari-

2285 2500 2556 2569 tate_ejus
2583 2499 2844 2571 amplius
2873 2501 3208 2569 ignescunt.
3261 2501 3514 2556 Diximus
3561 2501 3736 2558 autem
3781 2508 3874 2564 per

2283 2588 2740 2644 tabernaculum
2770 2589 2934 2660 quod
2967 2588 3102 2644 fecit
3141 2592 3365 2660 Moyses
3391 2593 3447 2645 et
3495 2585 3589 2642 ﬁlii
3631 2581 3794 2638 Israel
3817 2580 3875 2640 in

2283 2677 2538 2745 deserto,
2559 2679 2943 2748 Synagogam
2975 2696 2985 2732 :
3021 2694 3128 2749 per
3149 2676 3430 2749 templum
3457 2689 3587 2731 vero
3615 2670 3770 2744 quod
3785 2671 3882 2725 Sa-

2281 2765 2487 2821 lomon
2517 2770 2574 2821 et
2597 2766 2700 2821 ﬁlii
2732 2766 2909 2822 Israel
2939 2782 3077 2822 cum
3095 2766 3524 2838 proselytorum
3539 2768 3592 2822 et
3606 2760 3889 2832 gentilium

2283 2853 2502 2910 auxilio
2534 2855 2880 2921 construxit,
2912 2855 3239 2912 Ecclesiam
3260 2855 3520 2926 gentium
3555 2867 3722 2925 posse
3748 2847 3889 2905 desi-

522 2942 971 3036 praaparaverat
995 2939 1366 3036 ostenderet:
1393 2941 1642 3002 Omnem
1669 2941 1996 3012 pretiosum
2028 2941 2174 3012 lapi-
2207 2979 2247 3036 C
2285 2943 2811 3011 gnari.Permansit
2837 2948 3036 3000 autem
3082 2943 3279 3000 cultus
3310 2949 3368 3001 et
3418 2943 3616 3012 religio
3644 2939 3892 3036 taberna.-

522 3022 663 3080 dem
693 3030 750 3084 et
772 3043 1040 3086 marmor
1068 3028 1304 3088 Parium
1323 3029 1844 3086 abundantissime
1874 3046 2173 3102 praepara-

523 3113 577 3172 vi
605 3114 660 3186 (Ι
681 3115 831 3180 Par.
857 3119 1030 3190 XXIX).
1063 3140 1090 3167 ››
1117 3120 1370 3176 Marmor
1400 3125 1600 3175 autem
1632 3119 1871 3176 Parium
1909 3135 2176 3176 marmor

522 3203 852 3270 candidum
898 3206 1140 3262 dicitur:
1194 3207 1371 3279 quale
1429 3207 1642 3264 eadem
1684 3207 1882 3264 insula
1933 3208 2174 3278 gignere

522 3295 850 3352 consuevit.
870 3296 1038 3355 Unde
1068 3302 1246 3368 poeta
1278 3298 1353 3354 de
1383 3297 1482 3353 illa
1502 3304 1518 3326 ⁸
1545 3315 1557 3353 :

522 3382 766 3458 glearop
797 3385 1134 3458 niveamque
1165 3388 1348 3458 Paron
1398 3404 1752 3456 sparsasque
1783 3406 1885 3457 per
1912 3405 2106 3458 sequar

522 3453 818 3524 Cycladas,
844 3459 898 3506 et
922 3455 1140 3508 crebris
1171 3453 1602 3521 legimus—freta
1636 3453 1858 3512 concita
1899 3453 2092 3515 ter-ris.

594 3538 838 3594 Niveam
866 3555 1009 3609 ergo
1040 3544 1227 3595 Paron
1254 3542 1486 3610 dicitur,
1519 3561 1588 3598 eo
1625 3546 1792 3616 quod
1824 3548 2174 3604 candidissi-

521 3625 606 3684 mi
636 3641 904 3684 marmor
933 3629 1166 3698 generis
1189 3629 1405 3690 mittat.
1431 3634 1528 3687 Est
1564 3637 1764 3690 autem
1810 3651 1932 3694 una
1961 3636 2034 3691 de
2065 3638 2174 3708 Cy-

524 3715 818 3784 cladibus,
843 3733 965 3790 quo
1006 3717 1277 3773 videlicet
1292 3717 1513 3791 lapide,
1540 3721 1828 3794 templum
1847 3723 2030 3779 fuisse
2053 3725 2174 3780 fac-

521 3808 675 3876 tum,
707 3807 763 3864 et
788 3807 1086 3880 Iosephus
1116 3807 1401 3879 insinuat,
1430 3810 1663 3865 dicens:
1689 3811 1951 3868 Elevavit
1978 3813 2176 3888 itaque

525 3895 814 3968 templum
871 3913 1065 3970 usque
1132 3897 1210 3953 ad
1263 3914 1591 3967 cameram,
1661 3917 1733 3956 ex
1782 3901 1982 3974 lapide
2039 3903 2176 3966 albo

523 3989 952 4048 constructum.
997 3986 1255 4044 Altitudo
1288 3988 1397 4044 fuit
1456 3989 1766 4060 sexaginta
1814 3992 2175 4059 cubitorum,

521 4078 632 4136 etc,
662 4073 780 4128 Nec
811 4067 1077 4147 mysterii
1103 4092 1314 4132 sensus
1343 4078 1405 4134 in
1449 4078 1654 4136 abdito
1681 4083 1787 4145 est,
1821 4081 2008 4138 cuivis
2062 4086 2176 4137 ete-

520 4160 648 4214 nim
675 4165 855 4232 patet,
884 4163 1027 4233 quia
1057 4179 1326 4228 marmor
1355 4167 1791 4237 candidum,ex
1813 4185 1936 4242 quo
1957 4168 2176 4226 domus

521 4248 759 4306 Domini
791 4255 1131 4306 constructa
1162 4257 1268 4320 est,
1312 4255 1607 4310 mundam
1637 4255 1959 4314 electorum
1991 4257 2173 4314 actio-

522 4351 663 4400 nem
692 4335 870 4392 simul
899 4343 954 4392 et
983 4339 1409 4396 conscientiam
1439 4343 1516 4396 ab
1548 4345 1712 4398 omni
1741 4360 1913 4398 naevo
1936 4362 2177 4418 corrup-
2205 4331 2249 4384 D

523 4425 698 4481 tionis
729 4425 1084 4495 castigatam
1119 4427 1418 4497 designat.
1465 4431 1684 4495 Quales
1715 4447 1849 4488 esse
1873 4433 2056 4494 voluit
2089 4452 2178 4490 sa-

522 4514 694 4593 piens
732 4514 828 4578 ille
859 4515 1234 4584 architectus,
1271 4533 1373 4572 eos
1403 4534 1556 4591 quos
1595 4535 1774 4592 super
1821 4520 2179 4578 fundamen-

419 4647 424 4651 .
524 4610 652 4672 tum
683 4605 891 4663 Christi
916 4605 1156 4666 locabat
1184 4605 1415 4679 lapides
1443 4607 1757 4680 pretiosos,
1783 4626 1931 4665 auro
1962 4627 2176 4680 argen-

523 4697 705 4766 toque
735 4694 1044 4760 redimitos
1071 4713 1082 4751 :
1109 4718 1137 4746 ‹‹
1170 4695 1536 4767 Cbarissimi,
1566 4697 1778 4770 inquit,
1813 4700 2176 4758 mundemus

523 4799 636 4838 nos
666 4783 744 4846 ab
769 4785 934 4846 omni
963 4785 1422 4860 inquinamento
1454 4787 1653 4844 carnis
1668 4793 1724 4844 et
1756 4789 2017 4862 spiritus,
2044 4808 2178 4864 per-

525 4869 789 4969 ﬁcientes
816 4875 1346 4936 sanctiﬁcationem
1387 4877 1445 4933 in
1501 4876 1708 4935 timore
1769 4880 1866 4936 Dei
1926 4881 2013 4951 (II
2040 4881 2176 4938 Cor.

525 4971 710 5012 γημ››

606 4982 622 5026 Ι
1191 5053 1413 5108 CAPUT
1453 5057 1517 5108 Vl

599 5150 628 5180 «
660 5131 906 5186 Factum
936 5137 1023 5188 est
1065 5149 1206 5204 ergo
1237 5139 1831 5210 quadringentesimo
1863 5148 1919 5198 et
1947 5147 2182 5213 octoge-

532 5241 560 5275 α
597 5219 750 5276 simo
781 5235 941 5276 anno
990 5223 1346 5291 egressionis
1386 5225 1649 5286 ﬁliorum
1691 5230 1871 5286 Israel
1922 5230 1997 5284 de
2029 5235 2184 5287 terra

533 5331 562 5362 α
593 5309 926 5382 Egypti,in
947 5327 1108 5367 anno
1136 5317 1593 5383 quarto,mense
1624 5320 1741 5386 Zio,
1774 5319 1901 5388 ipse
1919 5323 2185 5376 cstmen-

536 5422 565 5449 ι(
595 5400 677 5455 sis
704 5400 1004 5456 secundus
1034 5401 1190 5470 regis
1217 5400 1554 5457 Salomonis
1585 5421 1764 5475 super
1791 5407 2186 5471 lsrael,wdiﬁ-

539 5512 568 5542 ιι
598 5505 731 5546 care
757 5489 930 5562 cmpit
958 5489 1207 5546 domum
1241 5489 1514 5546 Domino.
1546 5512 1573 5539 »
1627 5491 1798 5556 Quod
1856 5493 2020 5550 diciti.
2043 5511 2091 5563 r,
2123 5496 2184 5551 in

609 5613 632 5638 ⁸
653 5606 838 5680 Virg,
867 5607 1120 5666 ιΕηεὶιί.
1153 5622 1235 5665 ιιι.

2284 3032 2400 3088 culi
2436 3047 2628 3088 annos
2682 3032 3162 3104 quadringentos
3203 3039 3261 3089 et
3289 3033 3608 3102 octoginta,
3635 3046 3699 3087 ac
3726 3029 3800 3086 sic
3825 3024 3892 3082 ab

2283 3137 2352 3177 eo
2387 3121 2677 3193 templum
2705 3121 2987 3178 aediﬁcari
3015 3122 3240 3196 incipit.
3289 3123 3465 3188 Quod
3488 3128 3678 3178 autem
3704 3121 3894 3191 quarto

2283 3226 2444 3266 anno
2473 3209 2630 3280 regis
2667 3209 3001 3266 Salomonis
3029 3211 3314 3268 aediﬁcari
3344 3217 3540 3283 coepta
3569 3214 3652 3266 est
3699 3207 3892 3266 domus

2281 3301 2539 3371 Domini,
2568 3306 2759 3373 potest
2780 3300 2858 3355 ad
2889 3317 2990 3356 eos
3043 3301 3246 3356 referri
3279 3300 3548 3372 mystice,
3597 3297 3748 3372 quod
3780 3298 3898 3367 post

2283 3390 2579 3462 expletam
2603 3389 3118 3460 dispensationem
3133 3390 3457 3446 Dominicis
3487 3384 3894 3447 incarnationis,

2283 3495 2418 3550 quae
2449 3479 2510 3534 in
2537 3483 2797 3548 quatuor
2828 3478 3130 3547 Evangelii
3159 3478 3326 3534 libris
3355 3478 3575 3550 scripta
3609 3481 3704 3542 est,
3734 3473 3898 3530 misso

2283 3567 2358 3621 de
2389 3567 2552 3622 coelis
2571 3567 2787 3638 Spiritu
2807 3574 3034 3635 sancto,
3065 3569 3335 3624 Ecclesiae
3357 3574 3641 3625 structura
3658 3561 3892 3634 omnem.

2286 3659 2350 3711 Et
2371 3656 2534 3728 quod
2565 3671 2772 3710 mense
2804 3657 3074 3714 secundo
3104 3663 3302 3730 coepta
3330 3663 3440 3728 est,
3469 3659 3650 3730 potest
3673 3651 3743 3709 ad
3767 3649 3892 3708 elec-

2285 3749 2507 3803 tionem
2547 3747 2836 3818 gentium,
2889 3765 3024 3820 quae
3080 3749 3347 3804 secundo
3400 3750 3533 3805 loco
3588 3749 3714 3820 post
3745 3738 3902 3798 Israel

2285 3837 2741 3892 aediﬁcationem
2766 3839 2826 3892 in
2851 3855 2912 3892 se
2945 3839 3036 3894 sui
3069 3851 3386 3910 suscepere
3436 3836 3736 3895 Creatoris.
3760 3829 3909 3888 Unde

2285 3931 2342 3983 et
2367 3926 2668 3982 secundus
2702 3927 2928 3982 mensis
2973 3928 3033 3982 in
3083 3928 3211 3997 lege
3253 3945 3580 3984 concessus
3611 3931 3694 3984 est
3737 3923 3808 3980 ad
3836 3920 3911 3976 fa-

2285 4016 2564 4072 ciendum
2582 4017 2828 4087 Pascha,
2856 4016 3001 4088 quia
3026 4017 3325 4072 immundi
3343 4033 3526 4089 super
3546 4017 3807 4074 animam
3823 4011 3918 4066 ho-

2287 4105 2464 4160 minis
2496 4105 2591 4160 vel
2616 4105 2676 4160 in
2706 4106 2801 4161 via
2817 4106 3026 4177 procul
3056 4106 3234 4178 positi
3264 4106 3342 4162 ad
3370 4105 3718 4162 faciendum
3745 4104 3802 4159 in
3818 4099 3918 4173 pri-

2287 4211 2387 4250 mo
2416 4211 2623 4250 mense
2671 4197 2918 4274 pascha,
2969 4211 3244 4252 ocurrere
3293 4197 3637 4269 nequirent.
3688 4195 3790 4253 Ubi
3825 4206 3920 4248 nos

2289 4283 2658 4356 apertissime
2688 4284 2986 4355 designati
3015 4301 3246 4347 sumus,
3279 4286 3383 4358 qui
3412 4286 3718 4342 immundi
3765 4295 3927 4355 super

2287 4380 2541 4430 mortem
2573 4375 2788 4430 animm
2837 4379 3077 4444 nostrae,
3125 4380 3180 4431 et
3207 4374 3421 4448 procul
3449 4375 3657 4432 adhuc
3701 4372 3866 4448 positi
3895 4385 3927 4425 a

2254 4503 2256 4506 μ
2287 4463 2512 4534 populo
2542 4463 2664 4529 Dei,
2692 4478 2815 4518 non
2844 4463 3149 4534 potuimus
3169 4464 3435 4535 primum
3466 4466 3705 4535 pascha
3733 4464 3928 4525 facere,

2286 4551 2450 4623 quod
2479 4552 2536 4606 in
2551 4568 2728 4618 carne
2745 4557 2799 4606 et
2831 4553 3124 4621 sanguine
3155 4553 3292 4622 agni
3325 4552 3526 4609 ﬁebat.
3561 4554 3932 4612 Celebramus

2288 4646 2489 4696 autem
2518 4641 2696 4696 hodie
2748 4641 2994 4713 pascha,
3027 4642 3360 4700 secundum
3390 4643 3561 4715 quod
3609 4645 3674 4700 in
3702 4655 3935 4714 corpore

2289 4736 2345 4787 et
2371 4731 2664 4800 sanguine
2698 4731 3112 4805 Redemptoris
3153 4731 3360 4799 nostri,
3394 4749 3430 4787 a
3475 4749 3600 4805 quo
3631 4731 3864 4806 quaesiti
3889 4732 3938 4783 et

2289 4821 2563 4876 mundati
2612 4838 2842 4888 sumus,
2877 4827 3076 4878 actum
3109 4826 3214 4878 est.
3276 4827 3336 4877 In
3386 4839 3510 4894 quo
3560 4829 3775 4880 autem
3818 4821 3940 4877 loco

2289 4911 2577 4983 templum
2611 4911 2683 4966 sit
2713 4911 3074 4966 aadiﬁcatum
3107 4911 3480 4967 manifestius
3505 4913 3570 4966 in
3597 4913 3758 4969 libro
3789 4915 3943 4967 Para-

2288 5000 2637 5071 lipomenon
2658 5000 3007 5068 ostenditur,
3040 5001 3145 5055 ubi
3171 5001 3457 5073 scriptum
3494 5007 3624 5056 est:
3657 5025 3687 5052 α
3739 5005 3806 5058 Et
3834 5015 3944 5056 cm-

2290 5088 2377 5158 pit
2407 5087 2689 5142 Salomon
2719 5087 3017 5142 zediﬁcare
3047 5088 3300 5144 domum
3330 5089 3567 5144 Domini
3620 5091 3688 5146 in
3718 5093 3948 5146 Jerusa-

2290 5173 2506 5243 Iem,in
2540 5177 2740 5228 monte
2771 5174 2969 5242 Moria,
3003 5175 3107 5246 qui
3134 5176 3581 5234 demonstratus
3612 5179 3821 5236 fuerat
3854 5179 3953 5232 Da-

2293 5261 2393 5314 vid
2425 5259 2580 5330 patri
2610 5259 2739 5328 ejus
2769 5261 2828 5314 in
2860 5261 2991 5316 loco
3019 5279 3205 5334 quem
3260 5271 3581 5338 paraverat
3638 5267 3845 5323 David
3898 5266 3954 5320 in

2293 5351 2446 5403 Area
2476 5349 2672 5404 Ornan
2723 5349 2976 5404 Jebusaai
3025 5353 3115 5419 (Il
3157 5356 3306 5410 Par.
3374 5356 3484 5426 ιιι).
3529 5376 3558 5405 ››
3603 5356 3957 5412 ίΕόιίίοξιῑιιι

2293 5451 2436 5504 ergo
2491 5435 2711 5489 domus
2778 5437 3010 5494 Domini
3063 5441 3122 5496 in
3171 5443 3519 5510 Jerusalem,
3561 5444 3686 5498 hoc
3745 5450 3856 5508 est,
3903 5443 3958 5497 in

2292 5523 2520 5578 visione
2577 5525 2790 5595 pacis:
2846 5545 2970 5600 qua
3025 5531 3269 5591 dilatata
3320 5550 3429 5606 per
3487 5538 3686 5592 totum
3750 5535 3962 5592 orbem
