4092 6178
253 153 358 208 613

1221 152 1474 213 ENARB.
1514 152 1582 206 IN
1621 147 1865 208 LIBROS
1901 149 2159 214 REGUM.
2200 181 2270 203 --
2308 156 2397 214 IN.
2441 155 2575 212 LIB.
2614 156 2705 209 ΙΙΙ.

3561 154 3672 210 814

252 273 515 350 Ecclesia
542 273 603 330 in
635 287 760 330 una
780 274 1116 346 eademque
1151 275 1292 345 ﬁde,
1327 279 1385 330 et
1413 275 1679 334 veritatis
1719 275 1990 331 eatho-A
2029 277 2373 338 viventium.
2406 279 2512 338 Ubi
2541 278 2875 340 notandum
2904 277 3070 350 quod
3094 277 3334 347 triginta
3371 277 3554 342 cubiti
3595 278 3675 340 al-

249 345 374 419 licaa
401 364 696 422 societate
730 364 1017 418 consistit.
1070 368 1342 437 Namque
1373 364 1434 420 in
1467 365 1727 420 scissura
1754 381 1922 420 men-

249 453 399 508 tium
433 453 596 508 Deus
624 467 745 507 non
774 457 900 507 est:
928 453 1033 508 sed
1066 473 1095 506 ι
1123 454 1318 510 factus
1373 459 1460 510 est
1490 455 1551 510 in
1581 470 1728 527 pace
1754 453 1921 510 locus

249 542 300 611 ej
317 558 415 604 us,
439 546 498 597 et
520 541 811 598 habitatio
839 542 969 612 ejus
994 541 1056 598 in
1081 543 1219 600 Sion
1252 547 1444 611 (Psal.
1478 548 1675 608 Lxxv).
1714 567 1741 594 ››
1764 543 1918 598 ΑΞάὶ-

248 631 481 686 ﬁcatur
510 630 571 686 in
597 635 820 696 monte,
874 630 1149 688 videlicet
1180 632 1240 688 in
1271 634 1404 707 ipso
1433 634 1685 692 Domino
1717 632 1919 690 Salva-

253 725 403 786 tore,
436 719 515 774 de
543 736 668 792 quo
701 721 888 779 Isaias
914 722 995 776 ait
1023 739 1034 776 :
1061 744 1089 772 «ι
1124 725 1190 778 Et
1212 724 1322 780 erit
1348 725 1409 780 in
1439 722 1778 780 novissimis
1799 722 1918 778 die-

247 809 367 866 bus
423 815 802 881 praeparatus
846 827 1022 868 mons
1051 812 1270 867 domus
1301 813 1535 870 Domini
1593 813 1652 868 in
1701 812 1915 868 vertice

249 900 561 954 montium
586 900 725 966 (Isa.
761 900 843 970 ιι).
893 921 920 948 ››
954 903 1019 956 Et
1070 900 1200 972 ipse
1229 901 1303 955 de
1335 919 1395 957 se
1442 903 1501 957 in
1555 900 1912 971 Evangelio:

244 1007 277 1037 α
307 989 441 1043 Non
468 991 684 1058 potest,
713 988 925 1059 inquit,
957 988 1160 1047 civitas
1188 990 1483 1047 abscondi
1539 1006 1717 1062 super
1745 1006 1914 1048 mon-

243 1082 367 1133 tem
397 1077 601 1147 posita
625 1077 860 1146 (Matth.
885 1081 964 1148 v).
1001 1100 1026 1127 ››
1062 1079 1192 1150 Ipse
1240 1084 1327 1136 est
1351 1081 1510 1135 enim
1541 1096 1717 1136 mons
1749 1095 1914 1136 mon-

247 1165 420 1231 tium,
454 1165 564 1236 qui
591 1165 666 1220 de
692 1170 843 1222 terra
869 1166 1115 1238 quidem
1140 1184 1244 1239 per
1275 1169 1564 1238 originem
1590 1175 1914 1241 assumptus

239 1253 453 1312 carnis
486 1256 655 1309 ortus
673 1258 780 1323 est,
813 1255 917 1309 sed
943 1256 1215 1314 omnium
1251 1258 1683 1328 terrigenarum
1705 1265 1914 1330 poten-

238 1342 390 1401 tiam
423 1357 501 1398 ao
536 1342 913 1400 sanctitatem
957 1343 1247 1413 singulari
1305 1346 1565 1402 culmine
1608 1347 1912 1415 dignitatis

239 1431 714 1492 transcenditJn
732 1447 854 1503 quo
880 1432 1165 1489 nimirum
1187 1440 1391 1490 monte
1415 1436 1642 1503 civitas,
1675 1437 1797 1492 sive
1815 1438 1917 1492 do-

241 1537 384 1576 mus
415 1521 682 1587 Domini,
707 1526 1047 1578 constructa
1075 1528 1192 1579 est:
1241 1526 1388 1595 quia
1416 1525 1527 1579 nisi
1561 1525 1698 1581 Sion
1724 1527 1783 1581 in
1813 1527 1914 1582 illo

240 1611 522 1668 radicem
550 1611 717 1680 ﬁgat,
752 1628 888 1684 spes
940 1618 996 1669 et
1034 1613 1183 1669 tides
1214 1619 1418 1676 nostra
1456 1615 1619 1671 nulla
1666 1621 1773 1672 est.
1805 1616 1915 1681 Qui
1945 1637 1984 1689 Β

240 1703 402 1756 recte
442 1713 630 1754 mons
662 1700 861 1766 Moria,
907 1700 966 1755 id
1020 1706 1108 1757 est
1149 1699 1390 1758 visionis
1441 1709 1718 1762 vocatur:
1774 1704 1916 1775 quia

241 1789 467 1846 electos
503 1805 648 1844 suos
678 1805 836 1861 quos
867 1790 944 1846 ad
977 1795 1263 1847 aeternam
1293 1809 1414 1847 suae
1445 1792 1724 1850 claritatis
1745 1793 1918 1850 visio-

241 1893 387 1934 nem
413 1877 820 1945 conservat,in
853 1878 966 1934 hac
991 1878 1227 1935 interim
1253 1881 1374 1938 vita
1395 1880 1736 1938 laborantes
1759 1882 1919 1938 vide-

241 1983 305 2024 re
333 1972 394 2023 et
423 1967 723 2036 adjuvare
767 1968 1070 2036 dignatur.
1108 1969 1219 2034 Qui
1249 1969 1695 2026 demonstratus
1728 1972 1920 2030 fuerat

252 2056 438 2114 David
458 2056 620 2128 patri
639 2057 690 2127 ej
703 2059 1086 2114 us.0stensus
1113 2074 1380 2130 namque
1406 2060 1734 2116 eratDavid
1767 2061 1918 2118 sicut

251 2153 307 2202 et
335 2145 568 2203 caeteris
602 2147 934 2218 prophetis,
968 2152 1255 2205 venturus
1282 2149 1342 2204 in
1391 2165 1569 2205 carne
1600 2149 1914 2208 Dominus.

258 2238 411 2292 Bene
441 2235 609 2292 idem
633 2235 806 2292 locus
829 2252 973 2292 area
993 2242 1120 2292 erat
1150 2240 1352 2294 Ornan
1384 2239 1661 2308 Jebusaei,
1689 2239 1836 2311 quia
1863 2244 1920 2296 et

265 2324 518 2382 Ecclesia
565 2341 724 2382 areas
775 2325 923 2382 solet
977 2327 1274 2384 vocabulo
1331 2328 1653 2399 designari,
1686 2329 1918 2386 dicente

255 2416 484 2470 Joanne
507 2413 581 2470 de
606 2415 863 2470 Domino
888 2434 902 2472 :
937 2438 965 2470 α
1000 2417 1180 2486 Cujus
1210 2417 1612 2478 ventilabrum
1638 2418 1698 2474 in
1730 2434 1919 2477 manu

252 2518 384 2569 ua,
419 2508 479 2560 et
509 2503 946 2576 permundabit
975 2520 1178 2561 aream
1211 2522 1384 2562 suam
1408 2507 1622 2576 (Marc.
1661 2523 1780 2562 in.»
1814 2510 1918 2566 Or-

250 2608 376 2650 nan
403 2593 515 2664 qui
542 2593 973 2666 interpretatur
1005 2596 1407 2662 illumz'natus,
1439 2601 1496 2651 et
1524 2601 1650 2652 erat
1677 2599 1920 2654 natione

250 2681 592 2752 Jebusaaus,
622 2683 867 2739 natione
904 2683 1150 2756 quidem
1172 2685 1421 2754 gentiles
1454 2685 1770 2756 signiticet.
1800 2687 1920 2743 Hos

255 2775 454 2826 autem
476 2771 732 2827 eosdem
761 2772 1144 2828 illustrandos
1175 2790 1212 2828 a
1243 2774 1516 2841 Domino,
1561 2781 1738 2846 atque
1770 2775 1831 2832 in
1857 2775 1922 2832 ti-

252 2859 360 2916 lios
377 2861 668 2916 Ecclesia:
694 2861 1160 2920 commutandos
1184 2863 1447 2919 ostendit
1472 2863 1692 2935 quibus
1708 2865 1920 2919 merito

255 2948 392 3006 dicit
421 2949 755 3040 Apostolus
777 2967 789 3006 :
809 2974 835 2998 α
855 2951 1074 3008 Fuistis
1102 2951 1430 3024 aliquando
1463 2953 1742 3024 tenebris,
1760 2969 1920 3009 nunc
1951 2989 1990 3040 η

257 3044 456 3095 autem
486 3039 596 3096 lux
621 3040 685 3096 in
723 3040 976 3097 Domino
1007 3041 1245 3111 (Epltes.
1295 3046 1376 3108 v).
1415 3064 1441 3092 »
1472 3042 1651 3098 Jebus
1704 3043 1919 3100 eadem

261 3134 344 3184 est
361 3129 579 3185 civitas
609 3145 746 3200 quas
774 3133 831 3184 et
853 3130 1210 3188 Jerusalem.
1245 3133 1310 3185 Et
1353 3130 1537 3188 Iebus
1567 3131 1812 3202 quidem
1838 3131 1924 3188 in-

266 3221 624 3289 terpretatur
649 3220 1025 3288 conculcata,
1057 3220 1392 3276 Jerusalem
1421 3225 1620 3275 autem
1641 3222 1810 3288 pacis
1842 3236 1924 3274 m-

273 3307 378 3360 sio.
407 3308 472 3362 ln
491 3323 614 3378 qua
631 3307 903 3379 quandiu
919 3310 1119 3364 Ornan
1144 3308 1376 3377 gentilis
1401 3307 1714 3376 regnabat,
1742 3308 1923 3364 Jebus

282 3392 439 3448 dicta
459 3399 568 3462 est,
600 3396 769 3451 etiam
793 3411 931 3452 eum
963 3395 1024 3451 in
1052 3395 1341 3452 ea'David
1369 3395 1570 3451 locum
1603 3395 1922 3456 holocaus-

286 3480 326 3536 ti
362 3487 744 3541 emeret.Cum
771 3501 915 3541 vero
939 3485 1223 3541 Salomon
1280 3485 1342 3540 in
1373 3501 1444 3540 ea
1475 3484 1766 3556 templum
1817 3487 1926 3544 Do-

278 3571 437 3627 mino
465 3571 805 3640 aediﬁcaret,
831 3589 955 3629 non
977 3574 1104 3644 jam
1121 3573 1322 3642 lebus,
1346 3573 1450 3628 sed
1470 3573 1802 3633 Jerusalem
1824 3591 1924 3630 vo-

273 3666 398 3716 cata
421 3666 528 3718 est.
564 3662 719 3732 Quia
748 3661 1032 3719 nimirum
1088 3661 1382 3731 gentilitas
1412 3661 1688 3733 quandiu
1739 3662 1923 3720 divini

283 3748 453 3807 cultus
480 3751 694 3808 nescia
722 3751 1110 3823 perdurabat,
1140 3751 1609 3807 conculcabatur
1637 3755 1694 3806 et
1717 3751 1923 3811 illude-

279 3835 436 3894 batur
457 3840 538 3896 ab
565 3840 901 3896 immundis
933 3840 1237 3912 spiritibus
1263 3856 1276 3896 ε
1321 3840 1398 3895 ad
1433 3840 1759 3897 simulacra
1789 3859 1923 3897 mu-

273 3929 319 3981 te
343 3934 520 3998 prout
548 3928 908 3997 ducebatur,
939 3944 1219 4000 sequens.
1257 3929 1405 3983 Cum
1438 3944 1580 3984 vero
1603 3929 1761 3986 illam
1792 3946 1924 3999 gra-

263 4018 392 4074 tiam
424 4019 523 4076 sui
553 4019 892 4076 Conditoris
938 4018 1220 4091 respexit,
1253 4017 1539 4074 continuo
1572 4019 1738 4089 pacis
1766 4019 1827 4076 in
1861 4035 1922 4074 se

253 4110 305 4161 et
329 4106 544 4163 locum
565 4107 796 4163 invenit
814 4112 869 4163 et
897 4123 1142 4163 nomen.

317 4217 346 4245 ιι
379 4199 624 4252 Domus
653 4201 856 4253 autem
883 4212 1072 4269 quam
1103 4195 1444 4252 aediﬁcabat
1485 4209 1591 4250 rex
1642 4194 1925 4252 Salomon

251 4306 277 4333 κ
303 4285 596 4352 Domino,
627 4285 891 4342 habebat
921 4285 1231 4354 sexaginta
1286 4283 1518 4340 cubitos
1570 4283 1632 4340 in
1671 4283 1924 4354 longitu-

241 4397 269 4425 ι(
295 4375 473 4444 dine,
513 4379 570 4430 et
618 4375 827 4444 viginti
858 4375 1092 4430 cubitos
1122 4374 1184 4429 in
1232 4373 1566 4435 latitudine,
1600 4378 1660 4429 et
1683 4375 1920 4443 triginta

237 4486 268 4516 α
296 4466 557 4522 cubitos
588 4465 649 4519 in
681 4463 1010 4520 altitudine.
1038 4487 1065 4513 ››
1107 4462 1440 4533 Longitudo
1469 4462 1689 4517 domus
1714 4463 1920 4534 longa-

235 4556 594 4614 nimitatem
625 4555 902 4622 designat
931 4552 1223 4623 Ecclesiaa,
1254 4551 1486 4623 quia_in
1515 4552 1722 4607 exsilio
1751 4569 1920 4624 pere-

236 4645 612 4715 grinationis
637 4645 818 4714 hujus
864 4643 1158 4715 patienter
1205 4643 1462 4698 adversa
1490 4657 1746 4713 qumque
1778 4642 1920 4698 tole-

235 4742 347 4807 rat,
380 4737 598 4793 donec
630 4733 709 4789 ad
738 4733 994 4805 patriam
1016 4748 1202 4804 quam
1234 4735 1558 4803 exspectat,
1590 4733 1916 4803 perveniat.

237 4826 532 4884 Latitudo
563 4823 833 4878 insinuat
862 4821 1232 4887 charitatem,
1291 4836 1414 4892 qua
1471 4819 1739 4875 dilatatio
1788 4820 1920 4874 sinu

234 4918 462 4972 mentis
502 4929 628 4970 non
669 4913 867 4968 solum
898 4913 1126 4968 amicos
1154 4911 1216 4966 in
1249 4911 1388 4978 Deo,
1413 4909 1518 4964 sed
1560 4913 1618 4964 et
1646 4908 1920 4964 inimicos

230 5007 498 5078 diligere
535 5003 757 5073 gaudet
786 5005 1032 5074 propter
1061 5001 1280 5056 Deum:
1323 5000 1517 5055 donec
1547 4997 1750 5053 veniat
1778 5005 1921 5056 tem-

227 5111 366 5168 pus,
397 5092 670 5169 quando
701 5092 823 5147 sive
859 5091 938 5147 ad
968 5107 1182 5163 pacem
1223 5106 1397 5145 suam
1438 5087 1766 5154 conversis,
1793 5088 1917 5144 sive

227 5187 522 5243 funditus
553 5181 844 5238 omnibus
894 5179 1198 5237 exstinctis
1255 5179 1536 5242 inimicis,
1581 5195 1722 5234 eum
1774 5178 1916 5234 solis

228 5277 514 5348 gaudeat
547 5273 760 5329 amicis
789 5273 848 5328 in
881 5275 1022 5327 Deo.
1071 5269 1333 5326 Altitudo
1384 5285 1553 5341 spem
1605 5269 1920 5324 denuntiat

227 5366 453 5423 futurae
488 5362 917 5422 retributionis,
946 5361 1118 5432 cujus
1150 5359 1366 5416 intuitu
1395 5359 1646 5413 libenter
1705 5359 1920 5414 intima

224 5470 531 5528 quasque,
585 5453 708 5507 sive
774 5467 910 5523 quae
979 5449 1342 5514 demulcent,
1407 5447 1529 5502 sive
1598 5463 1732 5518 quae
1815 5449 1917 5502 ad-

222 5551 583 5612 versantur,
619 5541 980 5599 contemnit:
1015 5556 1206 5613 usque
1246 5540 1394 5594 dum
1425 5539 1690 5609 utrisque
1724 5542 1912 5593 trans-

226 5635 460 5704 censis,
495 5632 623 5689 sola
654 5636 955 5692 mereatur
978 5631 1180 5689 videre
1209 5630 1376 5688 bona
1395 5627 1631 5685 Domini
1661 5627 1724 5684 in
1755 5631 1910 5684 terra

2031 366 2315 431 titudinis,
2345 385 2466 425 non
2499 385 2688 440 usque
2717 367 2795 428 ad
2826 371 3044 424 tectum
3073 367 3299 440 templi,
3345 368 3451 424 sed
3481 383 3672 440 usque

2025 455 2105 512 ad
2135 458 2510 516 ccenaculum
2543 458 2786 518 inferius
2814 457 3252 530 pertingebant.
3282 459 3556 529 Namque
3609 455 3673 514 in

2023 544 2173 602 libro
2205 547 2701 620 Paralipomenon
2745 551 2945 620 aperte
3002 547 3292 619 scriptum
3343 550 3452 614 est,
3504 545 3672 618 quod

2023 633 2275 691 altitudo
2301 641 2542 694 centum
2586 635 2794 706 viginti
2825 635 3163 698 cubitorum
3221 638 3363 694 erat.
3412 635 3492 692 De
3549 649 3671 708 quo

2023 731 2162 795 post
2189 725 2317 780 base
2347 726 2559 784 dicturi
2586 742 2814 781 sumus.

2097 835 2121 861 α
2155 815 2418 871 Porticus
2449 820 2576 874 erat
2597 820 2732 874 ante
2783 813 3074 886 templum
3101 813 3308 882 viginti
3333 813 3671 880 cubitorum

2023 921 2051 950 ‹‹
2084 900 2475 971 longitudinis
2500 904 2673 974 juxta
2698 918 3048 960 mensuram
3089 901 3416 961 latitudinis
3445 903 3670 975 templi,

2022 1013 2050 1040 ι(
2083 992 2421 1048 ethabcbat
2450 993 2658 1050 decem
2685 993 2921 1050 cubitos
2954 992 3277 1048 latitudinis
3307 996 3441 1049 ante
3460 991 3672 1056 faciem

2023 1103 2050 1128 α
2088 1082 2311 1154 templi.
2339 1106 2367 1132 ››
2396 1083 2705 1155 Templum
2738 1098 3003 1154 namque
3027 1086 3153 1140 erat
3193 1097 3549 1145 conversum
3593 1082 3672 1144 ad

2022 1170 2329 1240 orientem,
2361 1173 2512 1229 sicut
2540 1177 2597 1228 et
2628 1171 3106 1232 tabernaculum.
3141 1171 3531 1244 Habebatque
3575 1187 3671 1238 os.-

2022 1259 2171 1316 tium
2248 1261 2513 1333 porticus
2599 1262 2678 1320 ab
2757 1261 3024 1325 oriente,
3143 1251 3350 1319 contra
3448 1260 3669 1322 ostium

2025 1343 2262 1420 templi,
2312 1351 2484 1420 juxta
2553 1351 2720 1424 quod
2789 1350 3106 1408 historicus
3175 1349 3521 1408 Judaeorum
3583 1350 3672 1412 Je-

2023 1439 2245 1510 sephus
2276 1440 2650 1512 apertissime
2681 1441 2892 1496 docet:
2928 1441 3009 1496 ita
3053 1444 3115 1496 ut
3153 1439 3241 1494 sol
3292 1439 3672 1510 aequinoctia-

2021 1524 2092 1580 lis
2122 1527 2338 1595 oriens,
2362 1527 2600 1584 directis
2633 1528 2938 1583 radiorum
2972 1544 3217 1582 suorum
3243 1527 3433 1597 lineis,
3459 1543 3566 1599 per
3583 1543 3677 1584 os-

2025 1614 2103 1668 tia
2133 1615 2238 1670 tria
2259 1616 2524 1686 porticus
2551 1616 2841 1685 videlicet,
2875 1621 2931 1671 et
2963 1615 3166 1686 templi
3205 1619 3262 1670 et
3308 1615 3554 1682 oraculi,
3586 1630 3676 1670 ar-

2023 1717 2158 1758 cam
2187 1704 2522 1760 testamenti
2556 1703 2913 1776 perfundere
2949 1708 3175 1776 posset.
3202 1703 3351 1768 Quia
3383 1706 3676 1764 verotem-

2023 1791 2189 1863 plum
2220 1797 2487 1849 sanctam
2548 1792 2870 1848 Ecclesiam
2918 1792 3216 1862 designat,
3245 1792 3508 1866 porticus
3538 1807 3675 1863 quae

2023 1884 2149 1936 erat
2179 1886 2314 1940 ante
2359 1881 2669 1954 templum.
2724 1889 2778 1937 et
2820 1881 3065 1954 propior
3101 1881 3296 1936 lucem
3349 1880 3490 1935 solis
3523 1879 3676 1936 acci-

2022 1986 2163 2041 pere
2192 1971 2439 2041 solebat,
2475 1971 2622 2043 quid
2653 1971 2916 2042 apertius
2945 1986 3130 2042 quam
3168 1969 3333 2025 illam
3385 1970 3436 2040 ej
3449 1986 3516 2024 us
3540 1983 3676 2041 par-

2023 2063 2164 2125 tem,
2197 2075 2333 2129 quae
2364 2059 2684 2115 Dominicis
2735 2057 3164 2116 incarnationis
3211 2062 3483 2127 tempore
3530 2071 3676 2126 prae-

2026 2146 2219 2215 cessit,
2255 2148 2450 2219 typice
2481 2147 2794 2203 denuntiat
2811 2149 2837 2203 ?
2867 2151 2926 2204 In
2958 2164 3080 2218 qua
3099 2150 3237 2200 sunt
3257 2144 3607 2217 patriarchas
3622 2147 3682 2200 et

2024 2237 2354 2308 prophetae,
2406 2236 2510 2308 qui
2541 2237 2828 2294 orientem
2858 2235 2998 2294 huic
3026 2234 3257 2292 mundo
3289 2232 3477 2289 solem
3501 2231 3676 2303 justi-

2029 2325 2115 2381 tiae
2150 2326 2326 2397 primi
2357 2331 2767 2398 susceperunt,
2795 2330 2852 2382 et
2879 2324 3149 2382 nascenti
3180 2324 3239 2378 in
3271 2338 3450 2379 carne
3483 2322 3680 2384 Domi-

2026 2431 2106 2470 no
2135 2415 2564 2482 testimonium,
2614 2416 2738 2474 sive
2785 2415 3060 2480 vivendo,
3096 2413 3218 2469 sive
3267 2411 3675 2484 praedicando,

2028 2505 2149 2564 sive
2181 2505 2509 2574 nascendo,
2540 2505 2660 2561 sive
2682 2505 2860 2561 etiam
2887 2502 3220 2572 moriendo,
3269 2501 3674 2574 praebuerunt.

2029 2596 2253 2651 Ostium
2291 2611 2431 2651 vero
2455 2595 2659 2667 templi
2685 2595 2974 2652 Dominus
3002 2598 3120 2649 est:
3151 2591 3294 2664 quia
3323 2612 3350 2642 ί(
3373 2606 3555 2646 nemo
3583 2605 3679 2649 ve-

2026 2683 2112 2738 nit
2141 2684 2217 2740 ad
2249 2687 2502 2754 Patrem,
2530 2685 2644 2740 nisi
2672 2700 2779 2756 per
2818 2683 3015 2756 ipsum
3061 2684 3260 2752 (Joun.
3291 2680 3424 2750 Xiv).
3462 2702 3490 2730 ι)
3521 2681 3586 2738 Et
3609 2678 3681 2734 si-

2027 2778 2127 2830 cut
2147 2773 2289 2830 alibi
2318 2773 2570 2830 dicitur:
2605 2798 2631 2823 α
2663 2777 2785 2842 Ego
2831 2791 2965 2828 sum
3014 2773 3270 2830 ostium:
3323 2785 3430 2842 per
3479 2785 3578 2826 me
3631 2768 3678 2824 si

2027 2864 2164 2934 quis
2197 2864 2504 2930 introierit,
2525 2864 3070 2933 salvabitur(Joan.
3091 2865 3203 2929 x).-
3241 2861 3471 2918 Ostium
3498 2858 3679 2930 porti-

2029 2969 2134 3006 cus
2159 2969 2358 3008 sermo
2386 2957 2473 3007 est
2497 2952 2901 3024 propheticus,
2920 2951 3023 3023 qui
3045 2950 3220 3022 quasi
3237 2954 3396 3005 recto
3419 2948 3566 3006 calle
3585 2947 3676 3004 in-

2031 3040 2384 3109 gredientes,
2407 3040 2466 3098 in
2497 3041 2715 3102 ostium
2744 3040 2948 3112 templi
2977 3038 3360 3112 perducebat:
3392 3037 3536 3109 quia
3550 3051 3679 3106 gra-

2030 3129 2176 3184 tiam
2195 3129 2431 3186 Domini
2453 3130 2772 3190 Salvatoris
2793 3145 2916 3200 qua
2933 3127 3231 3184 mundum
3253 3131 3378 3182 erat
3405 3125 3680 3197 redemp-

2032 3223 2222 3286 turus,
2246 3223 2447 3290 aperte
2480 3219 2863 3289 praedicabat.
2881 3220 3131 3275 Factura
3152 3231 3294 3284 ergo
3307 3215 3568 3286 porticus
3587 3219 3675 3272 to-

2033 3311 2090 3362 ta
2120 3307 2327 3362 tideles
2386 3307 2542 3364 illius
2594 3307 2879 3378 temporis
2933 3305 3247 3376 signiﬁcat.
3281 3304 3508 3362 Ostium
3537 3319 3677 3359 vero

2031 3395 2091 3464 in
2119 3396 2382 3467 porticus
2409 3396 2685 3454 doctores
2736 3395 2841 3466 qui
2891 3395 3114 3451 caeteris
3171 3394 3366 3450 lucem
3414 3392 3546 3448 vitm
3590 3392 3679 3462 ja-

2031 3501 2338 3558 nuamque
2369 3486 2633 3542 intrandi
2663 3485 2740 3541 ad
2796 3485 3115 3540 Dominum
3170 3482 3537 3554 pandebant,
3586 3497 3682 3536 ex-

2031 3576 2250 3647 primit.
2275 3579 2339 3631 Et
2375 3577 2529 3631 bene
2577 3591 2768 3630 unum
2797 3574 3019 3629 ostium
3051 3577 3294 3644 propter
3347 3587 3680 3635 consonam

2031 3666 2093 3722 in
2123 3666 2407 3721 omnibus
2439 3667 2658 3736 sanctis
2686 3665 2892 3734 ﬁdem,
2915 3679 2984 3719 ac
3001 3662 3379 3718 dilectionem
3398 3661 3678 3724 veritatis.

2033 3755 2174 3819 01.183
2207 3753 2477 3812 videlicet
2495 3754 2781 3825 porticus,
2803 3751 3358 3823 juxtalatitudinem
3373 3749 3579 3822 templi
3594 3749 3681 3808 vi-

2032 3842 2408 3911 ginticubitis
2428 3842 2609 3909 longa
2641 3846 2786 3907 erat,
2802 3842 2947 3912 quia
2971 3839 3256 3896 nimirum
3286 3839 3516 3909 antiqui
3539 3837 3684 3908 justi

2032 3947 2138 4002 per
2165 3932 2685 4001 longanimitatem
2713 3931 2942 3986 devotas
2992 3928 3230 3994 mentis,
3255 3926 3684 3985 desiderabant

2032 4022 2230 4077 venire
2264 4022 2340 4077 ad
2370 4020 2719 4076 dilationem
2771 4017 3065 4082 Ecclesiae,
3115 4017 3178 4073 in
3227 4017 3510 4073 charitate
3558 4015 3682 4086 Dei,

2032 4128 2168 4183 quae
2199 4116 2288 4167 est
2315 4111 2377 4166 in
2410 4109 2639 4167 Christo
2670 4107 2922 4163 Domino
2954 4111 3177 4161 nostro.

2106 4222 2133 4249 ‹‹
2165 4201 2440 4272 Fecitque
2471 4197 2531 4253 in
2561 4195 2783 4268 templo
2824 4195 3112 4250 fenestras
3163 4194 3464 4267 obliquas.
3511 4215 3541 4244 ιο
3583 4193 3688 4248 Fe-

2033 4293 2244 4344 nestrte
2273 4286 2475 4359 templi
2523 4285 2799 4342 doctores
2843 4283 3034 4341 sancti
3089 4288 3227 4340 sunt
3283 4287 3342 4340 et
3385 4280 3700 4354 spiritales-

2033 4379 2258 4451 quique
2291 4377 2352 4434 in
2401 4374 2682 4444 Ecclesia,
2735 4373 2958 4446 quibus
2989 4378 3185 4430 mente
3235 4369 3682 4438 excedentibus,

2033 4469 2152 4523 Deo
2205 4481 2426 4522 arcana
2480 4468 2842 4519 secretorum
2872 4462 3204 4518 caelestium
3233 4459 3548 4531 speciebus
3577 4472 3686 4511 ete-

2032 4558 2168 4612 teris
2195 4555 2395 4611 videre
2427 4553 2788 4609 conceditur.
2825 4551 2954 4617 Qui,
2987 4549 3134 4605 dum
3181 4563 3250 4602 ea
3291 4559 3437 4616 quae
3473 4544 3535 4598 in
3587 4558 3686 4597 oc-

2031 4646 2191 4701 culto
2246 4644 2469 4708 vident,
2510 4641 2750 4713 publice
2801 4638 3080 4695 fidelibus
3130 4633 3455 4707 pandunt:
3505 4629 3685 4702 quasi

2032 4739 2311 4806 suscepto
2341 4731 2566 4788 lumine
2595 4729 2756 4794 solis,
2791 4729 3059 4782 fenestrae
3085 4725 3294 4795 juncta
3337 4719 3542 4792 templi
3585 4735 3684 4791 pe-

2029 4823 2281 4879 netralia
2309 4821 2555 4892 replent.
2592 4817 2755 4874 Unde
2777 4815 2928 4870 bene
2954 4812 3183 4870 eaedem
3213 4811 3483 4866 fenestra:
3531 4807 3683 4866 obli-

2029 4929 2186 4984 qute,
2217 4911 2277 4966 id
2305 4915 2393 4965 est
2421 4910 2580 4964 intus
2607 4907 2846 4963 latiores
2877 4904 3058 4960 fuisse
3090 4902 3505 4976 perhibentur:
3537 4899 3685 4972 quia

2028 5001 2313 5058 nimirum
2347 5013 2588 5054 necesse
2619 5000 2727 5062 est,
2777 4998 2844 5050 ut
2870 4994 3149 5067 quisquis
3171 4992 3352 5064 jubar
3407 5005 3683 5063 superna:

2030 5087 2553 5162 contemplationis
2613 5085 2707 5142 vel
2763 5084 2843 5140 ad
2897 5086 3274 5138 momentum
3331 5078 3681 5153 perceperit,

2027 5197 2171 5236 mox
2199 5179 2402 5234 sinum
2433 5176 2630 5232 cordis
2661 5173 2924 5246 amplius
2947 5170 3302 5242 castigando
3351 5169 3574 5235 dilatet,
3607 5170 3684 5224 at-

2025 5286 2145 5343 que
2167 5269 2244 5325 ad
2269 5268 2502 5338 majora
2524 5263 2906 5337 capessenda
2930 5261 3130 5318 solerti
3179 5259 3593 5316 exercitatione
3620 5271 3683 5311 se

2025 5364 2336 5432 praeparet.

2099 5470 2125 5496 ‹‹
2161 5451 2226 5502 Et
2253 5445 2574 5502 aaditicavit
2616 5459 2797 5516 super
2836 5441 3126 5514 parietem
3163 5437 3367 5510 templi
3411 5433 3680 5492 tabulata

2023 5559 2051 5588 α
2084 5552 2192 5608 per
2219 5552 2459 5608 gyrum,
2504 5535 2566 5589 in
2597 5533 2925 5605 parietibus
2977 5531 3198 5586 domus
3229 5543 3338 5600 per
3367 5524 3678 5580 circuitum

2023 5647 2054 5677 α
2077 5624 2281 5698 templi
2309 5631 2368 5681 et
2385 5623 2636 5693 oraculi,
2669 5626 2727 5679 et
2745 5621 2884 5680 fecit
2907 5618 3173 5679 laterain
3189 5609 3679 5679 circuitu.-Tabu-
