4102 6184
481 149 592 205 H5

1593 151 1952 207 ANGELOMI
1991 142 2452 202 LUXOVIENSIS
2490 143 2805 200 MONACHI
3795 147 3889 202 4η

484 293 514 322 α
537 269 906 346 latumquod
927 274 1133 328 subter
1155 277 1298 339 erat,
1314 274 1581 345 quinque
1609 273 1842 329 cubitos
1869 268 2135 326 habebat
2173 271 2218 322 Α
2247 267 2426 322 riora.
2447 266 2661 324 fuerint
2683 282 2831 322 auro
2846 263 3265 331 vestitaQuod
3291 265 3368 320 ita
3390 263 3615 320 factum
3639 281 3768 322 esse
3780 283 3891 324 non

485 382 514 410 α
542 359 868 418 latitudinis
893 364 978 416 :et
1008 360 1275 415 medium
1295 361 1652 420 tabulatum.
1671 362 1776 417 sed
1798 361 2136 417 cubitorum

485 473 513 500 «
545 448 904 505 latitudinis:
937 452 994 504 et
1023 449 1260 504 tertium
1277 450 1637 514 tabulatum,
1659 457 1886 524 septem
1909 450 2138 505 habens

485 561 514 589 κ
545 537 779 592 cubitos
806 537 1162 594 latitudinis.
1207 560 1234 588 ››
1267 540 1402 595 Haec
1433 539 1700 597 tabulata
1726 541 1786 596 in
1819 539 2138 610 Evangelio

481 626 587 683 ubi
618 626 906 683 Dominus
937 631 1199 683 tentatur
1228 645 1265 684 a
1293 629 1556 697 diabolo,
1585 630 1910 703 pinnacula
1935 628 2140 702 templi

481 721 794 773 vocantur.
831 717 944 772 Sed
975 722 1030 772 et
1059 717 1352 775 Iacobum
1382 719 1621 776 fratrem
1644 721 1876 777 Domini
1899 724 2137 793 aposto-

487 805 634 871 lum,
664 806 724 860 in
772 805 1167 876 pinnaculum
1225 809 1452 881 templi,
1503 810 1664 866 unde
1720 810 1798 866 ad
1845 809 2139 882 populum

480 893 955 961 concionaretur,
993 895 1255 952 levatum
1287 914 1419 954 esse
1450 898 1726 968 legimus.
1786 902 1991 956 Utrum
2036 914 2139 953 au-

482 984 604 1036 tem
627 981 814 1037 moris
836 982 1011 1038 fuerit
1053 983 1419 1054 doctoribus,
1449 991 1512 1042 ut
1537 987 1630 1042 his
1670 986 1941 1043 sedentes
1973 986 2141 1042 tabu-

481 1067 619 1126 latis
652 1070 732 1125 ad
779 1071 1258 1129 circumstantem
1312 1074 1554 1130 inferius
1604 1076 1844 1132 turbam
1901 1075 2143 1132 fecerint

483 1175 846 1226 sermonem,
881 1175 1187 1233 nusquam
1243 1163 1529 1236 scriptum
1590 1165 1950 1221 invenimus.
1985 1168 2142 1220 Patet

481 1265 624 1306 vero
661 1249 812 1305 ratio
845 1251 1226 1321 sacramenti,
1260 1253 1405 1325 quia
1439 1253 1707 1310 tabulata
1735 1253 2143 1328 haactriatoti-

482 1338 622 1394 dem
689 1338 959 1394 fidelium
1014 1340 1261 1409 gradus,
1315 1343 1777 1413 conjugatorum
1844 1342 2136 1412 videlicet,

483 1426 913 1482 continentium
973 1433 1030 1484 et
1077 1429 1376 1499 virginum
1432 1431 1771 1501 designant,
1825 1432 2134 1487 distinctos

481 1515 727 1586 quidem
760 1516 1070 1573 altitudine
1100 1518 1506 1588 professionis,
1542 1521 1647 1576 sed
1689 1520 1968 1576 societate
1997 1521 2135 1575 fidei

483 1607 538 1658 et
568 1604 829 1659 veritatis
861 1605 1154 1675 ejusdem,
1212 1623 1423 1663 omnes
1475 1608 1554 1663 ad
1605 1608 1855 1663 domum
1905 1609 2134 1664 Domini

481 1693 862 1765 pertinentes,
895 1695 1066 1766 eique
1095 1695 1215 1750 ﬁxa
1240 1701 1438 1752 mente
1471 1697 1842 1754 inhaerentes.
1875 1697 1987 1752 Ubi
2009 1697 2138 1769 pul-

483 1781 622 1836 chre
643 1781 878 1851 dicitur,
894 1783 1037 1855 quia
1059 1783 1395 1840 tabulatum
1414 1785 1579 1857 quod
1597 1787 1799 1841 subter
1818 1791 1942 1841 erat
1961 1787 2136 1859 quin-

483 1886 602 1942 que
633 1870 867 1927 cubitos
899 1871 1164 1928 habebat
1193 1873 1543 1944 latitudinis,
1567 1875 1833 1930 medium
1867 1893 1990 1939 sex,
2033 1882 2139 1930 ter-

481 1958 630 2013 tium
672 1963 1270 2032 septem.Supernum
1289 1977 1431 2031 ergo
1464 1962 1795 2018 tabulatum
1819 1969 1945 2019 erat
1973 1968 2139 2019 caete-

481 2044 561 2098 ris
591 2047 929 2114 angustius,
958 2047 1227 2103 medium
1257 2065 1521 2121 superno
1557 2050 1753 2116 latius,
1776 2051 1879 2106 sed
1900 2052 2136 2107 inﬁrmo

481 2137 606 2189 erat
617 2133 839 2189 factum
857 2137 1240 2205 angustius.Q
1251 2138 1347 2194 uia
1363 2139 1646 2194 nimirum
1661 2140 1832 2196 altior
1846 2141 2137 2213 professio

480 2221 711 2278 virtutis
725 2225 1040 2280 arotiorem
1059 2225 1238 2282 debet
1251 2228 1438 2283 vitam
1459 2233 1652 2285 tenere
1666 2229 2136 2302 vivendi.Singu-

478 2308 538 2365 la
568 2315 768 2367 autem
817 2314 1085 2369 tabulata
1135 2315 1442 2372 habebant
1471 2318 1532 2372 in
1559 2317 1807 2374 circuitu
1836 2319 2044 2387 latera,
2076 2321 2136 2376 id

479 2403 568 2454 est
597 2402 933 2464 turriculas,
983 2419 1054 2458 ne
1094 2403 1264 2459 facile
1317 2406 1452 2476 quis
1481 2405 1541 2460 in
1595 2407 1820 2462 eisdem
1853 2408 2135 2464 tabulatis

479 2489 808 2544 consistens
831 2491 954 2546 sive
975 2491 1264 2562 residens,
1299 2500 1503 2566 posset
1531 2495 1608 2549 ad
1653 2496 1934 2550 inferiora
1980 2496 2134 2552 deci-

477 2575 651 2630 dere:
682 2579 847 2648 quod
877 2580 1147 2634 Ochozias
1181 2583 1306 2652 regi
1337 2583 1654 2652 contigisse
1676 2585 1734 2638 in
1770 2586 2038 2642 Samaria
2058 2587 2136 2641 1e-

479 2663 696 2733 gimus.
728 2666 870 2729 Quae
901 2668 1189 2722 nimirum
1219 2669 1406 2724 latera
1427 2686 1550 2725 non
1577 2672 1906 2742 incongrue
1935 2676 2132 2746 quoti-

476 2751 662 2808 diana
685 2753 900 2810 divinm
924 2757 1306 2827 protectionis
1332 2774 1589 2828 erganos
1621 2760 1960 2818 munimina
1983 2763 2134 2819 desi-

477 2848 685 2911 gnant.
715 2846 790 2898 De
808 2844 1029 2916 quibus
1059 2846 1364 2904 Psalmista
1390 2867 1401 2903 :
1434 2871 1458 2896 ‹‹
1477 2849 1996 2922 lmmittet,inquit.
2022 2869 2128 2908 an-

2247 353 2502 411 dubium
2530 359 2643 422 est,
2677 360 2741 410 ut
2762 355 2874 410 illas
2907 355 3165 411 trabium
3195 357 3416 426 partes,
3461 370 3599 425 qua:
3641 355 3796 411 intus
3836 359 3890 413 in

2249 441 2472 516 templo
2489 447 2678 512 erant,
2707 444 2901 499 aureis
2918 448 3119 498 essent
3143 441 3380 498 laminis
3402 444 3739 508 tectae.Quaa
3761 461 3889 502 vero

2247 531 2390 587 foris
2416 531 2813 604 apparebant,
2833 533 2925 588 hae
2957 532 3219 587 minimae
3247 531 3548 587 deaurata:
3584 532 3777 604 ipsam
3805 551 3889 591 ce-

2247 620 2338 676 dri
2369 621 2628 693 speciem
2684 620 3064 692 formamque
3106 621 3333 676 cunctis
3388 621 3792 690 ostenderent,
3834 624 3887 680 in

2248 726 2373 782 qua
2405 715 2607 766 tamen
2660 711 2942 782 imposita
2973 709 3210 765 sibimet
3241 709 3531 775 tabulata,
3567 711 3885 780 gestabant.

2249 799 2422 864 Quod
2452 815 2595 869 ergo
2652 800 3018 855 extrinsecus
3063 798 3366 854 eminebat
3412 799 3693 866 trabium,
3723 801 3887 857 vitam

2249 893 2593 945 sanctorum
2629 905 2765 962 quae
2799 888 2975 943 nobis
3008 889 3067 943 in
3098 888 3266 944 terris
3299 889 3671 943 innotescere
3718 889 3889 961 potuit

2249 975 2540 1046 designat.
2573 977 2746 1043 Quod
2774 977 2935 1032 intus
2982 977 3042 1033 in
3081 977 3305 1050 templo
3334 977 3697 1034 deauratum
3725 977 3888 1049 fulge-

2247 1065 2374 1134 bat,
2427 1067 2756 1122 claritatem
2789 1067 2954 1122 illam
2998 1084 3122 1140 qua
3152 1069 3212 1123 in
3245 1067 3468 1123 caelesti
3498 1067 3697 1139 patria
3721 1068 3778 1124 in
3805 1085 3887 1125 as-

2249 1160 2427 1229 pectu
2459 1157 2550 1212 sui
2581 1157 2846 1227 gaudent
2875 1159 3185 1226 Creatoris,
3219 1157 3474 1226 ﬁgurate
3501 1157 3816 1214 denuntiat.

2321 1267 2351 1296 u
2385 1246 2610 1301 Domus
2631 1251 2832 1302 autem
2859 1263 2999 1302 cum
3029 1247 3446 1310 aediﬁcaretur,
3472 1246 3762 1319 lapidibus
3789 1246 3878 1302 de-

2253 1356 2283 1384 «
2311 1334 2528 1390 dolatis
2553 1341 2732 1407 atque
2763 1337 3056 1408 perfectis,
3077 1336 3372 1392 aedificata
3407 1342 3513 1403 est,
3557 1344 3613 1392 et
3635 1335 3870 1406 malleus,

2250 1449 2279 1475 ‹‹
2307 1430 2364 1482 et
2390 1427 2711 1492 securis,et
2741 1443 2920 1482 omne
2939 1427 3368 1482 ferramentum
3390 1443 3511 1482 non
3547 1433 3680 1483 sunt
3701 1426 3876 1482 audita

2252 1538 2278 1563 «
2309 1515 2371 1570 in
2401 1515 2606 1583 domo,
2631 1531 2768 1570 cum
2801 1515 3217 1586 aedificaretur.
3251 1533 3282 1567 ›
3321 1515 3455 1570 Haec
3485 1515 3572 1571 ad
3602 1515 3755 1571 illam
3787 1517 3877 1570 Ec-

2183 1617 2221 1670 Β
2249 1603 2440 1658 clesiaa
2480 1608 2732 1675 partem,
2765 1620 2901 1676 quae
2945 1609 3082 1677 post
3128 1605 3312 1673 hujus
3347 1604 3556 1659 saeculi
3583 1603 3804 1660 labores
3828 1608 3874 1659 et

2249 1692 2595 1758 certamina,
2647 1692 2724 1747 ad
2757 1697 2981 1748 aeterna
3025 1691 3276 1764 praemia
3326 1693 3546 1748 meruit
3591 1691 3874 1759 introduci,

2247 1781 2486 1853 proprie
2512 1781 2831 1852 pertinent.
2865 1781 2947 1835 lbi
2983 1781 3202 1836 etenim
3224 1780 3464 1852 perfecti
3497 1779 3871 1846 solummodo,

2247 1873 2304 1924 et
2333 1869 2703 1925 immaculati
2736 1875 2915 1942 atque
2927 1869 3007 1925 ob
3033 1870 3199 1924 omni
3219 1869 3355 1925 labe
3381 1870 3703 1942 iniquitatis
3727 1868 3872 1925 casti-

2246 1959 2387 2028 gati,
2417 1957 2851 2026 ingrediuntur.
2881 1962 3009 2014 Non
3039 1959 3195 2013 enim
3229 1959 3406 2014 intrat
3432 1958 3492 2014 in
3514 1959 3671 2014 illam
3697 1957 3871 2013 civita-

2247 2051 2365 2102 tem
2397 2047 2621 2119 aliquid
2643 2047 3120 2119 coinquinatum,
3142 2047 3369 2102 faciens
3391 2047 3870 2104 abominationem

2247 2140 2304 2191 et
2333 2136 2738 2203 mendacium,
2773 2136 2923 2192 sicut
2950 2137 3011 2192 in
3058 2136 3421 2210 Apocalypsi
3453 2136 3680 2210 scripsit
3713 2137 3868 2190 Joan-

2245 2241 2373 2292 nes,
2399 2248 2424 2274 ‹‹
2453 2226 2552 2281 ubi
2574 2225 2828 2281 malleus
2846 2231 2902 2281 et
2929 2226 3150 2282 securis
3183 2231 3238 2280 et
3266 2243 3448 2282 omne
3468 2225 3863 2282 ferramentum

2246 2305 2370 2369 non
2399 2315 2640 2369 auditur
2686 2315 2896 2384 (Apoc.
2924 2315 3065 2385 xxi),
3095 2337 3121 2363 »
3152 2314 3297 2386 quia
3327 2315 3422 2371 hic
3453 2314 3738 2370 tundimur
3761 2311 3854 2366 ad-

2244 2397 2646 2471 versitatibus,
2697 2406 2754 2458 et
2803 2402 3120 2476 disciplina
3148 2404 3407 2460 veritatis
3435 2415 3763 2466 exercemur,
3794 2401 3850 2450 ut

2244 2487 2361 2546 illic
2390 2490 2534 2545 locis
2555 2491 2726 2560 juxta
2756 2491 3034 2546 meritum
3085 2492 3364 2562 congruis
3383 2492 3756 2563 disponamur,
3783 2486 3836 2538 et

2246 2579 2630 2648 castigatione
2653 2584 2941 2645 cessante,
2971 2579 3098 2634 solo
3130 2581 3347 2636 amoris
3376 2579 3587 2648 glutino
3615 2577 3746 2646 (quo
3772 2570 3846 2627 ad

2241 2667 2497 2723 invicem
2527 2667 2902 2740 copulemur)
2930 2684 3053 2724 uno
3079 2668 3296 2742 impleti
3324 2668 3528 2740 spiritu
3552 2660 3851 2738 perfunda-

2245 2772 2402 2813 mur.

2319 2869 2345 2894 ι(
2380 2845 2609 2901 Ostium
2629 2845 2828 2901 lateris
2853 2847 3036 2902 medii
3059 2848 3121 2902 in
3139 2848 3361 2919 pariete
3383 2845 3718 2902 eratdomus
3739 2840 3862 2895 dex-

477 2929 678 2998 gelum
709 2932 1021 3000 Dominus,
1083 2935 1143 2990 in
1188 2936 1434 2992 circuitu
1481 2937 1814 2994 timentium
1863 2956 2023 3008 eum,
2073 2947 2130 2997 et
2175 2963 2216 3018 ρ
2248 2956 2274 2981 ‹‹
2307 2939 2433 3004 trae,
2456 2939 2512 2989 et
2539 2950 2646 3006 per
2666 2935 2940 2990 cochleas
2968 2936 3375 2992 ascendebant
3401 2936 3461 2991 in
3493 2932 3741 2991 medium
3760 2945 3861 2986 οω-

475 3018 681 3091 eripiet
710 3036 813 3076 eos
867 3022 1057 3092 (Psal.
1089 3027 1306 3092 χχχιιι).
1345 3047 1371 3072 ››
1433 3025 1716 3083 Ascendit
1765 3027 2011 3099 quidem
2069 3029 2128 3084 in

474 3110 853 3167 cmnaculum
887 3113 1172 3168 Ochozias
1203 3131 1303 3170 rex
1331 3116 1639 3182 Samariae,
1666 3117 1768 3188 qui
1798 3134 1858 3172 se
1881 3135 1916 3173 a
1946 3119 2129 3174 domo

475 3198 661 3254 David
692 3208 1096 3273 separaverat,
1122 3203 1223 3258 sed
1257 3220 1362 3276 per
1392 3205 1692 3261 cancellos
1717 3206 1955 3262 decidit.
1981 3209 2130 3273 Quia

472 3291 528 3342 et
559 3288 606 3341 si
639 3288 917 3355 haeretici,
953 3291 1071 3345 sive
1095 3292 1479 3360 schismatici,
1509 3294 1776 3367 aliquam
1805 3295 1980 3350 boum
2029 3313 2128 3352 ac—

471 3374 646 3429 tionis
700 3391 898 3431 arcem
960 3381 1364 3436 conscendere
1435 3381 1728 3447 videntur,
1792 3385 1934 3454 quia
1991 3390 2128 3440 tunc

472 3475 829 3530 compagem
900 3462 1326 3519 Ecclesiasticae
1399 3469 1635 3522 unitatis
1700 3485 1822 3524 non
1879 3471 2123 3541 habent,

469 3547 641 3618 quasi
670 3549 1010 3617 patentibus
1042 3555 1098 3605 et
1123 3567 1244 3606 non
1275 3554 1460 3608 solitis
1504 3555 1756 3610 laterum
1812 3560 2122 3628 praesidiis,

469 3650 708 3705 semper
741 3637 817 3691 ad
849 3637 1128 3696 vitiorum
1161 3640 1372 3699 intima
1397 3643 1768 3713 relabuntur,
1799 3646 1944 3702 dum
1975 3649 2123 3704 divi-

467 3739 549 3779 no
573 3723 835 3781 destituti
893 3728 1137 3788 auxilio.
1197 3746 1319 3785 suae
1378 3731 1719 3803 pertinaciae
1769 3734 1925 3791 fastu
1979 3736 2124 3792 inte-

467 3818 657 3868 reunt.
711 3816 838 3880 Qua
869 3821 1069 3872 autem
1129 3823 1252 3874 arte
1301 3820 1550 3892 praefata
1605 3821 1874 3879 tabulata
1928 3826 2124 3896 parie-

466 3901 625 3957 tibus
652 3904 855 3976 templi
881 3912 1018 3962 sunt
1043 3906 1244 3978 afﬁxa,
1281 3909 1621 3966 declaratur
1660 3928 1796 3968 cum
1825 3913 2120 3970 subditur.

539 4013 565 4038 «
599 3992 815 4048 Trabes
845 3999 1043 4049 autem
1067 3997 1267 4068 posuit
1292 3998 1352 4052 in
1379 3999 1562 4054 domo
1589 4015 1694 4071 per
1715 4002 2123 4058 circuitume-

468 4099 496 4126 ι(
524 4077 811 4138 rinsecus.
847 4085 906 4135 ut
939 4098 1058 4138 non
1082 4084 1376 4141 haererent
1398 4088 1584 4141 muris
1611 4089 1872 4161 templi.»
1906 4091 2122 4147 Trabes

465 4179 608 4232 ergo
637 4181 774 4236 quae
798 4167 1155 4226 intrinsecus
1185 4173 1438 4228 domum
1467 4176 1821 4232 muniebant
1866 4184 1922 4233 et
1946 4194 2120 4233 orna-

464 4252 632 4320 bant,
664 4259 839 4312 tanta:
871 4263 1040 4313 erant
1077 4259 1486 4329 longitudinis,
1542 4270 1604 4318 ut
1662 4266 1855 4337 capita
1909 4282 2117 4322 eorum

465 4341 797 4399 forinsecus
839 4347 1280 4425 prominerent:
1314 4350 1369 4405 in
1401 4351 1611 4407 inﬁmo
1639 4354 1886 4425 quidem
1910 4355 2118 4411 ordine

463 4430 802 4488 cubitorum
859 4422 1109 4506 septem,
1166 4436 1224 4491 in
1272 4439 1470 4494 medio
1528 4422 1676 4508 sex;
1714 4442 1774 4497 in
1833 4460 2118 4516 supremo

462 4521 752 4595 quinque,
787 4530 969 4597 atque
1003 4525 1058 4582 in
1100 4525 1328 4581 eisdem
1348 4527 1664 4600 capitibus,
1697 4546 1906 4587 earum
1938 4532 2120 4588 tribu-

461 4608 580 4666 lata
642 4621 1171 4686 componerentur,
1219 4632 1605 4689 nequaquam
1666 4622 1855 4676 muris
1913 4621 2120 4695 templi

461 4695 666 4767 inﬁxa,
721 4703 822 4757 sed
853 4705 1026 4772 juxta
1067 4722 1276 4760 muros
1319 4705 1610 4777 trabibus,
1644 4723 1780 4780 quae
1820 4709 1895 4767 de
1932 4711 2117 4767 muris

463 4784 766 4857 exiebant,
802 4796 1194 4865 superposita.
1227 4795 1378 4862 Quid
1405 4798 1606 4869 itaque
1656 4815 1762 4871 per
1793 4801 1988 4858 trabes
2013 4803 2116 4858 do-

462 4884 799 4962 mus-qum
840 4881 1110 4937 tabulata
1146 4887 1488 4956 portabant,
1531 4889 1643 4944 nisi
1694 4891 2115 4962 praedicatores

462 4959 650 5013 sancti
676 4969 812 5016 sunt
845 4967 1039 5036 typice
1064 4969 1407 5038 designati?
1439 4976 1548 5039 Qui
1575 4959 1721 5032 dum
1767 4979 1882 5050 ipsi
1927 4981 2114 5036 subli-

461 5058 622 5098 mem
649 5051 827 5118 atque
857 5050 1272 5111 honorabilem
1295 5059 1356 5112 in
1389 5062 1647 5118 Ecclesia
1675 5067 1774 5119 Dei
1804 5066 2005 5121 locum
2031 5073 2113 5122 te-

462 5137 622 5198 nent,
653 5134 1011 5193 infirmiores
1041 5156 1316 5213 quosque
1347 5161 1416 5201 ac
1450 5148 1707 5217 fragiles,
1735 5153 1857 5206 suis
1907 5155 2116 5224 praedi-

463 5219 798 5278 cationibus
829 5225 908 5280 ab
951 5227 1324 5287 inﬁrmorum
1358 5238 1625 5306 appetitu
1657 5219 1990 5305 sustollunt,
2026 5247 2115 5296 at-

461 5324 578 5381 que
609 5311 687 5366 ad
706 5313 965 5370 caelestia
999 5313 1403 5375 desideranda
1443 5337 1512 5377 ac
1542 5327 1840 5395 speranda
1869 5344 2114 5400 suspen-

461 5397 630 5454 dunt:
665 5401 786 5455 suis
817 5402 996 5458 etiam
1018 5405 1562 5478 intercessionibus,
1580 5417 1642 5466 ut
1662 5413 1722 5466 in
1755 5397 2116 5488 coeptis—per-

464 5485 674 5544 sistant
687 5491 992 5562 adjuvant.
1020 5492 1292 5561 Legimus
1309 5500 1513 5551 autem
1556 5499 1615 5553 in
1647 5499 1798 5555 libro
1821 5485 2116 5579 Daralipo-

463 5578 875 5652 menon,quod
891 5579 1088 5637 trabes
1113 5583 1338 5656 templi,
1351 5583 1504 5642 sicut
1518 5590 1796 5648 etcaetera
1811 5592 1860 5664 ej
1872 5609 1942 5650 us
1957 5578 2107 5653 inte-

2243 3025 2550 3093 naculum,
2581 3030 2636 3080 et
2667 3041 2703 3080 a
2733 3026 2933 3081 medio
2962 3027 3021 3082 in
3063 3027 3323 3082 tertium.
3360 3049 3387 3074 ι)
3429 3024 3676 3092 Quidam
3717 3022 3860 3076 hunc

2242 3113 2445 3168 locum
2474 3114 2630 3170 male
2657 3113 3070 3187 intelligentes,
3105 3120 3322 3187 putant
3364 3115 3582 3170 ostium
3619 3109 3805 3184 templi
3830 3125 3860 3164 a

2242 3201 2489 3257 meridie
2518 3202 2718 3270 fuisse,
2747 3219 2868 3258 non
2891 3203 3282 3275 attendentes,
3316 3203 3462 3276 quia
3505 3203 3552 3258 si
3580 3203 3686 3258 hoc
3704 3197 3862 3268 signi-

2240 3288 2418 3346 ﬁcare
2438 3291 2746 3362 voluisset,
2773 3291 3074 3364 Scriptura
3097 3308 3221 3348 non
3237 3293 3319 3348 ita
3343 3292 3590 3348 diceret:
3608 3313 3632 3340 ‹‹
3659 3288 3862 3347 Ostium

2238 3379 2438 3436 lateris
2485 3381 2665 3435 medii
2693 3382 2754 3435 in
2786 3386 2956 3452 parte
2994 3387 3119 3436 erat
3165 3381 3387 3437 domus
3443 3381 3740 3446 dextram»
3769 3374 3860 3430 sed

2238 3467 2323 3524 ita
2349 3469 2546 3538 potius
2567 3468 2957 3539 simpliciter:
3021 3473 3085 3525 Et
3123 3470 3390 3526 habebat
3413 3471 3628 3525 domus
3661 3466 3860 3523 ostium

2241 3555 2320 3611 ad
2347 3555 2685 3610 meridiem.
2719 3559 2885 3611 Nunc
2914 3563 3116 3614 autem
3148 3559 3327 3627 longe
3364 3558 3526 3614 aliud
3557 3554 3852 3625 signiﬁcat:

2239 3647 2379 3700 Pars
2404 3660 2670 3716 namque
2692 3644 2910 3701 domus
2954 3647 3176 3703 dextrae
3207 3648 3362 3704 latus
3389 3646 3590 3720 templi
3615 3640 3853 3700 meridia-

2236 3747 2385 3789 num
2406 3733 2638 3799 dicitur,
2688 3735 2749 3789 in
2775 3736 2947 3806 cujus
2977 3742 3146 3809 parte
3186 3737 3470 3795 orientale
3500 3736 3709 3792 ostium
3749 3735 3860 3786 erat

2235 3821 2299 3876 in
2327 3821 2458 3894 ipso
2487 3823 2710 3891 angulo
2741 3822 2966 3880 factum
2993 3825 3167 3896 juxta
3217 3831 3453 3892 terram,
3503 3826 3570 3880 in
3617 3839 3730 3896 quo
3789 3819 3867 3876 in-

2240 3913 2559 3979 troeuntes,
2617 3911 2815 3967 statim
2881 3912 2959 3968 ad
3001 3913 3214 3970 altiora
3263 3914 3565 3985 gradatim
3613 3909 3871 3969 ascende-

2233 3997 2404 4062 bant,
2436 3999 2730 4056 habentes
2779 4001 2941 4057 viam
2997 4019 3282 4058 ascensus
3324 4019 3432 4076 per
3476 4003 3614 4075 ipsa
3651 3997 3874 4074 parietis

2235 4087 2537 4157 interiora,
2569 4089 2761 4144 donec
2783 4090 3175 4146 ascenderent
3205 4091 3280 4146 ad
3313 4090 3588 4148 medium
3615 4104 3869 4146 caanacu-

2233 4176 2382 4244 lum,
2406 4181 2461 4232 et
2491 4194 2527 4232 a
2555 4177 2753 4234 medio
2785 4180 3161 4250 pervenirent
3189 4181 3267 4236 ad
3318 4180 3580 4237 tertium.
3623 4184 3736 4237 Nec
3779 4177 3875 4233 du-

2233 4265 2575 4335 bitandum,
2605 4268 2888 4338 quamvis
2917 4268 3033 4324 hoc
3067 4271 3369 4341 Scriptura
3392 4284 3512 4324 non
3557 4270 3721 4326 dicat
3747 4266 3878 4340 quia

2235 4351 2318 4408 sic
2344 4353 2733 4411 ascendentes
2763 4356 3156 4412 creberrimas
3199 4357 3507 4413 habebant
3562 4376 3604 4415 a
3646 4355 3880 4415 meridie

2233 4440 2544 4508 fenestras,
2580 4459 2838 4515 quarum
2888 4444 3020 4500 luce
3075 4462 3180 4518 per
3210 4445 3414 4501 omnia
3449 4451 3504 4501 et
3535 4449 3669 4504 sine
3712 4446 3884 4503 offen-

2233 4529 2398 4585 sione
2428 4531 2535 4586 iter
2565 4539 2843 4599 agerent:
2877 4534 2982 4605 qui
3014 4534 3296 4590 nimirum
3323 4533 3511 4601 locus,
3547 4536 3792 4609 proprie
3812 4531 3883 4589 ad

2231 4635 2450 4692 corpus
2482 4620 2857 4677 Dominicum
2901 4622 3068 4695 quod
3099 4623 3173 4679 de
3201 4623 3430 4694 virgine
3457 4627 3743 4698 sumpsit,
3773 4640 3887 4680 res-

2229 4708 2387 4781 picit.
2422 4709 2650 4764 Ostium
2682 4726 2947 4783 namque
2996 4712 3194 4768 lateris
3224 4712 3403 4768 medii
3434 4712 3497 4768 in
3550 4722 3728 4786 parte
3771 4718 3889 4769 erat

2229 4797 2448 4853 domus
2472 4799 2714 4867 dextrae,
2747 4801 2892 4873 quia
2921 4801 3202 4857 defuncto
3257 4802 3318 4857 in
3370 4818 3548 4858 cruce
3613 4805 3887 4870 Domino,

2229 4903 2386 4943 unus
2417 4889 2672 4945 militum
2691 4889 2902 4945 lancea
2923 4890 3078 4946 latus
3118 4891 3247 4961 ejus
3275 4893 3526 4962 aperuit.
3554 4896 3625 4948 Et
3654 4895 3812 4950 bene
3832 4894 3888 4947 in

2225 4982 2394 5047 parte
2422 4978 2640 5033 domus
2659 4979 2900 5046 dextrae,
2931 4981 3074 5052 quia
3099 4981 3175 5035 ad
3189 4981 3464 5036 dextrum
3497 4981 3655 5052 ejus,
3674 4983 3836 5040 latus
3859 4997 3894 5037 a

2228 5065 2409 5121 milite
2435 5073 2711 5136 apertum
2743 5075 2950 5122 sancta
3002 5070 3186 5125 credit
3244 5070 3520 5126 Ecclesia.
3578 5073 3688 5128 Ubi
3752 5078 3892 5145 apto

2225 5152 2405 5208 etiam
2433 5155 2613 5208 verbo
2654 5171 2798 5209 usus
2829 5162 2916 5210 est
2942 5158 3319 5227 Evangelista
3369 5160 3566 5229 (Joan.
3622 5167 3778 5233 xxx),
3832 5165 3894 5216 ut

2224 5257 2349 5297 non
2375 5242 2614 5312 diceret,
2637 5265 2663 5292 «
2693 5245 2985 5316 percussit
3011 5245 3168 5302 latus
3193 5249 3391 5319 ejus,»
3424 5255 3526 5306 aut
3551 5274 3578 5299 ‹‹
3608 5252 3895 5307 vulnera-

2223 5331 2323 5397 vit,
2357 5354 2386 5381 ››
2412 5332 2515 5387 sed
2548 5355 2575 5382 «
2613 5333 2863 5403 aperuit,
2913 5356 2940 5382 ››
2995 5336 3263 5394 videlicet
3312 5339 3487 5410 quasi
3534 5341 3768 5396 ostium
3818 5343 3892 5398 la.

2225 5421 2363 5475 teris
2390 5421 2589 5487 medii,
2615 5438 2720 5492 per
2747 5423 2914 5494 quod
2944 5425 3118 5480 nobis
3158 5428 3265 5482 iter
3295 5428 3373 5482 ad
3422 5429 3690 5484 coalestia
3743 5447 3894 5504 pan-

2224 5507 2479 5562 deretur.
2514 5510 2777 5582 Denique
2801 5511 2881 5568 ita
2911 5515 3254 5585 subjunxit:
3286 5537 3315 5569 ‹
3353 5519 3418 5572 Et
3437 5517 3734 5574 continuo
3767 5520 3891 5575 exi—

2225 5597 2311 5654 vit
2337 5599 2583 5668 sanguis
2613 5607 2669 5658 et
2697 5617 2878 5675 aqua.
2913 5625 2942 5654 ››
2975 5607 3152 5679 Aqua
3209 5606 3451 5678 scilicet,
3509 5623 3636 5680 qua
3687 5609 3892 5667 ablui-
