4102 6184
259 201 367 255 417

1408 191 1474 246 ιη
1519 187 1764 245 LIBROS
1803 185 2060 243 REGUM.
2101 217 2169 227 —
2207 186 2273 243 IN
2321 188 2450 244 LIB.
2493 187 2582 244 Ill.

3575 191 3681 252 “8

259 337 400 378 mur
427 319 488 375 in
514 315 845 389 baptismo,
875 320 931 371 et
958 330 1200 385 sanguis
1229 329 1352 386 quo
1400 326 1824 368 consecramur
1854 310 1912 364 in
1943 315 1987 364 A
2028 309 2220 365 clesisr
2235 309 2481 366 felicitas
2495 310 2556 366 in
2583 311 3034 367 resurrectionis
3051 312 3238 381 gloria
3257 314 3678 387 complebitur.

257 411 441 466 calice
491 413 727 462 sancto.
776 406 886 458 Per
913 405 1024 459 hoc
1072 419 1338 476 namque
1370 403 1593 458 ostium
1621 400 1796 455 nobis
1828 403 1914 453 est

251 512 553 555 ascensus
587 494 648 549 in
680 493 947 548 medium
976 492 1379 561 caenaculum,
1426 496 1482 545 et
1527 506 1562 544 a
1612 487 1808 542 medio
1854 487 1912 540 in

251 586 524 646 tertium,
583 581 729 654 quia
780 597 886 653 per
926 580 1107 636 ﬁdem
1159 586 1213 634 et
1256 579 1544 650 mysteria
1592 577 1774 632 nostri
1817 578 1914 629 Re-

254 672 618 746 demptoris,
643 671 714 726 de
744 671 1018 742 praesenti
1045 669 1313 724 Ecclesiae
1347 666 1815 730 conversatione,
1837 663 1913 718 ad

257 763 540 835 requiem
569 759 903 815 animarum
935 765 1068 830 post
1089 762 1344 812 mortem
1370 755 1911 822 ascendimus,rur-

265 865 530 922 sumque
579 849 652 903 de
691 847 891 920 requie
920 847 1261 902 animarum
1296 844 1667 916 (adveniente
1695 843 1789 896 die
1815 842 1912 911 ju-

265 939 430 1009 dicii)
459 937 536 993 ad
567 935 1073 991 immortalitatem
1104 951 1346 1007 quoque
1367 949 1708 1004 corporum,
1738 929 1914 1002 quasi

261 1027 330 1084 in
357 1027 593 1083 tertium
635 1023 1033 1086 caenaculum,
1079 1022 1411 1078 sublimiori
1442 1021 1707 1094 profectu
1737 1034 1913 1091 pene-

257 1115 583 1183 trabimus,
615 1129 686 1169 ex
731 1128 854 1184 quo
891 1113 953 1167 in
985 1128 1209 1182 magna
1237 1111 1578 1179 amborum,
1610 1115 1665 1164 et
1696 1122 1908 1178 corpo-

254 1205 337 1260 ris
368 1203 647 1259 videlicet
669 1206 727 1258 et
755 1202 972 1257 animae
996 1201 1386 1268 beatitudine,
1434 1203 1720 1271 perpetuo
1748 1196 1911 1250 viva-

255 1309 419 1349 mus.
447 1294 579 1357 Quo
608 1290 855 1362 quidem
889 1293 995 1346 iter
1021 1289 1389 1344 invisibiliter
1432 1287 1785 1357 agebamur,
1829 1285 1912 1339 ita

257 1388 323 1438 ut
351 1381 464 1438 soli
490 1382 608 1436 hoc
647 1380 753 1451 qui
796 1381 1166 1435 intraverant
1207 1381 1470 1443 nossent,
1519 1375 1798 1448 quamvis
1828 1375 1912 1445 ip-

269 1488 398 1527 sum
416 1471 640 1527 ostium
667 1470 850 1525 etiam
880 1469 1023 1525 foris
1055 1468 1228 1540 positi
1262 1468 1526 1522 viderent
1583 1483 1596 1520 :
1648 1465 1793 1536 quia
1825 1463 1911 1517 ni-

276 1560 481 1615 mirum
528 1564 702 1616 actus
731 1559 792 1613 in
824 1559 938 1614 hoc
979 1557 1219 1626 saeculo,
1265 1561 1322 1611 et
1367 1554 1794 1610 celebrationes
1819 1568 1909 1606 sa-

277 1654 730 1712 cramentorum,
764 1647 944 1703 etiam
976 1645 1212 1718 reprobi
1245 1649 1501 1718 possunt
1545 1641 1778 1707 intueri,
1812 1657 1908 1695 ve-
1941 1662 1980 1715 Β

271 1752 394 1793 rum
422 1753 650 1793 arcana
679 1735 819 1791 ﬁdei
845 1736 1069 1791 intimae
1100 1734 1355 1804 gratiam
1394 1731 1749 1792 dilectionis,
1777 1729 1908 1784 nul-

258 1824 347 1881 lus
371 1827 510 1899 (nisi
542 1842 652 1898 per
683 1825 805 1880 haec
836 1825 1086 1880 Domino
1128 1823 1279 1879 duce
1329 1822 1408 1878 ad
1455 1820 1716 1876 caelestia
1742 1834 1912 1874 scan-

253 1913 360 1985 dit)
391 1916 691 1984 agnoscit.
739 1938 764 1962 «
820 1914 931 1979 Qui
967 1914 1126 1968 enim
1158 1912 1299 1968 dicit
1323 1928 1387 1966 se
1412 1926 1591 1966 nosse
1616 1911 1824 1974 Deum,
1858 1911 1915 1961 et

249 2003 557 2059 mandata
585 2003 715 2072 ejus
752 2018 877 2058 non
904 2001 1180 2063 custodit,
1229 2000 1497 2056 mendax
1530 2004 1618 2052 est
1667 1999 1910 2068 ([Joa-n.

246 2095 346 2159 ιι).
383 2113 415 2141 ››
448 2091 792 2147 Notandum
815 2107 958 2146 sane
985 2090 1151 2162 quod
1177 2089 1419 2159 triginta
1454 2086 1635 2142 cubiti
1663 2083 1914 2140 altitudi-

243 2180 378 2247 nis,
404 2180 481 2235 de
511 2180 734 2251 quibus
775 2196 960 2252 supra
995 2180 1230 2248 legitur,
1288 2191 1486 2247 usque
1528 2173 1605 2228 ad
1653 2173 1914 2227 medium

251 2267 654 2323 cenaculum
701 2268 1098 2332 addebantur,
1142 2279 1467 2337 quousque
1497 2261 1758 2334 porticus
1786 2277 1918 2332 quae

255 2360 406 2413 erat
429 2357 587 2412 circa
623 2357 908 2428 templum
934 2357 1009 2412 ab
1041 2361 1262 2418 austro.
1310 2363 1367 2410 et
1397 2353 1696 2425 aquilone,
1732 2358 1789 2406 et
1831 2368 1920 2406 oc-

243 2459 447 2511 casu,
478 2449 698 2500 tectum
731 2444 1136 2517 perveniebat,
1166 2449 1229 2500 ut
1257 2442 1516 2514 Josepho
1538 2446 1814 2496 narrante
1837 2439 1919 2494 di-

237 2532 545 2590 dicimus.
622 2533 888 2604 Denique
939 2549 1126 2605 usque
1181 2532 1260 2587 ad
1308 2547 1654 2603 supremum
1715 2528 1916 2601 templi

236 2626 508 2685 tectum,
541 2621 640 2676 alii
671 2622 984 2690 sexaginta
1015 2621 1192 2676 cubiti
1221 2619 1713 2689 numerabantur,
1745 2623 1803 2674 et
1832 2619 1916 2673 sic

237 2716 381 2768 tota
410 2710 664 2766 altitudo
709 2710 930 2765 domus
953 2710 1124 2781 juxta
1164 2710 1383 2765 librum
1411 2708 1915 2780 Paralipomenon

238 2803 339 2874 (II
364 2803 518 2857 Par.
554 2801 637 2871 In)
669 2801 732 2855 in
765 2805 1004 2856 centum
1028 2800 1230 2870 viginti
1261 2799 1493 2854 cubitos
1524 2813 1910 2854 consumma-

239 2895 305 2947 ta
340 2895 460 2945 est.
505 2889 774 2944 Porticus
819 2904 1059 2961 quoque
1109 2905 1246 2962 quae
1291 2893 1417 2943 erat
1468 2892 1605 2942 ante
1657 2887 1914 2942 frontem

242 2978 460 3051 templi
490 2977 570 3033 ad
595 2979 906 3044 orientem,
931 2977 1099 3047 juxta
1121 2977 1306 3032 ﬁdem
1335 2975 1566 3048 praefati
1593 2973 1913 3029 voluminis

244 3068 535 3123 eamdem
586 3066 927 3122 cubitorum
964 3081 1268 3121 summam
1301 3066 1363 3121 in
1395 3063 1704 3121 altitudine
1733 3063 1915 3117 babe-

248 3155 399 3212 bat:
459 3155 568 3228 qui
609 3155 885 3211 videlicet
912 3154 1080 3224 liber,
1113 3154 1242 3210 illas
1281 3155 1357 3208 de
1395 3153 1618 3225 quibus
1644 3150 1916 3224 praedixi-

254 3260 388 3300 mus
415 3243 684 3318 porticus
707 3244 865 3299 circa
887 3243 1198 3315 templum,
1220 3241 1647 3298 cellariavocat
1663 3245 1720 3295 et
1749 3239 1915 3295 cubi-

266 3333 412 3389 cula.
441 3354 471 3382 κ
503 3332 677 3388 Dedit
703 3338 927 3403 autem,
961 3331 1177 3403 inquit,
1230 3329 1418 3385 David
1459 3328 1763 3385 Salomoni
1793 3327 1915 3384 ﬁlio

274 3436 378 3477 suo
405 3421 864 3494 descriptionem
895 3421 1162 3494 porticus
1185 3419 1414 3491 templi,
1436 3424 1492 3474 et
1519 3418 1912 3487 cellariorum,

271 3517 322 3565 et
348 3512 654 3579 carnaculi,
681 3512 1099 3568 cubiculorum
1125 3510 1187 3565 in
1213 3509 1526 3580 abditis,et
1554 3509 1769 3565 domus
1782 3525 1915 3582 pro-

262 3595 579 3668 pitiationis
605 3599 662 3663 (Ι
682 3599 830 3653 Ραν.
857 3597 1080 3667 xxvui).
1116 3617 1144 3644 ››
1203 3595 1310 3651 Ubi
1341 3595 1522 3650 etiam
1550 3595 1914 3650 exteriorum

255 3683 605 3755 domorum,
635 3702 768 3758 quae
808 3691 977 3741 erant
1002 3689 1167 3739 extra
1193 3684 1412 3740 atrium
1440 3683 1824 3738 sacerdotum
1853 3683 1915 3737 in

261 3772 521 3827 circuitu
550 3775 759 3845 templi,
791 3773 926 3830 fecit
953 3774 1335 3840 mentionem,
1358 3789 1497 3827 cum
1520 3773 1794 3844 protinus
1814 3771 1920 3828 ad-

258 3859 499 3932 junxit:
530 3864 753 3918 Necnon
781 3869 838 3919 et
863 3862 1138 3919 omnium
1160 3879 1296 3934 quae
1326 3862 1712 3931 cogitaverat,
1739 3861 1914 3916 atrio-

257 3965 399 4005 rum
432 3953 489 4005 et
516 3950 863 4008 exedrarum
895 3968 1000 4024 per
1023 3951 1357 4020 circuitum,
1382 3951 1442 4005 in
1475 3949 1769 4006 thesauris
1802 3950 1912 4004 do-

248 4055 395 4095 mus
437 4039 692 4105 Domini,
723 4047 778 4095 et
805 4042 866 4095 in
900 4040 1193 4096 thesauris
1225 4046 1593 4095 sanctorum.
1618 4038 1792 4104 Quod
1811 4053 1916 4093 au-

247 4132 374 4184 tem
405 4129 605 4184 omnis
629 4129 876 4184 altitudo
909 4129 1109 4202 templi
1143 4134 1385 4184 centum
1420 4128 1625 4197 viginti
1656 4126 1766 4182 fuit
1809 4143 1912 4182 cu-

244 4215 540 4286 bitorum,
566 4216 645 4272 ad
668 4218 830 4272 idem
853 4224 1300 4274 sacramentum
1331 4217 1592 4289 respicit.
1637 4215 1808 4281 Quod
1839 4231 1912 4271 ex

246 4306 556 4379 primitiva
580 4306 1001 4378 Hierosolymis
1033 4306 1311 4371 Ecclesia,
1370 4310 1504 4378 post
1541 4305 1906 4377 passionem,

242 4396 773 4463 resurrectionem,
814 4402 870 4451 et
898 4397 1310 4452 ascensionem
1353 4394 1583 4451 Domini
1612 4393 1673 4448 in
1705 4394 1904 4462 caelos,

243 4483 308 4540 in
354 4485 473 4540 hoc
503 4500 760 4540 numero
792 4485 1077 4549 virorum,
1114 4483 1372 4552 gratiam
1427 4483 1674 4554 Spiritus
1721 4482 1909 4538 sancti

243 4573 867 4645 accepit.Quindecim
894 4589 1180 4645 namque,
1209 4589 1345 4644 quae
1378 4588 1449 4626 ex
1481 4576 1707 4644 septem
1734 4577 1790 4626 et
1816 4588 1911 4627 oc-

241 4667 304 4719 to
340 4666 644 4731 constant,
696 4661 887 4717 solent
940 4677 1384 4732 nonnunquam
1415 4660 1494 4716 ad
1533 4660 1912 4730 signiﬁcatio-

240 4766 397 4807 nem
417 4750 622 4806 referri
649 4751 800 4818 vitae,
825 4768 961 4824 quae
981 4767 1144 4806 nunc
1190 4750 1251 4804 in
1283 4765 1454 4805 sacro
1485 4749 1784 4821 baptismo
1815 4765 1912 4819 ge-

241 4839 405 4896 ritur
457 4840 804 4896 animarum
857 4839 1127 4895 ﬁdelium
1179 4856 1191 4893 :
1243 4838 1579 4911 perﬁcietur
1617 4844 1816 4894 autem
1848 4839 1908 4892 in

241 4928 381 4984 ﬁne
412 4929 633 4995 saeculi,
668 4929 1100 4984 resurrectione
1126 4943 1446 5000 corporum
1458 4927 1907 4983 immortalium.

245 5020 405 5088 Ipsa
431 5021 621 5072 autem
647 5016 1018 5090 quindecim,
1071 5017 1132 5072 in
1176 5015 1476 5085 trigonum
1507 5016 1706 5082 ducta,
1735 5014 1796 5070 id
1823 5021 1910 5071 est

256 5119 415 5158 cum
441 5107 736 5162 ommibus
768 5107 891 5162 suis
920 5106 1192 5178 partibus
1221 5110 1636 5176 annumerata,
1667 5109 1906 5161 centum

259 5193 475 5263 viginti
502 5196 760 5252 efﬁciunt
792 5215 805 5252 :
843 5212 966 5269 qua
987 5200 1230 5269 propter
1255 5200 1390 5267 apte
1429 5212 1683 5252 numero
1713 5212 1745 5251 e
1775 5212 1909 5252 cen-

256 5283 492 5340 tenario
520 5292 574 5342 et
597 5286 925 5357 vicenario,
972 5301 1200 5355 magna
1249 5285 1571 5341 electorum
1600 5285 1909 5341 beatitudo

239 5375 309 5431 in
355 5373 561 5431 futura
602 5377 723 5431 vita
749 5375 1114 5446 designatur.
1173 5378 1322 5448 Apte
1361 5377 1541 5430 etiam
1570 5375 1632 5429 in
1662 5375 1777 5429 hoc
1803 5380 1912 5430 ter-

237 5467 403 5521 tium
441 5463 668 5520 domus
702 5465 936 5520 Domini
975 5463 1353 5520 caenaculum
1399 5467 1862 5518 consummatur
1893 5481 1906 5518 :

236 5556 391 5629 quia
422 5561 562 5626 post
589 5561 913 5626 praesentes
960 5553 1226 5609 ﬁdelium
1257 5553 1514 5622 labores,
1538 5557 1675 5623 post
1705 5568 1887 5624 accep

239 5649 376 5701 tam
395 5644 460 5702 in
491 5644 698 5700 futuro
723 5644 990 5717 requiem
1013 5643 1376 5704 animarum,
1401 5639 1582 5712 plena
1611 5640 1788 5698 totius
1809 5644 1908 5696 Ec-

2097 421 2125 447 ‹‹
2159 401 2224 453 Et
2249 398 2565 455 aediﬁcavit
2587 399 2839 454 domum
2870 405 2926 455 et
2953 403 3398 458 consummavit
3418 408 3679 461 eam.Te-

2024 505 2055 538 ‹
2101 487 2185 541 xit
2213 504 2456 560 quoque
2484 487 2736 544 domum
2770 488 3154 560 laquearibus
3184 491 3466 547 cedrinis.
3496 516 3524 541 υ
3575 496 3678 551 La-

2022 575 2271 646 quearia
2295 576 2443 648 quid
2475 577 2662 631 sunt?
2694 579 3021 648 Laquearia
3060 584 3199 634 sunt
3221 578 3512 650 tabulata,
3541 596 3678 653 quae

2023 679 2246 731 magno
2286 664 2500 719 decore
2535 665 2869 736 composita
2899 671 2956 720 et
2991 673 3224 733 ornata,
3281 667 3359 722 ab
3400 667 3677 728 inferiore

2021 756 2188 822 parte
2215 751 2484 806 trabibus
2515 751 2840 822 atilguntur
2872 771 2884 807 :
2920 760 2977 808 et
3001 755 3146 826 quia
3163 756 3516 825 tergemina:
3547 758 3676 814 alti-

2021 843 2241 899 tudinis
2277 843 2495 899 domus
2537 846 2769 900 Domini
2801 845 2960 901 facta
3010 853 3154 913 erat,
3198 853 3366 904 terna
3394 849 3677 906 nimirum

2021 932 2284 988 habebat
2307 932 2636 1004 laquearia.
2672 933 2825 998 Quid
2855 939 3055 990 autem
3088 937 3286 1008 aptius
3315 953 3420 1009 per
3440 938 3679 1011 laquea-

2021 1021 2111 1076 ria
2157 1037 2345 1092 quam
2376 1021 2754 1077 sublimiores
2781 1038 3059 1095 quosque
3090 1024 3149 1078 in
3183 1032 3389 1081 sancta
3418 1027 3680 1085 Ecclesia

2015 1110 2210 1180 justos
2235 1109 2554 1178 signiﬁcari
2579 1110 2898 1165 credamus
2928 1111 2954 1165 ?
2974 1115 3240 1177 Quorum
3263 1129 3417 1186 opus
3449 1121 3507 1171 et
3537 1116 3677 1172 doc-

2021 1198 2177 1252 trina
2203 1198 2431 1252 cunctis
2467 1201 2527 1252 in
2573 1198 2850 1271 exemplo
2878 1200 3207 1270 proposita,
3238 1203 3411 1272 quasi
3441 1202 3678 1274 longius

2019 1285 2081 1340 in
2114 1285 2233 1341 alto
2256 1286 2663 1358 prmeminent,
2695 1303 2971 1359 quosque
2995 1289 3118 1343 suis
3149 1288 3676 1350 intercessionibus

2021 1380 2078 1429 et
2101 1374 2613 1430 exhortationibus
2635 1375 2869 1431 animos
2897 1376 3296 1445 inﬁrmorum,
3313 1395 3387 1433 ne
3403 1380 3464 1434 in
3489 1386 3679 1437 tenta-

2021 1462 2284 1518 tionibus
2303 1462 2603 1531 deﬁciant,
2626 1467 3017 1536 protegunt.Q
3029 1482 3115 1520 uae
3134 1467 3416 1523 nimirum
3434 1469 3676 1542 laquea-

2020 1551 2108 1605 ria
2128 1557 2280 1606 recte
2306 1551 2548 1606 cedrina
2565 1568 2693 1607 esse
2710 1553 3385 1611 describunturﬁedrus
3414 1574 3678 1632 namque

2021 1639 2202 1694 arbor
2227 1644 2314 1694 est
2343 1640 2724 1712 imputribilis
2755 1641 3002 1698 omnino
3055 1648 3304 1709 naturai,
3365 1645 3564 1702 odoris
3585 1648 3678 1718 ju-

2023 1728 2226 1797 cundi,
2256 1735 2536 1799 aspectus
2585 1729 2778 1800 nitidi,
2820 1737 3132 1802 serpentes
3179 1749 3434 1790 accensa
3470 1736 3679 1792 nidore

2023 1819 2241 1886 l'ugans
2269 1833 2338 1871 ac
2383 1817 2707 1889 perimens.
2743 1821 2886 1884 Quae
2924 1820 3207 1877 universa
3252 1824 3524 1894 perfectis
3552 1825 3682 1898 qui-

2023 1904 2259 1977 busque
2285 1906 2668 1975 conveniunt,
2727 1924 2986 1980 quorum
3016 1910 3435 1984 insuperabilis
3464 1919 3552 1968 est
3580 1929 3682 1986 pa-

2025 1993 2246 2059 tientia,
2282 1995 2444 2049 fama
2490 1995 2774 2051 virtutum
2805 1997 3042 2066 eximia,
3094 2002 3412 2070 praesentia
3452 2003 3679 2059 cunctis

2026 2082 2382 2150 gratissima,
2420 2082 2483 2137 in
2530 2083 2704 2139 bonis
2747 2087 3086 2156 auctoritas,
3135 2089 3211 2144 ad
3262 2090 3678 2159 revincendos,

2025 2169 2546 2242 confutandosque
2575 2187 2678 2226 eos
2705 2173 2807 2243 qui
2845 2174 3063 2229 veritati
3087 2176 3386 2240 resistunt,
3410 2182 3684 2233 constan-

2026 2257 2256 2314 tissime
2292 2275 2304 2312 :
2337 2259 2441 2329 qui
2472 2265 2528 2314 et
2554 2259 2618 2314 in
2648 2261 2760 2315 hac
2779 2264 2898 2316 vita
2924 2267 2980 2317 et
3003 2262 3222 2334 futura,
3242 2264 3527 2334 singulari
3556 2280 3679 2338 pra:

2026 2347 2254 2402 caeteris
2285 2347 2507 2402 sanctis
2538 2348 2884 2416 eminentia,
2918 2350 3164 2420 fulgent.

2101 2459 2128 2485 ‹‹
2161 2441 2225 2492 Et
2249 2436 2566 2493 aediﬁcavit
2596 2439 2928 2496 tabulatum
2961 2458 3390 2515 superomnem
3404 2444 3680 2517 domum,

2027 2549 2055 2573 ‹‹
2101 2526 2368 2598 quinque
2389 2526 2606 2582 cubitis
2647 2527 2976 2585 altitudinis
3009 2535 3203 2603 (Deut.
3237 2540 3397 2598 χχιι).
3435 2557 3463 2584 ››
3523 2534 3682 2591 Lori-

2025 2615 2190 2670 culas
2222 2616 2536 2685 signiﬁcat,
2577 2633 2715 2690 quin
2741 2618 2801 2674 in
2833 2636 3114 2692 supremo
3144 2621 3362 2679 domus
3395 2629 3544 2680 tecto
3577 2639 3683 2696 per

2023 2704 2338 2759 circuitum
2368 2712 2539 2761 erant
2589 2707 2776 2772 factae,
2837 2725 2912 2764 ne
2950 2711 3087 2782 quis
3119 2711 3198 2767 ad
3239 2713 3450 2770 altiora
3479 2729 3681 2786 perve-

2023 2792 2218 2861 niens,
2263 2800 2505 2865 repente
2556 2795 2855 2852 laberetur
2887 2799 2964 2853 ad
3003 2800 3128 2856 ima
3181 2817 3194 2854 ε
3239 2802 3405 2875 quod
3431 2803 3491 2858 in
3513 2801 3681 2858 omni

2022 2880 2228 2945 domo,
2251 2898 2438 2954 quam
2463 2885 2718 2957 quisque
2740 2887 3081 2958 aediﬁcaret,
3113 2891 3339 2958 Moyses
3367 2891 3494 2946 ﬁeri
3525 2907 3678 2964 prae-

2023 2970 2206 3042 cepit:
2242 2993 2268 3018 ‹‹
2300 2976 2447 3027 Cum
2479 2973 2889 3042 aediﬁcaveris,
2941 2976 3241 3049 inquiens,
3274 2979 3526 3034 domum
3567 2997 3678 3036 no-

2024 3075 2182 3127 vam,
2201 3060 2384 3116 facies
2414 3079 2657 3118 murum
2683 3065 2816 3119 tecti
2837 3081 2942 3136 per
2968 3066 3279 3121 circuitum
3311 3085 3324 3135 ;
3359 3083 3432 3123 ne
3457 3069 3676 3125 funda-

2024 3155 2118 3205 tur
2147 3151 2394 3220 sanguis
2419 3151 2479 3206 in
2504 3151 2690 3207 domo
2713 3159 2834 3218 tua,
2861 3159 2919 3207 et
2948 3155 3028 3208 sis
3055 3170 3193 3209 reus
3213 3154 3452 3210 labente
3478 3157 3596 3213 alio
3621 3162 3679 3212 et

2022 3238 2083 3293 in
2112 3253 2381 3310 princeps
2412 3244 2620 3294 ruente
2659 3241 2854 3311 (Deut.
2879 3256 2985 3310 xu,
3015 3243 3091 3312 8).
3125 3265 3152 3290 »
3207 3245 3338 3297 Haec
3363 3247 3564 3299 autem
3594 3249 3678 3301 ta-

2021 3327 2168 3383 bula
2189 3328 2311 3383 sive
2342 3327 2604 3383 loriculai
2647 3344 2834 3400 supra
2866 3335 3002 3384 sunt
3028 3329 3214 3386 latera
3242 3337 3457 3388 vocata
3486 3350 3498 3388 :
3548 3333 3671 3402 ubi,

2023 3435 2163 3474 cum
2189 3418 2415 3474 dictum
2437 3423 2608 3475 esset.

2096 3529 2122 3556 υ
2176 3510 2241 3562 Et
2271 3508 2588 3564 aediﬁcavit
2637 3523 2818 3581 super
2845 3509 3132 3582 parietem
3176 3511 3382 3586 templi
3412 3513 3678 3571 tabulata

2025 3615 2055 3646 α
2094 3611 2202 3668 per
2233 3613 2472 3668 gyrum,
2511 3597 2573 3652 in
2603 3598 2932 3670 parietibus
2978 3599 3198 3656 domus
3228 3617 3333 3674 per
3364 3603 3675 3660 circuitum

2028 3707 2056 3732 ‹‹
2098 3685 2302 3756 templi
2339 3691 2395 3741 et
2431 3686 2675 3742 oraculi.
2709 3705 2739 3739 ›
2799 3688 3090 3745 Continuo
3143 3691 3532 3760 subjunctum
3561 3698 3672 3764 est,

2029 3793 2057 3825 ‹
2092 3776 2156 3828 Et
2187 3775 2319 3842 fecit
2364 3774 2549 3829 latera
2580 3776 2638 3830 in
2673 3776 2940 3845 circuitu,
2970 3796 2999 3829 ›
3049 3779 3108 3832 in
3139 3780 3359 3850 quibus
3389 3781 3674 3837 nimirum

2025 3863 2311 3918 lateribus
2353 3864 2734 3934 intelligimus
2781 3865 2988 3922 divina
3043 3884 3172 3923 esse
3215 3869 3495 3940 praesidia
3525 3871 3676 3926 desi-

2025 3956 2229 4022 gnata,
2268 3968 2402 4024 quae
2431 3967 2543 4006 nos
2573 3952 2634 4007 in
2684 3955 2798 4008 hoc
2827 3955 3026 4010 adhuc
3057 3956 3275 4012 saeculo
3305 3957 3671 4029 laborantes,

2023 4056 2094 4097 ac
2123 4055 2234 4114 pro
2261 4045 2445 4112 captu
2475 4045 2677 4097 nostro
2706 4042 2784 4097 ad
2816 4045 3124 4115 superiora
3165 4045 3441 4119 nitentes,
3485 4048 3675 4120 quoti-

2022 4131 2117 4186 die
2145 4145 2220 4186 ne
2246 4129 2600 4186 deﬁciamus
2633 4131 2942 4203 adjuvant.
2995 4134 3150 4190 Bene
3201 4141 3401 4192 autem
3432 4138 3546 4194 hoc
3579 4155 3674 4193 su-

2022 4236 2299 4292 premum
2333 4220 2667 4277 tabulatum
2699 4222 2758 4277 in
2795 4226 2947 4280 tecto
2978 4223 3198 4280 domus
3241 4228 3475 4283 Domini
3503 4228 3675 4302 quin-

2021 4325 2139 4381 que
2169 4309 2384 4365 cubitis
2414 4309 2602 4366 altum
2631 4328 2759 4368 esse
2800 4324 3185 4382 memoratur,
3219 4317 3362 4389 quia
3390 4318 3671 4374 nimirum

2019 4397 2104 4454 ita
2140 4414 2251 4454 nos
2297 4399 2354 4454 in
2411 4399 2512 4455 illa
2558 4403 2750 4473 patria
2801 4404 3017 4460 divinae
3055 4408 3388 4477 praesentia;
3439 4407 3673 4462 claritas

2021 4488 2331 4560 adimplet,
2361 4494 2427 4544 ut
2450 4490 2596 4546 nihil
2622 4492 2786 4548 aliud
2816 4496 2975 4548 visus
2998 4501 3216 4562 noster,
3243 4496 3387 4550 nihil
3408 4497 3668 4560 auditus,

2018 4579 2165 4634 nihil
2207 4579 2479 4646 olfactus,
2512 4581 2658 4635 nihil
2704 4588 2934 4651 gustus,
2979 4583 3125 4636 nihil
3165 4588 3354 4637 tactus
3385 4583 3536 4637 duce
3565 4583 3669 4636 ha-

2015 4667 2174 4734 beat,
2199 4668 2311 4723 nisi
2340 4668 2586 4737 diligere
2610 4670 2928 4725 Dominum
2953 4672 3137 4723 Deum
3165 4674 3434 4723 nostrum
3459 4686 3530 4725 ex
3550 4674 3669 4724 toto

2018 4756 2218 4822 corde,
2277 4761 2399 4810 tota
2430 4757 2655 4824 anima,
2711 4762 2832 4811 tota
2871 4756 3078 4809 virtute
3107 4756 3349 4825 diligere
3388 4763 3443 4812 et
3474 4759 3670 4830 proxi-

2017 4860 2186 4899 mum
2212 4848 2504 4913 tanquam
2533 4844 2938 4914 nosmetipsos
2969 4844 3305 4910 (Matt/LXXI
3337 4865 3348 4915 ;
3383 4852 3545 4906 Deut.
3565 4850 3664 4923 γι).

2018 4954 2047 4982 α
2091 4933 2156 4985 Et
2179 4933 2412 5002 operuit
2435 4930 2688 4986 domum
2719 4931 2894 5000 lignis
2923 4932 3201 4990 cedrinis.
3229 4957 3257 4986 ››
3307 4937 3665 5011 Supremum

2014 5021 2220 5093 ipsum
2240 5018 2459 5074 domus
2490 5023 2711 5074 tectum
2737 5020 2968 5088 dicitur,
2994 5021 3055 5078 id
3085 5028 3195 5094 est,
3222 5025 3557 5085 tabulatum
3596 5030 3665 5086 il-

2013 5109 2142 5182 lud,
2189 5107 2357 5182 quod
2399 5109 2696 5181 supremis
2745 5110 3016 5168 trabibus
3046 5117 3486 5188 superpositum
3520 5126 3663 5177 erat.

2017 5203 2145 5256 Non
2169 5198 2329 5255 enim
2357 5197 2622 5255 habebat
2656 5200 2943 5273 templum
2987 5202 3225 5260 culmen
3255 5205 3317 5260 in
3345 5210 3665 5280 superiori-

2017 5287 2153 5356 bus,
2205 5287 2356 5344 sicut
2418 5303 2528 5343 nec
2574 5289 3050 5360 tabernaculum,
3099 5293 3203 5348 sed
3269 5302 3397 5351 erat
3438 5298 3666 5370 aequale

2018 5377 2328 5449 quomodo
2361 5376 2646 5433 omnibus
2695 5379 2754 5434 in
2800 5379 3113 5438 Palaestina
3170 5388 3226 5439 et
3280 5385 3542 5455 zEgvpto
3563 5388 3667 5443 do-

2017 5481 2155 5522 mus
2183 5466 2617 5523 mdiﬁcantibus
2647 5468 2840 5526 facere
2877 5471 3061 5526 moris
3107 5477 3212 5527 est.
3261 5473 3525 5547 ldipsum
3565 5493 3666 5531 au-

2017 5557 2140 5610 tem
2168 5554 2282 5610 hoc
2319 5556 2676 5628 tabulatum,
2712 5575 2833 5630 quo
2862 5565 3070 5631 operta
3098 5566 3186 5616 est
3227 5562 3468 5626 domus,
3499 5563 3664 5634 quod

2021 5647 2079 5697 et
2123 5640 2431 5712 laquearia
2477 5644 2773 5717 designat,
2816 5647 2878 5702 id
2917 5653 3026 5716 est,
3084 5649 3333 5705 eximios
3390 5663 3664 5720 quosque
