4102 6184
459 162 568 219 419

1522 153 1878 213 ANGELOMI
1921 140 2392 208 LUXOVIENSIS
2439 151 2755 210 MONACHI

3773 155 3869 209 420

463 289 525 345 in
553 286 1003 346 resurrectionis
1043 282 1231 352 gloria
1257 282 1439 352 viros,
1489 285 1545 336 et
1573 279 1861 348 singulari
1896 278 2107 333 sancti-
2145 279 2190 332 Α
2222 292 2410 349 usque
2441 277 2516 332 ad
2547 275 2855 350 laquearia
2871 270 3574 347 perveniens,profectus
3591 270 3866 331 virtutum

463 382 581 434 tate
632 377 707 433 ad
760 376 957 446 ipsum
996 371 1228 426 virtutis
1277 369 1509 441 apicem
1538 367 1952 442 pervenientes
1994 366 2112 421 :de

463 479 724 538 quorum
747 475 869 516 uno
900 459 1115 514 dicitur
1141 475 1153 512 :
1190 479 1218 508 «
1243 462 1396 513 Inter
1424 461 1597 512 natos
1624 455 1965 524 mulierum,
1988 469 2112 508 non

465 550 714 607 surrexit
736 548 932 619 major
959 549 1188 602 Joanne
1219 544 1481 616 Baptista
1507 545 1746 614 (Matth.
1781 545 1862 615 x1)
1893 559 1905 608 ;
1948 565 1974 591 »
2008 557 2112 596 cu-

459 641 559 712 jus
589 638 685 695 hic
715 650 968 709 compar
987 640 1076 690 est
1105 633 1540 705 magnitudinis
1571 633 1616 688 si
1659 632 1806 688 scire
1835 632 1944 697 vis,
1970 630 2113 686 audi

464 727 611 801 quid
641 727 796 783 Patri
840 725 1030 796 ipsius
1065 723 1314 792 angelus
1347 722 1427 778 ait
1460 738 1472 776 :
1508 741 1538 775 α
1569 723 1634 776 Et
1663 722 1788 794 ipse
1818 718 2114 792 praecedet

463 822 599 873 ante
633 814 974 872 Dominum.
993 813 1053 867 in
1083 812 1292 884 spiritu
1317 816 1374 867 et
1398 811 1611 866 virtute
1641 810 1775 864 Elite
1803 811 2044 879 (Luc.1).
2082 828 2110 854 ››

535 927 563 954 «
607 907 671 959 Et
711 903 1029 958 aediﬁcavit
1071 902 1324 973 parietes
1355 899 1599 966 domus,
1631 899 1987 954 intrinsecus
2027 901 2113 952 ta-

464 1015 492 1045 ‹‹
532 993 753 1048 bulatis
803 991 1083 1058 cedrinis,
1118 1005 1154 1045 a
1183 990 1528 1061 pavimento
1557 987 1777 1042 domus
1816 1001 2009 1057 usque
2034 985 2111 1041 ad

464 1103 492 1132 «
535 1081 938 1137 summitatem
979 1079 1298 1151 parietum,
1341 1082 1397 1133 et
1443 1092 1637 1148 usque
1677 1077 1756 1132 ad
1801 1073 2113 1146 laquearia

463 1191 492 1221 ‹‹
534 1170 768 1244 operuit
797 1169 971 1239 lignis
1001 1167 1256 1223 cedrinis
1277 1167 1660 1233 intrinsecus.
1684 1187 1711 1214 »
1755 1164 2113 1219 Intrinsecus

462 1259 708 1333 quidem
737 1259 957 1314 domus
977 1257 1156 1312 cedro
1187 1261 1312 1311 erat
1331 1255 1541 1310 vestita
1574 1271 1585 1309 :
1611 1269 1753 1309 nam
1784 1253 2113 1308 forinsecus

464 1353 634 1406 tanto
664 1349 854 1404 nitore
889 1346 1042 1418 lapis
1065 1345 1216 1416 ipse,
1249 1345 1323 1399 de
1350 1359 1474 1415 quo
1501 1343 1658 1398 facta
1687 1342 1897 1408 fuerat,
1927 1341 2113 1410 fulge-

462 1439 587 1505 bat,
619 1453 688 1494 ac
717 1437 767 1492 si
792 1435 1020 1491 calculo
1050 1438 1207 1489 esset
1228 1432 1487 1488 candido
1510 1436 1682 1488 tecta.
1706 1433 1881 1486 Juxta
1902 1445 2114 1485 sensus

462 1541 604 1582 vero
633 1524 941 1597 mysticos,
972 1522 1226 1595 parietes
1271 1521 1477 1592 templi
1517 1524 1658 1575 sunt
1700 1519 1969 1574 ﬁdelium
2008 1535 2114 1591 po-

2220 367 2439 437 quibus
2470 367 2634 423 electi
2675 367 2752 422 ad
2799 380 3055 435 regnum
3100 362 3337 416 cmleste
3367 362 3746 433 perveniunt,
3778 365 3862 420 vel

2219 460 2373 511 certe
2396 455 2560 527 ipsos
2589 455 2910 510 electorum
2948 454 3184 520 choros,
3216 450 3578 521 sibimetper
3607 456 3865 524 tempora

2219 543 2384 600 varia
2415 544 2817 607 succedentes,
2847 539 3222 610 signiﬁcant:
3254 539 3334 594 ita
3363 538 3677 610 aequalitas
3702 541 3856 611 pavi-

2219 634 2402 689 menti
2429 625 2800 688 coricorditer
2812 628 3164 686 eorumdem
3196 626 3614 694 humilitatem,
3647 629 3786 700 quia
3808 630 3860 684 in

2220 721 2532 794 temporali
2557 722 2678 776 vita
2701 721 2899 776 adhuc
2928 717 3128 790 positi,
3151 716 3446 771 socialiter
3468 717 3724 772 invicem
3740 719 3862 774 cha-

2218 813 2386 867 ritate
2445 811 2702 865 dictante
2753 812 3201 871 conversantur,
3255 821 3376 860 non
3426 804 3725 860 immerito
3760 807 3850 861 de-

2220 904 2530 956 monstrat.
2566 897 2738 963 Quod
2770 895 3042 951 videlicet
3069 893 3490 966 pavimentum
3515 893 3855 965 pretiosissio

2220 1005 2319 1044 mo
2348 993 2472 1044 erat
2493 1002 2795 1042 marmore
2827 990 3078 1040 stratum
3100 982 3315 1038 decore
3346 983 3565 1038 multo.
3597 983 3857 1056 idemque

2218 1094 2486 1134 marmor
2514 1076 2574 1130 in
2606 1077 2720 1130 hoc
2751 1073 2971 1129 tabulis
3009 1078 3230 1127 tectum
3273 1072 3573 1143 abiegnis,
3615 1073 3750 1145 quia
3776 1073 3854 1128 ni-

2220 1167 2440 1223 mirum
2471 1166 2592 1220 vita
2614 1166 2914 1235 justorum
2947 1163 3143 1234 primo
3169 1161 3307 1215 fidei
3325 1161 3608 1217 ﬁrmitate
3625 1177 3852 1234 priamu-

2220 1255 2520 1312 niendain
2551 1253 2751 1319 corde,
2783 1269 2852 1307 ac
2882 1251 3097 1306 deinde
3138 1249 3549 1322 spiritualium
3594 1255 3846 1306 virtutum

2217 1345 2527 1402 latitudine
2558 1340 2913 1398 adornanda
2942 1344 3034 1395 est
3063 1339 3125 1394 in
3147 1354 3329 1411 opere
3362 1357 3374 1394 :
3429 1339 3688 1412 alioquin
3714 1338 3841 1410 quid

2222 1435 2486 1491 utilitatis
2518 1432 2781 1489 habebat
2809 1431 2994 1486 decus
3023 1427 3344 1484 marmoris
3373 1427 3771 1500 pretiosissimi
3791 1427 3849 1482 li-

2221 1539 2478 1595 gnorum
2519 1521 2736 1578 tabulis
2787 1520 3115 1586 obtectum,
3167 1517 3214 1572 si
3256 1533 3379 1572 non
3418 1517 3734 1590 mysticum
3760 1514 3849 1572 ali-

462 1615 608 1688 puli,
634 1631 707 1670 ex
735 1614 958 1686 quibus
989 1615 1198 1668 sancta
1229 1609 1584 1666 universalis
1631 1606 1896 1664 consistit
1926 1607 2115 1662 Eccle-
2150 1626 2196 1685 Β
2222 1613 2368 1686 quid
2399 1611 2570 1668 tacite
2608 1609 2888 1680 signabat
2908 1610 2935 1663 ‘I
2965 1609 3080 1662 hoc
3099 1611 3187 1662 est
3207 1606 3514 1662 bonorum
3544 1605 3851 1679 amplitudi-

468 1705 577 1772 sia,
605 1719 866 1776 quorum
897 1701 1244 1756 dilationem
1275 1713 1382 1770 per
1406 1697 1639 1767 orbem,
1668 1697 1918 1752 latitudo
1957 1696 2112 1751 desi-

467 1798 612 1864 gnat
636 1792 963 1865 parietum:
998 1806 1167 1862 spem
1193 1804 1331 1844 vero
1359 1793 1416 1844 et
1444 1787 1833 1844 intentionem
1865 1797 2111 1842 omnem

465 1882 544 1938 ad
565 1881 826 1938 ccelestia
850 1884 1131 1949 erectam,
1171 1878 1505 1947 longitudo.
1549 1877 1648 1932 Vel
1687 1881 1839 1931 certe
1862 1875 2112 1931 altitudo

465 1971 705 2045 parietis
728 1987 864 2043 quae
895 1986 966 2025 ex
993 1968 1306 2024 ordinibus
1339 1966 1614 2038 lapidum
1643 1981 1825 2037 super
1853 1965 2111 2020 invicem

465 2060 674 2134 pusitis
718 2063 948 2116 constat
973 2056 1283 2132 praesentis
1323 2060 1542 2111 statum
1582 2054 1854 2110 Ecclesiae
1884 2053 2113 2122 signiﬁ-

463 2154 576 2218 cat,
602 2149 706 2206 ubi
744 2149 912 2204 electi
959 2162 1138 2220 super
1169 2146 1631 2201 fundamentum
1669 2143 1966 2198 Christum
1991 2158 2112 2197 om-

464 2255 570 2295 nes
599 2238 896 2304 asdiﬁcati,
931 2236 1040 2291 sibi
1069 2236 1324 2290 invicem
1366 2233 1427 2288 in
1466 2233 1696 2302 ordine,
1744 2248 1852 2304 per
1885 2237 2112 2303 tempo‘

461 2346 598 2385 rum
646 2327 942 2384 curricula
990 2323 1336 2387 succedunt,
1395 2339 1647 2395 seseque
1691 2322 1949 2377 invicem
1981 2337 2114 2393 por-

464 2423 680 2484 tantes,
706 2417 900 2487 legem
924 2414 1160 2484 Chrisni,
1191 2431 1327 2486 quae
1346 2419 1432 2468 est
1459 2413 1739 2479 charitas,
1757 2411 2108 2482 adimplent.

469 2510 621 2561 Dum
648 2505 806 2560 enim
845 2505 950 2576 qui
977 2518 1138 2557 nunc
1169 2519 1204 2557 a
1247 2500 1726 2573 praecedentibus
1758 2499 2114 2555 erudiuntur

465 2593 789 2663 magistris,
822 2606 1064 2646 rursum
1095 2590 1208 2661 ipsi
1232 2589 1380 2645 alios
1401 2589 1700 2654 erudiunt,
1732 2589 1907 2660 quasi
1931 2603 2114 2660 super

464 2681 722 2738 invicem
755 2681 962 2754 positis
997 2678 1330 2744 ordinibus,
1371 2677 1594 2749 quique
1642 2677 1915 2748 lapidum
1953 2677 2116 2732 vivo-

462 2787 599 2827 rum
627 2771 687 2826 in
709 2771 893 2826 domo
925 2769 1045 2824 Dei.
1078 2770 1160 2823 sic
1183 2767 1260 2823 ab
1296 2767 1424 2822 aliis
1455 2766 1575 2822 ﬁxa
1605 2766 1943 2822 constantia
1975 2779 2111 2838 por-

462 2866 663 2918 tantur
696 2875 709 2916 :
743 2865 808 2916 ut
843 2859 922 2916 ad
953 2857 1282 2932 portandos
1313 2856 1460 2912 alios
1519 2860 1575 2912 et
1630 2856 1741 2928 ipsi
1789 2854 2110 2926 sufﬁciant,

2217 1719 2355 1758 nem
2386 1716 2658 1772 operum,
2705 1697 3047 1753 fortitudine
3089 1695 3230 1750 ﬁdei
3267 1696 3632 1752 intemeratae
3675 1693 3850 1750 sufful-

2217 1791 2489 1848 ciendam
2523 1788 2798 1844 docebat.
2833 1786 3009 1841 Abies
3039 1799 3182 1840 vero
3211 1789 3462 1856 propter
3509 1784 3849 1841 altitudinem

2221 1882 2333 1947 sui,
2362 1885 2419 1936 et
2445 1879 2628 1934 robur
2653 1877 2758 1931 diu
2780 1875 3077 1940 durabile,
3103 1879 3367 1929 mentem
3395 1874 3710 1930 electorum
3737 1871 3848 1927 inﬂ-

2220 1986 2322 2026 ma
2368 1983 2623 2042 quaeque
2663 1965 2958 2021 desideria
3007 1969 3408 2036 spernentem,
3449 1970 3506 2020 et
3550 1962 3846 2019 ccclestium

2220 2055 2708 2130 contemplationi
2741 2069 2978 2126 semper
3015 2052 3327 2123 intentam,
3375 2052 3588 2108 virtute
3629 2063 3845 2124 quoque

2220 2147 2518 2222 patientiae
2553 2144 2931 2215 singulariter
2960 2141 3369 2208 excellentem,
3393 2158 3516 2198 non
3545 2142 3839 2210 incongrue

2221 2239 2614 2294 demonstrat.
2673 2233 2812 2289 Auri
2863 2237 3063 2287 autem
3093 2231 3337 2286 laminae
3371 2231 3639 2287 marmori
3669 2243 3732 2283 ac
3761 2232 3838 2282 ta-

2220 2327 2376 2382 bulis
2421 2325 2693 2392 abiegnis
2732 2321 3146 2395 superpositas,
3197 2320 3330 2392 ipsa
3357 2326 3444 2376 est
3471 2318 3699 2376 latitudo
3717 2315 3836 2370 cher

2218 2417 2426 2486 ritatis,
2459 2415 2532 2469 de
2568 2413 2745 2469 corde
2773 2427 2947 2481 puro,
2976 2417 3029 2466 et
3056 2412 3423 2466 conscientia
3453 2411 3608 2470 bona,
3651 2411 3701 2460 et
3717 2403 3825 2470 ﬁde

2219 2521 2339 2562 non
2366 2507 2509 2574 ﬁcta
2536 2504 2590 2572 (Ι
2620 2504 2766 2557 Tim.
2801 2504 2863 2571 1),
2900 2515 3058 2573 quae,
3089 2500 3242 2555 sicut
3270 2515 3473 2556 aurum
3493 2496 3606 2552 aliis
3624 2489 3815 2564 pretio‘

2221 2595 2343 2650 sius
2375 2598 2465 2649 est
2498 2591 2773 2660 metallis,
2812 2591 2893 2645 ita
2923 2590 3150 2645 caeteris
3190 2589 3429 2644 eximior
3452 2581 3736 2640 virtutibus
3759 2577 3818 2632 in

2220 2685 2442 2758 templo
2476 2684 2572 2739 Dei
2604 2681 2889 2751 singulari
2915 2681 3046 2736 luce
3067 2681 3323 2750 refulget.

2291 2797 2317 2824 «
2345 2772 2670 2830 .Editicavit
2695 2787 2938 2843 quoque
2972 2771 3178 2841 viginti
3208 2769 3530 2824 cubitorum
3554 2763 3625 2820 ad
3646 2765 3831 2835 poste-

2223 2888 2251 2914 «
2274 2865 2491 2919 riorem
2523 2865 2756 2933 partem
2801 2859 3007 2932 templi
3042 2859 3313 2915 tabulata
3346 2856 3596 2920 cedrina,
3630 2868 3662 2908 a
3686 2847 3837 2924 pavi-

462 2965 655 3024 usque
685 2951 763 3006 ad
785 2949 1026 3006 Ultimos
1056 2947 1160 3020 qni
1187 2948 1246 3002 in
1272 2947 1390 3001 ﬁne
1415 2945 1629 3035 mundi
1658 2943 1941 3000 Πᾶεοίῐυνί
1973 2947 2110 2998 sunt
2148 2981 2190 3035 ο
2222 2978 2248 3004 ‹‹
2279 2957 2482 3010 mento
2510 2966 2702 3023 usque
2725 2949 2801 3006 ad
2822 2949 3152 3021 superiora,
3179 2953 3236 3004 et
3261 2947 3392 3003 fecit
3411 2944 3727 3002 interiorem
3746 2938 3840 2994 ἀοι

456 3042 652 3116 justos
672 3041 775 3114 qui
814 3039 986 3112 quasi
1019 3039 1079 3092 in
1127 3052 1365 3092 summo
1391 3034 1609 3091 domus
1652 3033 1753 3089 Dei
1795 3033 2105 3088 cacumine

461 3131 661 3200 locati,
696 3131 991 3187 docentur
1010 3127 1258 3201 quidem
1287 3130 1344 3181 et
1365 3129 1680 3197 portantur
1706 3123 1783 3178 ab
1806 3122 1959 3178 aliis.
1993 3121 2106 3176 Sed

460 3237 616 3295 quos
645 3222 921 3291 doceant,
949 3232 1288 3292 quorumve
1312 3214 1505 3284 fragili
1516 3213 1970 3279 ‘atemtolerent,
1993 3209 2109 3283 ipsi

460 3326 581 3366 non
600 3311 844 3366 habent.
864 3308 974 3373 Qui
997 3307 1269 3361 videlicet
1298 3304 1552 3376 parietes
1577 3303 1906 3358 intresecus
1938 3300 2107 3356 tabu-

458 3399 594 3453 latis
641 3397 893 3452 cedrinis
949 3396 1318 3466 operiuntur,
1379 3409 1518 3447 cum
1584 3392 1770 3448 corda
1836 3390 2108 3446 ﬁdelium

459 3500 664 3542 amore
717 3485 1002 3539 virtutum
1032 3480 1390 3537 redundant.
1442 3480 1603 3534 Sicut
1633 3480 1793 3534 enim
1822 3479 1982 3534 cedri
2005 3496 2108 3535 na-

459 3579 592 3630 tura
619 3572 914 3646 perfectos
942 3571 1218 3626 homines
1251 3573 1339 3635 {ut
1369 3583 1552 3639 supra
1581 3567 1917 3638 docuimus)
1953 3568 2106 3639 typi—

459 3678 525 3719 ce
547 3661 858 3717 denuntiat
884 3678 894 3716 :
929 3659 1011 3715 ita
1040 3658 1220 3714 etiam
1247 3655 1394 3712 locis
1433 3656 1789 3728 opportunis
1817 3654 2109 3710 celsitudi-

457 3765 598 3808 nem
631 3751 931 3822 virtutum,
962 3747 1184 3822 quibus
1233 3745 1313 3802 ad
1355 3744 1634 3801 eamdem
1681 3743 2107 3818 perfectionem

456 3842 710 3908 venitur,
741 3851 862 3897 non
893 3838 1188 3896 immerito
1219 3836 1512 3906 designat.
1563 3838 1862 3904 Teguntur
1906 3839 2106 3891 autem

457 3933 663 3990 omnia
686 3929 862 4003 lignis
894 3947 928 3987 a
976 3929 1323 4002 pavimento
1351 3925 1589 3993 domus,
1624 3939 1817 3998 usque
1839 3923 1919 3980 ad
1940 3940 2106 3979 sum-

456 4021 724 4076 mitatem
759 4019 1074 4092 parietum,
1105 4022 1161 4072 et
1189 4032 1379 4089 usque
1416 4015 1495 4070 ad
1539 4013 1848 4086 laquearia
1897 4031 1908 4067 :
1966 4029 2105 4069 cum

456 4109 624 4164 electi
655 4125 692 4164 a
716 4109 923 4180 primis
948 4106 1089 4161 ﬁdei
1129 4105 1503 4171 rudimentis,
1533 4119 1729 4176 usque
1769 4103 1846 4159 ad
1885 4102 2108 4175 perfec-

457 4198 679 4255 tionem
710 4196 886 4252 bonae
923 4195 1191 4261 actionis,
1227 4198 1282 4248 et
1303 4209 1493 4264 usque
1524 4192 1602 4247 ad
1631 4193 1970 4260 ingressum
2000 4207 2105 4263 pa-

454 4287 580 4345 triae
612 4285 891 4354 cmlcstis,
921 4299 957 4340 a
979 4283 1153 4338 bonis
1176 4281 1458 4337 insudare
1485 4297 1607 4336 non
1639 4280 1931 4335 desistunt
1960 4297 2104 4352 ope-

452 4377 618 4435 ribus
639 4391 832 4433 cuma
860 4372 1068 4448 primis
1092 4371 1267 4443 justis
1297 4387 1488 4443 usque
1519 4369 1598 4426 ad
1611 4369 1850 4425 ultimos
1873 4369 1933 4425 in
1965 4386 2104 4425 con-

453 4465 856 4525 summatione
905 4461 1125 4532 saeculi,
1195 4476 1407 4517 omnes
1466 4458 1778 4514 virtutibus
1839 4458 2101 4524 student,

451 4575 711 4633 quarum
732 4555 943 4614 merito
960 4570 1096 4611 vere
1117 4552 1355 4609 valeant
1368 4549 1700 4622 protestari,
1719 4547 2104 4621 quia.«Chris-

452 4649 493 4704 ti
522 4649 722 4706 bonus
761 4648 913 4705 odor
953 4661 1164 4702 sumus
1197 4645 1316 4699 Deo
1344 4641 1404 4697 in
1452 4642 1617 4697 omni
1669 4639 1801 4695 loco
1842 4640 1932 4710 (II
1961 4640 2098 4695 Cor.

452 4739 568 4808 11).»
597 4761 625 4789 ‹‹
650 4743 717 4794 Et
737 4739 878 4794 texit
897 4737 1312 4810 pavimentum
1339 4732 1558 4789 domus
1580 4729 1801 4787 tabulis
1828 4728 2100 4800 abiegnis

455 4825 510 4888 (1
517 4825 546 4876 I
571 4826 716 4878 Par.
744 4831 827 4882 ιι).
855 4847 881 4875 ››
915 4829 1032 4880 Hoc
1057 4823 1367 4897 quomodo
1399 4822 1623 4878 factum
1655 4820 1748 4888 sit,
1781 4818 2016 4892 plenius
2036 4818 2100 4874 in

449 4907 604 4964 libro
633 4911 1129 4982 Paralipomenon
1160 4912 1506 4984 explicatur,
1540 4909 1641 4967 ubi
1676 4910 1965 4982 scriptum
1987 4913 2096 4965 est:

453 5019 481 5048 «
514 4995 728 5054 Stravit
754 5013 1005 5070 quoque
1035 5002 1450 5070 pavimentum
1480 5001 1705 5071 templi,
1736 4997 2098 5071 pretiosissi-

449 5102 552 5143 mo
582 5101 880 5141 marmore
907 5085 1120 5140 decore
1147 5087 1336 5141 multo
1362 5089 1446 5157 (II
1468 5090 1614 5144 Par.
1649 5105 1729 5156 nl,
1763 5092 1838 5154 6).
1871 5109 1898 5136 »
1933 5081 2097 5140 Unde

450 5179 616 5250 patet
657 5173 802 5247 quia
828 5173 1068 5230 tabulas
1111 5174 1400 5243 abiegnas
1426 5177 1649 5248 quibus
1681 5175 2092 5248 pavimentum

449 5267 684 5334 tegeret,
717 5277 1107 5335 nequaquam
1137 5265 1200 5316 in
1236 5267 1386 5318 terra
1415 5265 1634 5334 posuit,
1679 5264 1780 5318 sed
1811 5261 2006 5334 primo
2031 5259 2097 5315 il-

448 5353 555 5410 lud
584 5368 881 5410 marmore
912 5351 1288 5425 prretexit,ac
1319 5352 1536 5406 deinde
1569 5351 1809 5408 tabulas
1837 5366 2096 5406 marmo-

449 5444 499 5500 ri
532 5443 933 5516 superposuit,
967 5457 1036 5496 ac
1069 5440 1303 5495 tertium
1347 5440 1436 5494 his
1485 5439 1725 5495 duobus
1771 5439 1900 5495 auri
1927 5441 2097 5495 vesti-

452 5539 578 5591 tum
610 5530 1038 5606 superaddidit,
1073 5534 1137 5586 ut
1161 5532 1222 5586 in
1252 5529 1641 5602 sequentibus
1672 5529 1902 5599 legitur.
1937 5530 2096 5586 Sicut

449 5627 653 5683 autem
679 5621 928 5716 latitudo
955 5620 1197 5694 parietis
1227 5621 1289 5678 in
1309 5619 1499 5678 altum
1531 5635 1882 5693 exsurgens,
1914 5625 2095 5694 atque

2215 3069 2245 3097 «
2271 3059 2436 3099 mum
2467 3039 2692 3098 oraculi
2725 3040 2786 3094 in
2812 3041 3095 3095 Sanctum
3128 3043 3493 3093 sanctorum.
3524 3059 3550 3086 »
3583 3029 3839 3088 Posterio-

2213 3149 2343 3190 rem
2361 3135 2592 3204 partem
2607 3127 3273 3200 templi,occidentalem
3292 3125 3450 3182 dicit:
3467 3125 3542 3180 ab
3563 3125 3684 3179 ortu
3698 3117 3839 3175 enim

2215 3221 2354 3278 solis
2376 3221 2719 3290 ingressum
2745 3216 3010 3272 habebat
3030 3215 3407 3288 templum,et
3423 3214 3501 3271 ab
3530 3223 3734 3269 occasu
3749 3205 3840 3260 dos

2213 3327 2384 3367 mum
2404 3307 2888 3373 interiorem,hoc
2911 3309 2999 3361 est
3022 3308 3306 3362 Sanctum
3323 3310 3656 3360 sanctorum
3675 3299 3844 3366 ingre—

2213 3401 2508 3456 diebatur.
2532 3397 2703 3464 Quod
2729 3401 2930 3452 autem
2960 3395 3224 3451 tabulata
3251 3409 3388 3467 quae
3414 3385 3842 3449 interioremdo-

2215 3505 2385 3544 mum
2401 3488 2478 3543 ab
2493 3486 2779 3541 exteriore
2799 3484 3225 3557 separabant,a
3236 3485 3578 3556 pavimento
3590 3492 3762 3550 nsque
3771 3473 3840 3531 ad

2217 3575 2528 3648 superiora
2551 3589 2680 3628 esse
2714 3573 2995 3628 dicuntur
3018 3573 3466 3639 rediﬁcatamon
3489 3583 3660 3642 usque
3679 3564 3747 3619 ad
3761 3561 3838 3616 la»

2213 3663 2464 3737 quearia
2486 3665 2644 3734 (quae
2664 3661 2902 3731 triginta
2923 3663 3138 3718 cubitis
3167 3667 3337 3716 erant
3351 3663 3411 3717 in
3438 3659 3673 3716 sublime
3692 3669 3723 3710 a
3739 3665 3835 3725 pas

2214 3753 2478 3809 vimento
2498 3766 2811 3823 suspensa,
2823 3756 2884 3806 ut
2896 3767 3082 3824 supra
3100 3751 3229 3822 jam
3243 3751 3471 3806 dictum
3490 3744 3716 3822 est),sed
3729 3745 3844 3798 tan-

2214 3847 2341 3898 tum
2373 3856 2566 3914 usque
2599 3837 2678 3896 ad
2709 3839 2945 3896 cubitos
2988 3840 3200 3910 viginti
3232 3840 3583 3904 altitudinis,
3612 3841 3673 3892 ut
3697 3834 3853 3890 inse.

2213 3930 2536 4004 quentibus
2549 3933 2750 4002 aperte
2763 3929 2816 3984 1e
2823 3928 3454 3999 gitur,intelligendum
3469 3925 3857 3997 estzreliquum

2213 4037 2351 4077 vero
2370 4025 2496 4077 erat
2510 4036 2691 4093 super
2701 4020 2829 4074 haec
2843 4018 3112 4075 tabulata
3134 4024 3410 4091 apertum
3425 4023 3482 4074 et
3497 4018 3678 4074 inane
3688 4021 3860 4086 usque

2215 4111 2292 4166 ad
2313 4110 2645 4182 laquearia,
2663 4109 3003 4163 cubitorum
3031 4108 3241 4163 decem
3263 4106 3622 4177 altitudinis,
3642 4105 3695 4161 et
3719 4098 3864 4159 cubi-

2213 4203 2411 4254 torum
2434 4197 2640 4267 viginti
2656 4197 3066 4266 longitudinis,
3080 4198 3252 4269 juxta
3265 4196 3647 4253 latitudinem
3663 4194 3865 4250 domus

2212 4302 2518 4360 perquam
2533 4285 2816 4341 nimirum
2828 4286 3084 4357 januam
3102 4286 3304 4342 fumus
3316 4287 3705 4343 inccnsorum
3718 4281 3786 4338 de
3799 4275 3868 4335 al~

2213 4376 2326 4432 tari
2340 4373 2750 4448 thymiamatis
2763 4374 2990 4432 solebat
3001 4377 3060 4431 in
3077 4379 3292 4433 Sancta
3309 4379 3665 4431 sanctorum
3680 4382 3868 4430 ascen-

2211 4465 2351 4521 dere
2372 4469 2551 4536 atque
2573 4464 2649 4520 ad
2667 4465 3110 4521 arcamDomini
3130 4463 3524 4537 operiendam
3543 4467 3864 4538 penetrare.

2211 4555 2275 4610 In
2301 4570 2425 4628 qua
2453 4553 2830 4609 distinctione
2858 4554 3317 4611 domusDomini
3341 4558 3504 4626 patet
3534 4553 3735 4625 ﬁgura
3753 4559 3868 4623 my-

2212 4643 2401 4700 sterii:
2428 4647 2484 4698 et
2513 4643 2800 4716 Apostolo
2827 4649 3162 4716 exponente
3183 4644 3476 4715 (Hebmx)
3493 4643 3634 4700 luce
3669 4640 3871 4699 clarior

2211 4737 2318 4803 est,
2343 4732 2487 4806 quia
2513 4733 2680 4804 prior
2711 4731 2930 4788 domus
2958 4733 3020 4788 in
3049 4747 3236 4805 quam
3269 4745 3508 4804 semper
3548 4729 3872 4790 introibant

2210 4822 2547 4879 sacerdotes
2561 4822 2990 4878 sacriﬁciorum
3005 4821 3202 4878 ofﬁcia
3214 4827 3875 4894 consummantes,prse-

2209 4928 2345 4968 sens
2375 4917 2463 4969 est
2491 4911 2773 4978 Ecclesia,
2791 4911 2895 4967 ubi
2914 4910 3181 4983 quotidie
3204 4910 3315 4983 piis
3332 4910 3679 4968 insistentes
3692 4906 3875 4984 operi-

2206 5001 2342 5070 bus,
2353 5001 2601 5056 Domino
2611 5001 2759 5056 sacri
2767 5001 2903 5056 ﬁcia
2916 4999 3113 5056 laudis
3127 4999 3454 5056 offerimus.
3467 5001 3725 5058 interior
3741 5013 3878 5056 vero

2207 5089 2428 5144 domus
2442 5105 2576 5159 quin
2593 5089 2666 5144 ad
2682 5088 3073 5160 posteriorem
3089 5095 3321 5162 partem
3339 5090 3543 5162 templi
3557 5095 3691 5147 erat
3700 5089 3875 5157 facta,

2206 5177 2339 5249 ipsa
2369 5181 2452 5232 est
2477 5177 2777 5248 promissa
2810 5178 2986 5234 nobis
3006 5180 3129 5236 vita
3158 5179 3220 5235 in
3253 5179 3724 5238 cmlis.Exterior
3751 5177 3877 5253 qui-

2205 5266 2345 5321 dem
2363 5265 2489 5320 haac
2514 5266 2888 5322 conversatio
2910 5268 3096 5324 nostri
3115 5269 3302 5324 exsilii
3323 5287 3334 5324 :
3359 5267 3609 5325 interior
3625 5284 3774 5325 vero
3797 5269 3882 5323 est

2205 5370 2340 5426 quae
2358 5355 2416 5410 in
2436 5355 2927 5428 prmsentiaRegis
2946 5357 3296 5424 summi,ubi
3313 5374 3529 5432 perpes
3551 5358 3881 5415 beatorum

2205 5447 2261 5498 et
2289 5444 2642 5511 angelorum
2661 5448 2718 5498 et
2749 5444 3063 5502 hominum
3089 5447 3436 5503 solemnitas
3459 5448 3684 5517 agitur.
3716 5444 3879 5503 Unde

2205 5547 2272 5587 ea
2306 5531 2459 5587 bene
2490 5533 2700 5589 merito
2719 5550 2889 5589 servo
2913 5535 3347 5594 diciturzulntra
3363 5538 3422 5592 in
3445 5537 3752 5607 gaudium
3779 5540 3884 5592 Do-

2205 5619 2356 5677 mini
2381 5621 2620 5693 (Matth.
2645 5625 2833 5697 xxv).»
2859 5625 2974 5683 Sed
3002 5625 3131 5683 haac
3149 5626 3444 5700 posterior
3463 5631 3550 5684 est
3573 5629 3877 5701 tempore,
