4092 6178
239 181 345 236 421
385 184 390 186 ’

1207 180 1460 239 ENARR.
1500 183 1571 239 ΙΝ
1610 181 1856 239 LIBROS
1895 179 2152 243 REGIUM.
2195 212 2263 230 ε-
2301 186 2369 245 lN
2407 186 2536 246 LIB.
2579 193 2672 246 Ill.

3535 198 3642 260 421

239 303 390 375 quia
409 305 546 390 post
573 302 756 373 hujus
775 301 975 371 saeculi
1004 303 1248 360 labores
1278 307 1357 361 ad
1388 306 1542 362 illius
1564 307 1900 377 ingressum
1934 309 1983 362 A
2018 310 2336 368 multitudo
2357 314 2851 380 ﬁdelium,unum
2873 320 3076 374 tamen
3099 330 3218 390 cor,
3231 331 3419 378 unam
3443 322 3664 381 habere

243 389 648 464 perducimur.
685 391 984 448 Tabulata
1016 397 1218 449 autem
1250 411 1386 467 quae
1444 400 1765 468 utramque
1793 396 1902 451 do-

247 496 422 537 mum
455 481 533 536 ab
564 481 822 537 invicem
847 483 1289 556 dividunt,ipsa
1311 490 1448 542 sunt
1469 486 1729 541 claustra
1750 486 1900 553 cmli,

238 587 506 645 quorum
536 571 712 628 nobis
739 573 1107 644 apertionem
1161 576 1429 646 quotidie
1481 577 1854 648 suspiramus
1887 591 1901 630 :

239 667 299 717 et
326 665 626 733 quantum
651 662 937 716 Dominus
957 663 1292 735 donaverit,
1308 664 1409 736 pia
1427 680 1662 738 semper
1682 665 1904 721 instan-

239 750 344 812 tia,
389 749 585 804 donec
636 750 980 822 aperiantur
1010 755 1066 806 et
1094 752 1316 807 intrare
1345 753 1538 819 liceat,
1563 753 1899 824 pulsamus.

241 839 352 895 Ubi
373 839 482 893 etsi
498 839 759 894 necdum
784 845 918 895 ante
942 839 1303 897 solutionem
1330 858 1651 914 corporum
1681 843 1902 898 intrare

237 927 622 1000 permittitur,
653 933 922 1000 apertam
961 934 1162 985 tamen
1195 931 1494 986 habemus
1524 932 1780 1001 januam
1811 931 1902 986 di—

237 1018 393 1073 vinae
429 1018 684 1090 pietatis,
712 1035 838 1090 qua
867 1020 1205 1075 orationum
1249 1025 1618 1088 nostrarum,
1652 1021 1904 1076 eleemo-

237 1119 551 1179 synarum,
581 1108 971 1177 jejuniorum,
1005 1112 1478 1182 caeterorumque
1506 1126 1758 1182 operum
1791 1110 1901 1165 bo-

235 1213 456 1252 norum
487 1197 905 1268 thymiamata,
934 1198 1391 1270 prtemittamus.
1427 1199 1576 1253 Hinc
1621 1203 1712 1254 est
1740 1200 1901 1255 enim

234 1285 405 1357 quod
432 1285 763 1357 parietibus
796 1286 1048 1342 cedrinis
1102 1286 1322 1341 domus
1367 1287 1664 1342 interioris
1712 1287 1900 1342 aediﬁ-

237 1379 392 1441 cata,
424 1375 677 1445 januam
702 1374 884 1430 habet
912 1376 970 1430 in
999 1375 1409 1446 superioribus
1436 1391 1544 1449 per
1571 1376 1899 1443 totum,ubi

243 1463 453 1518 fumus
487 1462 873 1518 incensorum
926 1463 1190 1524 intraret,
1249 1464 1394 1535 quia
1445 1463 1602 1519 oculi
1667 1462 1900 1519 Domini

235 1552 428 1624 aperti
450 1556 590 1607 sunt
614 1567 797 1624 super
811 1551 1061 1606 domum
1085 1553 1215 1622 ejus
1241 1556 1415 1608 nocte
1434 1568 1502 1607 ac
1519 1552 1635 1618 die,
1652 1556 1707 1607 et
1724 1568 1900 1608 aures

2014 401 2301 470 animam,
2331 419 2440 475 pro
2471 406 2811 461 communis
2850 406 2989 462 ﬁdei
3019 424 3089 464 ac
3118 409 3450 467 dilectionis
3478 414 3666 470 socie-

2012 493 2150 552 tate,
2165 493 2376 548 merito
2395 493 2688 550 dicantur.
2717 498 2984 569 Namque
3018 503 3510 575 tornaturae,quae
3527 502 3668 573 jun‘

2014 579 2194 636 cturis
2225 582 2569 638 tabularum
2595 585 3077 657 apponebantur,
3102 591 3164 645 ut
3196 603 3385 646 unum
3435 605 3507 646 ex
3536 607 3665 648 om-

2010 668 2188 724 nibus
2220 670 2384 727 fieret
2412 673 2767 744 tabulatum,
2793 675 2922 746 ipsa
2949 681 3088 732 sunt
3115 676 3312 734 ofﬁcia
3335 680 3660 744 'charitatis,

2011 757 2231 828 quibus
2263 759 2602 818 adinvicem
2634 762 2968 820 fraternitas
2994 772 3199 822 sancta
3219 768 3556 840 copulatur,
3578 772 3665 824 ata-

2012 861 2128 917 que
2159 847 2215 901 in
2250 863 2433 904 unam
2481 851 2691 906 Christi
2717 851 2970 909 domum
3019 858 3142 910 toto
3171 859 3465 912 terrarum
3515 859 3663 915 orbe

2013 938 2410 1007 componitur.
2452 941 2592 1002 Quae
2639 941 2820 996 etiam
2869 943 3089 998 domus
3141 945 3323 1002 habet
3349 946 3662 1003 ctelaturas

2011 1024 2358 1092 eminentes,
2386 1043 2522 1082 cum
2545 1045 2729 1100 opera
2757 1029 3036 1086 virtutum
3056 1033 3243 1088 sancti
3271 1049 3662 1108 nequaquam

2010 1113 2241 1168 occulto
2263 1119 2488 1184 tegunt,
2503 1117 2607 1172 sed
2630 1118 2945 1174 manifesta
2965 1121 3343 1192 expressione
3373 1123 3515 1179 foris
3537 1140 3664 1180 om-

2009 1199 2186 1255 nibus
2217 1203 2426 1274 quales
2457 1204 2572 1260 sint
2599 1205 2732 1277 ipsi,
2786 1207 2931 1278 quid
2961 1213 3165 1279 agant,
3198 1209 3260 1265 in
3316 1212 3660 1284 exemplum

2013 1289 2247 1345 vivendi
2278 1293 2646 1363 proferunt.«
2664 1296 2878 1351 Omnia
2907 1287 3162 1352 cedrinis
3195 1299 3414 1355 tabulis
3445 1301 3658 1357 vestie«

2010 1399 2039 1426 «
2079 1378 2318 1450 bantur,
2349 1397 2460 1436 nec
2518 1382 2763 1438 omnino
2820 1383 2973 1456 lapis
3004 1401 3295 1457 apparere
3325 1391 3558 1460 poterat
3598 1389 3662 1444 in

2011 1490 2038 1518 ‹‹
2077 1470 2319 1540 pariete.
2352 1491 2379 1519 »
2413 1473 2476 1525 Et
2498 1470 2728 1543 lapides
2758 1472 3001 1544 parietis
3058 1474 3176 1530 sive
3229 1477 3578 1547 pavimenti,
3605 1479 3663 1534 et

2009 1557 2228 1612 tabulae
2250 1562 2306 1613 et
2326 1574 2563 1630 aurum,
2585 1565 2934 1617 sanctorum
2953 1563 3011 1617 in
3034 1563 3294 1620 Ecclesia
3322 1566 3506 1622 vitam
3527 1582 3661 1623 om-

235 1642 364 1712 ejus
394 1641 457 1696 in
483 1641 786 1696 orationes
813 1656 1122 1696 servorum
1154 1657 1401 1696 suorum
1427 1641 1825 1712 intendentes,
1844 1645 1904 1696 et
1928 1662 1972 1716 B
2008 1647 2109 1702 nia
2137 1647 2474 1718 designant.
2512 1650 2624 1706 Sed
2650 1666 2720 1706 ea
2738 1651 2940 1723 utique
2971 1653 3365 1716 distinctione,
3391 1672 3530 1711 cum
3553 1671 3664 1729 pa-

235 1732 348 1787 hoc
374 1745 483 1802 per
518 1735 700 1787 totam
728 1731 1104 1787 latitudinem
1145 1731 1376 1786 diffusae
1407 1747 1514 1803 per
1541 1731 1770 1786 orbem.
1797 1735 1898 1786 Ec-

234 1820 427 1875 clesiae
457 1819 643 1874 altare
677 1835 943 1892 namque
973 1820 1407 1892 thymiamatis,
1434 1821 1596 1893 quod
1621 1820 1682 1876 in
1712 1821 1896 1876 domo

232 1910 483 1984 quidem
513 1909 806 1976 exteriori,
850 1910 952 1964 sed
984 1926 1173 1981 prope
1207 1909 1425 1965 ostium
1457 1910 1654 1966 stabat
1677 1910 1897 1966 domus

230 1998 551 2062 interioris,
598 2004 780 2070 typus
809 1992 1367 2071 fuit-perfectorum,
1396 1998 1500 2071 qui
1531 2016 1708 2055 carne
1761 2000 1895 2072 qui-

234 2088 378 2143 dem
408 2087 605 2143 adhuc
633 2087 695 2142 in
748 2087 979 2142 mundo
1008 2088 1237 2156 retenti,
1271 2088 1376 2143 sed
1405 2088 1572 2143 omni
1597 2087 1895 2143 desiderio

235 2182 378 2232 sunt
407 2177 483 2232 ad
507 2176 768 2232 caelestia
799 2177 1076 2248 suspensi
1105 2195 1118 2232 :
1152 2182 1209 2232 et
1232 2176 1395 2232 velut
1422 2177 1669 2232 incenso
1701 2177 1893 2248 thure,

241 2268 480 2323 fumum
510 2267 932 2322 ascendentem
959 2267 1019 2321 in
1081 2269 1300 2323 Sancta
1353 2271 1702 2322 sanctorum
1732 2267 1897 2322 emit-

245 2361 399 2424 tunt,
433 2357 563 2428 quia
593 2371 861 2429 superna
891 2372 1097 2412 amore
1131 2356 1477 2426 ﬂagrantes,
1513 2356 1733 2412 crebris
1764 2373 1894 2412 ora-

235 2447 469 2502 tionum
503 2447 772 2516 vocibus,
807 2463 983 2502 aures
1015 2447 1106 2501 sui
1135 2446 1381 2520 pulsant
1408 2447 1685 2503 auctoris.
1715 2451 1894 2520 Aper-

233 2542 417 2609 taque
442 2537 557 2592 late
580 2539 772 2607 janua
800 2536 1002 2592 fumus
1031 2536 1415 2592 incensorum
1468 2537 1528 2591 in
1582 2537 1895 2608 superiori-

230 2629 348 2683 bus
370 2627 557 2682 venit:
583 2627 728 2698 quia
748 2631 975 2698 quanto
999 2626 1347 2682 mundiores
1369 2626 1593 2699 quique
1617 2626 1678 2681 in
1700 2627 1890 2694 terris,

229 2722 289 2772 et
334 2716 510 2789 quasi
540 2715 858 2771 viciniores
917 2714 1138 2771 caelesti
1169 2715 1377 2787 patriae
1417 2721 1891 2781 commorantur,

230 2812 401 2862 tanto
432 2806 604 2861 citius
637 2810 852 2860 cuncta
881 2820 1014 2878 quae
1068 2811 1348 2878 poscunt,
1384 2805 1702 2877 accipiunt.
1737 2807 1893 2860 Bene

230 2903 434 2951 autem
469 2895 715 2950 interior
741 2895 958 2950 domus
1008 2885 1216 2963 viginti
1272 2894 1485 2950 cubitis
1521 2895 1704 2965 longa
1735 2895 1893 2952 facta

227 2991 338 3052 est,
363 2990 609 3058 prOpter
639 2983 998 3056 mysterium
1030 2983 1249 3039 scilicet
1281 2983 1534 3053 geminae
1561 2983 1891 3040 dilectionis

226 3074 324 3143 (de
365 3091 489 3148 quo
540 3079 597 3130 et
648 3089 834 3145 supra
863 3073 1171 3140 diximus),
1206 3090 1342 3145 quae
1396 3073 1457 3128 in
1511 3073 1623 3127 hac
1654 3072 1888 3127 interim

225 3165 349 3220 vita
382 3181 457 3220 ex
486 3167 655 3236 parte
688 3164 960 3219 maxima
989 3163 1313 3218 electorum
1345 3166 1574 3217 mentes
1618 3161 1890 3225 illustrat,

226 3257 340 3310 sed
389 3253 454 3309 in
483 3253 583 3308 illa
613 3254 806 3326 patria
859 3252 1235 3309 cessantibus
1296 3252 1552 3307 aliarum
1606 3253 1891 3307 virtutum

234 3343 533 3416 operibus
563 3343 682 3399 sola
704 3349 994 3416 perpetuo
1023 3346 1256 3412 regnat.

316 3455 347 3482 ‹‹
395 3432 578 3486 Porro
607 3432 994 3503 quadraginta
1027 3431 1364 3487 cubitorum
1387 3433 1515 3486 erat
1535 3429 1733 3502 ipsum
1753 3434 1894 3485 tem-

242 3544 274 3570 α
317 3519 490 3593 plum
515 3536 622 3592 pro
649 3521 874 3578 {oribus
907 3520 1206 3577 oraculi.»
1228 3520 1495 3576 Diximus
1523 3519 1725 3592 ipsum
1742 3523 1892 3574 tem-

234 3609 406 3684 plum
436 3625 548 3681 pro
569 3610 794 3665 foribus
816 3609 1043 3666 oraculi
1065 3610 1374 3682 praesentis
1397 3609 1662 3665 Ecclesiae
1681 3614 1893 3680 typum

235 3697 506 3767 gessisse.
546 3699 709 3753 Unde
740 3704 896 3754 recte
927 3699 1330 3771 quadraginta
1379 3698 1487 3754 fuit
1531 3697 1891 3766 cubitorum,

247 3786 352 3856 qui
393 3801 671 3842 numerus
728 3803 887 3859 saepe
916 3787 975 3842 in
1008 3787 1439 3856 signiﬁcatione
1475 3787 1718 3858 ponitur
1744 3801 1894 3857 prae-

250 3874 420 3929 sentis
435 3875 701 3931 ﬁdelium
724 3875 968 3941 laboris,
988 3877 1298 3948 quomodo
1315 3875 1890 3949 quinquagenarius,

237 3963 293 4018 in
322 3965 825 4035 signiﬁcationem
854 3967 1067 4022 futurae
1098 3966 1313 4039 quietis
1342 3971 1397 4021 ct
1417 3967 1604 4037 pacis.
1638 3964 1892 4020 Denario

229 4068 493 4125 namque
541 4071 801 4111 numero
851 4055 1227 4111 continentur
1283 4059 1605 4126 praecepta,
1633 4069 1894 4126 quorum

223 4143 656 4200 observatione
691 4145 768 4201 ad
799 4145 985 4202 vitam
1015 4143 1374 4218 pervenitur.
1427 4143 1680 4199 Denario
1723 4158 1894 4214 teque

226 4231 604 4302 signiﬁcatur
632 4233 788 4305 ipsa,
826 4250 1014 4306 quam
1044 4232 1456 4289 desideramus
1504 4237 1560 4288 et
1609 4247 1719 4304 pro
1771 4247 1895 4303 qua

222 4321 604 4390 laboramus,
659 4324 781 4378 vita
837 4322 1137 4395 perennis.
1197 4323 1536 4386 Quadratus
1600 4337 1742 4376 vero
1804 4323 1896 4375 est

221 4411 520 4476 mundus,
549 4412 611 4466 in
643 4427 765 4484 quo
795 4427 905 4485 pro
940 4403 1305 4482 acquirend’a
1359 4410 1570 4466 eadem
1620 4409 1742 4465 vita
1773 4423 1895 4463 cer-

221 4505 447 4556 tamus.
484 4499 656 4556 Unde
687 4500 999 4555 Psalmista
1031 4497 1522 4569 congregandam
1569 4497 1892 4553 Ecclesiam

221 4587 297 4644 de
333 4589 619 4657 gentibus
667 4589 1027 4660 praevidens,
1076 4587 1272 4644 aiebat
1307 4603 1319 4643 :
1356 4610 1382 4637 «
1415 4589 1493 4642 De
1547 4585 1894 4657 regionibus

223 4677 624 4746 congregavit
649 4693 752 4733 eos
784 4694 820 4734 a
843 4676 982 4733 solis
1010 4680 1142 4732 ortu
1164 4681 1220 4732 et
1239 4692 1480 4748 occasu,
1508 4673 1585 4732 ab
1611 4675 1893 4748 aquilone

219 4771 281 4822 et
307 4767 466 4821 mari
491 4767 617 4836 (Ps.
647 4782 792 4837 CXVI,
826 4768 880 4835 2,
915 4768 987 4838 3).
1023 4788 1051 4815 ››

299 4873 330 4906 ‹
371 4853 487 4910 Sed
508 4860 566 4910 et
587 4854 766 4910 cedro
783 4854 980 4910 omnis
996 4855 1214 4910 domus
1231 4854 1586 4910 intrinsecus
1609 4853 1897 4910 vestieba-

221 4966 251 4994 ‹‹
293 4944 1009 5014 tur,habenstornaturas
1027 4943 1893 5016 suas,juncturasfabrefactas,

220 5058 251 5083 α
291 5040 349 5090 et
371 5035 713 5092 caelatutras
736 5033 1127 5090 eminentes.»
1154 5033 1418 5090 Diximus
1441 5033 1514 5089 de
1533 5033 1710 5089 cedro
1731 5033 1897 5104 quod

217 5125 704 5197 insuperabilem
724 5125 1008 5180 virtutum
1039 5128 1411 5180 venustatem
1436 5125 1697 5194 signaret
1728 5139 1740 5177 :
1774 5138 1896 5195 quo

219 5214 520 5269 nimirum
568 5214 734 5285 ligno
784 5213 981 5269 omnis
1012 5213 1231 5269 domus
1261 5212 1496 5268 Domini
1539 5212 1896 5268 intrinsecus

218 5299 618 5373 vestiebatur,
633 5319 772 5359 cum
787 5301 927 5358 cord
938 5317 972 5356 a
983 5301 1286 5373 justorum
1302 5301 1430 5358 solo
1444 5301 1744 5357 bonorum
1757 5317 1898 5374 ope-

213 5407 363 5448 rum
391 5406 601 5448 amore
631 5392 951 5447 nitescunt.
1003 5391 1310 5463 Habetque
1343 5391 1562 5446 domus
1588 5391 1646 5445 in
1679 5389 1897 5446 tabulis

216 5479 488 5536 cedrinis
521 5484 865 5536 tor-naturas
915 5495 1053 5535 suas
1085 5484 1142 5535 et
1165 5480 1480 5549 juncturas
1511 5478 1894 5548 fabrefactus,

218 5585 364 5624 cum
392 5568 578 5624 iidem
608 5568 773 5623 electi
803 5585 931 5624 sese
955 5568 1032 5623 ad
1061 5567 1314 5623 invicem
1337 5568 1741 5640 pulcherrima
1761 5568 1897 5622 cha-

220 5658 416 5715 ritatis
436 5657 661 5731 copula
678 5662 1140 5715 connectuntur:
1155 5657 1238 5714 ita
1251 5661 1317 5714 ut
1337 5673 1476 5714 cum
1490 5656 1807 5714 innumera
1820 5657 1896 5713 sit

2006 1737 2144 1792 riter
2172 1745 2499 1810 ponuntur,
2534 1744 2596 1795 ut
2624 1739 2855 1812 lapides
2886 1742 3006 1797 vivi
3032 1745 3149 1799 sint
3187 1744 3399 1812 sancti,
3430 1744 3660 1802 fortitu-

2006 1825 2144 1881 dine
2175 1827 2314 1882 iidei
2346 1828 2404 1882 in
2435 1844 2556 1884 una
2588 1829 2922 1902 eademque.
2955 1831 3163 1901 regula
3193 1833 3429 1890 sibimet
3448 1834 3661 1908 agglu-

2007 1915 2191 1970 tinati.
2221 1917 2458 1972 Tabulae
2481 1918 2736 1973 cedrina:
2765 1935 2886 1989 sive
2909 1920 3180 1989 abiegnae
3207 1927 3344 1979 sunt
3369 1925 3556 1980 sancti
3574 1923 3661 1981 la-

2004 2005 2250 2061 titudine
2285 2006 2588 2062 variarum
2609 2008 2894 2063 virtutum
2927 2010 3262 2066 secundum
3303 2011 3658 2069 donationes

2008 2095 2256 2166 Spiritus
2291 2095 2503 2165 sancti,
2525 2097 2584 2151 in
2609 2113 2732 2152 una
2758 2097 3090 2170 eademque
3116 2100 3234 2154 ﬁde
3266 2101 3500 2157 sibimet
3516 2102 3659 2158 alte-

2002 2188 2233 2238 rutrum
2254 2185 2527 2240 connexi.
2543 2185 2684 2240 Auri
2702 2186 2939 2241 laminae
2963 2193 3102 2243 sunt
3121 2189 3310 2245 sancti
3331 2205 3658 2261 superemia

2003 2278 2244 2329 nentem
2292 2274 2550 2330 scientiae
2603 2277 2951 2331 charitatem
3002 2277 3315 2346 habentes,
3348 2279 3655 2352 hujusque

2002 2361 2229 2432 fulgore
2261 2364 2598 2435 gratissimo
2628 2365 2962 2422 adinvicem
3012 2368 3478 2436 congaudentes.
3511 2372 3653 2434 Quae

2002 2453 2111 2508 tria
2140 2451 2350 2509 beatus
2374 2454 2692 2524 Apostolus
2720 2471 2841 2511 una
2867 2457 3158 2512 sententia
3178 2457 3527 2530 complexus
3544 2463 3653 2529 est,

2003 2543 2208 2598 dicens
2243 2562 2255 2599 :
2296 2563 2325 2596 ς
2347 2545 2497 2599 Nam
2523 2547 2583 2599 in
2608 2544 2836 2600 Christo
2881 2547 3019 2600 Jesu
3047 2561 3243 2617 neque
3278 2546 3655 2602 circumcisio

2003 2631 2229 2703 aliquid
2257 2631 2435 2698 valet,
2468 2645 2662 2704 neque
2680 2633 3071 2705 praeputium:
3103 2634 3208 2689 sed
3228 2634 3378 2691 ﬁdes
3396 2651 3531 2708 quae
3551 2649 3662 2708 per

2003 2721 2380 2778 dilectionem
2412 2727 2693 2794 operatur
2723 2723 2881 2794 (Gal.
2910 2723 2984 2795 v).
3015 2746 3043 2774 ››
3076 2724 3235 2780 Fidei
3263 2739 3529 2797 namque
3567 2724 3659 2780 in-

2001 2811 2170 2866 victae
2199 2811 2352 2882 lapis
2382 2812 2640 2880 ﬁguram
2675 2811 2859 2867 tenuit
2893 2830 2905 2867 :
2941 2812 3154 2868 cedrus
3180 2814 3428 2870 actionis
3467 2813 3663 2870 odori-

2002 2897 2138 2953 ferae
2165 2913 2177 2952 :
2203 2914 2440 2971 aurum.
2467 2901 2940 2956 transcendentis
2971 2917 3151 2958 omne
3181 2902 3532 2961 dilectionis.
3556 2906 3660 2960 Ve-

2004 2986 2290 3057 stiturque
2325 2985 2599 3058 lapideus.
2623 2989 2816 3049 paries
2837 2985 3054 3043 tabulis
3079 2989 3352 3053 cedrinis,
3369 3007 3506 3046 cum
3524 3006 3660 3063 pro-

2002 3073 2186 3128 fessio
2212 3073 2350 3128 iidei
2376 3073 2551 3128 bonis
2599 3079 2847 3130 ornatur
2875 3074 3182 3146 Operibus,
3214 3093 3289 3132 ne
3329 3078 3520 3133 otiosa
3564 3079 3659 3148 ju-

2002 3161 2230 3217 dicetur
2251 3178 2401 3232 esse,
2421 3168 2523 3217 aut
2552 3167 2808 3217 mortua.
2838 3164 3058 3218 Verum
3089 3164 3231 3236 quia
3263 3165 3356 3220 lex
3377 3163 3436 3220 in
3455 3165 3657 3238 lapide
3681 3165 3688 3167 ’

2004 3253 2244 3322 scripta,
2289 3250 2561 3306 doctrina
2610 3265 2749 3306 vera
2803 3251 3108 3321 Evangelii
3155 3268 3261 3324 per
3305 3252 3538 3323 lignum
3568 3258 3658 3311 est

2003 3338 2323 3395 Dominicee
2350 3339 2649 3412 passionis
2679 3339 3038 3396 conﬁrmata
3071 3358 3083 3395 :
3110 3342 3270 3397 unde
3301 3347 3358 3398 et
3393 3342 3655 3416 populus

2002 3428 2095 3483 ille
2121 3427 2321 3500 lapide
2349 3428 2890 3485 circumcidebatur
2916 3429 2978 3485 in
3007 3430 3322 3503 praeputio,
3347 3447 3459 3488 nos
3480 3430 3656 3502 signo

2003 3516 2193 3572 crucis
2223 3530 2649 3574 consecramur
2677 3516 2738 3573 in
2765 3517 2978 3574 fronte.
3014 3518 3265 3575 Possunt
3291 3533 3415 3576 non
3454 3521 3658 3577 incon-

2003 3621 2147 3676 grue
2200 3607 2456 3679 parietes
2509 3607 2714 3681 templi
2769 3608 3010 3680 lapidei,
3066 3609 3188 3665 sive
3240 3609 3656 3682 pavimentum

2001 3696 2434 3769 pretiosissimo
2456 3713 2756 3754 marmore
2789 3703 3060 3769 stratum,
3089 3714 3297 3755 eorum
3326 3698 3505 3771 quiin
3526 3699 3656 3770 lege

2001 3787 2252 3843 fideliter
2282 3805 2351 3844 ac
2385 3789 2641 3861 perfecte
2661 3789 2957 3851 vixerunt,
2984 3795 3194 3862 typum
3221 3796 3453 3856 tenere;
3487 3791 3658 3848 tabu-

2000 3877 2072 3932 l:.c
2102 3893 2244 3933 vero
2277 3877 2531 3932 cedrinae
2587 3877 2708 3933 sive
2763 3878 3057 3948 adiegnae,
3099 3877 3240 3934 Novi
3297 3878 3658 3935 Testamenti

1997 3967 2194 4038 justos
2223 3966 2507 4032 indicare,
2539 3967 2644 4038 qui
2669 3966 2934 4022 volentes
2965 3971 3101 4039 post
3130 3967 3451 4023 Dominum
3493 3967 3656 4024 veni-

2002 4071 2087 4120 re,
2113 4053 2419 4123 abnegant
2448 4055 2893 4126 semetipsos,et
2914 4061 3156 4129 sumpta
3187 4071 3360 4112 cruce
3383 4071 3494 4114 sua
3511 4071 3660 4130 quo-

2002 4142 2162 4211 tidie,
2199 4148 2535 4216 sequuntur
2565 4141 2753 4199 illum.
2784 4147 2850 4200 Et
2878 4161 3001 4217 quo
3032 4145 3340 4218 utriusque
3373 4147 3659 4220 temporis

1999 4233 2193 4304 justos
2232 4233 2572 4288 communis
2623 4233 2812 4303 gloria
2855 4249 3129 4307 supernae
3157 4241 3362 4292 manet
3412 4236 3661 4292 retribu-

2006 4322 2202 4389 tionis,
2236 4321 2541 4394 lapidibus
2573 4338 2643 4378 ac
2689 4323 2865 4395 lignis
2891 4324 3166 4396 pretiosis
3189 4325 3365 4381 tertia
3391 4329 3482 4382 est
3526 4341 3659 4400 spe-

2009 4411 2127 4467 cies
2159 4425 2478 4467 aurearum
2510 4412 2796 4484 adjuncta
2847 4412 3230 4470 laminarum.
3265 4417 3379 4470 Nec
3429 4419 3661 4472 contra-

2005 4500 2160 4555 rium
2192 4500 2370 4556 debet
2399 4501 2604 4571 videri,
2637 4502 2803 4574 quod
2834 4517 3020 4576 supra
3050 4502 3331 4570 diximus,
3362 4503 3660 4574 porticum

2005 4605 2141 4661 quae
2172 4593 2298 4645 erat
2326 4593 2462 4646 ante
2487 4591 2801 4662 templum,
2832 4591 3219 4663 antiquorum
3271 4590 3530 4658 ﬁguram
3557 4605 3658 4661 ge-

2007 4683 2160 4734 stare
2192 4678 2458 4734 ﬁdelium
2494 4698 2506 4735 :
2541 4678 2740 4751 ipsum
2780 4695 2916 4735 vero
2960 4678 3273 4750 templum,
3302 4694 3511 4733 eorum
3555 4675 3662 4752 qui

2004 4771 2142 4839 post
2168 4768 2594 4822 incarnationis
2627 4767 2948 4823 Dominica:
2969 4771 3220 4837 tempus
3268 4765 3329 4823 in
3358 4767 3660 4824 mundum

2004 4859 2316 4910 venerunt.
2365 4859 2541 4910 Porro
2589 4853 2841 4911 domum
2888 4854 3248 4924 interiorem,
3283 4857 3453 4927 regni
3485 4857 3694 4914 ccele-‘

2006 4943 2106 4998 stis
2139 4941 2380 5014 gaudia,
2410 4959 2544 5016 quae
2591 4944 2852 5017 utrisque
2891 4943 3068 5016 justis
3112 4945 3331 5002 dantur
3376 4946 3658 5018 ﬁgurare.

2006 5037 2171 5088 Nunc
2202 5037 2404 5088 autem
2430 5034 2705 5089 dicamus
2758 5033 3012 5106 parietes
3058 5034 3292 5105 lapides
3342 5037 3662 5110 antiquum

2005 5123 2104 5178 Dei
2152 5121 2466 5196 pOpulum,
2515 5118 2783 5180 tabulata
2840 5123 3085 5180 cedrina
3139 5141 3389 5195 novum,
3445 5141 3661 5185 aureas

2005 5211 2263 5268 laminas
2308 5212 2614 5286 utriusque
2663 5214 2724 5268 in
2774 5213 2938 5269 caelis
2984 5215 3234 5287 praimia
3290 5215 3657 5287 designare:

2008 5318 2146 5357 cum
2175 5301 2336 5358 idem
2362 5302 2618 5375 parietes
2660 5302 2865 5376 templi
2895 5306 2951 5358 et
2979 5303 3039 5359 in
3072 5304 3322 5376 porticu,
3357 5308 3414 5362 et
3434 5305 3498 5362 in
3527 5307 3662 5380 ipso

2007 5391 2250 5464 templo,
2285 5397 2341 5446 et
2371 5393 2430 5446 in
2473 5391 2703 5448 Sanctis
2734 5395 3078 5448 sanctorum
3111 5393 3243 5467 pari
3271 5394 3489 5453 fuerint
3536 5412 3664 5452 mo-

2005 5480 2105 5548 do,
2139 5481 2212 5535 de
2259 5480 2562 5553 lapidibus
2591 5485 2646 5536 et
2673 5481 2848 5552 lignis
2887 5486 2944 5537 ct
2991 5498 3139 5539 auro
3171 5484 3488 5557 compacti.
3523 5483 3661 5541 Mul-

2007 5567 2187 5639 tiplex
2215 5585 2478 5642 namque
2504 5575 2591 5626 est
2614 5569 2675 5624 in
2707 5569 2954 5626 diversis
2984 5571 3163 5627 rebus
3194 5572 3545 5628 earumdem
3573 5587 3663 5626 re-

2010 5655 2213 5728 petitio
2239 5657 2591 5727 ﬁgurarum.
2618 5659 2734 5716 Sed
2763 5663 2821 5716 et
2845 5659 2962 5716 hoc
2989 5659 3335 5730 dicendum,
3363 5660 3506 5732 quia
3533 5658 3663 5715 fue-
