4102 6184
435 173 544 229 423

1545 164 1904 221 ANGELOMI
1943 161 2388 234 LUXOVIENSIS
2424 161 2742 222 MONACHI

3764 161 3886 216 424'

436 296 579 350 runt
607 295 665 349 et
691 290 751 347 in
782 289 910 358 lege
955 291 1013 341 et
1058 289 1194 340 ante
1243 283 1528 357 scriptam
1576 283 1769 353 legem
1805 301 1818 337 :
1849 282 2088 356 plurimi
2123 285 2169 338 A
2201 285 2459 340 fraterna
2480 283 2721 353 negotia
2741 299 2848 356 per
2867 281 3075 338 omnia
3101 279 3362 351 fulgent:
3381 279 3548 353 quod
3565 279 3878 352 sequenti-

436 383 540 456 qui
570 379 835 450 legaliter
865 373 1119 430 Domino
1145 373 1528 430 deservit-ent.
1557 389 1681 428 non
1730 373 2086 439 occidentes,

436 487 560 528 non
579 466 966 529 fornicantes,
986 478 1106 517 non
1140 460 1364 516 furtum
1397 462 1696 528 facientes,
1717 478 1838 516 non
1870 461 2089 516 falsum

439 553 844 615 te~timonium
889 555 1096 607 contra
1143 550 1488 622 proximum
1533 551 1867 623 loquentes,
1899 550 2089 604 hono-

436 650 637 702 rantes
674 648 904 715 patrem
933 643 990 694 et
1031 643 1304 708 matrem,
1339 644 1394 694 et
1422 639 1732 708 diligentes
1785 639 2091 711 proximos

441 735 591 792 sicut
623 733 872 804 seipsos,
905 729 964 784 hi
997 728 1074 784 ad
1106 727 1356 799 parietes
1376 729 1638 801 porticus
1664 728 1934 800 lapideos
1964 742 2092 799 per-

440 823 726 879 tinebant.
752 821 1015 873 Fuerunt
1058 816 1178 885 alii,
1211 817 1314 888 qui
1358 818 1574 889 majori
1603 817 1961 890 perfectione
2008 831 2092 870 re-

436 910 588 965 lictis
640 906 852 962 mundi
903 905 1175 976 negotiis,
1208 911 1265 960 et
1289 911 1604 978 assumpta
1633 922 1806 960 cruce
1837 921 1968 974 sua,
1999 920 2090 959 se-

438 998 780 1070 quebantur
832 994 1199 1049 Dominum:
1248 994 1413 1067 quod
1467 992 1789 1067 Apostolus
1843 992 2087 1048 scribit:

438 1109 466 1135 ‹‹
500 1085 780 1141 Ludibria
824 1090 880 1138 et
928 1083 1178 1138 verbera
1226 1085 1450 1155 experti
1496 1083 1742 1156 insuper
1771 1087 1827 1137 et
1855 1080 2092 1136 vincula

439 1179 498 1230 et
526 1189 813 1239 carceres,
845 1171 1094 1244 lapidati
1145 1177 1304 1242 sunt,
1337 1171 1476 1228 secti
1507 1176 1666 1241 sunt,
1697 1170 1902 1226 tentati
1931 1174 2090 1232 sunt,

443 1264 506 1319 in
555 1262 857 1319 occisione
889 1260 1068 1330 gladii
1115 1261 1334 1328 mortui
1386 1265 1544 1315 sunt.
1578 1257 2092 1315 Circumieruntin

440 1351 696 1412 melotis,
725 1350 783 1404 in
835 1349 1090 1422 pellibus
1139 1349 1399 1421 caprinis
1446 1353 1705 1419 egentes,
1747 1347 2088 1418 angustiati,

441 1439 643 1496 afﬂicti
696 1439 916 1510 quibus
965 1438 1184 1507 dignus
1233 1454 1356 1494 non
1412 1442 1537 1492 erat
1585 1437 1848 1492 mundus
1882 1436 2087 1505 (Hebr.

441 1530 541 1600 ιι).
579 1550 606 1578 ››
641 1527 709 1583 Hi
740 1526 845 1599 qui
871 1532 1008 1582 ante
1038 1526 1418 1582 manifestata
1450 1531 1719 1598 tempora
1771 1523 2089 1593 Evangelii,

2198 371 2313 426 bus
2331 389 2572 446 quoque
2593 373 2791 428 verbis
2817 375 3120 440 astruitur,
3143 387 3284 428 cum
3305 370 3521 426 dicitur
3543 387 3556 424 :
3579 392 3608 420 «
3634 373 3710 425 Et
3731 385 3878 442 ope-

2202 483 2228 510 «
2271 463 2388 516 ruit
2419 462 2564 517 illud
2595 467 2775 534 atque
2803 461 3034 517 vestivit
3065 477 3212 516 auro
3242 459 3588 534 purissimo.
3624 482 3654 509 »
3692 459 3874 525 Quod

2201 555 2289 605 est
2342 556 2544 624 aperte
2592 551 2809 613 dicere,
2857 550 3003 623 quia
3047 566 3309 623 superna
3352 549 3578 604 muenia
3607 548 3875 605 civitatis

2201 640 2390 707 gratia
2436 639 2736 696 charitatis
2789 639 3072 712 implevit.
3107 661 3136 689 «
3170 638 3285 696 Sed
3312 644 3369 694 et
3408 637 3594 694 altare
3624 637 3876 693 vestivit

2202 751 2229 777 «
2271 729 2472 784 cedro.
2496 752 2522 778 ››
2552 728 2746 784 Altare
2772 728 2914 784 dicit
2943 726 3356 800 thymiamatis
3377 726 3544 799 quod
3571 731 3708 782 erat
3735 731 3875 782 ante

2200 818 2532 873 oraculum.
2554 822 2632 874 De
2662 834 2786 890 quo
2806 817 2990 890 paulo
3020 823 3158 890 post
3181 816 3547 872 subinfertur
3571 833 3584 870 :
3609 838 3640 865 «
3669 815 3790 880 Sed
3821 821 3875 872 et

2202 930 2229 957 ‹‹
2272 911 2462 963 totum
2494 907 2678 963 altare
2708 906 2935 962 oraculi
2971 906 3112 962 texit
3138 921 3307 962 auro.
3345 929 3373 956 ››
3402 905 3568 961 Unde
3616 905 3874 976 intelligi

2199 996 2397 1065 datur,
2413 996 2578 1062 quod
2594 995 2754 1051 idem
2772 995 2954 1051 altare
2975 995 3050 1050 de
3066 994 3266 1066 lapide
3281 993 3531 1066 quidem
3551 994 3738 1050 fuerit
3759 995 3873 1051 fac-

2202 1091 2420 1153 tum,et
2436 1084 2615 1140 cedro
2640 1084 2937 1153 vestitum,
2953 1099 3023 1139 ac
3045 1083 3262 1139 deinde
3287 1098 3438 1138 auro
3470 1089 3865 1154 coopertum:

2201 1173 2494 1242 signiﬁcat
2507 1176 2708 1228 autem
2722 1173 2919 1245 typice
2930 1172 3329 1245 perfectorum
3341 1171 3524 1227 vitam
3532 1172 3864 1242 justorum,

2200 1263 2305 1334 qui
2334 1262 2507 1334 quasi
2531 1263 2592 1317 in
2623 1261 2837 1318 vicinia
2855 1260 3080 1317 oraculi
3112 1265 3248 1316 sunt
3266 1260 3460 1333 positi,
3491 1261 3629 1332 quia
3658 1261 3864 1317 deser-

2203 1351 2275 1406 tis
2304 1351 2526 1406 intimis
2570 1349 3064 1406 delectationibus
3116 1349 3191 1405 de
3222 1348 3350 1404 solo
3403 1349 3571 1419 regni
3598 1348 3856 1404 caelestis

2202 1440 2497 1510 ingressu,
2528 1455 2733 1494 curam
2765 1453 3009 1494 omnem
3036 1437 3414 1510 impendunt.
3433 1437 3768 1494 Undebene
3801 1439 3860 1492 in

2203 1529 2317 1582 hoc
2349 1527 2519 1582 altari
2546 1543 2667 1582 non
2698 1543 2908 1582 carnes
2938 1525 3338 1593 victimarum,
3364 1525 3469 1580 sed
3503 1525 3632 1582 sola
3662 1527 3864 1582 incen-

439 1617 626 1678 vitam
670 1617 892 1671 duxere
939 1615 1370 1685 evangelicam,
1399 1631 1519 1671 non
1551 1615 1719 1671 aliter
1748 1618 1927 1686 atque
1957 1619 2092 1668 ante
2124 1633 2166 1686 Β
2205 1614 3093 1687 debanturthymiamata,quia
3106 1613 3250 1669 tales
3266 1613 3465 1669 adhuc
3480 1619 3865 1685 peccatacar-

440 1705 781 1777 ingressum
851 1705 1076 1776 templi,
1132 1704 1401 1760 tabulata
1451 1703 1695 1760 cedrina
1745 1703 1804 1758 in
1863 1701 2092 1775 porticu

442 1794 771 1865 fulgebant.
841 1795 1002 1860 Quos
1069 1799 1353 1866 utrosque
1419 1793 1563 1865 quia
1618 1792 1777 1847 idem
1841 1806 2094 1859 regnum

443 1883 681 1940 caeleste
741 1884 1139 1939 communiter
1193 1882 1489 1954 (quamvis
1546 1882 1606 1937 in
1677 1880 2095 1936 mansionibus

442 1971 736 2042 discretis)
765 1971 991 2043 recipit,
1021 1971 1197 2043 quasi
1231 1971 1494 2042 porticus
1527 1969 1755 2041 templi,
1787 1975 1920 2040 post
1944 1967 2093 2039 lapi-

442 2060 549 2116 des
582 2065 638 2114 et
667 2059 936 2126 cedrum,
959 2059 1312 2114 intrinsecus
1336 2063 1423 2113 est
1453 2074 1600 2113 auro
1623 2062 1924 2128 cooperta.
1951 2058 2098 2112 Sunt

440 2148 501 2203 in
533 2149 646 2203 hoc
693 2155 960 2220 tempore
1010 2147 1317 2220 perplures
1365 2147 1469 2219 qui
1511 2146 1807 2216 legalibus
1837 2143 2096 2201 contenti

439 2238 753 2312 praeceptis
787 2239 938 2310 (quae
969 2253 1152 2310 supra
1169 2237 1800 2296 commemoravimus)
1825 2234 2096 2290 sufﬁcere

441 2327 554 2382 sibi
586 2327 836 2382 credunt
876 2331 1128 2392 tantum,
1165 2326 1211 2381 si
1261 2326 1338 2382 ad
1372 2331 1552 2381 vitam
1592 2324 1790 2380 venire
1823 2338 2095 2378 merean-

440 2419 555 2470 tur.
590 2418 736 2470 Sunt
780 2415 898 2482 alii,
932 2415 1034 2486 qui
1081 2415 1160 2469 ad
1208 2415 1630 2486 perfectionem
1673 2428 1793 2467 non
1837 2411 2093 2476 desides,

439 2501 698 2557 venditis
743 2519 879 2574 quae
922 2502 1148 2557 habent
1189 2502 1473 2557 omnibus
1516 2507 1849 2573 sequuntur
1899 2499 2095 2554 Domi-

447 2605 618 2655 num,
648 2605 947 2643 memores
978 2589 1256 2660 promissi
1287 2589 1632 2661 illius,quod
1667 2588 1882 2644 talibus
1913 2587 1973 2642 in
2005 2604 2096 2642 re-

442 2677 808 2731 surrectione
850 2692 973 2730 non
1023 2675 1222 2730 solum
1261 2676 1464 2744 vitam,
1515 2675 1620 2731 sed
1675 2680 1731 2730 et
1774 2675 2096 2746 specialem

441 2765 714 2838 praedixit
759 2765 1052 2820 honorem
1084 2780 1212 2819 esse
1242 2763 1594 2820 tribundum
1630 2781 1642 2818 :
1677 2787 1706 2815 «
1741 2768 1930 2819 Amen
1961 2765 2095 2819 dico

438 2853 630 2920 vobis,
662 2853 826 2925 quod
853 2869 959 2908 vos
987 2852 1093 2927 qui
1121 2852 1307 2909 secuti
1353 2853 1493 2908 estis
1541 2869 1658 2920 me,
1692 2853 1751 2908 in
1781 2868 2095 2923 regenera-

441 2942 598 2998 tione
629 2959 766 2998 cum
801 2942 1015 2998 sederit
1046 2941 1221 2998 Filius
1270 2941 1530 2997 hominis
1572 2943 1633 2997 in
1660 2941 1798 2997 sede
1833 2941 2096 3012 majestis

440 3049 586 3096 sum,
619 3033 897 3088 sedebitis
929 3036 985 3088 et
1006 3048 1113 3089 vos
1143 3047 1325 3104 super
1350 3030 1522 3087 sedes
1563 3031 1905 3094 duodecim,
1933 3031 2095 3102 judi-

439 3121 664 3178 candes
709 3121 1030 3177 duodecim
1063 3120 1249 3176 tribus
1303 3119 1480 3176 Israel
1522 3121 1763 3190 (Matth.
1799 3126 1934 3184 xxx).
1969 3142 1997 3170 »
2031 3120 2094 3175 Hi

440 3211 516 3267 ad
566 3211 854 3284 parietem
911 3210 1112 3284 templi
1168 3209 1307 3266 albo
1355 3210 1430 3266 de
1474 3209 1674 3282 lapide
1723 3210 1967 3276 factum,
2013 3209 2094 3265 illi

437 3299 768 3369 ﬁguraliter
799 3300 876 3356 ad
906 3300 1149 3356 cedrina
1187 3299 1485 3371 pertinent
1514 3299 1780 3356 tabulata
1813 3318 1825 3355 :
1862 3300 2095 3371 utrique

440 3389 693 3459 praemia
732 3403 769 3442 a
797 3387 1049 3442 Domino
1079 3392 1382 3458 perpetuas
1413 3386 1581 3456 lucis,
1609 3387 1788 3459 quasi
1830 3389 1959 3442 auri
2005 3387 2092 3443 la-

438 3475 641 3528 minas
700 3473 921 3544 quibus
985 3473 1342 3527 decorentur
1407 3479 1774 3544 exspectant.
1831 3477 1978 3529 Sunt
2031 3475 2092 3529 in

438 3561 613 3618 aditis
643 3560 871 3632 lapides
902 3561 1164 3632 pretiosi,
1183 3565 1324 3616 sunt
1343 3561 1560 3617 tabulis
1581 3562 1725 3631 ligni
1754 3563 2088 3632 aromatici,

438 3654 692 3722 utraque
718 3665 866 3704 auro
899 3655 1198 3723 cooperta,
1230 3651 1374 3722 quia
1404 3657 1458 3704 et
1485 3650 1566 3705 illi
1591 3653 1694 3723 qui
1737 3651 1797 3706 in
1825 3651 1954 3721 lege
1983 3653 2091 3707 Do-

438 3738 585 3794 mini
639 3739 1008 3795 immaculati
1061 3737 1534 3808 ambulaverant,
1582 3744 1640 3795 et
1683 3739 1788 3812 qui
1837 3740 2092 3810 gratiam

439 3828 740 3900 Evangelii
767 3828 1024 3902 perfecte
1055 3832 1461 3902 susceperant,
1491 3829 1711 3902 pariter
1731 3834 1951 3886 aeterna
1970 3831 2090 3888 vita

436 3919 840 3991 perfruuntur.

507 4030 536 4058 ‹‹
579 4007 900 4064 Oraculum
931 4012 1131 4063 autem
1161 4007 1221 4063 in
1252 4005 1452 4064 medio
1476 4007 1695 4064 domus
1724 4007 1785 4064 in
1829 4008 2091 4065 interiori

437 4117 466 4145 κ
507 4100 674 4167 parte
704 4095 944 4164 fecerat,
976 4100 1042 4152 ut
1069 4099 1317 4169 poneret
1353 4096 1435 4152 ibi
1466 4112 1671 4153 arcam
1700 4097 1938 4153 fmderis
1979 4098 2090 4153 Do-

439 4206 470 4234 «
507 4182 673 4238 mini.
707 4205 737 4233 »
765 4183 888 4239 Hoc
918 4185 1192 4256 superius
1222 4185 1704 4256 praeoccupando
1747 4185 2086 4257 expositum

435 4277 542 4340 est,
575 4272 720 4345 quia
748 4271 1024 4329 videlicet
1063 4273 1306 4328 interior
1349 4272 1568 4328 domus
1612 4277 1838 4329 secreta
1879 4275 2086 4344 patriae

435 4361 709 4432 caelestis,
758 4377 900 4418 arca
955 4361 1193 4416 foederis
1233 4361 1554 4417 Dominum
1604 4361 1978 4429 salvatorem,
2022 4363 2086 4419 in

434 4468 556 4526 quo
587 4451 715 4509 solo
747 4451 940 4508 fmdus
978 4451 1144 4524 pacis
1173 4449 1338 4522 apud
1368 4451 1604 4506 Patrem
1634 4450 1954 4517 habemus,
1981 4451 2085 4507 de-

434 4543 716 4614 signaret,
739 4541 843 4617 qui
863 4545 1000 4614 post
1027 4539 1520 4596 resurrectionem
1551 4556 1726 4596 suam
1755 4539 2087 4596 ascendens

431 4631 492 4688 in
521 4633 761 4699 caelum,
787 4648 1031 4688 carnem
1058 4645 1244 4704 quam
1274 4628 1348 4685 de
1370 4628 1597 4699 virgine
1638 4635 1998 4702 sumpserat,
2025 4628 2088 4685 in

432 4720 620 4777 Patris
651 4723 893 4779 dextera
925 4719 1258 4778 collocavit.

505 4830 533 4855 ‹‹
573 4812 754 4864 Porro
785 4811 1097 4866 oraculum
1121 4808 1389 4865 habebat
1414 4806 1621 4879 viginti
1643 4807 1877 4864 cubitos
1903 4807 2092 4878 longi-

435 4910 465 4945 ‹
504 4893 746 4961 tudinis,
781 4901 838 4952 et
864 4897 1106 4966 triginta
1150 4897 1383 4954 cubitos
1428 4896 1775 4965 latitudinis,
1801 4901 1858 4954 et
1886 4897 2092 4970 viginti

433 5000 463 5028 «
503 4979 736 5036 cubitos
762 4982 1109 5039 altitudinis.
1138 5007 1165 5033 η
1191 4985 1364 5050 Quod
1384 4985 1598 5042 dicitur
1622 4987 1825 5058 viginti
1854 4987 2088 5043 cubitos

432 5067 759 5125 altitudinis
781 5070 1066 5140 parietem
1092 5072 1388 5140 signiﬁcat
1404 5075 1736 5140 cedrinum,
1760 5076 1865 5145 qui
1886 5091 2090 5130 oracu-

431 5157 578 5227 lum,
602 5156 662 5213 id
691 5163 798 5220 est,
823 5159 1040 5214 Sancta
1071 5164 1415 5216 sanctorum
1449 5163 1528 5218 ab
1553 5163 1681 5219 inde
1707 5162 1980 5218 exteriori
1999 5178 2089 5216 se-

433 5245 742 5317 gregabat,
777 5245 929 5300 sicut
959 5251 1014 5301 et
1050 5262 1232 5318 supra
1260 5247 1542 5304 diximus.
1577 5249 1898 5307 Oraculum
1947 5266 2084 5305 vero

432 5335 536 5391 ubi
562 5341 689 5391 erat
707 5351 846 5392 arca
869 5335 1134 5390 habebat
1157 5334 1395 5391 vicenos
1417 5337 1651 5394 cubitos
1676 5339 1739 5394 in
1768 5337 2084 5406 longitudi-

431 5439 526 5490 ne,
546 5429 602 5478 et
624 5423 933 5480 latitudine
960 5428 1017 5479 et
1040 5421 1370 5488 altitudine,
1394 5423 1454 5478 id
1484 5429 1592 5495 est,
1615 5441 1722 5497 per
1741 5423 2078 5496 quadrum:

431 5513 573 5586 quia
603 5514 661 5568 in
692 5528 953 5586 superna
970 5511 1070 5569 illa
1090 5511 1283 5584 patria
1298 5511 1402 5566 ubi
1432 5527 1633 5581 regem
1657 5513 1716 5569 in
1734 5512 1948 5570 decore
1971 5531 2080 5570 suo

431 5602 814 5660 videntoculi
855 5607 1223 5670 sanctorum,
1258 5599 1388 5658 sola
1429 5601 1730 5659 charitatis
1763 5603 1981 5661 divinae
2006 5621 2076 5663 ac

2205 1705 2316 1769 nis,
2341 1709 2397 1758 et
2417 1703 2725 1759 illecebras
2753 1704 3183 1773 cogitationum
3213 1702 3274 1757 in
3303 1718 3366 1758 se
3410 1707 3682 1758 mactare
3712 1718 3862 1774 opus

2205 1792 2457 1859 habent;
2483 1792 2587 1848 sed
2619 1796 2849 1848 tantum
2880 1793 3222 1848 orationum
3252 1790 3654 1863 spiritualium
3675 1795 3738 1847 et
3755 1807 3862 1846 cce-

2203 1882 2442 1937 lestium
2473 1881 2908 1937 desideriorum
2939 1881 3340 1937 odoramenta
3392 1896 3499 1953 per
3535 1881 3746 1950 ignem
3778 1883 3860 1934 in-

2207 1972 2355 2026 terni
2385 1971 2606 2026 amoris
2631 1971 2694 2026 in
2721 1975 3047 2042 conspectu
3077 1970 3170 2025 sui
3219 1969 3554 2027 Conditoris
3586 1970 3858 2025 offerunt.

2279 2082 2307 2108 «
2351 2060 2606 2115 Domum
2645 2075 2890 2131 quoque
2933 2063 3069 2114 ante
3099 2057 3414 2114 oraculum
3458 2058 3694 2114 vestivit
3720 2073 3861 2113 auro

2207 2171 2234 2196 ‹‹
2278 2149 2620 2221 purissimo,
2667 2154 2725 2204 et
2780 2148 2966 2204 at’ﬁxit
3008 2147 3266 2203 laminas
3326 2147 3510 2204 clavis
3563 2148 3779 2203 aureis.
3830 2169 3857 2195 »

2207 2241 2462 2293 Domum
2510 2243 2646 2293 ante
2697 2237 3031 2298 oraculum,
3082 2236 3393 2309 praesentis
3443 2236 3713 2292 Ecclesiae
3768 2241 3856 2306 ty-

2207 2341 2354 2398 pum
2405 2331 2601 2382 tenere
2647 2325 2930 2394 diximus,
2957 2325 3058 2380 ubi
3114 2325 3194 2381 ita
3233 2325 3643 2398 Redemptoris
3671 2322 3853 2379 nostri

2208 2429 2412 2469 amore
2441 2415 2790 2485 ﬂagramus,
2822 2418 2885 2469 ut
2924 2413 3186 2469 necdum
3238 2414 3437 2486 ipsum
3477 2412 3669 2466 videre
3694 2410 3839 2465 facie

2207 2502 2513 2558 valeamus
2550 2502 2627 2558 ad
2658 2502 2891 2558 faciem.
2927 2502 3092 2558 Unde
3122 2507 3260 2575 apte
3289 2502 3505 2558 domus
3531 2500 3659 2556 haec
3701 2513 3837 2553 auro

2207 2591 2452 2663 quidem
2483 2591 2809 2663 purissimo
2858 2596 3178 2664 cooperta;
3211 2590 3312 2646 sed
3354 2589 3698 2661 interposito
3727 2589 3851 2641 erat

2208 2679 2407 2735 medio
2435 2679 2657 2751 pariete
2679 2679 2758 2735 ab
2789 2679 3034 2735 oraculo
3059 2682 3296 2735 secreta.
3329 2675 3650 2734 Oraculum
3674 2691 3848 2730 nam-

2207 2785 2326 2840 que
2357 2774 2622 2834 vocatur,
2655 2785 2794 2824 cum
2824 2769 2917 2824 vel
2946 2768 3154 2824 divina
3176 2765 3516 2824 hominibus
3544 2764 3642 2820 vel
3669 2779 3852 2834 ange-

2205 2857 2320 2912 lica
2350 2856 2629 2913 allocutio
2653 2873 2794 2912 cum
2825 2861 3188 2913 sceretorum
3225 2869 3606 2929 quorumque
3633 2852 3855 2909 revela-

2126 2979 2168 3033 ο
2209 2946 2365 3002 tione
2396 2945 2760 3002 conceditur.
2798 2945 2962 3002 Unde
3009 2945 3162 3002 bene
3193 2943 3525 3033 oraculum_
3553 2943 3617 2998 in
3663 2942 3852 3002 aditis.

2205 3034 2319 3089 hoc
2349 3039 2439 3089 est
2462 3033 2523 3088 in
2545 3033 2806 3089 interiori
2834 3033 3020 3091 domo
3045 3033 3273 3090 factum
3298 3037 3408 3102 est,
3425 3031 3569 3105 quia
3600 3046 3850 3104 superna

2205 3122 2416 3194 patria,
2451 3127 2508 3177 et
2557 3122 2913 3191 angelorum
2943 3122 3121 3178 nobis
3168 3121 3318 3177 visio
3349 3126 3530 3193 atque
3559 3119 3854 3184 allocutio,

2206 3216 2263 3266 et
2303 3211 2435 3283 ipsa
2485 3211 2584 3266 Dei
2640 3211 2958 3284 prmsentia
3005 3209 3380 3267 revelabitur.
3445 3212 3671 3265 Domus
3719 3223 3855 3278 ergo

2205 3304 2342 3355 ante
2373 3299 2685 3356 oraculum
2715 3316 2862 3356 auro
2887 3304 3039 3356 tecta
3067 3304 3177 3371 est,
3207 3298 3352 3372 quia
3370 3297 3616 3372 perfecti
3634 3298 3854 3371 quique

2199 3389 2344 3459 justi
2372 3389 2432 3444 in
2463 3390 2575 3445 hac
2596 3389 2738 3457 vita,
2773 3389 2874 3444 ubi
2905 3389 3166 3446 necdum
3209 3389 3416 3461 palam
3449 3387 3523 3443 de
3549 3387 3720 3443 Patre
3752 3403 3853 3443 au-

2202 3477 2349 3543 dire,
2377 3477 2436 3532 id
2464 3482 2551 3532 est
2574 3477 2834 3533 necdum
2865 3477 3069 3550 palam
3100 3481 3332 3534 Patrem
3380 3476 3577 3533 videre
3603 3481 3848 3548 queunt,

2200 3563 2382 3619 ﬁdem
2414 3568 2471 3620 et
2490 3582 2644 3638 opus
2671 3566 2913 3636 justitim
2956 3566 3159 3622 divino
3204 3571 3423 3622 ornant
3461 3578 3660 3621 amore
3692 3581 3706 3618 :
3741 3578 3848 3634 per

2201 3669 2382 3726 quem
2427 3654 2672 3726 plenam
2725 3656 2823 3710 Dei
2865 3656 3270 3726 cognitionem
3313 3656 3641 3711 mereantur
3663 3651 3837 3707 attin-

2202 3758 2362 3812 gere.
2387 3743 2646 3798 Laminaa
2663 3744 2794 3799 auri
2814 3743 3036 3816 quibus
3051 3748 3258 3816 operta
3279 3749 3371 3801 est
3385 3743 3621 3811 domus,
3641 3755 3847 3813 opera-

2200 3831 2390 3886 tiones
2411 3837 2550 3888 sunt
2573 3831 2911 3888 multifaria
2941 3832 3197 3906 pietatis,
3215 3849 3370 3906 quas
3399 3833 3460 3888 in
3490 3828 3851 3903 obsequium

2198 3919 2294 3976 vel
2324 3920 2418 3976 sui
2449 3921 2762 3992 Creatoris,
2793 3921 2886 3977 vel
2930 3923 3201 3978 fraternae
3257 3921 3648 3986 necessitatis,
3683 3934 3856 3976 amor

2199 4014 2401 4066 castus
2421 4010 2678 4067 exhibet.
2713 4010 2874 4067 Clavi
2906 4011 3067 4066 aurei
3100 4010 3322 4084 quibus
3353 4015 3522 4066 erant
3551 4008 3750 4065 aﬂixaa
3774 4007 3856 4064 la-

2197 4098 2376 4154 minae
2405 4099 2537 4172 ipsa
2590 4103 2729 4155 sunt
2768 4090 3069 4171 praecepta
3098 4099 3424 4166 charitatis,
3466 4113 3573 4170 per
3625 4113 3764 4170 quin
3792 4096 3856 4152 in

2197 4187 2475 4243 exercitio
2523 4188 2842 4261 studioque
2888 4187 3174 4243 virtutum
3218 4204 3293 4244 ne
3333 4187 3710 4251 deﬁciamus,
3743 4185 3850 4241 do-

2196 4281 2377 4331 nante
2406 4276 2617 4331 Christi
2648 4276 2856 4346 gratia,
2884 4277 3282 4333 continemur.
3313 4288 3353 4325 «‘
3378 4276 3542 4332 Unde
3590 4275 3748 4331 bene
3776 4274 3850 4330 de

2198 4365 2425 4421 eisdem
2467 4365 2648 4422 clavis
2697 4366 2757 4421 in
2799 4365 2953 4421 libro
3009 4367 3508 4440 Paralipomenon
3561 4365 3854 4438 scriptum

2198 4459 2286 4510 est
2313 4470 2325 4508 :
2353 4477 2381 4504 «
2408 4455 2521 4510 Sed
2542 4459 2598 4510 et
2627 4453 2830 4510 clavos
2852 4455 2988 4511 fecit
3007 4471 3223 4512 aureos
3250 4456 3331 4512 ita
3361 4461 3426 4511 ut
3454 4453 3673 4526 singuli
3699 4452 3854 4510 clavi

2197 4541 2374 4598 siclos
2418 4543 2881 4615 quinquagenos
2925 4543 3336 4618 appenderent
3381 4546 3469 4617 (II
3503 4545 3650 4600 Par.
3687 4543 3788 4613 Ill).
3821 4562 3851 4591 ιθ

2198 4631 2724 4704 Quinquagenario
2755 4648 3021 4708 namque
3051 4649 3304 4689 numero
3322 4632 3472 4689 solet
3500 4632 3561 4687 in
3595 4631 3855 4703 Scriptu-

2195 4719 2276 4776 ris
2300 4719 2569 4776 remissio
2597 4726 3003 4792 peccatorum,
3035 4727 3092 4777 et
3121 4721 3312 4791 gratia
3359 4720 3608 4793 Spiritus
3636 4719 3853 4787 sancti,

2197 4814 2255 4865 et
2310 4809 2543 4882 requies
2596 4814 2818 4866 aeterna
2868 4810 3130 4881 ﬁgurari.
3166 4812 3230 4866 Et
3276 4810 3853 4883 quinquagenorum

2198 4903 2367 4955 erant
2395 4898 2676 4955 siclorum
2706 4899 2856 4954 clavi
2902 4899 3139 4968 singuli,
3171 4899 3393 4970 quibus
3447 4897 3690 4954 laminae
3719 4896 3857 4953 auri

2197 4987 2596 5057 aﬂlgebantur
2640 4988 2702 5043 in
2751 4987 3078 5061 parietibus
3127 4987 3349 5043 domus
3398 4985 3654 5042 Domini.
3701 4985 3858 5051 Quia

2197 5075 2479 5130 nimirum
2510 5077 2696 5132 verba
2743 5075 3024 5144 caelestia,
3070 5075 3291 5148 quibus
3321 5075 3379 5131 in
3422 5089 3627 5130 amore
3656 5078 3856 5131 bono-

2194 5179 2330 5218 rum
2362 5179 2615 5234 operum
2641 5163 2992 5234 proﬁcimus
3021 5169 3078 5220 et
3121 5179 3569 5234 conservamur,
3605 5162 3855 5219 veniam

2193 5249 2370 5305 nobis
2398 5251 2750 5322 promittunt
2778 5257 3185 5324 peccatorum,
3209 5251 3466 5324 gratiam
3495 5251 3687 5308 sancti
3715 5251 3856 5323 Spi-

2192 5339 2341 5395 ritus
2373 5343 2430 5395 et
2470 5338 2914 5396 sabbatismum
2943 5341 3005 5396 in
3048 5341 3246 5398 futuro
3292 5339 3649 5414 pollicentur
3677 5344 3857 5396 aeter-

2190 5445 2358 5484 num.
2394 5433 2458 5485 Et
2482 5429 2543 5485 hi
2566 5429 2812 5502 quidem
2845 5436 2984 5486 sunt
3013 5430 3168 5487 clavi
3196 5429 3549 5492 dilectionis.
3572 5430 3722 5486 Sunt
3744 5446 3855 5485 ve-

2188 5532 2255 5572 ro
2297 5516 2393 5571 alii
2438 5517 2589 5572 clavi
2630 5517 2880 5585 timoris,
2934 5519 3157 5592 quibus
3205 5519 3556 5590 incipientes
3616 5517 3856 5590 quique

2187 5610 2244 5663 et
2276 5604 2535 5662 necdum
2587 5606 2666 5664 ad
2712 5606 3137 5680 perfectionem
3179 5607 3615 5682 pervenientes,
3642 5606 3856 5666 illece-
