  <div class='ocr_page' id='page_1' title='image "/cluster/home/n/w/nwhite01/storage/ocr_20150623/115/hvd.32044054759790/218.png"; bbox 0 0 4102 6184; ppageno 0'>
   <div class='ocr_carea' id='block_1_1' title="bbox 227 149 2652 234">
    <p class='ocr_par' dir='ltr' id='par_1_1' title="bbox 227 149 2652 234">
     <span class='ocr_line' id='line_1_1' title="bbox 227 149 2652 234; baseline -0 -26"><span class='ocrx_word' id='word_1_1' title='bbox 227 157 314 234; x_wconf 61' lang='lat'>425</span> <span class='ocrx_word' id='word_1_2' title='bbox 1180 153 1432 207; x_wconf 58' lang='lat' dir='ltr'>eiusa.</span> <span class='ocrx_word' id='word_1_3' title='bbox 1476 153 1542 207; x_wconf 70' lang='lat' dir='ltr'>is</span> <span class='ocrx_word' id='word_1_4' title='bbox 1582 149 1828 206; x_wconf 81' lang='lat' dir='ltr'>LIBROS</span> <span class='ocrx_word' id='word_1_5' title='bbox 1870 151 2128 206; x_wconf 73' lang='lat' dir='ltr'>aecum.</span> <span class='ocrx_word' id='word_1_6' title='bbox 2170 181 2236 191; x_wconf 87' lang='lat'><strong>—</strong></span> <span class='ocrx_word' id='word_1_7' title='bbox 2279 153 2343 206; x_wconf 87' lang='lat' dir='ltr'>IN</span> <span class='ocrx_word' id='word_1_8' title='bbox 2386 149 2518 207; x_wconf 78' lang='lat' dir='ltr'>us.</span> <span class='ocrx_word' id='word_1_9' title='bbox 2565 154 2652 207; x_wconf 85' lang='grc' dir='ltr'>ιιι.</span> 
     </span>
    </p>
   </div>
   <div class='ocr_carea' id='block_1_2' title="bbox 3516 159 3622 212">
    <p class='ocr_par' dir='ltr' id='par_1_2' title="bbox 3516 159 3622 212">
     <span class='ocr_line' id='line_1_2' title="bbox 3516 159 3622 212; baseline -0.009 0"><span class='ocrx_word' id='word_1_10' title='bbox 3516 159 3622 212; x_wconf 71' lang='grc'>426</span> 
     </span>
    </p>
   </div>
   <div class='ocr_carea' id='block_1_3' title="bbox 223 271 3682 352">
    <p class='ocr_par' dir='ltr' id='par_1_3' title="bbox 223 271 3682 352">
     <span class='ocr_line' id='line_1_3' title="bbox 223 271 3682 352; baseline -0.001 -20"><span class='ocrx_word' id='word_1_11' title='bbox 223 276 349 352; x_wconf 87' lang='lat' dir='ltr'>bras</span> <span class='ocrx_word' id='word_1_12' title='bbox 379 275 663 330; x_wconf 85' lang='lat' dir='ltr'>vitiorum</span> <span class='ocrx_word' id='word_1_13' title='bbox 705 274 1157 346; x_wconf 88' lang='lat' dir='ltr'>carnaliumque</span> <span class='ocrx_word' id='word_1_14' title='bbox 1206 272 1573 346; x_wconf 89' lang='lat' dir='ltr'>voluptatem</span> <span class='ocrx_word' id='word_1_15' title='bbox 1621 271 1867 329; x_wconf 85' lang='lat' dir='ltr'>mortifi-</span> <span class='ocrx_word' id='word_1_16' title='bbox 1894 275 1942 327; x_wconf 84' lang='lat' dir='ltr'><strong>A</strong></span> <span class='ocrx_word' id='word_1_17' title='bbox 1972 287 2203 342; x_wconf 91' lang='lat' dir='ltr'>eorum,</span> <span class='ocrx_word' id='word_1_18' title='bbox 2224 274 2447 346; x_wconf 87' lang='lat' dir='ltr'>quibus</span> <span class='ocrx_word' id='word_1_19' title='bbox 2480 275 2556 332; x_wconf 92' lang='lat' dir='ltr'>ad</span> <span class='ocrx_word' id='word_1_20' title='bbox 2598 273 2854 331; x_wconf 77' lang='lat' dir='ltr'>coelestia</span> <span class='ocrx_word' id='word_1_21' title='bbox 2888 289 3124 346; x_wconf 82' lang='lat' dir='ltr'><strong>semper</strong></span> <span class='ocrx_word' id='word_1_22' title='bbox 3172 276 3394 345; x_wconf 90' lang='lat' dir='ltr'>volare,</span> <span class='ocrx_word' id='word_1_23' title='bbox 3441 282 3620 352; x_wconf 89' lang='lat' dir='ltr'>atque</span> <span class='ocrx_word' id='word_1_24' title='bbox 3677 321 3682 330; x_wconf 95' lang='lat'>.</span> 
     </span>
    </p>
   </div>
   <div class='ocr_carea' id='block_1_4' title="bbox 223 362 1866 435">
    <p class='ocr_par' dir='ltr' id='par_1_4' title="bbox 223 362 1866 435">
     <span class='ocr_line' id='line_1_4' title="bbox 223 362 1866 435; baseline -0.002 -15"><span class='ocrx_word' id='word_1_25' title='bbox 223 370 363 421; x_wconf 88' lang='lat' dir='ltr'>cant.</span> <span class='ocrx_word' id='word_1_26' title='bbox 403 365 482 419; x_wconf 90' lang='lat' dir='ltr'>llli</span> <span class='ocrx_word' id='word_1_27' title='bbox 515 363 798 418; x_wconf 78' lang='lat' dir='ltr'>videlicet</span> <span class='ocrx_word' id='word_1_28' title='bbox 830 379 1128 419; x_wconf 84' lang='lat' dir='ltr'>sermones</span> <span class='ocrx_word' id='word_1_29' title='bbox 1166 363 1446 430; x_wconf 82' lang='lat' dir='ltr'>veritatis,</span> <span class='ocrx_word' id='word_1_30' title='bbox 1491 379 1753 435; x_wconf 91' lang='lat' dir='ltr'>quorum</span> <span class='ocrx_word' id='word_1_31' title='bbox 1784 362 1866 417; x_wconf 91' lang='lat' dir='ltr'>in-</span> 
     </span>
    </p>
   </div>
   <div class='ocr_carea' id='block_1_5' title="bbox 219 450 1866 523">
    <p class='ocr_par' dir='ltr' id='par_1_5' title="bbox 219 450 1866 523">
     <span class='ocr_line' id='line_1_5' title="bbox 219 450 1866 523; baseline -0.002 -14"><span class='ocrx_word' id='word_1_32' title='bbox 219 455 510 511; x_wconf 82' lang='lat' dir='ltr'>stitutione</span> <span class='ocrx_word' id='word_1_33' title='bbox 537 470 784 509; x_wconf 88' lang='lat' dir='ltr'>carnem</span> <span class='ocrx_word' id='word_1_34' title='bbox 818 461 1079 508; x_wconf 84' lang='lat' dir='ltr'>nostram</span> <span class='ocrx_word' id='word_1_35' title='bbox 1125 452 1472 523; x_wconf 71' lang='lat' dir='ltr'>crucifigere</span> <span class='ocrx_word' id='word_1_36' title='bbox 1521 469 1662 508; x_wconf 90' lang='lat' dir='ltr'>cum</span> <span class='ocrx_word' id='word_1_37' title='bbox 1714 450 1866 507; x_wconf 82' lang='lat' dir='ltr'>vitiis</span> 
     </span>
    </p>
   </div>
   <div class='ocr_carea' id='block_1_6' title="bbox 219 538 1865 614">
    <p class='ocr_par' dir='ltr' id='par_1_6' title="bbox 219 538 1865 614">
     <span class='ocr_line' id='line_1_6' title="bbox 219 538 1865 614; baseline -0.004 -14"><span class='ocrx_word' id='word_1_38' title='bbox 219 548 266 600; x_wconf 89' lang='lat' dir='ltr'>et</span> <span class='ocrx_word' id='word_1_39' title='bbox 286 541 792 614; x_wconf 80' lang='lat' dir='ltr'>concupiscentiis</span> <span class='ocrx_word' id='word_1_40' title='bbox 823 541 1146 596; x_wconf 78' lang='lat' dir='ltr'>docemur:</span> <span class='ocrx_word' id='word_1_41' title='bbox 1204 556 1357 612; x_wconf 89' lang='lat' dir='ltr'>quas</span> <span class='ocrx_word' id='word_1_42' title='bbox 1384 540 1608 596; x_wconf 90' lang='lat' dir='ltr'>habere</span> <span class='ocrx_word' id='word_1_43' title='bbox 1633 538 1865 595; x_wconf 91' lang='lat' dir='ltr'>deside-</span> 
     </span>
    </p>
   </div>
   <div class='ocr_carea' id='block_1_7' title="bbox 217 628 1858 704">
    <p class='ocr_par' dir='ltr' id='par_1_7' title="bbox 217 628 1858 704">
     <span class='ocr_line' id='line_1_7' title="bbox 217 628 1858 704; baseline -0.002 -16"><span class='ocrx_word' id='word_1_44' title='bbox 217 633 384 689; x_wconf 90' lang='lat' dir='ltr'>rabat</span> <span class='ocrx_word' id='word_1_45' title='bbox 429 632 745 704; x_wconf 77' lang='lat' dir='ltr'>Propheta,</span> <span class='ocrx_word' id='word_1_46' title='bbox 796 647 933 686; x_wconf 91' lang='lat' dir='ltr'>cum</span> <span class='ocrx_word' id='word_1_47' title='bbox 979 631 1097 686; x_wconf 88' lang='lat' dir='ltr'>ait:</span> <span class='ocrx_word' id='word_1_48' title='bbox 1158 655 1182 679; x_wconf 76' lang='grc'>‹‹</span> <span class='ocrx_word' id='word_1_49' title='bbox 1217 630 1464 700; x_wconf 84' lang='lat' dir='ltr'>Confige</span> <span class='ocrx_word' id='word_1_50' title='bbox 1512 630 1693 686; x_wconf 88' lang='lat' dir='ltr'>clavis</span> <span class='ocrx_word' id='word_1_51' title='bbox 1724 645 1760 686; x_wconf 89' lang='lat' dir='ltr'>a</span> <span class='ocrx_word' id='word_1_52' title='bbox 1802 628 1858 685; x_wconf 86' lang='lat' dir='ltr'>ti-</span> 
     </span>
    </p>
   </div>
   <div class='ocr_carea' id='block_1_8' title="bbox 221 716 1864 790">
    <p class='ocr_par' dir='ltr' id='par_1_8' title="bbox 221 716 1864 790">
     <span class='ocr_line' id='line_1_8' title="bbox 221 716 1864 790; baseline -0.003 -12"><span class='ocrx_word' id='word_1_53' title='bbox 221 739 384 779; x_wconf 90' lang='lat' dir='ltr'>more</span> <span class='ocrx_word' id='word_1_54' title='bbox 415 726 517 778; x_wconf 90' lang='lat' dir='ltr'>tuo</span> <span class='ocrx_word' id='word_1_55' title='bbox 547 737 750 776; x_wconf 90' lang='lat' dir='ltr'>carnes</span> <span class='ocrx_word' id='word_1_56' title='bbox 784 737 968 788; x_wconf 90' lang='lat' dir='ltr'>meas,</span> <span class='ocrx_word' id='word_1_57' title='bbox 1011 737 1047 775; x_wconf 89' lang='lat' dir='ltr'>a</span> <span class='ocrx_word' id='word_1_58' title='bbox 1073 719 1314 790; x_wconf 86' lang='lat' dir='ltr'>judiciis</span> <span class='ocrx_word' id='word_1_59' title='bbox 1345 719 1505 775; x_wconf 87' lang='lat' dir='ltr'>enim</span> <span class='ocrx_word' id='word_1_60' title='bbox 1539 719 1652 775; x_wconf 83' lang='lat' dir='ltr'>tuis</span> <span class='ocrx_word' id='word_1_61' title='bbox 1699 716 1864 774; x_wconf 91' lang='lat' dir='ltr'>timui</span> 
     </span>
    </p>
   </div>
   <div class='ocr_carea' id='block_1_9' title="bbox 225 807 1866 884">
    <p class='ocr_par' dir='ltr' id='par_1_9' title="bbox 225 807 1866 884">
     <span class='ocr_line' id='line_1_9' title="bbox 225 807 1866 884; baseline -0.004 -15"><span class='ocrx_word' id='word_1_62' title='bbox 225 815 407 884; x_wconf 83' lang='lat' dir='ltr'>(Psal.</span> <span class='ocrx_word' id='word_1_63' title='bbox 441 815 654 880; x_wconf 79' lang='lat' dir='ltr'>cxvm).</span> <span class='ocrx_word' id='word_1_64' title='bbox 690 834 715 859; x_wconf 83' lang='lat'><em>»</em></span> <span class='ocrx_word' id='word_1_65' title='bbox 747 811 854 876; x_wconf 88' lang='lat' dir='ltr'>Qui</span> <span class='ocrx_word' id='word_1_66' title='bbox 884 825 1124 865; x_wconf 78' lang='lat' dir='ltr'>rursum</span> <span class='ocrx_word' id='word_1_67' title='bbox 1156 809 1234 864; x_wconf 88' lang='lat' dir='ltr'>ad</span> <span class='ocrx_word' id='word_1_68' title='bbox 1264 807 1618 881; x_wconf 78' lang='lat' dir='ltr'>perfectiora</span> <span class='ocrx_word' id='word_1_69' title='bbox 1663 823 1866 880; x_wconf 88' lang='lat' dir='ltr'>perve-</span> 
     </span>
    </p>
   </div>
   <div class='ocr_carea' id='block_1_10' title="bbox 223 897 1864 971">
    <p class='ocr_par' dir='ltr' id='par_1_10' title="bbox 223 897 1864 971">
     <span class='ocr_line' id='line_1_10' title="bbox 223 897 1864 971; baseline -0.004 -13"><span class='ocrx_word' id='word_1_70' title='bbox 223 902 411 971; x_wconf 90' lang='lat' dir='ltr'>niens,</span> <span class='ocrx_word' id='word_1_71' title='bbox 443 901 583 956; x_wconf 90' lang='lat' dir='ltr'>dicit</span> <span class='ocrx_word' id='word_1_72' title='bbox 627 899 701 956; x_wconf 91' lang='lat' dir='ltr'>de</span> <span class='ocrx_word' id='word_1_73' title='bbox 747 899 928 955; x_wconf 78' lang='lat' dir='ltr'>clavis</span> <span class='ocrx_word' id='word_1_74' title='bbox 977 898 1307 954; x_wconf 86' lang='lat' dir='ltr'>dilectionis</span> <span class='ocrx_word' id='word_1_75' title='bbox 1342 915 1355 952; x_wconf 90' lang='lat'>:</span> <span class='ocrx_word' id='word_1_76' title='bbox 1414 920 1442 946; x_wconf 83' lang='lat'><strong>«</strong></span> <span class='ocrx_word' id='word_1_77' title='bbox 1475 897 1607 953; x_wconf 79' lang='lat' dir='ltr'>Mihi</span> <span class='ocrx_word' id='word_1_78' title='bbox 1663 901 1864 952; x_wconf 88' lang='lat' dir='ltr'>autem</span> 
     </span>
    </p>
   </div>
   <div class='ocr_carea' id='block_1_11' title="bbox 222 986 1542 1057">
    <p class='ocr_par' dir='ltr' id='par_1_11' title="bbox 222 986 1542 1057">
     <span class='ocr_line' id='line_1_11' title="bbox 222 986 1542 1057; baseline -0.006 -9"><span class='ocrx_word' id='word_1_79' title='bbox 222 991 525 1048; x_wconf 66' lang='lat' dir='ltr'>adhaerere</span> <span class='ocrx_word' id='word_1_80' title='bbox 554 991 668 1044; x_wconf 88' lang='lat' dir='ltr'>Deo</span> <span class='ocrx_word' id='word_1_81' title='bbox 695 988 920 1044; x_wconf 87' lang='lat' dir='ltr'>bonum</span> <span class='ocrx_word' id='word_1_82' title='bbox 950 993 1038 1042; x_wconf 89' lang='lat' dir='ltr'>est</span> <span class='ocrx_word' id='word_1_83' title='bbox 1065 987 1253 1055; x_wconf 81' lang='lat' dir='ltr'>(Psal.</span> <span class='ocrx_word' id='word_1_84' title='bbox 1288 986 1481 1057; x_wconf 73' lang='lat' dir='ltr'>Lxxu).</span> <span class='ocrx_word' id='word_1_85' title='bbox 1515 1009 1542 1034; x_wconf 82' lang='grc'><strong>››</strong></span> 
     </span>
    </p>
   </div>
   <div class='ocr_carea' id='block_1_12' title="bbox 290 1075 1866 1151">
    <p class='ocr_par' dir='ltr' id='par_1_12' title="bbox 290 1075 1866 1151">
     <span class='ocr_line' id='line_1_12' title="bbox 290 1075 1866 1151; baseline -0.003 -19"><span class='ocrx_word' id='word_1_86' title='bbox 290 1104 317 1132; x_wconf 89' lang='grc'>‹‹</span> <span class='ocrx_word' id='word_1_87' title='bbox 351 1079 618 1151; x_wconf 80' lang='lat' dir='ltr'>Nihilque</span> <span class='ocrx_word' id='word_1_88' title='bbox 650 1083 774 1134; x_wconf 89' lang='lat' dir='ltr'>erat</span> <span class='ocrx_word' id='word_1_89' title='bbox 800 1076 861 1132; x_wconf 92' lang='lat' dir='ltr'>in</span> <span class='ocrx_word' id='word_1_90' title='bbox 891 1075 1111 1148; x_wconf 90' lang='lat' dir='ltr'>templo</span> <span class='ocrx_word' id='word_1_91' title='bbox 1149 1075 1315 1148; x_wconf 91' lang='lat' dir='ltr'>quod</span> <span class='ocrx_word' id='word_1_92' title='bbox 1345 1090 1468 1130; x_wconf 90' lang='lat' dir='ltr'>non</span> <span class='ocrx_word' id='word_1_93' title='bbox 1516 1091 1664 1131; x_wconf 89' lang='lat' dir='ltr'>auro</span> <span class='ocrx_word' id='word_1_94' title='bbox 1713 1078 1866 1143; x_wconf 87' lang='lat' dir='ltr'>tege-</span> 
     </span>
    </p>
   </div>
   <div class='ocr_carea' id='block_1_13' title="bbox 221 1164 1860 1226">
    <p class='ocr_par' dir='ltr' id='par_1_13' title="bbox 221 1164 1860 1226">
     <span class='ocr_line' id='line_1_13' title="bbox 221 1164 1860 1226; baseline -0.005 0"><span class='ocrx_word' id='word_1_95' title='bbox 221 1192 248 1219; x_wconf 86' lang='lat'><em>«</em></span> <span class='ocrx_word' id='word_1_96' title='bbox 273 1175 452 1226; x_wconf 88' lang='lat' dir='ltr'>retur.</span> <span class='ocrx_word' id='word_1_97' title='bbox 488 1168 602 1223; x_wconf 91' lang='lat' dir='ltr'>Sed</span> <span class='ocrx_word' id='word_1_98' title='bbox 631 1173 684 1223; x_wconf 90' lang='lat' dir='ltr'>et</span> <span class='ocrx_word' id='word_1_99' title='bbox 719 1171 904 1222; x_wconf 91' lang='lat' dir='ltr'>totum</span> <span class='ocrx_word' id='word_1_100' title='bbox 957 1165 1141 1221; x_wconf 88' lang='lat' dir='ltr'>altare</span> <span class='ocrx_word' id='word_1_101' title='bbox 1173 1164 1398 1221; x_wconf 88' lang='lat' dir='ltr'>oraculi</span> <span class='ocrx_word' id='word_1_102' title='bbox 1441 1164 1583 1220; x_wconf 80' lang='lat' dir='ltr'>texit</span> <span class='ocrx_word' id='word_1_103' title='bbox 1628 1180 1798 1219; x_wconf 89' lang='lat' dir='ltr'>auro.</span> <span class='ocrx_word' id='word_1_104' title='bbox 1833 1185 1860 1212; x_wconf 81' lang='grc'>››</span> 
     </span>
    </p>
   </div>
   <div class='ocr_carea' id='block_1_14' title="bbox 219 1251 1864 1328">
    <p class='ocr_par' dir='ltr' id='par_1_14' title="bbox 219 1251 1864 1328">
     <span class='ocr_line' id='line_1_14' title="bbox 219 1251 1864 1328; baseline -0.005 -14"><span class='ocrx_word' id='word_1_105' title='bbox 219 1261 507 1314; x_wconf 88' lang='lat' dir='ltr'>Deaurata</span> <span class='ocrx_word' id='word_1_106' title='bbox 538 1261 629 1312; x_wconf 91' lang='lat' dir='ltr'>est</span> <span class='ocrx_word' id='word_1_107' title='bbox 654 1257 878 1328; x_wconf 88' lang='lat' dir='ltr'>quippe</span> <span class='ocrx_word' id='word_1_108' title='bbox 911 1253 1174 1327; x_wconf 83' lang='lat' dir='ltr'>porticus</span> <span class='ocrx_word' id='word_1_109' title='bbox 1199 1259 1336 1310; x_wconf 87' lang='lat' dir='ltr'>ante</span> <span class='ocrx_word' id='word_1_110' title='bbox 1366 1252 1679 1325; x_wconf 84' lang='lat' dir='ltr'>templum,</span> <span class='ocrx_word' id='word_1_111' title='bbox 1719 1251 1864 1325; x_wconf 87' lang='lat' dir='ltr'>quia</span> 
     </span>
    </p>
   </div>
   <div class='ocr_carea' id='block_1_15' title="bbox 220 1341 1864 1415">
    <p class='ocr_par' dir='ltr' id='par_1_15' title="bbox 220 1341 1864 1415">
     <span class='ocr_line' id='line_1_15' title="bbox 220 1341 1864 1415; baseline -0.004 -13"><span class='ocrx_word' id='word_1_112' title='bbox 220 1350 406 1405; x_wconf 84' lang='lat' dir='ltr'>Patres</span> <span class='ocrx_word' id='word_1_113' title='bbox 439 1346 662 1402; x_wconf 88' lang='lat' dir='ltr'>Veteris</span> <span class='ocrx_word' id='word_1_114' title='bbox 688 1343 1050 1402; x_wconf 86' lang='lat' dir='ltr'>Testamenti</span> <span class='ocrx_word' id='word_1_115' title='bbox 1083 1346 1199 1399; x_wconf 90' lang='lat' dir='ltr'>Deo</span> <span class='ocrx_word' id='word_1_116' title='bbox 1229 1359 1336 1415; x_wconf 92' lang='lat' dir='ltr'>per</span> <span class='ocrx_word' id='word_1_117' title='bbox 1364 1342 1711 1398; x_wconf 88' lang='lat' dir='ltr'>charitatem</span> <span class='ocrx_word' id='word_1_118' title='bbox 1741 1341 1864 1413; x_wconf 91' lang='lat' dir='ltr'>pla-</span> 
     </span>
    </p>
   </div>
   <div class='ocr_carea' id='block_1_16' title="bbox 225 1430 1865 1504">
    <p class='ocr_par' dir='ltr' id='par_1_16' title="bbox 225 1430 1865 1504">
     <span class='ocr_line' id='line_1_16' title="bbox 225 1430 1865 1504; baseline -0.004 -13"><span class='ocrx_word' id='word_1_119' title='bbox 225 1442 482 1493; x_wconf 89' lang='lat' dir='ltr'>cuerunt.</span> <span class='ocrx_word' id='word_1_120' title='bbox 534 1437 897 1492; x_wconf 90' lang='lat' dir='ltr'>Deauratum</span> <span class='ocrx_word' id='word_1_121' title='bbox 948 1437 1037 1489; x_wconf 89' lang='lat' dir='ltr'>est</span> <span class='ocrx_word' id='word_1_122' title='bbox 1089 1433 1292 1493; x_wconf 81' lang='lat' dir='ltr'>ipsum</span> <span class='ocrx_word' id='word_1_123' title='bbox 1350 1431 1662 1504; x_wconf 87' lang='lat' dir='ltr'>templum,</span> <span class='ocrx_word' id='word_1_124' title='bbox 1719 1430 1865 1503; x_wconf 90' lang='lat' dir='ltr'>quia</span> 
     </span>
    </p>
   </div>
   <div class='ocr_carea' id='block_1_17' title="bbox 233 1519 1863 1598">
    <p class='ocr_par' dir='ltr' id='par_1_17' title="bbox 233 1519 1863 1598">
     <span class='ocr_line' id='line_1_17' title="bbox 233 1519 1863 1598; baseline -0.003 -19"><span class='ocrx_word' id='word_1_125' title='bbox 233 1526 423 1582; x_wconf 85' lang='lat' dir='ltr'>eadem</span> <span class='ocrx_word' id='word_1_126' title='bbox 452 1526 591 1598; x_wconf 90' lang='lat' dir='ltr'>ipsa</span> <span class='ocrx_word' id='word_1_127' title='bbox 623 1544 653 1577; x_wconf 84' lang='grc'><em>‹</em></span> <span class='ocrx_word' id='word_1_128' title='bbox 685 1524 941 1579; x_wconf 87' lang='lat' dir='ltr'>charitas</span> <span class='ocrx_word' id='word_1_129' title='bbox 984 1525 1082 1578; x_wconf 89' lang='lat' dir='ltr'>Dei</span> <span class='ocrx_word' id='word_1_130' title='bbox 1106 1522 1326 1577; x_wconf 77' lang='lat' dir='ltr'>diffusa</span> <span class='ocrx_word' id='word_1_131' title='bbox 1358 1525 1445 1577; x_wconf 91' lang='lat' dir='ltr'>est</span> <span class='ocrx_word' id='word_1_132' title='bbox 1471 1521 1533 1576; x_wconf 94' lang='lat' dir='ltr'>in</span> <span class='ocrx_word' id='word_1_133' title='bbox 1580 1519 1863 1576; x_wconf 86' lang='lat' dir='ltr'>cordibus</span> 
     </span>
    </p>
   </div>
   <div class='ocr_carea' id='block_1_18' title="bbox 1971 361 3620 424">
    <p class='ocr_par' dir='ltr' id='par_1_18' title="bbox 1971 361 3620 424">
     <span class='ocr_line' id='line_1_18' title="bbox 1971 361 3620 424; baseline 0.005 -8"><span class='ocrx_word' id='word_1_134' title='bbox 1971 361 2032 416; x_wconf 89' lang='lat' dir='ltr'>in</span> <span class='ocrx_word' id='word_1_135' title='bbox 2090 363 2181 418; x_wconf 85' lang='lat' dir='ltr'>his</span> <span class='ocrx_word' id='word_1_136' title='bbox 2233 365 2747 420; x_wconf 83' lang='lat' dir='ltr'>conversationem</span> <span class='ocrx_word' id='word_1_137' title='bbox 2789 362 3159 420; x_wconf 90' lang='lat' dir='ltr'>delectantur</span> <span class='ocrx_word' id='word_1_138' title='bbox 3198 364 3421 423; x_wconf 88' lang='lat' dir='ltr'>habere</span> <span class='ocrx_word' id='word_1_139' title='bbox 3471 371 3620 424; x_wconf 87' lang='lat' dir='ltr'>Cum</span> 
     </span>
    </p>
   </div>
   <div class='ocr_carea' id='block_1_19' title="bbox 1970 451 3618 526">
    <p class='ocr_par' dir='ltr' id='par_1_19' title="bbox 1970 451 3618 526">
     <span class='ocr_line' id='line_1_19' title="bbox 1970 451 3618 526; baseline 0.005 -22"><span class='ocrx_word' id='word_1_140' title='bbox 1970 466 2110 506; x_wconf 89' lang='lat' dir='ltr'>vero</span> <span class='ocrx_word' id='word_1_141' title='bbox 2151 451 2210 507; x_wconf 93' lang='lat' dir='ltr'>in</span> <span class='ocrx_word' id='word_1_142' title='bbox 2241 452 2740 524; x_wconf 86' lang='lat' dir='ltr'>signiﬁcationem</span> <span class='ocrx_word' id='word_1_143' title='bbox 2769 452 3122 522; x_wconf 83' lang='lat' dir='ltr'>angelorum</span> <span class='ocrx_word' id='word_1_144' title='bbox 3161 460 3468 524; x_wconf 87' lang='lat' dir='ltr'>ponuntur</span> <span class='ocrx_word' id='word_1_145' title='bbox 3489 456 3618 526; x_wconf 69' lang='lat' dir='ltr'>alae,</span> 
     </span>
    </p>
   </div>
   <div class='ocr_carea' id='block_1_20' title="bbox 1969 539 3622 616">
    <p class='ocr_par' dir='ltr' id='par_1_20' title="bbox 1969 539 3622 616">
     <span class='ocr_line' id='line_1_20' title="bbox 1969 539 3622 616; baseline 0.004 -22"><span class='ocrx_word' id='word_1_146' title='bbox 1969 539 2118 612; x_wconf 90' lang='lat' dir='ltr'>quid</span> <span class='ocrx_word' id='word_1_147' title='bbox 2142 541 2339 613; x_wconf 85' lang='lat' dir='ltr'>aptius</span> <span class='ocrx_word' id='word_1_148' title='bbox 2367 559 2552 614; x_wconf 91' lang='lat' dir='ltr'>quam</span> <span class='ocrx_word' id='word_1_149' title='bbox 2583 541 2837 613; x_wconf 83' lang='lat' dir='ltr'>gratiam</span> <span class='ocrx_word' id='word_1_150' title='bbox 2867 540 3281 598; x_wconf 88' lang='lat' dir='ltr'>demonstrant</span> <span class='ocrx_word' id='word_1_151' title='bbox 3309 551 3622 616; x_wconf 72' lang='lat' dir='ltr'>perpetua:</span> 
     </span>
    </p>
   </div>
   <div class='ocr_carea' id='block_1_21' title="bbox 1971 628 3622 705">
    <p class='ocr_par' dir='ltr' id='par_1_21' title="bbox 1971 628 3622 705">
     <span class='ocr_line' id='line_1_21' title="bbox 1971 628 3622 705; baseline 0.004 -21"><span class='ocrx_word' id='word_1_152' title='bbox 1971 634 2026 685; x_wconf 92' lang='lat' dir='ltr'>et</span> <span class='ocrx_word' id='word_1_153' title='bbox 2073 628 2443 687; x_wconf 71' lang='lat' dir='ltr'>indefectivaa</span> <span class='ocrx_word' id='word_1_154' title='bbox 2493 630 2786 687; x_wconf 88' lang='lat' dir='ltr'>felicitatis</span> <span class='ocrx_word' id='word_1_155' title='bbox 2836 646 3066 698; x_wconf 91' lang='lat' dir='ltr'>eorum,</span> <span class='ocrx_word' id='word_1_156' title='bbox 3121 631 3226 703; x_wconf 90' lang='lat' dir='ltr'>qui</span> <span class='ocrx_word' id='word_1_157' title='bbox 3275 648 3515 705; x_wconf 81' lang='lat' dir='ltr'>semper</span> <span class='ocrx_word' id='word_1_158' title='bbox 3559 633 3622 689; x_wconf 89' lang='lat' dir='ltr'>in</span> 
     </span>
    </p>
   </div>
   <div class='ocr_carea' id='block_1_22' title="bbox 1972 717 3620 792">
    <p class='ocr_par' dir='ltr' id='par_1_22' title="bbox 1972 717 3620 792">
     <span class='ocr_line' id='line_1_22' title="bbox 1972 717 3620 792; baseline 0.004 -20"><span class='ocrx_word' id='word_1_159' title='bbox 1972 717 2309 774; x_wconf 75' lang='lat' dir='ltr'>ccelestibus</span> <span class='ocrx_word' id='word_1_160' title='bbox 2340 719 2397 774; x_wconf 92' lang='lat' dir='ltr'>in</span> <span class='ocrx_word' id='word_1_161' title='bbox 2431 719 2757 776; x_wconf 88' lang='lat' dir='ltr'>ministerio</span> <span class='ocrx_word' id='word_1_162' title='bbox 2799 719 2892 775; x_wconf 89' lang='lat' dir='ltr'>sui</span> <span class='ocrx_word' id='word_1_163' title='bbox 2941 719 3265 792; x_wconf 89' lang='lat' dir='ltr'>persistunt</span> <span class='ocrx_word' id='word_1_164' title='bbox 3309 721 3568 778; x_wconf 85' lang='lat' dir='ltr'>auctoris</span> <span class='ocrx_word' id='word_1_165' title='bbox 3592 723 3620 779; x_wconf 85' lang='lat'><strong>?</strong></span> 
     </span>
    </p>
   </div>
   <div class='ocr_carea' id='block_1_23' title="bbox 1973 807 3623 884">
    <p class='ocr_par' dir='ltr' id='par_1_23' title="bbox 1973 807 3623 884">
     <span class='ocr_line' id='line_1_23' title="bbox 1973 807 3623 884; baseline 0.004 -23"><span class='ocrx_word' id='word_1_166' title='bbox 1973 807 2070 862; x_wconf 91' lang='lat' dir='ltr'>Vel</span> <span class='ocrx_word' id='word_1_167' title='bbox 2099 812 2252 863; x_wconf 86' lang='lat' dir='ltr'>certe</span> <span class='ocrx_word' id='word_1_168' title='bbox 2284 808 2426 880; x_wconf 88' lang='lat' dir='ltr'>quia</span> <span class='ocrx_word' id='word_1_169' title='bbox 2455 807 2689 865; x_wconf 88' lang='lat' dir='ltr'>levitate</span> <span class='ocrx_word' id='word_1_170' title='bbox 2719 808 2997 880; x_wconf 87' lang='lat' dir='ltr'>spiritalis</span> <span class='ocrx_word' id='word_1_171' title='bbox 3028 814 3256 865; x_wconf 71' lang='lat' dir='ltr'>naturae</span> <span class='ocrx_word' id='word_1_172' title='bbox 3295 814 3434 866; x_wconf 88' lang='lat' dir='ltr'>sunt</span> <span class='ocrx_word' id='word_1_173' title='bbox 3474 827 3623 884; x_wconf 71' lang='lat' dir='ltr'>prea-</span> 
     </span>
    </p>
   </div>
   <div class='ocr_carea' id='block_1_24' title="bbox 1971 896 3625 972">
    <p class='ocr_par' dir='ltr' id='par_1_24' title="bbox 1971 896 3625 972">
     <span class='ocr_line' id='line_1_24' title="bbox 1971 896 3625 972; baseline 0.002 -20"><span class='ocrx_word' id='word_1_174' title='bbox 1971 896 2075 952; x_wconf 90' lang='lat' dir='ltr'>diti</span> <span class='ocrx_word' id='word_1_175' title='bbox 2109 914 2122 950; x_wconf 96' lang='lat'><strong><em>:</em></strong></span> <span class='ocrx_word' id='word_1_176' title='bbox 2156 897 2237 952; x_wconf 92' lang='lat' dir='ltr'>ita</span> <span class='ocrx_word' id='word_1_177' title='bbox 2265 902 2327 952; x_wconf 92' lang='lat' dir='ltr'>ut</span> <span class='ocrx_word' id='word_1_178' title='bbox 2357 897 2703 970; x_wconf 88' lang='lat' dir='ltr'>ubicunque</span> <span class='ocrx_word' id='word_1_179' title='bbox 2748 897 3042 954; x_wconf 90' lang='lat' dir='ltr'>voluerint</span> <span class='ocrx_word' id='word_1_180' title='bbox 3074 899 3270 955; x_wconf 85' lang='lat' dir='ltr'>statim</span> <span class='ocrx_word' id='word_1_181' title='bbox 3302 899 3481 972; x_wconf 88' lang='lat' dir='ltr'>quasi</span> <span class='ocrx_word' id='word_1_182' title='bbox 3522 916 3625 956; x_wconf 93' lang='lat' dir='ltr'>vo-</span> 
     </span>
    </p>
   </div>
   <div class='ocr_carea' id='block_1_25' title="bbox 1968 985 3624 1062">
    <p class='ocr_par' dir='ltr' id='par_1_25' title="bbox 1968 985 3624 1062">
     <span class='ocr_line' id='line_1_25' title="bbox 1968 985 3624 1062; baseline 0.003 -22"><span class='ocrx_word' id='word_1_183' title='bbox 1968 985 2152 1042; x_wconf 89' lang='lat' dir='ltr'>lando</span> <span class='ocrx_word' id='word_1_184' title='bbox 2181 986 2551 1060; x_wconf 86' lang='lat' dir='ltr'>perveniant,</span> <span class='ocrx_word' id='word_1_185' title='bbox 2585 992 2641 1042; x_wconf 91' lang='lat' dir='ltr'>et</span> <span class='ocrx_word' id='word_1_186' title='bbox 2662 986 2758 1042; x_wconf 91' lang='lat' dir='ltr'>hic</span> <span class='ocrx_word' id='word_1_187' title='bbox 2789 1003 2928 1042; x_wconf 93' lang='lat' dir='ltr'>cum</span> <span class='ocrx_word' id='word_1_188' title='bbox 2957 987 3066 1042; x_wconf 88' lang='lat' dir='ltr'>alis</span> <span class='ocrx_word' id='word_1_189' title='bbox 3096 988 3354 1057; x_wconf 76' lang='lat' dir='ltr'>figurati,</span> <span class='ocrx_word' id='word_1_190' title='bbox 3407 993 3464 1044; x_wconf 92' lang='lat' dir='ltr'>et</span> <span class='ocrx_word' id='word_1_191' title='bbox 3490 1005 3624 1062; x_wconf 91' lang='lat' dir='ltr'>pro-</span> 
     </span>
    </p>
   </div>
   <div class='ocr_carea' id='block_1_26' title="bbox 1970 1074 3624 1146">
    <p class='ocr_par' dir='ltr' id='par_1_26' title="bbox 1970 1074 3624 1146">
     <span class='ocr_line' id='line_1_26' title="bbox 1970 1074 3624 1146; baseline 0.003 -17"><span class='ocrx_word' id='word_1_192' title='bbox 1970 1074 2163 1146; x_wconf 89' lang='lat' dir='ltr'>phetis</span> <span class='ocrx_word' id='word_1_193' title='bbox 2193 1081 2494 1131; x_wconf 92' lang='lat' dir='ltr'>suntcum</span> <span class='ocrx_word' id='word_1_194' title='bbox 2526 1075 2634 1130; x_wconf 88' lang='lat' dir='ltr'>alis</span> <span class='ocrx_word' id='word_1_195' title='bbox 2665 1075 2908 1132; x_wconf 90' lang='lat' dir='ltr'>ostensi.</span> <span class='ocrx_word' id='word_1_196' title='bbox 2951 1077 3106 1131; x_wconf 89' lang='lat' dir='ltr'>Bene</span> <span class='ocrx_word' id='word_1_197' title='bbox 3161 1081 3361 1132; x_wconf 83' lang='lat' dir='ltr'>autem</span> <span class='ocrx_word' id='word_1_198' title='bbox 3409 1077 3624 1134; x_wconf 91' lang='lat' dir='ltr'>dicitur</span> 
     </span>
    </p>
   </div>
   <div class='ocr_carea' id='block_1_27' title="bbox 1969 1163 3619 1239">
    <p class='ocr_par' dir='ltr' id='par_1_27' title="bbox 1969 1163 3619 1239">
     <span class='ocr_line' id='line_1_27' title="bbox 1969 1163 3619 1239; baseline 0.003 -21"><span class='ocrx_word' id='word_1_199' title='bbox 1969 1163 2113 1236; x_wconf 90' lang='lat' dir='ltr'>quia</span> <span class='ocrx_word' id='word_1_200' title='bbox 2143 1184 2172 1215; x_wconf 85' lang='grc'><strong><em>«</em></strong></span> <span class='ocrx_word' id='word_1_201' title='bbox 2203 1165 2469 1237; x_wconf 89' lang='lat' dir='ltr'>quinque</span> <span class='ocrx_word' id='word_1_202' title='bbox 2501 1164 2842 1220; x_wconf 84' lang='lat' dir='ltr'>cubitorum</span> <span class='ocrx_word' id='word_1_203' title='bbox 2881 1164 3055 1220; x_wconf 85' lang='lat' dir='ltr'>fuerit</span> <span class='ocrx_word' id='word_1_204' title='bbox 3084 1164 3180 1220; x_wconf 91' lang='lat' dir='ltr'>ala</span> <span class='ocrx_word' id='word_1_205' title='bbox 3218 1165 3444 1222; x_wconf 89' lang='lat' dir='ltr'>cherub</span> <span class='ocrx_word' id='word_1_206' title='bbox 3474 1182 3619 1239; x_wconf 90' lang='lat' dir='ltr'>una,</span> 
     </span>
    </p>
   </div>
   <div class='ocr_carea' id='block_1_28' title="bbox 1970 1252 3622 1328">
    <p class='ocr_par' dir='ltr' id='par_1_28' title="bbox 1970 1252 3622 1328">
     <span class='ocr_line' id='line_1_28' title="bbox 1970 1252 3622 1328; baseline 0.003 -21"><span class='ocrx_word' id='word_1_207' title='bbox 1970 1257 2027 1308; x_wconf 90' lang='lat' dir='ltr'>et</span> <span class='ocrx_word' id='word_1_208' title='bbox 2056 1252 2321 1325; x_wconf 86' lang='lat' dir='ltr'>quinque</span> <span class='ocrx_word' id='word_1_209' title='bbox 2353 1254 2692 1309; x_wconf 88' lang='lat' dir='ltr'>cubitorum</span> <span class='ocrx_word' id='word_1_210' title='bbox 2740 1253 2835 1309; x_wconf 91' lang='lat' dir='ltr'>ala</span> <span class='ocrx_word' id='word_1_211' title='bbox 2884 1253 3109 1309; x_wconf 90' lang='lat' dir='ltr'>cherub</span> <span class='ocrx_word' id='word_1_212' title='bbox 3158 1253 3363 1324; x_wconf 89' lang='lat' dir='ltr'>altera,</span> <span class='ocrx_word' id='word_1_213' title='bbox 3401 1279 3426 1303; x_wconf 88' lang='grc'><strong>››</strong></span> <span class='ocrx_word' id='word_1_214' title='bbox 3472 1272 3622 1328; x_wconf 82' lang='lat' dir='ltr'>quo-</span> 
     </span>
    </p>
   </div>
   <div class='ocr_carea' id='block_1_29' title="bbox 1971 1341 3622 1417">
    <p class='ocr_par' dir='ltr' id='par_1_29' title="bbox 1971 1341 3622 1417">
     <span class='ocr_line' id='line_1_29' title="bbox 1971 1341 3622 1417; baseline 0.003 -21"><span class='ocrx_word' id='word_1_215' title='bbox 1971 1341 2135 1396; x_wconf 88' lang='lat' dir='ltr'>niam</span> <span class='ocrx_word' id='word_1_216' title='bbox 2167 1343 2407 1398; x_wconf 85' lang='lat' dir='ltr'>virtutes</span> <span class='ocrx_word' id='word_1_217' title='bbox 2438 1343 2722 1412; x_wconf 68' lang='lat' dir='ltr'>angelicae</span> <span class='ocrx_word' id='word_1_218' title='bbox 2744 1342 2938 1413; x_wconf 82' lang='lat' dir='ltr'>legem</span> <span class='ocrx_word' id='word_1_219' title='bbox 2974 1343 3072 1398; x_wconf 88' lang='lat' dir='ltr'>Dei</span> <span class='ocrx_word' id='word_1_220' title='bbox 3097 1359 3234 1415; x_wconf 80' lang='lat' dir='ltr'>quae</span> <span class='ocrx_word' id='word_1_221' title='bbox 3263 1343 3325 1398; x_wconf 90' lang='lat' dir='ltr'>in</span> <span class='ocrx_word' id='word_1_222' title='bbox 3351 1343 3622 1417; x_wconf 89' lang='lat' dir='ltr'>quinque</span> 
     </span>
    </p>
   </div>
   <div class='ocr_carea' id='block_1_30' title="bbox 1969 1431 3622 1506">
    <p class='ocr_par' dir='ltr' id='par_1_30' title="bbox 1969 1431 3622 1506">
     <span class='ocr_line' id='line_1_30' title="bbox 1969 1431 3622 1506; baseline 0.001 -17"><span class='ocrx_word' id='word_1_223' title='bbox 1969 1431 2135 1489; x_wconf 86' lang='lat' dir='ltr'>libris</span> <span class='ocrx_word' id='word_1_224' title='bbox 2187 1432 2487 1506; x_wconf 89' lang='lat' dir='ltr'>descripta</span> <span class='ocrx_word' id='word_1_225' title='bbox 2544 1439 2649 1504; x_wconf 89' lang='lat' dir='ltr'>est,</span> <span class='ocrx_word' id='word_1_226' title='bbox 2710 1433 3015 1490; x_wconf 80' lang='lat' dir='ltr'>indefessa</span> <span class='ocrx_word' id='word_1_227' title='bbox 3064 1433 3382 1489; x_wconf 89' lang='lat' dir='ltr'>devotione</span> <span class='ocrx_word' id='word_1_228' title='bbox 3431 1439 3622 1490; x_wconf 83' lang='lat' dir='ltr'>custo-</span> 
     </span>
    </p>
   </div>
   <div class='ocr_carea' id='block_1_31' title="bbox 1971 1523 3622 1594">
    <p class='ocr_par' dir='ltr' id='par_1_31' title="bbox 1971 1523 3622 1594">
     <span class='ocr_line' id='line_1_31' title="bbox 1971 1523 3622 1594; baseline 0.002 -15"><span class='ocrx_word' id='word_1_229' title='bbox 1971 1523 2176 1579; x_wconf 87' lang='lat' dir='ltr'>diunt:</span> <span class='ocrx_word' id='word_1_230' title='bbox 2215 1523 2518 1594; x_wconf 88' lang='lat' dir='ltr'>diligendo</span> <span class='ocrx_word' id='word_1_231' title='bbox 2548 1525 2816 1580; x_wconf 88' lang='lat' dir='ltr'>videlicet</span> <span class='ocrx_word' id='word_1_232' title='bbox 2847 1524 3165 1580; x_wconf 86' lang='lat' dir='ltr'>Dominum</span> <span class='ocrx_word' id='word_1_233' title='bbox 3213 1525 3399 1581; x_wconf 90' lang='lat' dir='ltr'>Deum</span> <span class='ocrx_word' id='word_1_234' title='bbox 3443 1542 3622 1582; x_wconf 92' lang='lat' dir='ltr'>suum</span> 
     </span>
    </p>
   </div>
   <div class='ocr_carea' id='block_1_32' title="bbox 234 1607 3620 1688">
    <p class='ocr_par' dir='ltr' id='par_1_32' title="bbox 234 1607 3620 1688">
     <span class='ocr_line' id='line_1_32' title="bbox 234 1607 3620 1688; baseline 0.001 -20"><span class='ocrx_word' id='word_1_235' title='bbox 234 1615 450 1679; x_wconf 79' lang='lat' dir='ltr'>nostris,</span> <span class='ocrx_word' id='word_1_236' title='bbox 481 1629 590 1686; x_wconf 90' lang='lat' dir='ltr'>per</span> <span class='ocrx_word' id='word_1_237' title='bbox 616 1613 898 1686; x_wconf 89' lang='lat' dir='ltr'>Spiritum</span> <span class='ocrx_word' id='word_1_238' title='bbox 930 1616 1204 1668; x_wconf 90' lang='lat' dir='ltr'>sanctum</span> <span class='ocrx_word' id='word_1_239' title='bbox 1233 1611 1338 1683; x_wconf 92' lang='lat' dir='ltr'>qui</span> <span class='ocrx_word' id='word_1_240' title='bbox 1363 1611 1540 1666; x_wconf 90' lang='lat' dir='ltr'>datus</span> <span class='ocrx_word' id='word_1_241' title='bbox 1572 1614 1658 1666; x_wconf 93' lang='lat' dir='ltr'>est</span> <span class='ocrx_word' id='word_1_242' title='bbox 1684 1607 1860 1664; x_wconf 89' lang='lat' dir='ltr'>nobis</span> <span class='ocrx_word' id='word_1_243' title='bbox 1895 1634 1934 1687; x_wconf 79' lang='grc' dir='ltr'><strong>Β</strong></span> <span class='ocrx_word' id='word_1_244' title='bbox 1971 1627 2044 1667; x_wconf 80' lang='lat' dir='ltr'>ex</span> <span class='ocrx_word' id='word_1_245' title='bbox 2098 1612 2380 1668; x_wconf 90' lang='lat' dir='ltr'>omnibus</span> <span class='ocrx_word' id='word_1_246' title='bbox 2425 1613 2649 1668; x_wconf 89' lang='lat' dir='ltr'>viribus</span> <span class='ocrx_word' id='word_1_247' title='bbox 2693 1614 2834 1679; x_wconf 90' lang='lat' dir='ltr'>suis,</span> <span class='ocrx_word' id='word_1_248' title='bbox 2882 1619 2940 1669; x_wconf 92' lang='lat' dir='ltr'>et</span> <span class='ocrx_word' id='word_1_249' title='bbox 2984 1613 3286 1687; x_wconf 82' lang='lat' dir='ltr'>proximos</span> <span class='ocrx_word' id='word_1_250' title='bbox 3329 1619 3620 1688; x_wconf 88' lang='lat' dir='ltr'>tanquam</span> 
     </span>
    </p>
   </div>
   <div class='ocr_carea' id='block_1_33' title="bbox 238 1696 1861 1774">
    <p class='ocr_par' dir='ltr' id='par_1_33' title="bbox 238 1696 1861 1774">
     <span class='ocr_line' id='line_1_33' title="bbox 238 1696 1861 1774; baseline -0.004 -15"><span class='ocrx_word' id='word_1_251' title='bbox 238 1703 399 1773; x_wconf 80' lang='lat' dir='ltr'>(Rom.</span> <span class='ocrx_word' id='word_1_252' title='bbox 431 1704 496 1774; x_wconf 86' lang='lat' dir='ltr'>v).</span> <span class='ocrx_word' id='word_1_253' title='bbox 529 1723 558 1754; x_wconf 85' lang='grc'><strong>›</strong></span> <span class='ocrx_word' id='word_1_254' title='bbox 593 1703 890 1757; x_wconf 89' lang='lat' dir='ltr'>Deaurata</span> <span class='ocrx_word' id='word_1_255' title='bbox 914 1706 1000 1756; x_wconf 93' lang='lat' dir='ltr'>est</span> <span class='ocrx_word' id='word_1_256' title='bbox 1043 1699 1263 1756; x_wconf 92' lang='lat' dir='ltr'>domus</span> <span class='ocrx_word' id='word_1_257' title='bbox 1303 1699 1567 1770; x_wconf 89' lang='lat' dir='ltr'>interior,</span> <span class='ocrx_word' id='word_1_258' title='bbox 1609 1697 1754 1770; x_wconf 87' lang='lat' dir='ltr'>quia</span> <span class='ocrx_word' id='word_1_259' title='bbox 1799 1696 1861 1752; x_wconf 90' lang='lat' dir='ltr'>in</span> 
     </span>
    </p>
   </div>
   <div class='ocr_carea' id='block_1_34' title="bbox 228 1786 1864 1865">
    <p class='ocr_par' dir='ltr' id='par_1_34' title="bbox 228 1786 1864 1865">
     <span class='ocr_line' id='line_1_34' title="bbox 228 1786 1864 1865; baseline -0.002 -21"><span class='ocrx_word' id='word_1_260' title='bbox 228 1807 472 1864; x_wconf 86' lang='lat' dir='ltr'>superna</span> <span class='ocrx_word' id='word_1_261' title='bbox 497 1791 695 1865; x_wconf 87' lang='lat' dir='ltr'>patria</span> <span class='ocrx_word' id='word_1_262' title='bbox 724 1790 850 1847; x_wconf 88' lang='lat' dir='ltr'>sola</span> <span class='ocrx_word' id='word_1_263' title='bbox 874 1790 1130 1846; x_wconf 87' lang='lat' dir='ltr'>charitas</span> <span class='ocrx_word' id='word_1_264' title='bbox 1162 1793 1391 1859; x_wconf 87' lang='lat' dir='ltr'>regnat.</span> <span class='ocrx_word' id='word_1_265' title='bbox 1421 1787 1536 1844; x_wconf 89' lang='lat' dir='ltr'>Sed</span> <span class='ocrx_word' id='word_1_266' title='bbox 1560 1786 1644 1842; x_wconf 90' lang='lat' dir='ltr'>ibi</span> <span class='ocrx_word' id='word_1_267' title='bbox 1675 1802 1746 1842; x_wconf 94' lang='lat' dir='ltr'>eo</span> <span class='ocrx_word' id='word_1_268' title='bbox 1769 1802 1864 1841; x_wconf 89' lang='lat' dir='ltr'>ve-</span> 
     </span>
    </p>
   </div>
   <div class='ocr_carea' id='block_1_35' title="bbox 216 1876 1864 1952">
    <p class='ocr_par' dir='ltr' id='par_1_35' title="bbox 216 1876 1864 1952">
     <span class='ocr_line' id='line_1_35' title="bbox 216 1876 1864 1952; baseline -0.003 -17"><span class='ocrx_word' id='word_1_269' title='bbox 216 1881 328 1936; x_wconf 87' lang='lat' dir='ltr'>rius</span> <span class='ocrx_word' id='word_1_270' title='bbox 352 1887 413 1938; x_wconf 92' lang='lat' dir='ltr'>et</span> <span class='ocrx_word' id='word_1_271' title='bbox 437 1880 726 1949; x_wconf 85' lang='lat' dir='ltr'>securius,</span> <span class='ocrx_word' id='word_1_272' title='bbox 741 1895 863 1952; x_wconf 91' lang='lat' dir='ltr'>quo</span> <span class='ocrx_word' id='word_1_273' title='bbox 884 1895 1143 1952; x_wconf 83' lang='lat' dir='ltr'>praesens</span> <span class='ocrx_word' id='word_1_274' title='bbox 1160 1878 1286 1947; x_wconf 89' lang='lat' dir='ltr'>ipse</span> <span class='ocrx_word' id='word_1_275' title='bbox 1307 1880 1478 1944; x_wconf 90' lang='lat' dir='ltr'>Deus,</span> <span class='ocrx_word' id='word_1_276' title='bbox 1493 1877 1595 1949; x_wconf 90' lang='lat' dir='ltr'>qui</span> <span class='ocrx_word' id='word_1_277' title='bbox 1609 1881 1701 1932; x_wconf 90' lang='lat' dir='ltr'>est</span> <span class='ocrx_word' id='word_1_278' title='bbox 1726 1876 1864 1930; x_wconf 89' lang='lat' dir='ltr'>cha-</span> 
     </span>
    </p>
   </div>
   <div class='ocr_carea' id='block_1_36' title="bbox 209 1964 1863 2039">
    <p class='ocr_par' dir='ltr' id='par_1_36' title="bbox 209 1964 1863 2039">
     <span class='ocr_line' id='line_1_36' title="bbox 209 1964 1863 2039; baseline -0.003 -16"><span class='ocrx_word' id='word_1_279' title='bbox 209 1970 371 2039; x_wconf 87' lang='lat' dir='ltr'>ritas,</span> <span class='ocrx_word' id='word_1_280' title='bbox 387 1970 642 2026; x_wconf 88' lang='lat' dir='ltr'>videtur.</span> <span class='ocrx_word' id='word_1_281' title='bbox 659 1969 744 2023; x_wconf 90' lang='lat' dir='ltr'>lbi</span> <span class='ocrx_word' id='word_1_282' title='bbox 757 1984 826 2024; x_wconf 91' lang='lat' dir='ltr'>eo</span> <span class='ocrx_word' id='word_1_283' title='bbox 847 1968 1085 2036; x_wconf 89' lang='lat' dir='ltr'>certius,</span> <span class='ocrx_word' id='word_1_284' title='bbox 1104 1967 1236 2038; x_wconf 90' lang='lat' dir='ltr'>ipse</span> <span class='ocrx_word' id='word_1_285' title='bbox 1251 1966 1545 2022; x_wconf 89' lang='lat' dir='ltr'>mediator</span> <span class='ocrx_word' id='word_1_286' title='bbox 1562 1965 1658 2021; x_wconf 89' lang='lat' dir='ltr'>Dei</span> <span class='ocrx_word' id='word_1_287' title='bbox 1683 1969 1739 2020; x_wconf 93' lang='lat' dir='ltr'>et</span> <span class='ocrx_word' id='word_1_288' title='bbox 1759 1964 1863 2019; x_wconf 86' lang='lat' dir='ltr'>ho-</span> 
     </span>
    </p>
   </div>
   <div class='ocr_carea' id='block_1_37' title="bbox 207 2054 1861 2131">
    <p class='ocr_par' dir='ltr' id='par_1_37' title="bbox 207 2054 1861 2131">
     <span class='ocr_line' id='line_1_37' title="bbox 207 2054 1861 2131; baseline -0.004 -17"><span class='ocrx_word' id='word_1_289' title='bbox 207 2059 590 2131; x_wconf 91' lang='lat' dir='ltr'>minum,qui</span> <span class='ocrx_word' id='word_1_290' title='bbox 606 2057 768 2113; x_wconf 91' lang='lat' dir='ltr'>solus</span> <span class='ocrx_word' id='word_1_291' title='bbox 795 2062 1181 2129; x_wconf 90' lang='lat' dir='ltr'>paternorum</span> <span class='ocrx_word' id='word_1_292' title='bbox 1204 2060 1290 2110; x_wconf 91' lang='lat' dir='ltr'>est</span> <span class='ocrx_word' id='word_1_293' title='bbox 1311 2054 1590 2110; x_wconf 88' lang='lat' dir='ltr'>conscius</span> <span class='ocrx_word' id='word_1_294' title='bbox 1612 2057 1861 2108; x_wconf 83' lang='lat' dir='ltr'>secreto-</span> 
     </span>
    </p>
   </div>
   <div class='ocr_carea' id='block_1_38' title="bbox 203 2141 1864 2215">
    <p class='ocr_par' dir='ltr' id='par_1_38' title="bbox 203 2141 1864 2215">
     <span class='ocr_line' id='line_1_38' title="bbox 203 2141 1864 2215; baseline -0.004 -13"><span class='ocrx_word' id='word_1_295' title='bbox 203 2163 373 2215; x_wconf 87' lang='lat' dir='ltr'>rum,</span> <span class='ocrx_word' id='word_1_296' title='bbox 434 2147 597 2202; x_wconf 87' lang='lat' dir='ltr'>velut</span> <span class='ocrx_word' id='word_1_297' title='bbox 647 2162 788 2203; x_wconf 89' lang='lat' dir='ltr'>arca</span> <span class='ocrx_word' id='word_1_298' title='bbox 843 2145 1207 2201; x_wconf 86' lang='lat' dir='ltr'>Testamenti</span> <span class='ocrx_word' id='word_1_299' title='bbox 1255 2159 1493 2215; x_wconf 88' lang='lat' dir='ltr'>semper</span> <span class='ocrx_word' id='word_1_300' title='bbox 1564 2141 1864 2214; x_wconf 88' lang='lat' dir='ltr'>aspicitur.</span> 
     </span>
    </p>
   </div>
   <div class='ocr_carea' id='block_1_39' title="bbox 206 2229 1870 2305">
    <p class='ocr_par' dir='ltr' id='par_1_39' title="bbox 206 2229 1870 2305">
     <span class='ocr_line' id='line_1_39' title="bbox 206 2229 1870 2305; baseline -0.004 -15"><span class='ocrx_word' id='word_1_301' title='bbox 206 2235 399 2300; x_wconf 84' lang='lat' dir='ltr'>Quod</span> <span class='ocrx_word' id='word_1_302' title='bbox 428 2240 632 2290; x_wconf 90' lang='lat' dir='ltr'>autem</span> <span class='ocrx_word' id='word_1_303' title='bbox 657 2232 965 2289; x_wconf 81' lang='lat' dir='ltr'>ccenacula</span> <span class='ocrx_word' id='word_1_304' title='bbox 989 2249 1234 2305; x_wconf 90' lang='lat' dir='ltr'>quoque</span> <span class='ocrx_word' id='word_1_305' title='bbox 1255 2237 1410 2287; x_wconf 88' lang='lat' dir='ltr'>tecta</span> <span class='ocrx_word' id='word_1_306' title='bbox 1436 2235 1574 2286; x_wconf 90' lang='lat' dir='ltr'>sunt</span> <span class='ocrx_word' id='word_1_307' title='bbox 1601 2246 1766 2296; x_wconf 89' lang='lat' dir='ltr'>auro,</span> <span class='ocrx_word' id='word_1_308' title='bbox 1793 2229 1870 2284; x_wconf 90' lang='lat' dir='ltr'>ad</span> 
     </span>
    </p>
   </div>
   <div class='ocr_carea' id='block_1_40' title="bbox 212 2317 1868 2393">
    <p class='ocr_par' dir='ltr' id='par_1_40' title="bbox 212 2317 1868 2393">
     <span class='ocr_line' id='line_1_40' title="bbox 212 2317 1868 2393; baseline -0.002 -15"><span class='ocrx_word' id='word_1_309' title='bbox 212 2322 515 2378; x_wconf 87' lang='lat' dir='ltr'>eumdem</span> <span class='ocrx_word' id='word_1_310' title='bbox 547 2337 793 2377; x_wconf 86' lang='lat' dir='ltr'>sensum</span> <span class='ocrx_word' id='word_1_311' title='bbox 819 2321 1073 2393; x_wconf 88' lang='lat' dir='ltr'>respicit.</span> <span class='ocrx_word' id='word_1_312' title='bbox 1109 2321 1271 2378; x_wconf 89' lang='lat' dir='ltr'>Sicut</span> <span class='ocrx_word' id='word_1_313' title='bbox 1305 2320 1468 2375; x_wconf 91' lang='lat' dir='ltr'>enim</span> <span class='ocrx_word' id='word_1_314' title='bbox 1497 2319 1734 2374; x_wconf 89' lang='lat' dir='ltr'>interior</span> <span class='ocrx_word' id='word_1_315' title='bbox 1762 2317 1868 2374; x_wconf 84' lang='lat' dir='ltr'>do-</span> 
     </span>
    </p>
   </div>
   <div class='ocr_carea' id='block_1_41' title="bbox 202 2408 1866 2476">
    <p class='ocr_par' dir='ltr' id='par_1_41' title="bbox 202 2408 1866 2476">
     <span class='ocr_line' id='line_1_41' title="bbox 202 2408 1866 2476; baseline -0.002 -10"><span class='ocrx_word' id='word_1_316' title='bbox 202 2427 366 2466; x_wconf 88' lang='lat' dir='ltr'>mus</span> <span class='ocrx_word' id='word_1_317' title='bbox 415 2416 626 2466; x_wconf 90' lang='lat' dir='ltr'>sancta</span> <span class='ocrx_word' id='word_1_318' title='bbox 673 2415 1011 2466; x_wconf 89' lang='lat' dir='ltr'>sanctorum</span> <span class='ocrx_word' id='word_1_319' title='bbox 1067 2409 1170 2465; x_wconf 91' lang='lat' dir='ltr'>ubi</span> <span class='ocrx_word' id='word_1_320' title='bbox 1213 2414 1336 2465; x_wconf 91' lang='lat' dir='ltr'>erat</span> <span class='ocrx_word' id='word_1_321' title='bbox 1372 2424 1529 2476; x_wconf 87' lang='lat' dir='ltr'>arca,</span> <span class='ocrx_word' id='word_1_322' title='bbox 1577 2408 1866 2463; x_wconf 87' lang='lat' dir='ltr'>internam</span> 
     </span>
    </p>
   </div>
   <div class='ocr_carea' id='block_1_42' title="bbox 200 2498 1868 2574">
    <p class='ocr_par' dir='ltr' id='par_1_42' title="bbox 200 2498 1868 2574">
     <span class='ocr_line' id='line_1_42' title="bbox 200 2498 1868 2574; baseline -0.001 -18"><span class='ocrx_word' id='word_1_323' title='bbox 200 2505 572 2556; x_wconf 86' lang='lat' dir='ltr'>sanctorum</span> <span class='ocrx_word' id='word_1_324' title='bbox 605 2501 788 2557; x_wconf 90' lang='lat' dir='ltr'>vitam</span> <span class='ocrx_word' id='word_1_325' title='bbox 819 2501 881 2556; x_wconf 90' lang='lat' dir='ltr'>in</span> <span class='ocrx_word' id='word_1_326' title='bbox 929 2505 1253 2574; x_wconf 88' lang='lat' dir='ltr'>conspectu</span> <span class='ocrx_word' id='word_1_327' title='bbox 1304 2499 1395 2554; x_wconf 88' lang='lat' dir='ltr'>sui</span> <span class='ocrx_word' id='word_1_328' title='bbox 1444 2498 1767 2554; x_wconf 88' lang='lat' dir='ltr'>Conditoris</span> <span class='ocrx_word' id='word_1_329' title='bbox 1809 2503 1868 2555; x_wconf 88' lang='lat' dir='ltr'>et</span> 
     </span>
    </p>
   </div>
   <div class='ocr_carea' id='block_1_43' title="bbox 198 2588 1859 2663">
    <p class='ocr_par' dir='ltr' id='par_1_43' title="bbox 198 2588 1859 2663">
     <span class='ocr_line' id='line_1_43' title="bbox 198 2588 1859 2663; baseline -0.001 -17"><span class='ocrx_word' id='word_1_330' title='bbox 198 2589 634 2663; x_wconf 80' lang='lat' dir='ltr'>Redemptoris</span> <span class='ocrx_word' id='word_1_331' title='bbox 660 2591 1056 2660; x_wconf 88' lang='lat' dir='ltr'>signiﬁcabat,</span> <span class='ocrx_word' id='word_1_332' title='bbox 1091 2591 1262 2661; x_wconf 79' lang='lat' dir='ltr'>juxta</span> <span class='ocrx_word' id='word_1_333' title='bbox 1291 2589 1437 2645; x_wconf 90' lang='lat' dir='ltr'>illud</span> <span class='ocrx_word' id='word_1_334' title='bbox 1485 2588 1812 2644; x_wconf 66' lang='lat' dir='ltr'>Psalmistm</span> <span class='ocrx_word' id='word_1_335' title='bbox 1848 2608 1859 2644; x_wconf 93' lang='lat'>:</span> 
     </span>
    </p>
   </div>
   <div class='ocr_carea' id='block_1_44' title="bbox 201 2678 1862 2744">
    <p class='ocr_par' dir='ltr' id='par_1_44' title="bbox 201 2678 1862 2744">
     <span class='ocr_line' id='line_1_44' title="bbox 201 2678 1862 2744; baseline -0.001 -9"><span class='ocrx_word' id='word_1_336' title='bbox 201 2702 228 2728; x_wconf 79' lang='grc' dir='ltr'>κ</span> <span class='ocrx_word' id='word_1_337' title='bbox 263 2679 628 2735; x_wconf 75' lang='lat' dir='ltr'>Abscondes</span> <span class='ocrx_word' id='word_1_338' title='bbox 661 2695 764 2734; x_wconf 91' lang='lat' dir='ltr'>eos</span> <span class='ocrx_word' id='word_1_339' title='bbox 791 2679 850 2734; x_wconf 92' lang='lat' dir='ltr'>in</span> <span class='ocrx_word' id='word_1_340' title='bbox 880 2678 1232 2734; x_wconf 83' lang='lat' dir='ltr'>abscondito</span> <span class='ocrx_word' id='word_1_341' title='bbox 1261 2679 1458 2734; x_wconf 89' lang='lat' dir='ltr'>vultus</span> <span class='ocrx_word' id='word_1_342' title='bbox 1489 2678 1594 2744; x_wconf 89' lang='lat' dir='ltr'>tui,</span> <span class='ocrx_word' id='word_1_343' title='bbox 1631 2694 1669 2734; x_wconf 89' lang='lat' dir='ltr'>a</span> <span class='ocrx_word' id='word_1_344' title='bbox 1717 2694 1862 2734; x_wconf 90' lang='lat' dir='ltr'>con-</span> 
     </span>
    </p>
   </div>
   <div class='ocr_carea' id='block_1_45' title="bbox 198 2765 1865 2838">
    <p class='ocr_par' dir='ltr' id='par_1_45' title="bbox 198 2765 1865 2838">
     <span class='ocr_line' id='line_1_45' title="bbox 198 2765 1865 2838; baseline -0.002 -13"><span class='ocrx_word' id='word_1_345' title='bbox 198 2768 551 2825; x_wconf 85' lang='lat' dir='ltr'>turbatione</span> <span class='ocrx_word' id='word_1_346' title='bbox 581 2767 899 2823; x_wconf 89' lang='lat' dir='ltr'>hominum</span> <span class='ocrx_word' id='word_1_347' title='bbox 924 2767 1110 2838; x_wconf 82' lang='lat' dir='ltr'>(Psal.</span> <span class='ocrx_word' id='word_1_348' title='bbox 1143 2768 1285 2838; x_wconf 80' lang='lat' dir='ltr'>xxx)</span> <span class='ocrx_word' id='word_1_349' title='bbox 1313 2785 1326 2822; x_wconf 90' lang='lat'><strong>:</strong></span> <span class='ocrx_word' id='word_1_350' title='bbox 1364 2789 1390 2816; x_wconf 85' lang='grc'><strong>››</strong></span> <span class='ocrx_word' id='word_1_351' title='bbox 1422 2767 1506 2822; x_wconf 92' lang='lat' dir='ltr'>ita</span> <span class='ocrx_word' id='word_1_352' title='bbox 1551 2765 1865 2822; x_wconf 84' lang='lat' dir='ltr'>caenaculo</span> 
     </span>
    </p>
   </div>
   <div class='ocr_carea' id='block_1_46' title="bbox 201 2854 1868 2924">
    <p class='ocr_par' dir='ltr' id='par_1_46' title="bbox 201 2854 1868 2924">
     <span class='ocr_line' id='line_1_46' title="bbox 201 2854 1868 2924; baseline -0.001 -13"><span class='ocrx_word' id='word_1_353' title='bbox 201 2857 262 2912; x_wconf 93' lang='lat' dir='ltr'>in</span> <span class='ocrx_word' id='word_1_354' title='bbox 291 2857 446 2924; x_wconf 86' lang='lat' dir='ltr'>alto,</span> <span class='ocrx_word' id='word_1_355' title='bbox 478 2856 756 2912; x_wconf 90' lang='lat' dir='ltr'>eamdem</span> <span class='ocrx_word' id='word_1_356' title='bbox 789 2856 991 2924; x_wconf 89' lang='lat' dir='ltr'>vitam,</span> <span class='ocrx_word' id='word_1_357' title='bbox 1021 2855 1136 2911; x_wconf 88' lang='lat' dir='ltr'>hoc</span> <span class='ocrx_word' id='word_1_358' title='bbox 1166 2860 1255 2912; x_wconf 90' lang='lat' dir='ltr'>est</span> <span class='ocrx_word' id='word_1_359' title='bbox 1283 2856 1346 2911; x_wconf 91' lang='lat' dir='ltr'>in</span> <span class='ocrx_word' id='word_1_360' title='bbox 1393 2854 1556 2912; x_wconf 75' lang='lat' dir='ltr'>caelis</span> <span class='ocrx_word' id='word_1_361' title='bbox 1605 2870 1759 2923; x_wconf 91' lang='lat' dir='ltr'>esse,</span> <span class='ocrx_word' id='word_1_362' title='bbox 1810 2859 1868 2910; x_wconf 91' lang='lat' dir='ltr'>et</span> 
     </span>
    </p>
   </div>
   <div class='ocr_carea' id='block_1_47' title="bbox 1973 1701 3614 1774">
    <p class='ocr_par' dir='ltr' id='par_1_47' title="bbox 1973 1701 3614 1774">
     <span class='ocr_line' id='line_1_47' title="bbox 1973 1701 3614 1774; baseline 0.003 -19"><span class='ocrx_word' id='word_1_363' title='bbox 1973 1701 2222 1774; x_wconf 91' lang='lat' dir='ltr'>seipsos.</span> <span class='ocrx_word' id='word_1_364' title='bbox 2258 1724 2285 1750; x_wconf 77' lang='grc' dir='ltr'>α</span> <span class='ocrx_word' id='word_1_365' title='bbox 2319 1701 2630 1758; x_wconf 87' lang='lat' dir='ltr'>Plenitudo</span> <span class='ocrx_word' id='word_1_366' title='bbox 2659 1703 2819 1758; x_wconf 89' lang='lat' dir='ltr'>enim</span> <span class='ocrx_word' id='word_1_367' title='bbox 2845 1703 2990 1773; x_wconf 91' lang='lat' dir='ltr'>legis</span> <span class='ocrx_word' id='word_1_368' title='bbox 3022 1702 3280 1758; x_wconf 89' lang='lat' dir='ltr'>charitas</span> <span class='ocrx_word' id='word_1_369' title='bbox 3310 1707 3397 1758; x_wconf 89' lang='lat' dir='ltr'>est</span> <span class='ocrx_word' id='word_1_370' title='bbox 3427 1704 3614 1774; x_wconf 83' lang='lat' dir='ltr'>(Rom.</span> 
     </span>
    </p>
   </div>
   <div class='ocr_carea' id='block_1_48' title="bbox 1972 1790 3617 1864">
    <p class='ocr_par' dir='ltr' id='par_1_48' title="bbox 1972 1790 3617 1864">
     <span class='ocr_line' id='line_1_48' title="bbox 1972 1790 3617 1864; baseline 0.002 -20"><span class='ocrx_word' id='word_1_371' title='bbox 1972 1791 2109 1860; x_wconf 81' lang='lat' dir='ltr'>xm).</span> <span class='ocrx_word' id='word_1_372' title='bbox 2147 1811 2174 1840; x_wconf 83' lang='lat'><strong><em>»</em></strong></span> <span class='ocrx_word' id='word_1_373' title='bbox 2208 1790 2460 1846; x_wconf 85' lang='lat' dir='ltr'>Proximi</span> <span class='ocrx_word' id='word_1_374' title='bbox 2490 1797 2689 1847; x_wconf 87' lang='lat' dir='ltr'>autem</span> <span class='ocrx_word' id='word_1_375' title='bbox 2721 1808 2949 1855; x_wconf 88' lang='lat' dir='ltr'>eorum,</span> <span class='ocrx_word' id='word_1_376' title='bbox 2995 1795 3051 1848; x_wconf 91' lang='lat' dir='ltr'>et</span> <span class='ocrx_word' id='word_1_377' title='bbox 3098 1791 3211 1864; x_wconf 88' lang='lat' dir='ltr'>ipsi</span> <span class='ocrx_word' id='word_1_378' title='bbox 3258 1791 3617 1862; x_wconf 90' lang='lat' dir='ltr'>adinvicem,</span> 
     </span>
    </p>
   </div>
   <div class='ocr_carea' id='block_1_49' title="bbox 1974 1879 3618 1952">
    <p class='ocr_par' dir='ltr' id='par_1_49' title="bbox 1974 1879 3618 1952">
     <span class='ocr_line' id='line_1_49' title="bbox 1974 1879 3618 1952; baseline 0.002 -19"><span class='ocrx_word' id='word_1_379' title='bbox 1974 1883 2113 1934; x_wconf 90' lang='lat' dir='ltr'>sunt</span> <span class='ocrx_word' id='word_1_380' title='bbox 2163 1879 2415 1948; x_wconf 85' lang='lat' dir='ltr'>angelici</span> <span class='ocrx_word' id='word_1_381' title='bbox 2464 1880 2725 1952; x_wconf 86' lang='lat' dir='ltr'>spiritus,</span> <span class='ocrx_word' id='word_1_382' title='bbox 2773 1886 2828 1936; x_wconf 91' lang='lat' dir='ltr'>et</span> <span class='ocrx_word' id='word_1_383' title='bbox 2876 1881 3150 1936; x_wconf 89' lang='lat' dir='ltr'>homines</span> <span class='ocrx_word' id='word_1_384' title='bbox 3199 1879 3367 1936; x_wconf 89' lang='lat' dir='ltr'>electi</span> <span class='ocrx_word' id='word_1_385' title='bbox 3409 1897 3618 1937; x_wconf 91' lang='lat' dir='ltr'>eorum</span> 
     </span>
    </p>
   </div>
   <div class='ocr_carea' id='block_1_50' title="bbox 1974 1967 3618 2041">
    <p class='ocr_par' dir='ltr' id='par_1_50' title="bbox 1974 1967 3618 2041">
     <span class='ocr_line' id='line_1_50' title="bbox 1974 1967 3618 2041; baseline 0.002 -19"><span class='ocrx_word' id='word_1_386' title='bbox 1974 1967 2130 2039; x_wconf 69' lang='lat' dir='ltr'>aequi</span> <span class='ocrx_word' id='word_1_387' title='bbox 2161 1968 2454 2024; x_wconf 84' lang='lat' dir='ltr'>concives.</span> <span class='ocrx_word' id='word_1_388' title='bbox 2489 1969 2722 2024; x_wconf 78' lang='lat' dir='ltr'>Chcrub</span> <span class='ocrx_word' id='word_1_389' title='bbox 2755 1986 2910 2024; x_wconf 91' lang='lat' dir='ltr'>unus</span> <span class='ocrx_word' id='word_1_390' title='bbox 2943 1975 2998 2026; x_wconf 91' lang='lat' dir='ltr'>et</span> <span class='ocrx_word' id='word_1_391' title='bbox 3040 1974 3294 2041; x_wconf 88' lang='lat' dir='ltr'>utraque</span> <span class='ocrx_word' id='word_1_392' title='bbox 3342 1969 3439 2025; x_wconf 89' lang='lat' dir='ltr'>ala</span> <span class='ocrx_word' id='word_1_393' title='bbox 3490 1971 3618 2040; x_wconf 90' lang='lat' dir='ltr'>eju-</span> 
     </span>
    </p>
   </div>
   <div class='ocr_carea' id='block_1_51' title="bbox 1975 2056 3620 2130">
    <p class='ocr_par' dir='ltr' id='par_1_51' title="bbox 1975 2056 3620 2130">
     <span class='ocr_line' id='line_1_51' title="bbox 1975 2056 3620 2130; baseline 0.002 -19"><span class='ocrx_word' id='word_1_394' title='bbox 1975 2056 2146 2112; x_wconf 89' lang='lat' dir='ltr'>sdem</span> <span class='ocrx_word' id='word_1_395' title='bbox 2174 2073 2470 2112; x_wconf 67' lang='lat' dir='ltr'>mensurae</span> <span class='ocrx_word' id='word_1_396' title='bbox 2503 2059 2845 2129; x_wconf 88' lang='lat' dir='ltr'>perhibetur</span> <span class='ocrx_word' id='word_1_397' title='bbox 2878 2076 2890 2112; x_wconf 90' lang='lat'><strong>:</strong></span> <span class='ocrx_word' id='word_1_398' title='bbox 2925 2059 3067 2130; x_wconf 89' lang='lat' dir='ltr'>quia</span> <span class='ocrx_word' id='word_1_399' title='bbox 3097 2058 3365 2114; x_wconf 89' lang='lat' dir='ltr'>videlicet</span> <span class='ocrx_word' id='word_1_400' title='bbox 3407 2057 3620 2113; x_wconf 90' lang='lat' dir='ltr'>eadem</span> 
     </span>
    </p>
   </div>
   <div class='ocr_carea' id='block_1_52' title="bbox 1972 2145 3620 2219">
    <p class='ocr_par' dir='ltr' id='par_1_52' title="bbox 1972 2145 3620 2219">
     <span class='ocr_line' id='line_1_52' title="bbox 1972 2145 3620 2219; baseline 0.001 -18"><span class='ocrx_word' id='word_1_401' title='bbox 1972 2145 2107 2219; x_wconf 92' lang='lat' dir='ltr'>ipsa</span> <span class='ocrx_word' id='word_1_402' title='bbox 2136 2146 2450 2202; x_wconf 86' lang='lat' dir='ltr'>devotione</span> <span class='ocrx_word' id='word_1_403' title='bbox 2497 2163 2620 2219; x_wconf 91' lang='lat' dir='ltr'>qua</span> <span class='ocrx_word' id='word_1_404' title='bbox 2669 2164 2798 2203; x_wconf 91' lang='lat' dir='ltr'>sese</span> <span class='ocrx_word' id='word_1_405' title='bbox 2831 2147 3177 2202; x_wconf 90' lang='lat' dir='ltr'>alterutrum</span> <span class='ocrx_word' id='word_1_406' title='bbox 3223 2147 3284 2201; x_wconf 91' lang='lat' dir='ltr'>in</span> <span class='ocrx_word' id='word_1_407' title='bbox 3335 2148 3452 2202; x_wconf 91' lang='lat' dir='ltr'>Deo</span> <span class='ocrx_word' id='word_1_408' title='bbox 3491 2145 3620 2202; x_wconf 85' lang='lat' dir='ltr'>dili-</span> 
     </span>
    </p>
   </div>
   <div class='ocr_carea' id='block_1_53' title="bbox 1975 2234 3620 2309">
    <p class='ocr_par' dir='ltr' id='par_1_53' title="bbox 1975 2234 3620 2309">
     <span class='ocr_line' id='line_1_53' title="bbox 1975 2234 3620 2309; baseline -0.001 -18"><span class='ocrx_word' id='word_1_409' title='bbox 1975 2240 2144 2306; x_wconf 88' lang='lat' dir='ltr'>gunt,</span> <span class='ocrx_word' id='word_1_410' title='bbox 2178 2240 2444 2291; x_wconf 87' lang='lat' dir='ltr'>nostram</span> <span class='ocrx_word' id='word_1_411' title='bbox 2474 2252 2716 2309; x_wconf 90' lang='lat' dir='ltr'>quoque</span> <span class='ocrx_word' id='word_1_412' title='bbox 2750 2236 2828 2292; x_wconf 90' lang='lat' dir='ltr'>ad</span> <span class='ocrx_word' id='word_1_413' title='bbox 2855 2254 2917 2292; x_wconf 89' lang='lat' dir='ltr'>se</span> <span class='ocrx_word' id='word_1_414' title='bbox 2947 2235 3399 2292; x_wconf 90' lang='lat' dir='ltr'>ascendentium</span> <span class='ocrx_word' id='word_1_415' title='bbox 3438 2234 3620 2291; x_wconf 90' lang='lat' dir='ltr'>socie-</span> 
     </span>
    </p>
   </div>
   <div class='ocr_carea' id='block_1_54' title="bbox 1975 2322 3622 2398">
    <p class='ocr_par' dir='ltr' id='par_1_54' title="bbox 1975 2322 3622 2398">
     <span class='ocr_line' id='line_1_54' title="bbox 1975 2322 3622 2398; baseline -0.001 -18"><span class='ocrx_word' id='word_1_416' title='bbox 1975 2328 2158 2380; x_wconf 88' lang='lat' dir='ltr'>tatem</span> <span class='ocrx_word' id='word_1_417' title='bbox 2187 2324 2546 2380; x_wconf 89' lang='lat' dir='ltr'>desiderant.</span> <span class='ocrx_word' id='word_1_418' title='bbox 2578 2325 2789 2398; x_wconf 89' lang='lat' dir='ltr'>Sicque</span> <span class='ocrx_word' id='word_1_419' title='bbox 2822 2324 3001 2380; x_wconf 88' lang='lat' dir='ltr'>simul</span> <span class='ocrx_word' id='word_1_420' title='bbox 3043 2324 3152 2380; x_wconf 71' lang='lat' dir='ltr'>alas</span> <span class='ocrx_word' id='word_1_421' title='bbox 3200 2322 3411 2379; x_wconf 87' lang='lat' dir='ltr'>decem</span> <span class='ocrx_word' id='word_1_422' title='bbox 3459 2323 3622 2379; x_wconf 90' lang='lat' dir='ltr'>cubi-</span> 
     </span>
    </p>
   </div>
   <div class='ocr_carea' id='block_1_55' title="bbox 1974 2412 3618 2485">
    <p class='ocr_par' dir='ltr' id='par_1_55' title="bbox 1974 2412 3618 2485">
     <span class='ocr_line' id='line_1_55' title="bbox 1974 2412 3618 2485; baseline -0.001 -16"><span class='ocrx_word' id='word_1_423' title='bbox 1974 2417 2067 2469; x_wconf 90' lang='lat' dir='ltr'>tos</span> <span class='ocrx_word' id='word_1_424' title='bbox 2098 2412 2418 2485; x_wconf 90' lang='lat' dir='ltr'>complent,</span> <span class='ocrx_word' id='word_1_425' title='bbox 2475 2430 2612 2468; x_wconf 93' lang='lat' dir='ltr'>cum</span> <span class='ocrx_word' id='word_1_426' title='bbox 2661 2414 2721 2469; x_wconf 90' lang='lat' dir='ltr'>in</span> <span class='ocrx_word' id='word_1_427' title='bbox 2772 2414 3022 2485; x_wconf 66' lang='lat' dir='ltr'>geminae</span> <span class='ocrx_word' id='word_1_428' title='bbox 3073 2412 3376 2469; x_wconf 89' lang='lat' dir='ltr'>charitatis</span> <span class='ocrx_word' id='word_1_429' title='bbox 3432 2412 3618 2468; x_wconf 85' lang='lat' dir='ltr'>exibi-</span> 
     </span>
    </p>
   </div>
   <div class='ocr_carea' id='block_1_56' title="bbox 1973 2501 3614 2576">
    <p class='ocr_par' dir='ltr' id='par_1_56' title="bbox 1973 2501 3614 2576">
     <span class='ocr_line' id='line_1_56' title="bbox 1973 2501 3614 2576; baseline 0 -18"><span class='ocrx_word' id='word_1_430' title='bbox 1973 2503 2154 2569; x_wconf 88' lang='lat' dir='ltr'>tione,</span> <span class='ocrx_word' id='word_1_431' title='bbox 2179 2502 2375 2572; x_wconf 90' lang='lat' dir='ltr'>angeli</span> <span class='ocrx_word' id='word_1_432' title='bbox 2406 2502 2480 2558; x_wconf 91' lang='lat' dir='ltr'>de</span> <span class='ocrx_word' id='word_1_433' title='bbox 2507 2503 2838 2559; x_wconf 84' lang='lat' dir='ltr'>Conditoris</span> <span class='ocrx_word' id='word_1_434' title='bbox 2871 2504 2963 2560; x_wconf 91' lang='lat' dir='ltr'>sui</span> <span class='ocrx_word' id='word_1_435' title='bbox 2989 2503 3304 2576; x_wconf 71' lang='lat' dir='ltr'>praesentia</span> <span class='ocrx_word' id='word_1_436' title='bbox 3323 2501 3614 2558; x_wconf 79' lang='lat' dir='ltr'>laetantur.</span> 
     </span>
    </p>
   </div>
   <div class='ocr_carea' id='block_1_57' title="bbox 2048 2591 3620 2665">
    <p class='ocr_par' dir='ltr' id='par_1_57' title="bbox 2048 2591 3620 2665">
     <span class='ocr_line' id='line_1_57' title="bbox 2048 2591 3620 2665; baseline 0.003 -22"><span class='ocrx_word' id='word_1_437' title='bbox 2048 2616 2073 2641; x_wconf 87' lang='grc'><strong>‹‹</strong></span> <span class='ocrx_word' id='word_1_438' title='bbox 2119 2592 2331 2648; x_wconf 88' lang='lat' dir='ltr'>Decem</span> <span class='ocrx_word' id='word_1_439' title='bbox 2357 2608 2599 2665; x_wconf 88' lang='lat' dir='ltr'>quoque</span> <span class='ocrx_word' id='word_1_440' title='bbox 2630 2592 2966 2648; x_wconf 88' lang='lat' dir='ltr'>cubitorum</span> <span class='ocrx_word' id='word_1_441' title='bbox 2997 2597 3121 2649; x_wconf 91' lang='lat' dir='ltr'>erat</span> <span class='ocrx_word' id='word_1_442' title='bbox 3158 2591 3382 2648; x_wconf 87' lang='lat' dir='ltr'>cherub</span> <span class='ocrx_word' id='word_1_443' title='bbox 3412 2608 3620 2648; x_wconf 87' lang='lat' dir='ltr'>secun-</span> 
     </span>
    </p>
   </div>
   <div class='ocr_carea' id='block_1_58' title="bbox 1976 2679 3619 2754">
    <p class='ocr_par' dir='ltr' id='par_1_58' title="bbox 1976 2679 3619 2754">
     <span class='ocr_line' id='line_1_58' title="bbox 1976 2679 3619 2754; baseline 0.001 -19"><span class='ocrx_word' id='word_1_444' title='bbox 1976 2703 2002 2728; x_wconf 86' lang='lat'><strong>«</strong></span> <span class='ocrx_word' id='word_1_445' title='bbox 2046 2679 2160 2735; x_wconf 91' lang='lat' dir='ltr'>dus</span> <span class='ocrx_word' id='word_1_446' title='bbox 2181 2696 2465 2736; x_wconf 90' lang='lat' dir='ltr'>mensura</span> <span class='ocrx_word' id='word_1_447' title='bbox 2493 2681 2642 2753; x_wconf 90' lang='lat' dir='ltr'>pari,</span> <span class='ocrx_word' id='word_1_448' title='bbox 2679 2687 2902 2754; x_wconf 90' lang='lat' dir='ltr'>etopus</span> <span class='ocrx_word' id='word_1_449' title='bbox 2933 2699 3122 2738; x_wconf 83' lang='lat' dir='ltr'>unum</span> <span class='ocrx_word' id='word_1_450' title='bbox 3143 2688 3268 2738; x_wconf 91' lang='lat' dir='ltr'>erat</span> <span class='ocrx_word' id='word_1_451' title='bbox 3296 2681 3356 2737; x_wconf 92' lang='lat' dir='ltr'>in</span> <span class='ocrx_word' id='word_1_452' title='bbox 3379 2681 3619 2737; x_wconf 91' lang='lat' dir='ltr'>duobus</span> 
     </span>
    </p>
   </div>
   <div class='ocr_carea' id='block_1_59' title="bbox 1976 2768 3621 2834">
    <p class='ocr_par' dir='ltr' id='par_1_59' title="bbox 1976 2768 3621 2834">
     <span class='ocr_line' id='line_1_59' title="bbox 1976 2768 3621 2834; baseline 0.003 -14"><span class='ocrx_word' id='word_1_453' title='bbox 1976 2790 2004 2818; x_wconf 86' lang='lat'><strong>«</strong></span> <span class='ocrx_word' id='word_1_454' title='bbox 2047 2768 2380 2834; x_wconf 88' lang='lat' dir='ltr'>cherubim,</span> <span class='ocrx_word' id='word_1_455' title='bbox 2437 2769 2498 2824; x_wconf 84' lang='lat' dir='ltr'>id</span> <span class='ocrx_word' id='word_1_456' title='bbox 2555 2775 2643 2826; x_wconf 90' lang='lat' dir='ltr'>est</span> <span class='ocrx_word' id='word_1_457' title='bbox 2711 2770 3082 2828; x_wconf 86' lang='lat' dir='ltr'>altitudinem</span> <span class='ocrx_word' id='word_1_458' title='bbox 3147 2770 3412 2828; x_wconf 88' lang='lat' dir='ltr'>habebat</span> <span class='ocrx_word' id='word_1_459' title='bbox 3461 2785 3621 2826; x_wconf 91' lang='lat' dir='ltr'>unus</span> 
     </span>
    </p>
   </div>
   <div class='ocr_carea' id='block_1_60' title="bbox 1977 2857 3621 2916">
    <p class='ocr_par' dir='ltr' id='par_1_60' title="bbox 1977 2857 3621 2916">
     <span class='ocr_line' id='line_1_60' title="bbox 1977 2857 3621 2916; baseline 0.004 -5"><span class='ocrx_word' id='word_1_460' title='bbox 1977 2878 2004 2905; x_wconf 88' lang='grc'>‹‹</span> <span class='ocrx_word' id='word_1_461' title='bbox 2046 2857 2270 2912; x_wconf 88' lang='lat' dir='ltr'>cherub</span> <span class='ocrx_word' id='word_1_462' title='bbox 2298 2857 2506 2914; x_wconf 89' lang='lat' dir='ltr'>decem</span> <span class='ocrx_word' id='word_1_463' title='bbox 2547 2858 2885 2915; x_wconf 90' lang='lat' dir='ltr'>cubitorum</span> <span class='ocrx_word' id='word_1_464' title='bbox 2920 2877 2932 2914; x_wconf 89' lang='lat'><strong>:</strong></span> <span class='ocrx_word' id='word_1_465' title='bbox 2977 2865 3033 2916; x_wconf 91' lang='lat' dir='ltr'>et</span> <span class='ocrx_word' id='word_1_466' title='bbox 3081 2860 3348 2916; x_wconf 89' lang='lat' dir='ltr'>similiter</span> <span class='ocrx_word' id='word_1_467' title='bbox 3393 2859 3621 2916; x_wconf 89' lang='lat' dir='ltr'>cherub</span> 
     </span>
    </p>
   </div>
   <div class='ocr_carea' id='block_1_61' title="bbox 201 2943 3623 3042">
    <p class='ocr_par' dir='ltr' id='par_1_61' title="bbox 201 2943 3623 3042">
     <span class='ocr_line' id='line_1_61' title="bbox 201 2943 3623 3042; baseline 0 -40"><span class='ocrx_word' id='word_1_468' title='bbox 201 2961 331 3002; x_wconf 90' lang='lat' dir='ltr'>non</span> <span class='ocrx_word' id='word_1_469' title='bbox 373 2947 440 3002; x_wconf 91' lang='lat' dir='ltr'>in</span> <span class='ocrx_word' id='word_1_470' title='bbox 484 2945 602 3002; x_wconf 87' lang='lat' dir='ltr'>hoc</span> <span class='ocrx_word' id='word_1_471' title='bbox 641 2944 872 3001; x_wconf 90' lang='lat' dir='ltr'>mundo</span> <span class='ocrx_word' id='word_1_472' title='bbox 920 2944 1214 3015; x_wconf 88' lang='lat' dir='ltr'>designat,</span> <span class='ocrx_word' id='word_1_473' title='bbox 1266 2944 1501 3001; x_wconf 88' lang='lat' dir='ltr'>dicente</span> <span class='ocrx_word' id='word_1_474' title='bbox 1529 2943 1814 3016; x_wconf 84' lang='lat' dir='ltr'>Apostolo</span> <span class='ocrx_word' id='word_1_475' title='bbox 1848 2960 1862 2998; x_wconf 90' lang='lat'><strong>:</strong></span> <span class='ocrx_word' id='word_1_476' title='bbox 1895 2987 1935 3042; x_wconf 64' lang='grc' dir='ltr'>Ο</span> <span class='ocrx_word' id='word_1_477' title='bbox 1978 2967 2008 2996; x_wconf 91' lang='grc'>‹‹</span> <span class='ocrx_word' id='word_1_478' title='bbox 2047 2945 2369 3003; x_wconf 90' lang='lat' dir='ltr'>secundus.</span> <span class='ocrx_word' id='word_1_479' title='bbox 2401 2970 2430 2998; x_wconf 88' lang='lat'>»</span> <span class='ocrx_word' id='word_1_480' title='bbox 2462 2951 2590 3004; x_wconf 90' lang='lat' dir='ltr'>Duo</span> <span class='ocrx_word' id='word_1_481' title='bbox 2619 2953 2788 3004; x_wconf 89' lang='lat' dir='ltr'>erant</span> <span class='ocrx_word' id='word_1_482' title='bbox 2825 2948 2962 3004; x_wconf 83' lang='lat' dir='ltr'>facti</span> <span class='ocrx_word' id='word_1_483' title='bbox 3001 2947 3332 3018; x_wconf 89' lang='lat' dir='ltr'>cherubim,</span> <span class='ocrx_word' id='word_1_484' title='bbox 3376 2953 3623 3021; x_wconf 89' lang='lat' dir='ltr'>propter</span> 
     </span>
    </p>
   </div>
   <div class='ocr_carea' id='block_1_62' title="bbox 209 3035 1865 3112">
    <p class='ocr_par' dir='ltr' id='par_1_62' title="bbox 209 3035 1865 3112">
     <span class='ocr_line' id='line_1_62' title="bbox 209 3035 1865 3112; baseline 0.001 -24"><span class='ocrx_word' id='word_1_485' title='bbox 209 3063 236 3088; x_wconf 77' lang='grc' dir='ltr'>ι(</span> <span class='ocrx_word' id='word_1_486' title='bbox 265 3043 414 3112; x_wconf 66' lang='lat' dir='ltr'>Quae</span> <span class='ocrx_word' id='word_1_487' title='bbox 450 3053 695 3094; x_wconf 89' lang='lat' dir='ltr'>sursum</span> <span class='ocrx_word' id='word_1_488' title='bbox 728 3041 866 3092; x_wconf 90' lang='lat' dir='ltr'>sunt</span> <span class='ocrx_word' id='word_1_489' title='bbox 906 3037 1172 3109; x_wconf 65' lang='lat' dir='ltr'>quaerite,</span> <span class='ocrx_word' id='word_1_490' title='bbox 1225 3036 1328 3092; x_wconf 91' lang='lat' dir='ltr'>ubi</span> <span class='ocrx_word' id='word_1_491' title='bbox 1371 3035 1637 3091; x_wconf 88' lang='lat' dir='ltr'>Christus</span> <span class='ocrx_word' id='word_1_492' title='bbox 1675 3040 1763 3091; x_wconf 90' lang='lat' dir='ltr'>est</span> <span class='ocrx_word' id='word_1_493' title='bbox 1804 3035 1865 3091; x_wconf 90' lang='lat' dir='ltr'>in</span> 
     </span>
    </p>
   </div>
   <div class='ocr_carea' id='block_1_63' title="bbox 209 3123 1867 3196">
    <p class='ocr_par' dir='ltr' id='par_1_63' title="bbox 209 3123 1867 3196">
     <span class='ocr_line' id='line_1_63' title="bbox 209 3123 1867 3196; baseline -0.004 -12"><span class='ocrx_word' id='word_1_494' title='bbox 209 3129 454 3186; x_wconf 82' lang='lat' dir='ltr'>dextera</span> <span class='ocrx_word' id='word_1_495' title='bbox 485 3127 589 3183; x_wconf 89' lang='lat' dir='ltr'>Dei</span> <span class='ocrx_word' id='word_1_496' title='bbox 619 3126 852 3182; x_wconf 90' lang='lat' dir='ltr'>sedens.</span> <span class='ocrx_word' id='word_1_497' title='bbox 880 3127 1021 3192; x_wconf 62' lang='lat' dir='ltr'>Quae</span> <span class='ocrx_word' id='word_1_498' title='bbox 1052 3141 1296 3182; x_wconf 88' lang='lat' dir='ltr'>sursum</span> <span class='ocrx_word' id='word_1_499' title='bbox 1318 3129 1459 3180; x_wconf 90' lang='lat' dir='ltr'>sunt</span> <span class='ocrx_word' id='word_1_500' title='bbox 1498 3123 1710 3196; x_wconf 90' lang='lat' dir='ltr'>sapite,</span> <span class='ocrx_word' id='word_1_501' title='bbox 1741 3139 1867 3179; x_wconf 92' lang='lat' dir='ltr'>non</span> 
     </span>
    </p>
   </div>
   <div class='ocr_carea' id='block_1_64' title="bbox 215 3215 1186 3290">
    <p class='ocr_par' dir='ltr' id='par_1_64' title="bbox 215 3215 1186 3290">
     <span class='ocr_line' id='line_1_64' title="bbox 215 3215 1186 3290; baseline -0.005 -16"><span class='ocrx_word' id='word_1_502' title='bbox 215 3234 345 3290; x_wconf 67' lang='lat' dir='ltr'>quae</span> <span class='ocrx_word' id='word_1_503' title='bbox 372 3233 558 3290; x_wconf 87' lang='lat' dir='ltr'>super</span> <span class='ocrx_word' id='word_1_504' title='bbox 589 3221 811 3272; x_wconf 87' lang='lat' dir='ltr'>terram</span> <span class='ocrx_word' id='word_1_505' title='bbox 841 3215 994 3286; x_wconf 84' lang='lat' dir='ltr'>(Col.</span> <span class='ocrx_word' id='word_1_506' title='bbox 1023 3217 1125 3285; x_wconf 79' lang='lat' dir='ltr'>in).</span> <span class='ocrx_word' id='word_1_507' title='bbox 1158 3236 1186 3262; x_wconf 68' lang='grc' dir='ltr'>τι</span> 
     </span>
    </p>
   </div>
   <div class='ocr_carea' id='block_1_65' title="bbox 297 3300 1869 3371">
    <p class='ocr_par' dir='ltr' id='par_1_65' title="bbox 297 3300 1869 3371">
     <span class='ocr_line' id='line_1_65' title="bbox 297 3300 1869 3371; baseline -0.006 -7"><span class='ocrx_word' id='word_1_508' title='bbox 297 3331 320 3354; x_wconf 77' lang='grc' dir='ltr'>ιι</span> <span class='ocrx_word' id='word_1_509' title='bbox 353 3312 416 3364; x_wconf 78' lang='lat' dir='ltr'>Et</span> <span class='ocrx_word' id='word_1_510' title='bbox 440 3307 575 3363; x_wconf 88' lang='lat' dir='ltr'>fecit</span> <span class='ocrx_word' id='word_1_511' title='bbox 604 3306 667 3362; x_wconf 90' lang='lat' dir='ltr'>in</span> <span class='ocrx_word' id='word_1_512' title='bbox 705 3305 950 3361; x_wconf 89' lang='lat' dir='ltr'>oraculo</span> <span class='ocrx_word' id='word_1_513' title='bbox 999 3304 1154 3359; x_wconf 83' lang='lat' dir='ltr'>duos</span> <span class='ocrx_word' id='word_1_514' title='bbox 1204 3300 1518 3357; x_wconf 87' lang='lat' dir='ltr'>cherubim</span> <span class='ocrx_word' id='word_1_515' title='bbox 1571 3300 1646 3356; x_wconf 91' lang='lat' dir='ltr'>de</span> <span class='ocrx_word' id='word_1_516' title='bbox 1693 3300 1869 3371; x_wconf 90' lang='lat' dir='ltr'>lignis</span> 
     </span>
    </p>
   </div>
   <div class='ocr_carea' id='block_1_66' title="bbox 236 3389 1866 3452">
    <p class='ocr_par' dir='ltr' id='par_1_66' title="bbox 236 3389 1866 3452">
     <span class='ocr_line' id='line_1_66' title="bbox 236 3389 1866 3452; baseline -0.003 -2"><span class='ocrx_word' id='word_1_517' title='bbox 236 3416 263 3442; x_wconf 85' lang='lat'><strong>«</strong></span> <span class='ocrx_word' id='word_1_518' title='bbox 297 3396 573 3452; x_wconf 80' lang='lat' dir='ltr'>olivarum</span> <span class='ocrx_word' id='word_1_519' title='bbox 599 3396 812 3451; x_wconf 90' lang='lat' dir='ltr'>decem</span> <span class='ocrx_word' id='word_1_520' title='bbox 839 3393 1183 3449; x_wconf 89' lang='lat' dir='ltr'>cubitorum</span> <span class='ocrx_word' id='word_1_521' title='bbox 1215 3389 1560 3446; x_wconf 89' lang='lat' dir='ltr'>altitudinis.</span> <span class='ocrx_word' id='word_1_522' title='bbox 1597 3411 1614 3440; x_wconf 81' lang='grc' dir='ltr'>ι</span> <span class='ocrx_word' id='word_1_523' title='bbox 1655 3389 1866 3447; x_wconf 89' lang='lat' dir='ltr'>Cheru-</span> 
     </span>
    </p>
   </div>
   <div class='ocr_carea' id='block_1_67' title="bbox 233 3478 1863 3558">
    <p class='ocr_par' dir='ltr' id='par_1_67' title="bbox 233 3478 1863 3558">
     <span class='ocr_line' id='line_1_67' title="bbox 233 3478 1863 3558; baseline -0.001 -21"><span class='ocrx_word' id='word_1_524' title='bbox 233 3481 368 3548; x_wconf 86' lang='lat' dir='ltr'>bim,</span> <span class='ocrx_word' id='word_1_525' title='bbox 397 3486 542 3541; x_wconf 84' lang='lat' dir='ltr'>sicut</span> <span class='ocrx_word' id='word_1_526' title='bbox 569 3483 864 3558; x_wconf 88' lang='lat' dir='ltr'>propheta</span> <span class='ocrx_word' id='word_1_527' title='bbox 896 3480 1161 3538; x_wconf 88' lang='lat' dir='ltr'>Ezechiel</span> <span class='ocrx_word' id='word_1_528' title='bbox 1198 3484 1402 3553; x_wconf 87' lang='lat' dir='ltr'>aperte</span> <span class='ocrx_word' id='word_1_529' title='bbox 1431 3478 1712 3544; x_wconf 89' lang='lat' dir='ltr'>declarat,</span> <span class='ocrx_word' id='word_1_530' title='bbox 1757 3495 1863 3536; x_wconf 87' lang='lat' dir='ltr'>an-</span> 
     </span>
    </p>
   </div>
   <div class='ocr_carea' id='block_1_68' title="bbox 228 3570 1866 3644">
    <p class='ocr_par' dir='ltr' id='par_1_68' title="bbox 228 3570 1866 3644">
     <span class='ocr_line' id='line_1_68' title="bbox 228 3570 1866 3644; baseline -0.002 -15"><span class='ocrx_word' id='word_1_531' title='bbox 228 3575 419 3644; x_wconf 74' lang='lat' dir='ltr'>gelicae</span> <span class='ocrx_word' id='word_1_532' title='bbox 449 3575 755 3644; x_wconf 86' lang='lat' dir='ltr'>dignitatis</span> <span class='ocrx_word' id='word_1_533' title='bbox 782 3571 1150 3628; x_wconf 87' lang='lat' dir='ltr'>vocabulum</span> <span class='ocrx_word' id='word_1_534' title='bbox 1177 3575 1284 3640; x_wconf 92' lang='lat' dir='ltr'>est,</span> <span class='ocrx_word' id='word_1_535' title='bbox 1329 3585 1703 3643; x_wconf 90' lang='lat' dir='ltr'>numeroque</span> <span class='ocrx_word' id='word_1_536' title='bbox 1751 3570 1866 3625; x_wconf 90' lang='lat' dir='ltr'>sin-</span> 
     </span>
    </p>
   </div>
   <div class='ocr_carea' id='block_1_69' title="bbox 218 3659 1864 3733">
    <p class='ocr_par' dir='ltr' id='par_1_69' title="bbox 218 3659 1864 3733">
     <span class='ocr_line' id='line_1_69' title="bbox 218 3659 1864 3733; baseline -0.004 -14"><span class='ocrx_word' id='word_1_537' title='bbox 218 3664 408 3733; x_wconf 88' lang='lat' dir='ltr'>gulari</span> <span class='ocrx_word' id='word_1_538' title='bbox 469 3664 694 3719; x_wconf 90' lang='lat' dir='ltr'>cherub</span> <span class='ocrx_word' id='word_1_539' title='bbox 749 3662 982 3729; x_wconf 89' lang='lat' dir='ltr'>dicitur,</span> <span class='ocrx_word' id='word_1_540' title='bbox 1037 3659 1253 3733; x_wconf 91' lang='lat' dir='ltr'>plurali</span> <span class='ocrx_word' id='word_1_541' title='bbox 1309 3659 1636 3715; x_wconf 88' lang='lat' dir='ltr'>cherubim.</span> <span class='ocrx_word' id='word_1_542' title='bbox 1702 3659 1864 3714; x_wconf 91' lang='lat' dir='ltr'>Unde</span> 
     </span>
    </p>
   </div>
   <div class='ocr_carea' id='block_1_70' title="bbox 221 3747 1863 3822">
    <p class='ocr_par' dir='ltr' id='par_1_70' title="bbox 221 3747 1863 3822">
     <span class='ocr_line' id='line_1_70' title="bbox 221 3747 1863 3822; baseline -0.002 -16"><span class='ocrx_word' id='word_1_543' title='bbox 221 3759 435 3822; x_wconf 86' lang='lat' dir='ltr'>aperte</span> <span class='ocrx_word' id='word_1_544' title='bbox 459 3752 524 3804; x_wconf 85' lang='lat' dir='ltr'>in</span> <span class='ocrx_word' id='word_1_545' title='bbox 551 3750 764 3820; x_wconf 77' lang='lat' dir='ltr'>ﬁguris,</span> <span class='ocrx_word' id='word_1_546' title='bbox 807 3749 1120 3807; x_wconf 89' lang='lat' dir='ltr'>cherubim</span> <span class='ocrx_word' id='word_1_547' title='bbox 1151 3749 1256 3821; x_wconf 90' lang='lat' dir='ltr'>qui</span> <span class='ocrx_word' id='word_1_548' title='bbox 1301 3753 1470 3806; x_wconf 89' lang='lat' dir='ltr'>erant</span> <span class='ocrx_word' id='word_1_549' title='bbox 1508 3748 1570 3804; x_wconf 91' lang='lat' dir='ltr'>in</span> <span class='ocrx_word' id='word_1_550' title='bbox 1618 3747 1863 3804; x_wconf 90' lang='lat' dir='ltr'>oraculo</span> 
     </span>
    </p>
   </div>
   <div class='ocr_carea' id='block_1_71' title="bbox 227 3837 1863 3910">
    <p class='ocr_par' dir='ltr' id='par_1_71' title="bbox 227 3837 1863 3910">
     <span class='ocr_line' id='line_1_71' title="bbox 227 3837 1863 3910; baseline -0.001 -17"><span class='ocrx_word' id='word_1_551' title='bbox 227 3838 368 3895; x_wconf 85' lang='lat' dir='ltr'>facti</span> <span class='ocrx_word' id='word_1_552' title='bbox 427 3837 692 3908; x_wconf 83' lang='lat' dir='ltr'>angelica</span> <span class='ocrx_word' id='word_1_553' title='bbox 729 3839 1058 3896; x_wconf 89' lang='lat' dir='ltr'>ministeria</span> <span class='ocrx_word' id='word_1_554' title='bbox 1107 3854 1243 3910; x_wconf 81' lang='lat' dir='ltr'>quae</span> <span class='ocrx_word' id='word_1_555' title='bbox 1296 3837 1596 3894; x_wconf 87' lang='lat' dir='ltr'>Conditori</span> <span class='ocrx_word' id='word_1_556' title='bbox 1640 3853 1752 3893; x_wconf 87' lang='lat' dir='ltr'>suo</span> <span class='ocrx_word' id='word_1_557' title='bbox 1801 3837 1863 3892; x_wconf 91' lang='lat' dir='ltr'>in</span> 
     </span>
    </p>
   </div>
   <div class='ocr_carea' id='block_1_72' title="bbox 218 3926 1864 4001">
    <p class='ocr_par' dir='ltr' id='par_1_72' title="bbox 218 3926 1864 4001">
     <span class='ocr_line' id='line_1_72' title="bbox 218 3926 1864 4001; baseline -0.003 -15"><span class='ocrx_word' id='word_1_558' title='bbox 218 3929 390 3986; x_wconf 69' lang='lat' dir='ltr'>caelis</span> <span class='ocrx_word' id='word_1_559' title='bbox 430 3944 663 4001; x_wconf 86' lang='lat' dir='ltr'>semper</span> <span class='ocrx_word' id='word_1_560' title='bbox 688 3929 992 3997; x_wconf 89' lang='lat' dir='ltr'>assistunt,</span> <span class='ocrx_word' id='word_1_561' title='bbox 1035 3931 1287 3999; x_wconf 89' lang='lat' dir='ltr'>possunt</span> <span class='ocrx_word' id='word_1_562' title='bbox 1317 3926 1580 3996; x_wconf 90' lang='lat' dir='ltr'>intelligi.</span> <span class='ocrx_word' id='word_1_563' title='bbox 1619 3926 1729 3992; x_wconf 87' lang='lat' dir='ltr'>Qui</span> <span class='ocrx_word' id='word_1_564' title='bbox 1771 3941 1864 3982; x_wconf 91' lang='lat' dir='ltr'>re-</span> 
     </span>
    </p>
   </div>
   <div class='ocr_carea' id='block_1_73' title="bbox 208 4003 1872 4089">
    <p class='ocr_par' dir='ltr' id='par_1_73' title="bbox 208 4003 1872 4089">
     <span class='ocr_line' id='line_1_73' title="bbox 208 4003 1872 4089; baseline -0.003 -14"><span class='ocrx_word' id='word_1_565' title='bbox 208 4025 306 4075; x_wconf 89' lang='lat' dir='ltr'>cte</span> <span class='ocrx_word' id='word_1_566' title='bbox 335 4019 412 4075; x_wconf 88' lang='lat' dir='ltr'>de</span> <span class='ocrx_word' id='word_1_567' title='bbox 439 4018 618 4089; x_wconf 85' lang='lat' dir='ltr'>lignis</span> <span class='ocrx_word' id='word_1_568' title='bbox 647 4019 942 4074; x_wconf 85' lang='lat' dir='ltr'>olivarum</span> <span class='ocrx_word' id='word_1_569' title='bbox 972 4016 1110 4072; x_wconf 90' lang='lat' dir='ltr'>facti</span> <span class='ocrx_word' id='word_1_570' title='bbox 1141 4032 1269 4071; x_wconf 92' lang='lat' dir='ltr'>esse</span> <span class='ocrx_word' id='word_1_571' title='bbox 1298 4014 1706 4088; x_wconf 88' lang='lat' dir='ltr'>perhibentur,</span> <span class='ocrx_word' id='word_1_572' title='bbox 1724 4003 1872 4086; x_wconf 21' lang='lat' dir='ltr'>quia.</span> 
     </span>
    </p>
   </div>
   <div class='ocr_carea' id='block_1_74' title="bbox 204 4102 1864 4177">
    <p class='ocr_par' dir='ltr' id='par_1_74' title="bbox 204 4102 1864 4177">
     <span class='ocr_line' id='line_1_74' title="bbox 204 4102 1864 4177; baseline -0.005 -11"><span class='ocrx_word' id='word_1_573' title='bbox 204 4110 505 4166; x_wconf 85' lang='lat' dir='ltr'>nimirum</span> <span class='ocrx_word' id='word_1_574' title='bbox 535 4108 780 4164; x_wconf 83' lang='lat' dir='ltr'>virtutes</span> <span class='ocrx_word' id='word_1_575' title='bbox 808 4106 1088 4177; x_wconf 80' lang='lat' dir='ltr'>angelicae</span> <span class='ocrx_word' id='word_1_576' title='bbox 1138 4105 1328 4176; x_wconf 87' lang='lat' dir='ltr'>gratia</span> <span class='ocrx_word' id='word_1_577' title='bbox 1358 4104 1608 4176; x_wconf 88' lang='lat' dir='ltr'>Spiritus</span> <span class='ocrx_word' id='word_1_578' title='bbox 1654 4102 1864 4171; x_wconf 89' lang='lat' dir='ltr'>sancti,</span> 
     </span>
    </p>
   </div>
   <div class='ocr_carea' id='block_1_75' title="bbox 203 4197 1863 4272">
    <p class='ocr_par' dir='ltr' id='par_1_75' title="bbox 203 4197 1863 4272">
     <span class='ocr_line' id='line_1_75' title="bbox 203 4197 1863 4272; baseline -0.007 -15"><span class='ocrx_word' id='word_1_579' title='bbox 203 4217 282 4257; x_wconf 91' lang='lat' dir='ltr'>ne</span> <span class='ocrx_word' id='word_1_580' title='bbox 315 4215 595 4272; x_wconf 86' lang='lat' dir='ltr'>unquam</span> <span class='ocrx_word' id='word_1_581' title='bbox 625 4199 704 4253; x_wconf 91' lang='lat' dir='ltr'>ab</span> <span class='ocrx_word' id='word_1_582' title='bbox 735 4213 940 4253; x_wconf 90' lang='lat' dir='ltr'>amore</span> <span class='ocrx_word' id='word_1_583' title='bbox 989 4197 1090 4251; x_wconf 90' lang='lat' dir='ltr'>Dei</span> <span class='ocrx_word' id='word_1_584' title='bbox 1119 4199 1410 4262; x_wconf 89' lang='lat' dir='ltr'>arescant,</span> <span class='ocrx_word' id='word_1_585' title='bbox 1465 4197 1656 4250; x_wconf 72' lang='lat' dir='ltr'>unctae</span> <span class='ocrx_word' id='word_1_586' title='bbox 1706 4197 1863 4248; x_wconf 91' lang='lat' dir='ltr'>sunt.</span> 
     </span>
    </p>
   </div>
   <div class='ocr_carea' id='block_1_76' title="bbox 203 4282 1868 4357">
    <p class='ocr_par' dir='ltr' id='par_1_76' title="bbox 203 4282 1868 4357">
     <span class='ocr_line' id='line_1_76' title="bbox 203 4282 1868 4357; baseline -0.005 -10"><span class='ocrx_word' id='word_1_587' title='bbox 203 4292 427 4346; x_wconf 87' lang='lat' dir='ltr'>Decem</span> <span class='ocrx_word' id='word_1_588' title='bbox 484 4293 690 4344; x_wconf 91' lang='lat' dir='ltr'>autem</span> <span class='ocrx_word' id='word_1_589' title='bbox 741 4291 878 4341; x_wconf 85' lang='lat' dir='ltr'>sunt</span> <span class='ocrx_word' id='word_1_590' title='bbox 918 4286 1254 4341; x_wconf 87' lang='lat' dir='ltr'>cubitorum</span> <span class='ocrx_word' id='word_1_591' title='bbox 1301 4283 1668 4340; x_wconf 80' lang='lat' dir='ltr'>altitudinis:</span> <span class='ocrx_word' id='word_1_592' title='bbox 1723 4282 1868 4357; x_wconf 87' lang='lat' dir='ltr'>quia</span> 
     </span>
    </p>
   </div>
   <div class='ocr_carea' id='block_1_77' title="bbox 201 4371 1868 4442">
    <p class='ocr_par' dir='ltr' id='par_1_77' title="bbox 201 4371 1868 4442">
     <span class='ocr_line' id='line_1_77' title="bbox 201 4371 1868 4442; baseline -0.005 -8"><span class='ocrx_word' id='word_1_593' title='bbox 201 4379 464 4436; x_wconf 86' lang='lat' dir='ltr'>denario</span> <span class='ocrx_word' id='word_1_594' title='bbox 491 4377 626 4433; x_wconf 78' lang='lat' dir='ltr'>vitae</span> <span class='ocrx_word' id='word_1_595' title='bbox 658 4380 892 4432; x_wconf 58' lang='lat' dir='ltr'>aeternae</span> <span class='ocrx_word' id='word_1_596' title='bbox 931 4377 1259 4442; x_wconf 90' lang='lat' dir='ltr'>struuntur,</span> <span class='ocrx_word' id='word_1_597' title='bbox 1305 4372 1596 4428; x_wconf 90' lang='lat' dir='ltr'>habentes</span> <span class='ocrx_word' id='word_1_598' title='bbox 1624 4371 1868 4427; x_wconf 88' lang='lat' dir='ltr'>inviola-</span> 
     </span>
    </p>
   </div>
   <div class='ocr_carea' id='block_1_78' title="bbox 201 4462 1869 4534">
    <p class='ocr_par' dir='ltr' id='par_1_78' title="bbox 201 4462 1869 4534">
     <span class='ocr_line' id='line_1_78' title="bbox 201 4462 1869 4534; baseline -0.007 -8"><span class='ocrx_word' id='word_1_599' title='bbox 201 4474 334 4525; x_wconf 83' lang='lat' dir='ltr'>tam</span> <span class='ocrx_word' id='word_1_600' title='bbox 367 4468 429 4523; x_wconf 91' lang='lat' dir='ltr'>in</span> <span class='ocrx_word' id='word_1_601' title='bbox 465 4483 528 4522; x_wconf 91' lang='lat' dir='ltr'>se</span> <span class='ocrx_word' id='word_1_602' title='bbox 555 4467 649 4521; x_wconf 90' lang='lat' dir='ltr'>sui</span> <span class='ocrx_word' id='word_1_603' title='bbox 677 4463 1007 4520; x_wconf 88' lang='lat' dir='ltr'>Conditoris</span> <span class='ocrx_word' id='word_1_604' title='bbox 1038 4462 1364 4534; x_wconf 86' lang='lat' dir='ltr'>imaginem</span> <span class='ocrx_word' id='word_1_605' title='bbox 1398 4465 1716 4529; x_wconf 86' lang='lat' dir='ltr'>servatam,</span> <span class='ocrx_word' id='word_1_606' title='bbox 1740 4476 1869 4533; x_wconf 90' lang='lat' dir='ltr'>per-</span> 
     </span>
    </p>
   </div>
   <div class='ocr_carea' id='block_1_79' title="bbox 198 4550 1868 4632">
    <p class='ocr_par' dir='ltr' id='par_1_79' title="bbox 198 4550 1868 4632">
     <span class='ocr_line' id='line_1_79' title="bbox 198 4550 1868 4632; baseline -0.007 -16"><span class='ocrx_word' id='word_1_607' title='bbox 198 4565 410 4632; x_wconf 79' lang='lat' dir='ltr'>petuae</span> <span class='ocrx_word' id='word_1_608' title='bbox 470 4555 800 4612; x_wconf 89' lang='lat' dir='ltr'>sanctitatis</span> <span class='ocrx_word' id='word_1_609' title='bbox 853 4569 925 4608; x_wconf 84' lang='lat' dir='ltr'>ex</span> <span class='ocrx_word' id='word_1_610' title='bbox 969 4551 1201 4624; x_wconf 89' lang='lat' dir='ltr'>justitia</span> <span class='ocrx_word' id='word_1_611' title='bbox 1253 4556 1310 4607; x_wconf 91' lang='lat' dir='ltr'>et</span> <span class='ocrx_word' id='word_1_612' title='bbox 1357 4550 1623 4621; x_wconf 85' lang='lat' dir='ltr'>veritate,</span> <span class='ocrx_word' id='word_1_613' title='bbox 1681 4565 1868 4622; x_wconf 92' lang='lat' dir='ltr'>quam</span> 
     </span>
    </p>
   </div>
   <div class='ocr_carea' id='block_1_80' title="bbox 197 4639 1868 4722">
    <p class='ocr_par' dir='ltr' id='par_1_80' title="bbox 197 4639 1868 4722">
     <span class='ocr_line' id='line_1_80' title="bbox 197 4639 1868 4722; baseline -0.007 -16"><span class='ocrx_word' id='word_1_614' title='bbox 197 4649 412 4722; x_wconf 85' lang='lat' dir='ltr'>prima</span> <span class='ocrx_word' id='word_1_615' title='bbox 443 4646 505 4702; x_wconf 92' lang='lat' dir='ltr'>in</span> <span class='ocrx_word' id='word_1_616' title='bbox 535 4643 878 4701; x_wconf 88' lang='lat' dir='ltr'>conditione</span> <span class='ocrx_word' id='word_1_617' title='bbox 901 4644 1314 4716; x_wconf 89' lang='lat' dir='ltr'>perceperunt.</span> <span class='ocrx_word' id='word_1_618' title='bbox 1366 4639 1653 4695; x_wconf 90' lang='lat' dir='ltr'>Denarius</span> <span class='ocrx_word' id='word_1_619' title='bbox 1702 4655 1868 4696; x_wconf 87' lang='lat' dir='ltr'>nam-</span> 
     </span>
    </p>
   </div>
   <div class='ocr_carea' id='block_1_81' title="bbox 194 4729 1865 4811">
    <p class='ocr_par' dir='ltr' id='par_1_81' title="bbox 194 4729 1865 4811">
     <span class='ocr_line' id='line_1_81' title="bbox 194 4729 1865 4811; baseline -0.005 -18"><span class='ocrx_word' id='word_1_620' title='bbox 194 4754 331 4811; x_wconf 87' lang='lat' dir='ltr'>que</span> <span class='ocrx_word' id='word_1_621' title='bbox 359 4732 797 4792; x_wconf 73' lang='lat' dir='ltr'>decem&#39;obolis</span> <span class='ocrx_word' id='word_1_622' title='bbox 829 4737 1082 4798; x_wconf 88' lang='lat' dir='ltr'>constat,</span> <span class='ocrx_word' id='word_1_623' title='bbox 1113 4735 1169 4786; x_wconf 92' lang='lat' dir='ltr'>et</span> <span class='ocrx_word' id='word_1_624' title='bbox 1207 4729 1508 4786; x_wconf 88' lang='lat' dir='ltr'>continere</span> <span class='ocrx_word' id='word_1_625' title='bbox 1537 4730 1599 4785; x_wconf 90' lang='lat' dir='ltr'>in</span> <span class='ocrx_word' id='word_1_626' title='bbox 1649 4744 1711 4785; x_wconf 91' lang='lat' dir='ltr'>se</span> <span class='ocrx_word' id='word_1_627' title='bbox 1756 4744 1865 4784; x_wconf 88' lang='lat' dir='ltr'>no-</span> 
     </span>
    </p>
   </div>
   <div class='ocr_carea' id='block_1_82' title="bbox 193 4819 1868 4895">
    <p class='ocr_par' dir='ltr' id='par_1_82' title="bbox 193 4819 1868 4895">
     <span class='ocr_line' id='line_1_82' title="bbox 193 4819 1868 4895; baseline -0.007 -12"><span class='ocrx_word' id='word_1_628' title='bbox 193 4843 360 4883; x_wconf 87' lang='lat' dir='ltr'>men</span> <span class='ocrx_word' id='word_1_629' title='bbox 383 4825 542 4895; x_wconf 90' lang='lat' dir='ltr'>regis</span> <span class='ocrx_word' id='word_1_630' title='bbox 568 4829 626 4879; x_wconf 86' lang='lat' dir='ltr'>et</span> <span class='ocrx_word' id='word_1_631' title='bbox 652 4821 979 4891; x_wconf 88' lang='lat' dir='ltr'>imaginem</span> <span class='ocrx_word' id='word_1_632' title='bbox 1018 4819 1344 4876; x_wconf 91' lang='lat' dir='ltr'>consuevit.</span> <span class='ocrx_word' id='word_1_633' title='bbox 1393 4821 1765 4890; x_wconf 85' lang='lat' dir='ltr'>Quapropter</span> <span class='ocrx_word' id='word_1_634' title='bbox 1811 4822 1868 4872; x_wconf 92' lang='lat' dir='ltr'>et</span> 
     </span>
    </p>
   </div>
   <div class='ocr_carea' id='block_1_83' title="bbox 190 4907 1867 4986">
    <p class='ocr_par' dir='ltr' id='par_1_83' title="bbox 190 4907 1867 4986">
     <span class='ocr_line' id='line_1_83' title="bbox 190 4907 1867 4986; baseline -0.007 -14"><span class='ocrx_word' id='word_1_635' title='bbox 190 4917 429 4986; x_wconf 71' lang='lat' dir='ltr'>ﬁguras</span> <span class='ocrx_word' id='word_1_636' title='bbox 457 4913 625 4983; x_wconf 87' lang='lat' dir='ltr'>regni</span> <span class='ocrx_word' id='word_1_637' title='bbox 656 4909 910 4967; x_wconf 78' lang='lat' dir='ltr'>cmlestis</span> <span class='ocrx_word' id='word_1_638' title='bbox 960 4908 1264 4982; x_wconf 88' lang='lat' dir='ltr'>aptissime</span> <span class='ocrx_word' id='word_1_639' title='bbox 1313 4907 1602 4980; x_wconf 89' lang='lat' dir='ltr'>congruit,</span> <span class='ocrx_word' id='word_1_640' title='bbox 1661 4907 1762 4962; x_wconf 91' lang='lat' dir='ltr'>ubi</span> <span class='ocrx_word' id='word_1_641' title='bbox 1811 4911 1867 4960; x_wconf 90' lang='lat' dir='ltr'>et</span> 
     </span>
    </p>
   </div>
   <div class='ocr_carea' id='block_1_84' title="bbox 194 4995 1864 5073">
    <p class='ocr_par' dir='ltr' id='par_1_84' title="bbox 194 4995 1864 5073">
     <span class='ocr_line' id='line_1_84' title="bbox 194 4995 1864 5073; baseline -0.007 -12"><span class='ocrx_word' id='word_1_642' title='bbox 194 5001 425 5073; x_wconf 74' lang='lat' dir='ltr'>angeli</span> <span class='ocrx_word' id='word_1_643' title='bbox 447 5003 628 5058; x_wconf 88' lang='lat' dir='ltr'>sancti</span> <span class='ocrx_word' id='word_1_644' title='bbox 658 5001 739 5058; x_wconf 88' lang='lat' dir='ltr'>ad</span> <span class='ocrx_word' id='word_1_645' title='bbox 766 4997 1094 5070; x_wconf 87' lang='lat' dir='ltr'>imaginem</span> <span class='ocrx_word' id='word_1_646' title='bbox 1111 4998 1202 5053; x_wconf 90' lang='lat' dir='ltr'>sui</span> <span class='ocrx_word' id='word_1_647' title='bbox 1216 4996 1549 5052; x_wconf 89' lang='lat' dir='ltr'>Conditoris</span> <span class='ocrx_word' id='word_1_648' title='bbox 1579 4995 1658 5052; x_wconf 91' lang='lat' dir='ltr'>ad</span> <span class='ocrx_word' id='word_1_649' title='bbox 1677 5011 1864 5068; x_wconf 92' lang='lat' dir='ltr'>quam</span> 
     </span>
    </p>
   </div>
   <div class='ocr_carea' id='block_1_85' title="bbox 195 5085 1868 5163">
    <p class='ocr_par' dir='ltr' id='par_1_85' title="bbox 195 5085 1868 5163">
     <span class='ocr_line' id='line_1_85' title="bbox 195 5085 1868 5163; baseline -0.004 -15"><span class='ocrx_word' id='word_1_650' title='bbox 195 5090 374 5148; x_wconf 77' lang='lat' dir='ltr'>{acti</span> <span class='ocrx_word' id='word_1_651' title='bbox 401 5095 538 5145; x_wconf 86' lang='lat' dir='ltr'>sunt</span> <span class='ocrx_word' id='word_1_652' title='bbox 562 5106 798 5163; x_wconf 86' lang='lat' dir='ltr'>semper</span> <span class='ocrx_word' id='word_1_653' title='bbox 828 5091 1093 5156; x_wconf 90' lang='lat' dir='ltr'>manent,</span> <span class='ocrx_word' id='word_1_654' title='bbox 1124 5091 1180 5143; x_wconf 91' lang='lat' dir='ltr'>et</span> <span class='ocrx_word' id='word_1_655' title='bbox 1209 5086 1374 5142; x_wconf 88' lang='lat' dir='ltr'>electi</span> <span class='ocrx_word' id='word_1_656' title='bbox 1413 5086 1690 5142; x_wconf 87' lang='lat' dir='ltr'>homines</span> <span class='ocrx_word' id='word_1_657' title='bbox 1719 5085 1868 5142; x_wconf 89' lang='lat' dir='ltr'>ima-</span> 
     </span>
    </p>
   </div>
   <div class='ocr_carea' id='block_1_86' title="bbox 202 5176 1661 5254">
    <p class='ocr_par' dir='ltr' id='par_1_86' title="bbox 202 5176 1661 5254">
     <span class='ocr_line' id='line_1_86' title="bbox 202 5176 1661 5254; baseline -0.003 -18"><span class='ocrx_word' id='word_1_658' title='bbox 202 5181 434 5253; x_wconf 81' lang='lat' dir='ltr'>ginem</span> <span class='ocrx_word' id='word_1_659' title='bbox 461 5196 636 5253; x_wconf 89' lang='lat' dir='ltr'>quam</span> <span class='ocrx_word' id='word_1_660' title='bbox 664 5177 976 5254; x_wconf 89' lang='lat' dir='ltr'>peccando</span> <span class='ocrx_word' id='word_1_661' title='bbox 1003 5176 1327 5234; x_wconf 90' lang='lat' dir='ltr'>amiserant</span> <span class='ocrx_word' id='word_1_662' title='bbox 1349 5176 1661 5249; x_wconf 87' lang='lat' dir='ltr'>recipiunt.</span> 
     </span>
    </p>
   </div>
   <div class='ocr_carea' id='block_1_87' title="bbox 291 5265 1866 5345">
    <p class='ocr_par' dir='ltr' id='par_1_87' title="bbox 291 5265 1866 5345">
     <span class='ocr_line' id='line_1_87' title="bbox 291 5265 1866 5345; baseline 0.001 -23"><span class='ocrx_word' id='word_1_663' title='bbox 291 5295 324 5322; x_wconf 74' lang='grc' dir='ltr'><strong><em>α</em></strong></span> <span class='ocrx_word' id='word_1_664' title='bbox 349 5270 615 5345; x_wconf 84' lang='lat' dir='ltr'>Quinque</span> <span class='ocrx_word' id='word_1_665' title='bbox 641 5269 982 5327; x_wconf 90' lang='lat' dir='ltr'>cubitorum</span> <span class='ocrx_word' id='word_1_666' title='bbox 1003 5266 1102 5324; x_wconf 90' lang='lat' dir='ltr'>ala</span> <span class='ocrx_word' id='word_1_667' title='bbox 1129 5265 1353 5323; x_wconf 92' lang='lat' dir='ltr'>cherub</span> <span class='ocrx_word' id='word_1_668' title='bbox 1380 5283 1503 5323; x_wconf 91' lang='lat' dir='ltr'>una</span> <span class='ocrx_word' id='word_1_669' title='bbox 1523 5271 1581 5323; x_wconf 89' lang='lat' dir='ltr'>et</span> <span class='ocrx_word' id='word_1_670' title='bbox 1599 5265 1866 5339; x_wconf 89' lang='lat' dir='ltr'>quinque</span> 
     </span>
    </p>
   </div>
   <div class='ocr_carea' id='block_1_88' title="bbox 186 5355 1869 5424">
    <p class='ocr_par' dir='ltr' id='par_1_88' title="bbox 186 5355 1869 5424">
     <span class='ocr_line' id='line_1_88' title="bbox 186 5355 1869 5424; baseline -0.004 -8"><span class='ocrx_word' id='word_1_671' title='bbox 186 5389 224 5416; x_wconf 73' lang='grc' dir='ltr'><strong><em>α</em></strong></span> <span class='ocrx_word' id='word_1_672' title='bbox 276 5361 630 5420; x_wconf 88' lang='lat' dir='ltr'>cubitorum</span> <span class='ocrx_word' id='word_1_673' title='bbox 655 5359 754 5416; x_wconf 89' lang='lat' dir='ltr'>ala</span> <span class='ocrx_word' id='word_1_674' title='bbox 782 5357 1007 5415; x_wconf 89' lang='lat' dir='ltr'>cherub</span> <span class='ocrx_word' id='word_1_675' title='bbox 1037 5355 1238 5424; x_wconf 89' lang='lat' dir='ltr'>altera,</span> <span class='ocrx_word' id='word_1_676' title='bbox 1269 5355 1333 5412; x_wconf 91' lang='lat' dir='ltr'>id</span> <span class='ocrx_word' id='word_1_677' title='bbox 1379 5361 1468 5412; x_wconf 90' lang='lat' dir='ltr'>est</span> <span class='ocrx_word' id='word_1_678' title='bbox 1512 5355 1723 5411; x_wconf 91' lang='lat' dir='ltr'>decem</span> <span class='ocrx_word' id='word_1_679' title='bbox 1770 5371 1869 5411; x_wconf 88' lang='lat' dir='ltr'>cu-</span> 
     </span>
    </p>
   </div>
   <div class='ocr_carea' id='block_1_89' title="bbox 184 5443 1870 5518">
    <p class='ocr_par' dir='ltr' id='par_1_89' title="bbox 184 5443 1870 5518">
     <span class='ocr_line' id='line_1_89' title="bbox 184 5443 1870 5518; baseline -0.004 -13"><span class='ocrx_word' id='word_1_680' title='bbox 184 5479 220 5505; x_wconf 73' lang='grc' dir='ltr'><strong><em>α</em></strong></span> <span class='ocrx_word' id='word_1_681' title='bbox 269 5453 443 5510; x_wconf 86' lang='lat' dir='ltr'>bitos</span> <span class='ocrx_word' id='word_1_682' title='bbox 466 5450 766 5507; x_wconf 88' lang='lat' dir='ltr'>habentes</span> <span class='ocrx_word' id='word_1_683' title='bbox 790 5464 827 5504; x_wconf 91' lang='lat' dir='ltr'>a</span> <span class='ocrx_word' id='word_1_684' title='bbox 871 5446 1212 5502; x_wconf 87' lang='lat' dir='ltr'>summitate</span> <span class='ocrx_word' id='word_1_685' title='bbox 1260 5445 1368 5502; x_wconf 74' lang='lat' dir='ltr'>alae</span> <span class='ocrx_word' id='word_1_686' title='bbox 1399 5459 1593 5518; x_wconf 90' lang='lat' dir='ltr'>usque</span> <span class='ocrx_word' id='word_1_687' title='bbox 1642 5443 1722 5499; x_wconf 88' lang='lat' dir='ltr'>ad</span> <span class='ocrx_word' id='word_1_688' title='bbox 1761 5443 1870 5500; x_wconf 72' lang='lat' dir='ltr'>alae</span> 
     </span>
    </p>
   </div>
   <div class='ocr_carea' id='block_1_90' title="bbox 186 5535 1870 5600">
    <p class='ocr_par' dir='ltr' id='par_1_90' title="bbox 186 5535 1870 5600">
     <span class='ocr_line' id='line_1_90' title="bbox 186 5535 1870 5600; baseline -0.008 1"><span class='ocrx_word' id='word_1_689' title='bbox 186 5567 222 5592; x_wconf 74' lang='grc' dir='ltr'>α</span> <span class='ocrx_word' id='word_1_690' title='bbox 269 5542 530 5600; x_wconf 80' lang='lat' dir='ltr'>alterius</span> <span class='ocrx_word' id='word_1_691' title='bbox 560 5538 989 5595; x_wconf 87' lang='lat' dir='ltr'>summitatem.</span> <span class='ocrx_word' id='word_1_692' title='bbox 1023 5559 1051 5586; x_wconf 90' lang='grc'>››</span> <span class='ocrx_word' id='word_1_693' title='bbox 1083 5535 1206 5592; x_wconf 72' lang='lat' dir='ltr'>Alae</span> <span class='ocrx_word' id='word_1_694' title='bbox 1234 5553 1373 5592; x_wconf 91' lang='lat' dir='ltr'>cum</span> <span class='ocrx_word' id='word_1_695' title='bbox 1411 5535 1474 5590; x_wconf 93' lang='lat' dir='ltr'>in</span> <span class='ocrx_word' id='word_1_696' title='bbox 1523 5539 1870 5591; x_wconf 88' lang='lat' dir='ltr'>sanctorum</span> 
     </span>
    </p>
   </div>
   <div class='ocr_carea' id='block_1_91' title="bbox 182 5622 1873 5700">
    <p class='ocr_par' dir='ltr' id='par_1_91' title="bbox 182 5622 1873 5700">
     <span class='ocr_line' id='line_1_91' title="bbox 182 5622 1873 5700; baseline -0.008 -7"><span class='ocrx_word' id='word_1_697' title='bbox 182 5632 538 5692; x_wconf 86' lang='lat' dir='ltr'>hominum</span> <span class='ocrx_word' id='word_1_698' title='bbox 595 5628 796 5700; x_wconf 83' lang='lat' dir='ltr'>ﬁgura</span> <span class='ocrx_word' id='word_1_699' title='bbox 843 5629 1171 5700; x_wconf 87' lang='lat' dir='ltr'>ponuntur,</span> <span class='ocrx_word' id='word_1_700' title='bbox 1233 5624 1479 5682; x_wconf 88' lang='lat' dir='ltr'>virtutes</span> <span class='ocrx_word' id='word_1_701' title='bbox 1535 5622 1873 5694; x_wconf 83' lang='lat' dir='ltr'>signiﬁcant</span> 
     </span>
    </p>
   </div>
   <div class='ocr_carea' id='block_1_92' title="bbox 509 5718 950 5776">
    <p class='ocr_par' dir='ltr' id='par_1_92' title="bbox 509 5718 950 5776">
     <span class='ocr_line' id='line_1_92' title="bbox 509 5718 950 5776; baseline -0.007 1"><span class='ocrx_word' id='word_1_702' title='bbox 509 5721 760 5776; x_wconf 70' lang='lat' dir='ltr'>PAIROL.</span> <span class='ocrx_word' id='word_1_703' title='bbox 801 5718 950 5774; x_wconf 82' lang='lat' dir='ltr'>CXV.</span> 
     </span>
    </p>
   </div>
   <div class='ocr_carea' id='block_1_93' title="bbox 1977 3034 3622 3108">
    <p class='ocr_par' dir='ltr' id='par_1_93' title="bbox 1977 3034 3622 3108">
     <span class='ocr_line' id='line_1_93' title="bbox 1977 3034 3622 3108; baseline 0.001 -19"><span class='ocrx_word' id='word_1_704' title='bbox 1977 3034 2344 3092; x_wconf 90' lang='lat' dir='ltr'>consortium</span> <span class='ocrx_word' id='word_1_705' title='bbox 2375 3036 2646 3106; x_wconf 87' lang='lat' dir='ltr'>ejusdem</span> <span class='ocrx_word' id='word_1_706' title='bbox 2677 3036 2751 3092; x_wconf 90' lang='lat' dir='ltr'>de</span> <span class='ocrx_word' id='word_1_707' title='bbox 2799 3053 2922 3108; x_wconf 90' lang='lat' dir='ltr'>qua</span> <span class='ocrx_word' id='word_1_708' title='bbox 2968 3035 3272 3108; x_wconf 89' lang='lat' dir='ltr'>loquimur</span> <span class='ocrx_word' id='word_1_709' title='bbox 3317 3035 3622 3091; x_wconf 87' lang='lat' dir='ltr'>charitatis</span> 
     </span>
    </p>
   </div>
   <div class='ocr_carea' id='block_1_94' title="bbox 1975 3123 3623 3198">
    <p class='ocr_par' dir='ltr' id='par_1_94' title="bbox 1975 3123 3623 3198">
     <span class='ocr_line' id='line_1_94' title="bbox 1975 3123 3623 3198; baseline -0.001 -18"><span class='ocrx_word' id='word_1_710' title='bbox 1975 3124 2458 3196; x_wconf 86' lang='lat' dir='ltr'>signiﬁcandum,</span> <span class='ocrx_word' id='word_1_711' title='bbox 2487 3126 2632 3198; x_wconf 89' lang='lat' dir='ltr'>quia</span> <span class='ocrx_word' id='word_1_712' title='bbox 2662 3125 2860 3180; x_wconf 89' lang='lat' dir='ltr'>minus</span> <span class='ocrx_word' id='word_1_713' title='bbox 2891 3141 3078 3196; x_wconf 90' lang='lat' dir='ltr'>quam</span> <span class='ocrx_word' id='word_1_714' title='bbox 3103 3124 3254 3178; x_wconf 89' lang='lat' dir='ltr'>inter</span> <span class='ocrx_word' id='word_1_715' title='bbox 3281 3123 3438 3179; x_wconf 91' lang='lat' dir='ltr'>duos</span> <span class='ocrx_word' id='word_1_716' title='bbox 3483 3124 3623 3179; x_wconf 88' lang='lat' dir='ltr'>cha-</span> 
     </span>
    </p>
   </div>
   <div class='ocr_carea' id='block_1_95' title="bbox 1973 3210 3621 3287">
    <p class='ocr_par' dir='ltr' id='par_1_95' title="bbox 1973 3210 3621 3287">
     <span class='ocr_line' id='line_1_95' title="bbox 1973 3210 3621 3287; baseline -0.002 -17"><span class='ocrx_word' id='word_1_717' title='bbox 1973 3214 2116 3270; x_wconf 91' lang='lat' dir='ltr'>ritas</span> <span class='ocrx_word' id='word_1_718' title='bbox 2147 3219 2301 3270; x_wconf 87' lang='lat' dir='ltr'>stare</span> <span class='ocrx_word' id='word_1_719' title='bbox 2331 3229 2455 3270; x_wconf 90' lang='lat' dir='ltr'>non</span> <span class='ocrx_word' id='word_1_720' title='bbox 2497 3218 2709 3287; x_wconf 90' lang='lat' dir='ltr'>potest.</span> <span class='ocrx_word' id='word_1_721' title='bbox 2747 3213 2910 3269; x_wconf 91' lang='lat' dir='ltr'>Unde</span> <span class='ocrx_word' id='word_1_722' title='bbox 2941 3218 2997 3268; x_wconf 92' lang='lat' dir='ltr'>et</span> <span class='ocrx_word' id='word_1_723' title='bbox 3025 3211 3292 3268; x_wconf 88' lang='lat' dir='ltr'>Salvator</span> <span class='ocrx_word' id='word_1_724' title='bbox 3332 3211 3509 3267; x_wconf 91' lang='lat' dir='ltr'>binos</span> <span class='ocrx_word' id='word_1_725' title='bbox 3541 3210 3621 3267; x_wconf 88' lang='lat' dir='ltr'>ad</span> 
     </span>
    </p>
   </div>
   <div class='ocr_carea' id='block_1_96' title="bbox 1972 3299 3620 3376">
    <p class='ocr_par' dir='ltr' id='par_1_96' title="bbox 1972 3299 3620 3376">
     <span class='ocr_line' id='line_1_96' title="bbox 1972 3299 3620 3376; baseline -0.001 -18"><span class='ocrx_word' id='word_1_726' title='bbox 1972 3301 2430 3376; x_wconf 75' lang='lat' dir='ltr'>praedicandum</span> <span class='ocrx_word' id='word_1_727' title='bbox 2459 3301 2785 3374; x_wconf 68' lang='lat' dir='ltr'>dis’cipulos</span> <span class='ocrx_word' id='word_1_728' title='bbox 2815 3301 3044 3356; x_wconf 90' lang='lat' dir='ltr'>mittere</span> <span class='ocrx_word' id='word_1_729' title='bbox 3074 3300 3321 3369; x_wconf 87' lang='lat' dir='ltr'>curavit,</span> <span class='ocrx_word' id='word_1_730' title='bbox 3355 3304 3420 3356; x_wconf 91' lang='lat' dir='ltr'>ut</span> <span class='ocrx_word' id='word_1_731' title='bbox 3448 3299 3620 3356; x_wconf 87' lang='lat' dir='ltr'>tacite</span> 
     </span>
    </p>
   </div>
   <div class='ocr_carea' id='block_1_97' title="bbox 1972 3389 3620 3464">
    <p class='ocr_par' dir='ltr' id='par_1_97' title="bbox 1972 3389 3620 3464">
     <span class='ocr_line' id='line_1_97' title="bbox 1972 3389 3620 3464; baseline -0.001 -18"><span class='ocrx_word' id='word_1_732' title='bbox 1972 3389 2214 3447; x_wconf 91' lang='lat' dir='ltr'>doceret</span> <span class='ocrx_word' id='word_1_733' title='bbox 2238 3408 2341 3447; x_wconf 90' lang='lat' dir='ltr'>eos</span> <span class='ocrx_word' id='word_1_734' title='bbox 2369 3391 2475 3464; x_wconf 89' lang='lat' dir='ltr'>qui</span> <span class='ocrx_word' id='word_1_735' title='bbox 2503 3390 2755 3448; x_wconf 90' lang='lat' dir='ltr'>verbum</span> <span class='ocrx_word' id='word_1_736' title='bbox 2798 3390 2937 3446; x_wconf 81' lang='lat' dir='ltr'>ﬁdei</span> <span class='ocrx_word' id='word_1_737' title='bbox 2980 3389 3394 3464; x_wconf 79' lang='lat' dir='ltr'>praedicarent,</span> <span class='ocrx_word' id='word_1_738' title='bbox 3439 3389 3620 3445; x_wconf 90' lang='lat' dir='ltr'>virtu-</span> 
     </span>
    </p>
   </div>
   <div class='ocr_carea' id='block_1_98' title="bbox 1973 3479 3624 3538">
    <p class='ocr_par' dir='ltr' id='par_1_98' title="bbox 1973 3479 3624 3538">
     <span class='ocr_line' id='line_1_98' title="bbox 1973 3479 3624 3538; baseline 0 -3"><span class='ocrx_word' id='word_1_739' title='bbox 1973 3483 2092 3535; x_wconf 88' lang='lat' dir='ltr'>tem</span> <span class='ocrx_word' id='word_1_740' title='bbox 2123 3479 2452 3537; x_wconf 88' lang='lat' dir='ltr'>dilectionis</span> <span class='ocrx_word' id='word_1_741' title='bbox 2479 3485 2616 3537; x_wconf 90' lang='lat' dir='ltr'>ante</span> <span class='ocrx_word' id='word_1_742' title='bbox 2647 3481 2852 3536; x_wconf 90' lang='lat' dir='ltr'>omnia</span> <span class='ocrx_word' id='word_1_743' title='bbox 2882 3496 3010 3538; x_wconf 90' lang='lat' dir='ltr'>esse</span> <span class='ocrx_word' id='word_1_744' title='bbox 3041 3479 3384 3536; x_wconf 90' lang='lat' dir='ltr'>tenendam.</span> <span class='ocrx_word' id='word_1_745' title='bbox 3416 3479 3624 3536; x_wconf 91' lang='lat' dir='ltr'>Unius-</span> 
     </span>
    </p>
   </div>
   <div class='ocr_carea' id='block_1_99' title="bbox 1973 3569 3623 3643">
    <p class='ocr_par' dir='ltr' id='par_1_99' title="bbox 1973 3569 3623 3643">
     <span class='ocr_line' id='line_1_99' title="bbox 1973 3569 3623 3643; baseline 0.001 -20"><span class='ocrx_word' id='word_1_746' title='bbox 1973 3583 2091 3640; x_wconf 91' lang='lat' dir='ltr'>que</span> <span class='ocrx_word' id='word_1_747' title='bbox 2121 3585 2420 3624; x_wconf 79' lang='lat' dir='ltr'>mensurae</span> <span class='ocrx_word' id='word_1_748' title='bbox 2452 3575 2509 3626; x_wconf 90' lang='lat' dir='ltr'>et</span> <span class='ocrx_word' id='word_1_749' title='bbox 2533 3570 2730 3642; x_wconf 89' lang='lat' dir='ltr'>operis</span> <span class='ocrx_word' id='word_1_750' title='bbox 2758 3574 2926 3626; x_wconf 87' lang='lat' dir='ltr'>erant</span> <span class='ocrx_word' id='word_1_751' title='bbox 2953 3570 3074 3626; x_wconf 90' lang='lat' dir='ltr'>duo</span> <span class='ocrx_word' id='word_1_752' title='bbox 3100 3569 3431 3638; x_wconf 90' lang='lat' dir='ltr'>cherubim,</span> <span class='ocrx_word' id='word_1_753' title='bbox 3478 3569 3623 3643; x_wconf 88' lang='lat' dir='ltr'>quia</span> 
     </span>
    </p>
   </div>
   <div class='ocr_carea' id='block_1_100' title="bbox 1973 3657 3624 3731">
    <p class='ocr_par' dir='ltr' id='par_1_100' title="bbox 1973 3657 3624 3731">
     <span class='ocr_line' id='line_1_100' title="bbox 1973 3657 3624 3731; baseline 0.001 -18"><span class='ocrx_word' id='word_1_754' title='bbox 1973 3657 2333 3730; x_wconf 87' lang='lat' dir='ltr'>disparilitas</span> <span class='ocrx_word' id='word_1_755' title='bbox 2357 3659 2727 3715; x_wconf 89' lang='lat' dir='ltr'>voluntatum</span> <span class='ocrx_word' id='word_1_756' title='bbox 2753 3661 2876 3716; x_wconf 92' lang='lat' dir='ltr'>sive</span> <span class='ocrx_word' id='word_1_757' title='bbox 2897 3660 3262 3730; x_wconf 67' lang='lat' dir='ltr'>cogitaturum</span> <span class='ocrx_word' id='word_1_758' title='bbox 3278 3659 3338 3714; x_wconf 91' lang='lat' dir='ltr'>in</span> <span class='ocrx_word' id='word_1_759' title='bbox 3361 3674 3624 3731; x_wconf 87' lang='lat' dir='ltr'>superna</span> 
     </span>
    </p>
   </div>
   <div class='ocr_carea' id='block_1_101' title="bbox 1974 3747 3621 3820">
    <p class='ocr_par' dir='ltr' id='par_1_101' title="bbox 1974 3747 3621 3820">
     <span class='ocr_line' id='line_1_101' title="bbox 1974 3747 3621 3820; baseline 0 -18"><span class='ocrx_word' id='word_1_760' title='bbox 1974 3747 2169 3820; x_wconf 87' lang='lat' dir='ltr'>patria</span> <span class='ocrx_word' id='word_1_761' title='bbox 2197 3747 2363 3803; x_wconf 89' lang='lat' dir='ltr'>nulla</span> <span class='ocrx_word' id='word_1_762' title='bbox 2393 3752 2525 3803; x_wconf 91' lang='lat' dir='ltr'>est:</span> <span class='ocrx_word' id='word_1_763' title='bbox 2581 3749 2681 3803; x_wconf 90' lang='lat' dir='ltr'>ubi</span> <span class='ocrx_word' id='word_1_764' title='bbox 2723 3765 2844 3803; x_wconf 91' lang='lat' dir='ltr'>una</span> <span class='ocrx_word' id='word_1_765' title='bbox 2885 3765 3095 3803; x_wconf 87' lang='lat' dir='ltr'>omnes</span> <span class='ocrx_word' id='word_1_766' title='bbox 3142 3748 3476 3819; x_wconf 89' lang='lat' dir='ltr'>eademque</span> <span class='ocrx_word' id='word_1_767' title='bbox 3523 3748 3621 3803; x_wconf 92' lang='lat' dir='ltr'>Dei</span> 
     </span>
    </p>
   </div>
   <div class='ocr_carea' id='block_1_102' title="bbox 1974 3837 3261 3910">
    <p class='ocr_par' dir='ltr' id='par_1_102' title="bbox 1974 3837 3261 3910">
     <span class='ocr_line' id='line_1_102' title="bbox 1974 3837 3261 3910; baseline -0.002 -18"><span class='ocrx_word' id='word_1_768' title='bbox 1974 3837 2286 3910; x_wconf 62' lang='lat' dir='ltr'>praesentis</span> <span class='ocrx_word' id='word_1_769' title='bbox 2317 3837 2543 3893; x_wconf 89' lang='lat' dir='ltr'>visione</span> <span class='ocrx_word' id='word_1_770' title='bbox 2571 3843 2628 3892; x_wconf 92' lang='lat' dir='ltr'>et</span> <span class='ocrx_word' id='word_1_771' title='bbox 2655 3837 2844 3906; x_wconf 86' lang='lat' dir='ltr'>gloria</span> <span class='ocrx_word' id='word_1_772' title='bbox 2873 3837 3261 3892; x_wconf 90' lang='lat' dir='ltr'>illustrantur.</span> 
     </span>
    </p>
   </div>
   <div class='ocr_carea' id='block_1_103' title="bbox 2047 3921 3621 3996">
    <p class='ocr_par' dir='ltr' id='par_1_103' title="bbox 2047 3921 3621 3996">
     <span class='ocr_line' id='line_1_103' title="bbox 2047 3921 3621 3996; baseline -0.003 -15"><span class='ocrx_word' id='word_1_773' title='bbox 2047 3948 2074 3974; x_wconf 84' lang='lat'><strong>«</strong></span> <span class='ocrx_word' id='word_1_774' title='bbox 2117 3924 2433 3996; x_wconf 88' lang='lat' dir='ltr'>Posuitque</span> <span class='ocrx_word' id='word_1_775' title='bbox 2463 3925 2768 3980; x_wconf 90' lang='lat' dir='ltr'>cherubim</span> <span class='ocrx_word' id='word_1_776' title='bbox 2802 3927 2861 3980; x_wconf 91' lang='lat' dir='ltr'>in</span> <span class='ocrx_word' id='word_1_777' title='bbox 2901 3924 3100 3980; x_wconf 90' lang='lat' dir='ltr'>medio</span> <span class='ocrx_word' id='word_1_778' title='bbox 3132 3922 3335 3995; x_wconf 91' lang='lat' dir='ltr'>templi</span> <span class='ocrx_word' id='word_1_779' title='bbox 3382 3921 3621 3978; x_wconf 91' lang='lat' dir='ltr'>interio-</span> 
     </span>
    </p>
   </div>
   <div class='ocr_carea' id='block_1_104' title="bbox 1975 4012 3619 4076">
    <p class='ocr_par' dir='ltr' id='par_1_104' title="bbox 1975 4012 3619 4076">
     <span class='ocr_line' id='line_1_104' title="bbox 1975 4012 3619 4076; baseline 0.002 -11"><span class='ocrx_word' id='word_1_780' title='bbox 1975 4038 2003 4065; x_wconf 86' lang='grc'><em>‹‹</em></span> <span class='ocrx_word' id='word_1_781' title='bbox 2043 4015 2144 4071; x_wconf 90' lang='lat' dir='ltr'>ris.</span> <span class='ocrx_word' id='word_1_782' title='bbox 2204 4013 2613 4070; x_wconf 86' lang='lat' dir='ltr'>Extendebant</span> <span class='ocrx_word' id='word_1_783' title='bbox 2654 4019 2854 4070; x_wconf 90' lang='lat' dir='ltr'>autem</span> <span class='ocrx_word' id='word_1_784' title='bbox 2911 4013 3037 4069; x_wconf 91' lang='lat' dir='ltr'>alas</span> <span class='ocrx_word' id='word_1_785' title='bbox 3091 4029 3233 4069; x_wconf 89' lang='lat' dir='ltr'>suas</span> <span class='ocrx_word' id='word_1_786' title='bbox 3288 4012 3619 4076; x_wconf 89' lang='lat' dir='ltr'>cherubim,</span> 
     </span>
    </p>
   </div>
   <div class='ocr_carea' id='block_1_105' title="bbox 1976 4103 3622 4177">
    <p class='ocr_par' dir='ltr' id='par_1_105' title="bbox 1976 4103 3622 4177">
     <span class='ocr_line' id='line_1_105' title="bbox 1976 4103 3622 4177; baseline -0.002 -14"><span class='ocrx_word' id='word_1_787' title='bbox 1976 4129 2003 4156; x_wconf 91' lang='lat'>«</span> <span class='ocrx_word' id='word_1_788' title='bbox 2045 4111 2103 4163; x_wconf 91' lang='lat' dir='ltr'>et</span> <span class='ocrx_word' id='word_1_789' title='bbox 2153 4104 2439 4176; x_wconf 90' lang='lat' dir='ltr'>tangebat</span> <span class='ocrx_word' id='word_1_790' title='bbox 2490 4105 2586 4160; x_wconf 90' lang='lat' dir='ltr'>ala</span> <span class='ocrx_word' id='word_1_791' title='bbox 2630 4120 2752 4161; x_wconf 89' lang='lat' dir='ltr'>una</span> <span class='ocrx_word' id='word_1_792' title='bbox 2794 4104 3102 4177; x_wconf 90' lang='lat' dir='ltr'>parietem,</span> <span class='ocrx_word' id='word_1_793' title='bbox 3156 4108 3214 4160; x_wconf 92' lang='lat' dir='ltr'>et</span> <span class='ocrx_word' id='word_1_794' title='bbox 3253 4103 3350 4161; x_wconf 88' lang='lat' dir='ltr'>ala</span> <span class='ocrx_word' id='word_1_795' title='bbox 3397 4103 3622 4160; x_wconf 91' lang='lat' dir='ltr'>cherub</span> 
     </span>
    </p>
   </div>
   <div class='ocr_carea' id='block_1_106' title="bbox 1977 4193 3626 4267">
    <p class='ocr_par' dir='ltr' id='par_1_106' title="bbox 1977 4193 3626 4267">
     <span class='ocr_line' id='line_1_106' title="bbox 1977 4193 3626 4267; baseline 0.002 -20"><span class='ocrx_word' id='word_1_796' title='bbox 1977 4219 2005 4247; x_wconf 82' lang='lat'><strong>«</strong></span> <span class='ocrx_word' id='word_1_797' title='bbox 2049 4195 2300 4252; x_wconf 89' lang='lat' dir='ltr'>secundi</span> <span class='ocrx_word' id='word_1_798' title='bbox 2348 4194 2633 4265; x_wconf 89' lang='lat' dir='ltr'>tangebat</span> <span class='ocrx_word' id='word_1_799' title='bbox 2676 4194 2964 4267; x_wconf 90' lang='lat' dir='ltr'>parietem</span> <span class='ocrx_word' id='word_1_800' title='bbox 3016 4193 3312 4250; x_wconf 88' lang='lat' dir='ltr'>alterum:</span> <span class='ocrx_word' id='word_1_801' title='bbox 3365 4193 3475 4250; x_wconf 66' lang='lat' dir='ltr'>alae</span> <span class='ocrx_word' id='word_1_802' title='bbox 3523 4210 3626 4251; x_wconf 88' lang='lat' dir='ltr'>au-</span> 
     </span>
    </p>
   </div>
   <div class='ocr_carea' id='block_1_107' title="bbox 1977 4282 3626 4358">
    <p class='ocr_par' dir='ltr' id='par_1_107' title="bbox 1977 4282 3626 4358">
     <span class='ocr_line' id='line_1_107' title="bbox 1977 4282 3626 4358; baseline -0.001 -16"><span class='ocrx_word' id='word_1_803' title='bbox 1977 4309 2005 4335; x_wconf 89' lang='lat'><strong>«</strong></span> <span class='ocrx_word' id='word_1_804' title='bbox 2048 4289 2170 4342; x_wconf 90' lang='lat' dir='ltr'>tem</span> <span class='ocrx_word' id='word_1_805' title='bbox 2216 4285 2412 4342; x_wconf 84' lang='lat' dir='ltr'>alterae</span> <span class='ocrx_word' id='word_1_806' title='bbox 2443 4283 2503 4340; x_wconf 94' lang='lat' dir='ltr'>in</span> <span class='ocrx_word' id='word_1_807' title='bbox 2547 4284 2748 4341; x_wconf 88' lang='lat' dir='ltr'>media</span> <span class='ocrx_word' id='word_1_808' title='bbox 2790 4289 2956 4358; x_wconf 91' lang='lat' dir='ltr'>parte</span> <span class='ocrx_word' id='word_1_809' title='bbox 3007 4282 3214 4357; x_wconf 90' lang='lat' dir='ltr'>templi</span> <span class='ocrx_word' id='word_1_810' title='bbox 3260 4300 3322 4340; x_wconf 91' lang='lat' dir='ltr'>se</span> <span class='ocrx_word' id='word_1_811' title='bbox 3369 4283 3626 4340; x_wconf 90' lang='lat' dir='ltr'>invicem</span> 
     </span>
    </p>
   </div>
   <div class='ocr_carea' id='block_1_108' title="bbox 1981 4372 3626 4446">
    <p class='ocr_par' dir='ltr' id='par_1_108' title="bbox 1981 4372 3626 4446">
     <span class='ocr_line' id='line_1_108' title="bbox 1981 4372 3626 4446; baseline -0.002 -15"><span class='ocrx_word' id='word_1_812' title='bbox 1981 4398 2010 4425; x_wconf 83' lang='lat'><strong>«</strong></span> <span class='ocrx_word' id='word_1_813' title='bbox 2053 4374 2496 4446; x_wconf 88' lang='lat' dir='ltr'>contingebant.</span> <span class='ocrx_word' id='word_1_814' title='bbox 2533 4396 2560 4423; x_wconf 84' lang='lat'>»</span> <span class='ocrx_word' id='word_1_815' title='bbox 2592 4374 2962 4430; x_wconf 86' lang='lat' dir='ltr'>Manifestum</span> <span class='ocrx_word' id='word_1_816' title='bbox 2993 4378 3080 4429; x_wconf 91' lang='lat' dir='ltr'>est</span> <span class='ocrx_word' id='word_1_817' title='bbox 3103 4389 3177 4429; x_wconf 82' lang='lat' dir='ltr'>ex</span> <span class='ocrx_word' id='word_1_818' title='bbox 3199 4372 3291 4428; x_wconf 91' lang='lat' dir='ltr'>his</span> <span class='ocrx_word' id='word_1_819' title='bbox 3321 4389 3456 4445; x_wconf 68' lang='lat' dir='ltr'>quae</span> <span class='ocrx_word' id='word_1_820' title='bbox 3483 4388 3626 4444; x_wconf 79' lang='lat' dir='ltr'>prae-</span> 
     </span>
    </p>
   </div>
   <div class='ocr_carea' id='block_1_109' title="bbox 1977 4461 3624 4538">
    <p class='ocr_par' dir='ltr' id='par_1_109' title="bbox 1977 4461 3624 4538">
     <span class='ocr_line' id='line_1_109' title="bbox 1977 4461 3624 4538; baseline -0.004 -18"><span class='ocrx_word' id='word_1_821' title='bbox 1977 4464 2136 4521; x_wconf 91' lang='lat' dir='ltr'>dicta</span> <span class='ocrx_word' id='word_1_822' title='bbox 2165 4469 2321 4534; x_wconf 89' lang='lat' dir='ltr'>sunt,</span> <span class='ocrx_word' id='word_1_823' title='bbox 2366 4480 2554 4538; x_wconf 88' lang='lat' dir='ltr'>quare</span> <span class='ocrx_word' id='word_1_824' title='bbox 2585 4463 2894 4520; x_wconf 89' lang='lat' dir='ltr'>cherubim</span> <span class='ocrx_word' id='word_1_825' title='bbox 2930 4463 2994 4518; x_wconf 91' lang='lat' dir='ltr'>in</span> <span class='ocrx_word' id='word_1_826' title='bbox 3019 4462 3218 4518; x_wconf 88' lang='lat' dir='ltr'>medio</span> <span class='ocrx_word' id='word_1_827' title='bbox 3249 4461 3452 4531; x_wconf 90' lang='lat' dir='ltr'>templi</span> <span class='ocrx_word' id='word_1_828' title='bbox 3478 4461 3624 4515; x_wconf 90' lang='lat' dir='ltr'>inte—</span> 
     </span>
    </p>
   </div>
   <div class='ocr_carea' id='block_1_110' title="bbox 1975 4546 3623 4626">
    <p class='ocr_par' dir='ltr' id='par_1_110' title="bbox 1975 4546 3623 4626">
     <span class='ocr_line' id='line_1_110' title="bbox 1975 4546 3623 4626; baseline -0.007 -16"><span class='ocrx_word' id='word_1_829' title='bbox 1975 4553 2147 4610; x_wconf 90' lang='lat' dir='ltr'>rioris</span> <span class='ocrx_word' id='word_1_830' title='bbox 2174 4554 2290 4610; x_wconf 88' lang='lat' dir='ltr'>sint</span> <span class='ocrx_word' id='word_1_831' title='bbox 2314 4553 2493 4626; x_wconf 88' lang='lat' dir='ltr'>positi</span> <span class='ocrx_word' id='word_1_832' title='bbox 2524 4571 2536 4608; x_wconf 92' lang='lat'><strong>:</strong></span> <span class='ocrx_word' id='word_1_833' title='bbox 2565 4569 2825 4625; x_wconf 90' lang='lat' dir='ltr'>quorum</span> <span class='ocrx_word' id='word_1_834' title='bbox 2855 4551 3147 4606; x_wconf 88' lang='lat' dir='ltr'>habitatio</span> <span class='ocrx_word' id='word_1_835' title='bbox 3184 4551 3273 4602; x_wconf 91' lang='lat' dir='ltr'>est</span> <span class='ocrx_word' id='word_1_836' title='bbox 3298 4561 3535 4617; x_wconf 89' lang='lat' dir='ltr'>semper</span> <span class='ocrx_word' id='word_1_837' title='bbox 3561 4546 3623 4599; x_wconf 90' lang='lat' dir='ltr'>in</span> 
     </span>
    </p>
   </div>
   <div class='ocr_carea' id='block_1_111' title="bbox 1976 4631 3624 4704">
    <p class='ocr_par' dir='ltr' id='par_1_111' title="bbox 1976 4631 3624 4704">
     <span class='ocr_line' id='line_1_111' title="bbox 1976 4631 3624 4704; baseline -0.007 -5"><span class='ocrx_word' id='word_1_838' title='bbox 1976 4642 2160 4699; x_wconf 71' lang='lat' dir='ltr'>caelis.</span> <span class='ocrx_word' id='word_1_839' title='bbox 2194 4641 2607 4698; x_wconf 82' lang='lat' dir='ltr'>Extendebant</span> <span class='ocrx_word' id='word_1_840' title='bbox 2631 4645 2832 4696; x_wconf 90' lang='lat' dir='ltr'>autem</span> <span class='ocrx_word' id='word_1_841' title='bbox 2856 4637 2982 4692; x_wconf 91' lang='lat' dir='ltr'>alas</span> <span class='ocrx_word' id='word_1_842' title='bbox 3008 4633 3317 4691; x_wconf 90' lang='lat' dir='ltr'>cherubim</span> <span class='ocrx_word' id='word_1_843' title='bbox 3341 4631 3516 4704; x_wconf 91' lang='lat' dir='ltr'>quasi</span> <span class='ocrx_word' id='word_1_844' title='bbox 3543 4631 3624 4688; x_wconf 90' lang='lat' dir='ltr'>ad</span> 
     </span>
    </p>
   </div>
   <div class='ocr_carea' id='block_1_112' title="bbox 1973 4719 3623 4802">
    <p class='ocr_par' dir='ltr' id='par_1_112' title="bbox 1973 4719 3623 4802">
     <span class='ocr_line' id='line_1_112' title="bbox 1973 4719 3623 4802; baseline -0.006 -15"><span class='ocrx_word' id='word_1_845' title='bbox 1973 4730 2326 4798; x_wconf 84' lang='lat' dir='ltr'>velandum,</span> <span class='ocrx_word' id='word_1_846' title='bbox 2355 4729 2499 4802; x_wconf 90' lang='lat' dir='ltr'>quia</span> <span class='ocrx_word' id='word_1_847' title='bbox 2543 4728 2784 4800; x_wconf 89' lang='lat' dir='ltr'>spiritus</span> <span class='ocrx_word' id='word_1_848' title='bbox 2834 4723 3089 4792; x_wconf 90' lang='lat' dir='ltr'>angelici</span> <span class='ocrx_word' id='word_1_849' title='bbox 3140 4722 3371 4793; x_wconf 90' lang='lat' dir='ltr'>simper</span> <span class='ocrx_word' id='word_1_850' title='bbox 3418 4719 3623 4778; x_wconf 92' lang='lat' dir='ltr'>haben</span> 
     </span>
    </p>
   </div>
   <div class='ocr_carea' id='block_1_113' title="bbox 1974 4809 3631 4888">
    <p class='ocr_par' dir='ltr' id='par_1_113' title="bbox 1974 4809 3631 4888">
     <span class='ocr_line' id='line_1_113' title="bbox 1974 4809 3631 4888; baseline -0.004 -13"><span class='ocrx_word' id='word_1_851' title='bbox 1974 4819 2247 4876; x_wconf 89' lang='lat' dir='ltr'>animum</span> <span class='ocrx_word' id='word_1_852' title='bbox 2278 4819 2355 4872; x_wconf 90' lang='lat' dir='ltr'>ad</span> <span class='ocrx_word' id='word_1_853' title='bbox 2404 4815 2764 4888; x_wconf 90' lang='lat' dir='ltr'>obsequium</span> <span class='ocrx_word' id='word_1_854' title='bbox 2813 4811 3028 4868; x_wconf 69' lang='lat' dir='ltr'>divinae</span> <span class='ocrx_word' id='word_1_855' title='bbox 3077 4809 3400 4867; x_wconf 86' lang='lat' dir='ltr'>voluntatis</span> <span class='ocrx_word' id='word_1_856' title='bbox 3449 4826 3631 4884; x_wconf 89' lang='lat' dir='ltr'>para-</span> 
     </span>
    </p>
   </div>
   <div class='ocr_carea' id='block_1_114' title="bbox 1973 4899 3628 4974">
    <p class='ocr_par' dir='ltr' id='par_1_114' title="bbox 1973 4899 3628 4974">
     <span class='ocr_line' id='line_1_114' title="bbox 1973 4899 3628 4974; baseline -0.003 -11"><span class='ocrx_word' id='word_1_857' title='bbox 1973 4913 2121 4964; x_wconf 92' lang='lat' dir='ltr'>tum.</span> <span class='ocrx_word' id='word_1_858' title='bbox 2165 4904 2338 4971; x_wconf 89' lang='lat' dir='ltr'>Quod</span> <span class='ocrx_word' id='word_1_859' title='bbox 2379 4919 2521 4959; x_wconf 90' lang='lat' dir='ltr'>vero</span> <span class='ocrx_word' id='word_1_860' title='bbox 2567 4903 2666 4959; x_wconf 90' lang='lat' dir='ltr'>ala</span> <span class='ocrx_word' id='word_1_861' title='bbox 2703 4917 2827 4958; x_wconf 89' lang='lat' dir='ltr'>una</span> <span class='ocrx_word' id='word_1_862' title='bbox 2879 4900 3166 4974; x_wconf 86' lang='lat' dir='ltr'>tangebat</span> <span class='ocrx_word' id='word_1_863' title='bbox 3210 4899 3522 4974; x_wconf 90' lang='lat' dir='ltr'>parietem,</span> <span class='ocrx_word' id='word_1_864' title='bbox 3569 4905 3628 4958; x_wconf 92' lang='lat' dir='ltr'>et</span> 
     </span>
    </p>
   </div>
   <div class='ocr_carea' id='block_1_115' title="bbox 1973 4990 3626 5065">
    <p class='ocr_par' dir='ltr' id='par_1_115' title="bbox 1973 4990 3626 5065">
     <span class='ocr_line' id='line_1_115' title="bbox 1973 4990 3626 5065; baseline -0.002 -12"><span class='ocrx_word' id='word_1_865' title='bbox 1973 4996 2069 5054; x_wconf 88' lang='lat' dir='ltr'>ala</span> <span class='ocrx_word' id='word_1_866' title='bbox 2107 4993 2332 5050; x_wconf 90' lang='lat' dir='ltr'>cherub</span> <span class='ocrx_word' id='word_1_867' title='bbox 2374 4991 2622 5048; x_wconf 91' lang='lat' dir='ltr'>secundi</span> <span class='ocrx_word' id='word_1_868' title='bbox 2672 4990 2926 5048; x_wconf 90' lang='lat' dir='ltr'>alterum</span> <span class='ocrx_word' id='word_1_869' title='bbox 2974 4990 3284 5065; x_wconf 90' lang='lat' dir='ltr'>parietem,</span> <span class='ocrx_word' id='word_1_870' title='bbox 3331 4991 3411 5047; x_wconf 90' lang='lat' dir='ltr'>ad</span> <span class='ocrx_word' id='word_1_871' title='bbox 3455 4990 3626 5049; x_wconf 89' lang='lat' dir='ltr'>illam</span> 
     </span>
    </p>
   </div>
   <div class='ocr_carea' id='block_1_116' title="bbox 1972 5079 3627 5154">
    <p class='ocr_par' dir='ltr' id='par_1_116' title="bbox 1972 5079 3627 5154">
     <span class='ocr_line' id='line_1_116' title="bbox 1972 5079 3627 5154; baseline -0.005 -10"><span class='ocrx_word' id='word_1_872' title='bbox 1972 5083 2275 5144; x_wconf 89' lang='lat' dir='ltr'>charitatis</span> <span class='ocrx_word' id='word_1_873' title='bbox 2306 5081 2883 5139; x_wconf 89' lang='lat' dir='ltr'>administrationem</span> <span class='ocrx_word' id='word_1_874' title='bbox 2912 5097 3098 5154; x_wconf 90' lang='lat' dir='ltr'>quam</span> <span class='ocrx_word' id='word_1_875' title='bbox 3135 5080 3312 5138; x_wconf 91' lang='lat' dir='ltr'>nobis</span> <span class='ocrx_word' id='word_1_876' title='bbox 3339 5079 3627 5138; x_wconf 79' lang='lat' dir='ltr'>exhibent</span> 
     </span>
    </p>
   </div>
   <div class='ocr_carea' id='block_1_117' title="bbox 1974 5169 3631 5248">
    <p class='ocr_par' dir='ltr' id='par_1_117' title="bbox 1974 5169 3631 5248">
     <span class='ocr_line' id='line_1_117' title="bbox 1974 5169 3631 5248; baseline -0.004 -15"><span class='ocrx_word' id='word_1_877' title='bbox 1974 5174 2172 5247; x_wconf 89' lang='lat' dir='ltr'>angeli</span> <span class='ocrx_word' id='word_1_878' title='bbox 2202 5174 2514 5248; x_wconf 91' lang='lat' dir='ltr'>pertinent.</span> <span class='ocrx_word' id='word_1_879' title='bbox 2550 5171 2717 5238; x_wconf 90' lang='lat' dir='ltr'>Quod</span> <span class='ocrx_word' id='word_1_880' title='bbox 2751 5171 2860 5228; x_wconf 60' lang='grc' dir='ltr'>διεδ</span> <span class='ocrx_word' id='word_1_881' title='bbox 2893 5170 3091 5226; x_wconf 79' lang='lat' dir='ltr'>alterae</span> <span class='ocrx_word' id='word_1_882' title='bbox 3122 5169 3182 5225; x_wconf 93' lang='lat' dir='ltr'>in</span> <span class='ocrx_word' id='word_1_883' title='bbox 3227 5170 3428 5226; x_wconf 92' lang='lat' dir='ltr'>medio</span> <span class='ocrx_word' id='word_1_884' title='bbox 3477 5175 3631 5227; x_wconf 92' lang='lat' dir='ltr'>tem-</span> 
     </span>
    </p>
   </div>
   <div class='ocr_carea' id='block_1_118' title="bbox 1973 5257 3630 5340">
    <p class='ocr_par' dir='ltr' id='par_1_118' title="bbox 1973 5257 3630 5340">
     <span class='ocr_line' id='line_1_118' title="bbox 1973 5257 3630 5340; baseline -0.004 -19"><span class='ocrx_word' id='word_1_885' title='bbox 1973 5265 2058 5340; x_wconf 90' lang='lat' dir='ltr'>pli</span> <span class='ocrx_word' id='word_1_886' title='bbox 2085 5282 2148 5322; x_wconf 89' lang='lat' dir='ltr'>se</span> <span class='ocrx_word' id='word_1_887' title='bbox 2175 5264 2435 5320; x_wconf 86' lang='lat' dir='ltr'>invicem</span> <span class='ocrx_word' id='word_1_888' title='bbox 2474 5259 2923 5332; x_wconf 89' lang='lat' dir='ltr'>contingebant,</span> <span class='ocrx_word' id='word_1_889' title='bbox 2947 5275 3083 5316; x_wconf 90' lang='lat' dir='ltr'>eam</span> <span class='ocrx_word' id='word_1_890' title='bbox 3125 5257 3459 5316; x_wconf 89' lang='lat' dir='ltr'>dilectionis</span> <span class='ocrx_word' id='word_1_891' title='bbox 3490 5274 3630 5330; x_wconf 91' lang='lat' dir='ltr'>gra-</span> 
     </span>
    </p>
   </div>
   <div class='ocr_carea' id='block_1_119' title="bbox 1973 5346 3633 5428">
    <p class='ocr_par' dir='ltr' id='par_1_119' title="bbox 1973 5346 3633 5428">
     <span class='ocr_line' id='line_1_119' title="bbox 1973 5346 3633 5428; baseline -0.006 -16"><span class='ocrx_word' id='word_1_892' title='bbox 1973 5355 2118 5412; x_wconf 88' lang='lat' dir='ltr'>tiam</span> <span class='ocrx_word' id='word_1_893' title='bbox 2150 5370 2274 5428; x_wconf 90' lang='lat' dir='ltr'>qua</span> <span class='ocrx_word' id='word_1_894' title='bbox 2299 5369 2361 5410; x_wconf 92' lang='lat' dir='ltr'>se</span> <span class='ocrx_word' id='word_1_895' title='bbox 2410 5352 2760 5409; x_wconf 86' lang='lat' dir='ltr'>alterutrum</span> <span class='ocrx_word' id='word_1_896' title='bbox 2800 5347 3282 5422; x_wconf 74' lang='lat' dir='ltr'>complectimtur</span> <span class='ocrx_word' id='word_1_897' title='bbox 3330 5346 3633 5421; x_wconf 86' lang='lat' dir='ltr'>exprimit.</span> 
     </span>
    </p>
   </div>
   <div class='ocr_carea' id='block_1_120' title="bbox 1980 5441 2680 5514">
    <p class='ocr_par' dir='ltr' id='par_1_120' title="bbox 1980 5441 2680 5514">
     <span class='ocr_line' id='line_1_120' title="bbox 1980 5441 2680 5514; baseline -0.001 -17"><span class='ocrx_word' id='word_1_898' title='bbox 1980 5445 2139 5500; x_wconf 92' lang='lat' dir='ltr'>Bene</span> <span class='ocrx_word' id='word_1_899' title='bbox 2165 5447 2367 5500; x_wconf 90' lang='lat' dir='ltr'>autem</span> <span class='ocrx_word' id='word_1_900' title='bbox 2394 5441 2680 5514; x_wconf 89' lang='lat' dir='ltr'>sequitur.</span> 
     </span>
    </p>
   </div>
   <div class='ocr_carea' id='block_1_121' title="bbox 2050 5525 3640 5604">
    <p class='ocr_par' dir='ltr' id='par_1_121' title="bbox 2050 5525 3640 5604">
     <span class='ocr_line' id='line_1_121' title="bbox 2050 5525 3640 5604; baseline -0.001 -22"><span class='ocrx_word' id='word_1_901' title='bbox 2050 5556 2076 5582; x_wconf 86' lang='grc'>‹‹</span> <span class='ocrx_word' id='word_1_902' title='bbox 2110 5532 2272 5587; x_wconf 82' lang='lat' dir='ltr'>&#39;l‘exit</span> <span class='ocrx_word' id='word_1_903' title='bbox 2296 5546 2539 5604; x_wconf 89' lang='lat' dir='ltr'>quoque</span> <span class='ocrx_word' id='word_1_904' title='bbox 2581 5526 2890 5586; x_wconf 87' lang='lat' dir='ltr'>cherubim</span> <span class='ocrx_word' id='word_1_905' title='bbox 2921 5541 3091 5598; x_wconf 91' lang='lat' dir='ltr'>auro,</span> <span class='ocrx_word' id='word_1_906' title='bbox 3124 5531 3181 5582; x_wconf 91' lang='lat' dir='ltr'>et</span> <span class='ocrx_word' id='word_1_907' title='bbox 3208 5541 3420 5583; x_wconf 87' lang='lat' dir='ltr'>omnes</span> <span class='ocrx_word' id='word_1_908' title='bbox 3441 5525 3640 5597; x_wconf 88' lang='lat' dir='ltr'>parie-</span> 
     </span>
    </p>
   </div>
   <div class='ocr_carea' id='block_1_122' title="bbox 1981 5610 3636 5691">
    <p class='ocr_par' dir='ltr' id='par_1_122' title="bbox 1981 5610 3636 5691">
     <span class='ocr_line' id='line_1_122' title="bbox 1981 5610 3636 5691; baseline -0.008 -13"><span class='ocrx_word' id='word_1_909' title='bbox 1981 5643 2008 5672; x_wconf 86' lang='grc'>‹‹</span> <span class='ocrx_word' id='word_1_910' title='bbox 2052 5625 2138 5679; x_wconf 87' lang='lat' dir='ltr'>tes</span> <span class='ocrx_word' id='word_1_911' title='bbox 2169 5619 2371 5690; x_wconf 89' lang='lat' dir='ltr'>templi</span> <span class='ocrx_word' id='word_1_912' title='bbox 2401 5611 2506 5691; x_wconf 81' lang='lat' dir='ltr'>per</span> <span class='ocrx_word' id='word_1_913' title='bbox 2521 5616 2836 5675; x_wconf 86' lang='lat' dir='ltr'>circuitum</span> <span class='ocrx_word' id='word_1_914' title='bbox 2863 5614 3114 5688; x_wconf 87' lang='lat' dir='ltr'>sculpsit</span> <span class='ocrx_word' id='word_1_915' title='bbox 3132 5615 3312 5672; x_wconf 87' lang='lat' dir='ltr'>variis</span> <span class='ocrx_word' id='word_1_916' title='bbox 3343 5610 3636 5668; x_wconf 79' lang='lat' dir='ltr'>ceelaturis</span> 
     </span>
    </p>
   </div>
   <div class='ocr_carea' id='block_1_123' title="bbox 3149 5705 3212 5756">
    <p class='ocr_par' dir='ltr' id='par_1_123' title="bbox 3149 5705 3212 5756">
     <span class='ocr_line' id='line_1_123' title="bbox 3149 5705 3212 5756; baseline 0.016 -1"><span class='ocrx_word' id='word_1_917' title='bbox 3149 5705 3212 5756; x_wconf 76' lang='grc'>14</span> 
     </span>
    </p>
   </div>
  </div>
