4102 6184
279 208 374 263 129

1175 165 1184 174 ’
1225 195 1523 252 ENNARR.
1565 193 1635 249 lN
1678 187 1923 248 uanos
1963 187 2222 243 assum.
2254 217 2323 226 —
2352 188 2420 242 IN
2450 185 2580 243 LIB.
2613 187 2706 242 Ill.

3579 193 3689 250 430

279 329 521 384 cundum
555 325 843 382 eumdem
875 323 1172 397 Spiritum,
1209 321 1377 377 alteri
1405 319 1556 376 ﬁdes
1586 319 1647 374 in
1705 316 1916 372 eodem
1945 315 1990 368 Α
2032 335 2058 362 ‹‹
2100 328 2259 367 unus
2288 312 2597 382 Dominus,
2622 327 2744 368 una
2764 309 2934 378 ﬁdes,
2959 326 3151 367 unum
3178 311 3500 385 baptisma,
3523 333 3684 375 unus

275 418 488 490 spiritu,
521 416 618 473 alii
651 416 844 486 gratia
871 414 1243 470 curationum
1276 411 1335 466 in
1357 427 1482 466 uno
1535 408 1766 481 spiritu,
1823 406 1919 462 alii

273 507 526 580 operatio
553 507 864 575 virtutum,
899 504 992 560 alii
1014 502 1351 577 prophetia,
1387 500 1483 556 alii
1505 497 1781 553 discretio
1807 497 1920 569 spi-

272 595 504 664 rituum,
537 594 633 650 alii
665 609 888 665 genera
931 591 1300 661 linguarum,
1356 588 1459 644 alii
1516 585 1919 658 interpretatio

277 701 613 740 sermonum
655 685 706 750 (1
733 681 1015 751 Conxn).
1099 682 1162 734 Et
1184 684 1247 733 ut
1274 677 1353 734 ad
1403 676 1534 731 illas
1585 675 1918 742 veniamus,

281 789 427 845 quas
456 787 662 828 omnes
691 771 909 826 habere
934 767 1206 824 valemus
1263 766 1529 830 virtutes,
1592 786 1618 814 ‹‹
1643 763 1920 832 charitas,

286 862 581 932 gaudium,
604 877 741 934 pax,
760 856 1208 928 longanimitas,
1228 854 1534 929 patientia,
1558 851 1921 922 benignitas,

284 951 531 1018 bonitas,
559 949 727 1019 ﬁdes,
758 947 1073 1010 modestia,
1100 944 1464 1002 continentia
1503 943 1657 1013 (Gal.
1692 949 1748 1008 v)
1784 964 1810 988 ››
1868 944 1923 996 et

283 1041 462 1095 caeteri
497 1039 718 1094 fructus
740 1036 1001 1109 spiritus,
1029 1034 1176 1108 quid
1206 1033 1319 1088 nisi
1344 1032 1638 1087 caelaturae
1660 1035 1801 1084 sunt
1823 1045 1923 1102 pa-

280 1127 481 1184 rietum
515 1126 714 1199 templi
741 1127 769 1181 ‘I
799 1126 942 1198 quia
965 1130 1212 1179 ornatus
1237 1126 1376 1177 sunt
1400 1120 1693 1175 mentium
1715 1117 1923 1192 populi

278 1217 388 1272 Dei.
423 1216 791 1288 Sculpuntur
815 1213 996 1268 iidem
1022 1213 1279 1284 parietes
1311 1215 1367 1265 et
1415 1209 1491 1265 ad
1546 1207 1921 1281 patiendum.

273 1311 599 1378 cunctaque
619 1302 996 1378 promittunt,
1027 1301 1293 1356 dicentes
1321 1315 1394 1354 ex
1419 1298 1623 1354 animo
1655 1312 1763 1368 per
1808 1295 1923 1349 sin-

277 1394 401 1462 gula
421 1411 563 1468 quae
589 1397 911 1448 occurrunt
964 1409 976 1445 :
1040 1413 1066 1438 «
1099 1388 1457 1444 Benedicam
1513 1385 1829 1442 hominum
1861 1383 1921 1438 in

283 1484 425 1539 omni
449 1489 725 1554 tempore
756 1481 941 1550 (Psal.
980 1478 1167 1547 xxxui)
1194 1497 1206 1543 ;
1238 1501 1264 1526 ››
1295 1481 1350 1532 et
1403 1494 1414 1530 :
1466 1476 1788 1530 «Paratum
1823 1487 1925 1527 cor

286 1577 554 1639 nostrum,
587 1573 767 1636 Deus,
793 1572 1069 1641 paratum
1125 1583 1228 1622 cor
1281 1582 1506 1634 meum,
1562 1561 1820 1619 cantabo
1869 1566 1926 1616 et

2030 401 2183 456 Deus
2214 401 2454 471 (Ephes.
2490 403 2591 472 IV).
2621 424 2648 449 »
2687 402 2848 456 Unus
2868 400 2930 456 in
2955 399 3242 456 steculum
3273 417 3537 474 presens
3580 423 3688 480 per

2029 489 2348 563 baptisma,
2379 507 2534 546 unus
2566 490 2625 546 in
2654 505 2910 561 regnum
2941 489 3175 546 caeleste
3200 505 3306 563 per
3332 509 3516 565 opera
3545 495 3686 553 ﬁdei

2029 584 2117 634 est
2147 579 2480 652 sperandus
2505 579 2793 635 introitus.
2828 582 2976 634 Nam
3003 579 3170 652 quod
3217 595 3374 636 unus
3399 587 3554 640 esset
3599 584 3687 640 in-

2031 684 2277 737 gressus
2291 668 2536 734 oraculi,
2566 672 2816 724 testatur
2829 668 2946 724 hoc
2968 667 3214 724 inferius
3244 669 3319 726 de
3341 687 3482 728 arca
3505 674 3689 748 scrip-

2029 761 2156 811 tum
2192 773 2256 810 :«
2294 760 2561 827 Cumque
2592 757 2919 813 eminerent
2945 762 3164 828 vectes,
3215 765 3271 814 et
3328 769 3689 833 apparerent

2031 847 2406 902 summitates
2433 863 2665 918 eorum,
2692 847 2833 903 foris
2861 849 3272 905 sanctuarium
3303 855 3440 907 ante
3474 868 3687 910 oracu-

2031 936 2176 1003 lum,
2210 952 2332 992 non
2365 937 2741 1008 apparebant
2765 937 2918 994 ultra
2943 937 3328 1008 extrinsecus,
3352 941 3456 1013 qui
3481 947 3537 998 et
3563 943 3688 1000 fue-

2030 1031 2168 1081 runt
2197 1026 2278 1082 ibi
2311 1042 2506 1098 usque
2531 1025 2591 1081 in
2617 1032 2973 1099 praesentem
3003 1026 3184 1083 diem.
3217 1031 3280 1083 In
3317 1044 3458 1087 arca
3485 1036 3688 1090 autem

2032 1132 2155 1170 non
2188 1120 2312 1171 erat
2335 1114 2517 1180 aliud,
2545 1115 2658 1170 nisi
2690 1115 2824 1171 duae
2847 1115 3065 1172 tabulae
3093 1115 3369 1189 lapideae,
3401 1136 3554 1192 quas
3578 1139 3689 1195 po-

2035 1211 2235 1260 suerat
2263 1205 2323 1260 in
2353 1221 2423 1260 ea
2453 1207 2679 1277 Moyses
2709 1205 2770 1260 in
2793 1206 3006 1272 Horeb,
3037 1207 3286 1280 quando
3307 1210 3532 1283 pepigit
3581 1213 3692 1270 Do-

2034 1295 2234 1349 minus
2265 1293 2460 1348 foedus
2500 1310 2638 1349 cum
2668 1293 2804 1349 ﬁliis
2847 1294 3026 1352 Israel
3082 1312 3222 1352 cum
3267 1298 3691 1368 egrederentur

2033 1383 2107 1438 de
2130 1389 2284 1438 terra
2313 1381 2546 1455 Aﬁgypti
2577 1383 2702 1454 (III
2722 1384 2866 1455 Reg.
2903 1387 3047 1455 vm),
3075 1389 3184 1442 etc.
3211 1404 3241 1436 ι
3279 1386 3392 1443 Ul-i
3418 1392 3690 1461 patenter

2036 1473 2116 1543 (ni
2148 1471 2343 1539 fallor)
2381 1471 2712 1528 ostenditur
2765 1474 2931 1546 quod
2990 1491 3147 1530 unus
3203 1481 3330 1534 erat
3384 1478 3689 1549 ingressus

2035 1562 2262 1618 oraculi
2296 1579 2308 1617 :
2339 1566 2394 1618 et
2422 1562 2517 1617 hic
2549 1578 2580 1617 e
2611 1563 2851 1633 regione
2883 1564 3073 1622 factus
3095 1581 3269 1636 arcae,
3297 1583 3432 1641 quae
3472 1569 3530 1625 in
3562 1587 3688 1628 me-

289 1660 520 1731 psallam
542 1661 605 1716 in
639 1658 831 1731 gloria
856 1674 992 1714 mea
1024 1657 1276 1712 Domino
1305 1656 1490 1722 (Psal.
1515 1655 1669 1722 Cvu).
1705 1675 1732 1700 ››
1760 1650 1923 1706 Scul-
1952 1664 1997 1720 Β
2036 1652 2134 1707 dio
2165 1651 2434 1724 ejusdem
2467 1651 2662 1708 stabat
2688 1654 2932 1710 oraculi.
2957 1656 3136 1727 Cujus
3151 1657 3456 1729 ingressus
3475 1661 3690 1720 ostiola

281 1757 486 1821 puntur
508 1756 706 1815 torno,
766 1765 904 1803 cum
958 1748 1259 1802 intantum
1307 1743 1623 1800 virtutibus
1676 1756 1923 1813 operam

276 1835 648 1910 impendunt,
677 1842 742 1893 ut
793 1835 870 1893 ab
922 1837 1140 1891 harum
1194 1835 1425 1890 tramite
1457 1831 1635 1888 nullis
1667 1830 1926 1886 circum-

269 1927 556 1983 stantium
610 1943 812 1982 rerum
873 1924 1414 1984 contrarietatibus,
1468 1920 1645 1976 nullis
1695 1918 1929 1992 possint

267 2013 700 2072 blandimentis
734 2014 937 2071 averti.
973 2013 1123 2079 Quia
1154 2012 1314 2067 enim
1344 2014 1650 2066 tornatura
1678 2007 1924 2077 caeteris,

267 2104 503 2160 artibus
531 2103 840 2159 velocitate
872 2101 1171 2173 praecellit,
1207 2106 1263 2155 et
1311 2099 1445 2171 ipsa
1491 2097 1602 2152 sibi
1657 2096 1924 2166 regulam

265 2208 402 2263 qua
430 2193 556 2247 sine
587 2208 782 2246 errore
805 2207 958 2263 opus
1009 2189 1280 2260 perficiat
1333 2191 1584 2241 servat:
1634 2190 1768 2257 apte
1824 2199 1928 2256 per

275 2280 442 2334 hanc
470 2280 572 2351 pia
601 2283 944 2334 sanctorum
971 2277 1089 2332 vita
1115 2277 1404 2345 signatur,
1445 2289 1578 2347 quae
1628 2277 1682 2328 et
1722 2276 1928 2344 parata

272 2372 370 2422 est
402 2383 642 2439 semper
672 2366 751 2421 ad
777 2366 1136 2438 obsequium
1158 2365 1370 2419 divinae
1398 2363 1714 2418 voluntatis
1741 2362 1924 2418 ethoc

261 2454 514 2528 absque
540 2455 892 2510 diverticulo
924 2453 1157 2510 errandi
1190 2452 1504 2526 complere,
1539 2451 1717 2520 longo
1747 2451 1922 2506 virtu-

251 2549 398 2599 tum
434 2542 643 2599 didicit
673 2560 784 2599 usu
815 2543 1148 2598 exercitata.
1202 2566 1226 2590 ‹‹
1255 2545 1316 2596 Et
1362 2541 1494 2596 fecit
1531 2539 1836 2595 cherubim
1857 2539 1920 2593 in

256 2633 343 2688 eis
367 2637 428 2689 et
455 2630 718 2705 palmas,
747 2637 803 2688 et
825 2633 1091 2704 picturas
1119 2632 1326 2694 varias,
1358 2631 1532 2702 quasi
1579 2630 1920 2701 prominen-

255 2727 344 2778 tes
377 2721 459 2778 de
485 2722 712 2794 pariete
741 2726 798 2776 et
826 2720 1210 2791 egredientes.
1239 2739 1266 2770 »
1296 2719 1615 2774 Cherubim
1656 2734 1921 2790 namque

255 2811 316 2867 in
347 2811 690 2884 parietibus
726 2809 928 2882 templi
973 2809 1105 2865 fecit
1159 2808 1460 2877 Salomon,
1517 2825 1657 2864 cum
1707 2807 1927 2863 electos

259 2918 408 2957 suos
444 2901 738 2956 Dominus
770 2899 847 2955 ad
874 2898 1142 2968 regulam
1203 2898 1643 2969 Scripturarum
1699 2902 1932 2952 sancta-

2034 1757 2142 1814 per
2173 1740 2669 1810 signiﬁcationem
2692 1743 3009 1802 multifarie
3032 1752 3292 1818 possunt
3305 1749 3513 1823 accipi.
3538 1754 3688 1809 Nam

2037 1837 2090 1886 et
2121 1830 2420 1901 angelicos
2449 1830 2688 1903 spiritus
2719 1849 2981 1906 quorum
3027 1836 3354 1895 ministerio
3397 1839 3691 1899 inhabita-

2037 1921 2258 1976 tionem
2274 1921 2480 1993 patriae
2507 1921 2760 1978 coelestis
2780 1922 3237 1996 introducimur,
3263 1928 3567 2002 aptissime
3587 1931 3689 1988 de-

2037 2010 2294 2078 signant.
2329 2012 2394 2064 Et
2413 2010 2824 2076 apostolorum
2857 2030 3048 2086 aeque,
3099 2017 3690 2092 apostolicorumque

2034 2100 2318 2165 virorum,
2352 2098 2572 2170 quibus
2603 2099 2803 2155 claves
2833 2102 3002 2172 regni
3031 2103 3319 2161 caelorum
3341 2110 3484 2163 sunt
3507 2107 3687 2177 datae,

2034 2193 2235 2244 tenent
2262 2187 2520 2256 ﬁguram
2553 2205 2566 2242 :
2595 2189 2698 2260 qui
2728 2196 2974 2263 accepta
3004 2207 3042 2247 a
3093 2193 3346 2250 Domino
3400 2198 3689 2266 potestate

2033 2276 2261 2346 ligandi
2286 2281 2462 2347 atque
2495 2276 2783 2345 solvendi,
2812 2283 2870 2334 et
2897 2279 3113 2351 dignos
3165 2281 3323 2339 intra
3376 2283 3547 2355 regni
3598 2285 3691 2356 ja-

2034 2382 2219 2421 nuam
2249 2364 2587 2430 admittunt,
2622 2370 2678 2422 et
2704 2371 3108 2436 contumaces,
3128 2370 3399 2444 impuros
3421 2388 3491 2429 ac
3519 2389 3692 2446 supe-

2033 2456 2195 2521 rbos,
2224 2455 2826 2526 cxcommunicando,
2860 2456 2983 2514 sive
3009 2459 3592 2532 anathematizando,
3611 2463 3692 2520 ab

2034 2545 2307 2613 ingressu
2339 2544 2470 2598 vitm
2525 2545 2804 2616 perennis
2834 2546 3162 2605 eliminant.
3227 2550 3342 2607 Sed
3394 2555 3450 2608 et
3505 2568 3692 2626 opera

2029 2633 2290 2704 justitiae,
2323 2649 2582 2705 quorum
2614 2635 2824 2690 merito
2855 2636 2933 2692 ad
2962 2652 3174 2708 regum
3197 2638 3434 2697 caeleste
3482 2657 3688 2715 perve-

2037 2723 2213 2791 nitur,
2242 2725 2396 2776 recte
2432 2738 2533 2794 per
2553 2724 2703 2779 ostia
2722 2725 2845 2796 (per
2866 2743 3000 2798 quae
3020 2727 3082 2783 in
3107 2730 3322 2786 Sancta
3341 2735 3688 2788 sanctorum

2037 2811 2302 2883 pontifex
2324 2810 2785 2885 ingrediebatur)
2819 2819 3071 2886 possunt
3101 2817 3294 2890 typice
3343 2819 3643 2890 designari
3671 2835 3687 2874 :

2033 2899 2204 2970 juxta
2230 2899 2342 2954 hoc
2363 2899 2527 2971 quod
2557 2901 2618 2955 in
2642 2901 2794 2958 libro
2840 2904 3153 2976 Sapientiaa
3211 2907 3499 2980 scriptum
3553 2911 3642 2964 est
3673 2924 3688 2964 :

259 3007 396 3046 rum
433 2990 514 3060 (in
548 2989 774 3061 quibus
799 2993 886 3044 est
907 2987 1222 3042 multitudo
1244 2986 1525 3057 scientiae)
1544 2985 1729 3041 vitam
1753 3001 1928 3040 suam
1960 3017 2002 3074 Ε
2041 3008 2070 3041 ‹
2103 2988 2428 3044 Custoditio
2455 2995 2654 3045 autem
2683 2991 2886 3060 legum
2912 2996 3357 3052 consummatio
3386 2995 3693 3071 incorrup-

263 3079 522 3150 dirigere
557 3077 764 3134 donat.
792 3075 1110 3134 Cherubim
1169 3075 1327 3142 facit,
1389 3092 1528 3130 cum
1584 3090 1687 3129 eos
1728 3074 1788 3128 in
1814 3074 1929 3128 hoc

267 3168 498 3224 mundo
561 3169 893 3222 castitatem
922 3164 1204 3235 angelicaa
1258 3162 1754 3227 conversationis,
1823 3179 1931 3234 pro

274 3257 517 3314 modulo
541 3273 656 3312 suo
686 3254 862 3311 docet
903 3254 1123 3310 imitari
1156 3271 1168 3308 :
1203 3252 1371 3326 quod
1411 3252 1673 3306 maxime
1719 3250 1932 3319 vigiliis

287 3359 352 3398 ac
371 3345 658 3402 laudibus
685 3344 925 3414 divinis,
957 3342 1273 3399 dilectione
1322 3341 1554 3395 sincera
1604 3340 1931 3394 Conditoris

291 3438 342 3488 et
365 3435 613 3507 proximi
645 3433 887 3504 geritur.
925 3431 1160 3487 Palmas
1182 3429 1341 3500 facit,
1393 3446 1531 3485 cum
1581 3429 1932 3484 memoriam

288 3530 504 3582 aeterne
532 3522 941 3581 retributionis
965 3538 1174 3577 eorum
1201 3519 1504 3576 mentibus
1527 3518 1751 3588 infigit:
1783 3525 1840 3572 ut
1862 3535 1932 3573 eo

281 3616 475 3671 minus
507 3615 588 3670 ab
618 3630 771 3670 arcae
797 3611 1038 3684 justitiaa
1069 3610 1191 3666 labi
1242 3613 1487 3682 queant,
1545 3625 1667 3680 quo
1716 3625 1936 3664 merce-

279 3704 424 3759 dem
451 3702 691 3774 justitiae
718 3716 955 3773 semper
999 3704 1133 3756 ante
1191 3698 1396 3756 oculos
1439 3697 1722 3753 habeant.
1780 3698 1936 3752 Facit

291 3791 562 3862 picturas
591 3789 773 3845 varias
802 3788 979 3863 quasi
1013 3788 1419 3862 prominentes
1481 3785 1555 3841 de
1611 3785 1834 3859 pariete
1880 3788 1937 3840 et

289 3878 678 3951 egredientes,
710 3895 846 3936 cum
876 3877 1233 3934 multifarias
1249 3877 1537 3932 virtutum
1558 3876 1934 3948 Operationes

279 3969 567 4027 ﬁdelibus
591 3968 808 4025 tribuit.
837 3968 1009 4025 Verbi
1057 3967 1268 4038 gratia,
1321 3965 1549 4021 viscera
1601 3965 1934 4020 misericor-

272 4060 414 4127 ἀίω,
443 4059 901 4129 benignitatem,
933 4057 1350 4125 humilitatem,
1401 4054 1770 4128 patientiam,
1804 4069 1932 4108 mo-

269 4151 556 4209 destiam.
588 4171 615 4198 ‹‹
650 4148 765 4203 Sed
792 4152 848 4204 et
869 4149 1281 4220 pavimentum
1338 4145 1556 4201 domus
1600 4143 1741 4200 texit
1788 4159 1935 4198 auro

266 4242 642 4298 intrinsecus
674 4242 730 4294 et
760 4237 1143 4293 extrinsecus.
1176 4258 1203 4285 »
1227 4234 1586 4290 Intrinsecus
1616 4238 1672 4289 et
1726 4233 1935 4288 extrin-

269 4347 470 4397 secus,
505 4331 572 4384 in
601 4326 847 4383 oraculo
879 4330 934 4382 et
955 4325 1015 4381 in
1035 4325 1169 4398 ipso
1191 4323 1412 4396 templo
1437 4321 1748 4392 significat.
1775 4321 1936 4377 'l‘exit

269 4436 416 4492 ergo
453 4417 748 4476 Salomon
777 4414 1192 4488 pavimentum
1220 4413 1438 4470 domus
1469 4427 1616 4467 auro
1668 4410 1938 4467 intrinse-

269 4527 379 4566 cus
407 4514 469 4565 et
499 4505 892 4571 extrinsecus,
919 4503 1064 4576 quia
1089 4519 1195 4560 rex
1221 4505 1424 4558 noster
1451 4500 1734 4573 pacificus
1767 4506 1823 4555 et
1838 4515 1940 4556 an-

271 4600 443 4672 gelos
476 4602 665 4670 atque
688 4595 921 4651 animas
942 4595 1244 4665 justorum
1273 4592 1334 4648 in
1364 4590 1524 4647 caelis
1562 4589 1816 4663 perfecte
1871 4607 1940 4646 ac

271 4688 550 4763 plenarie
582 4685 746 4742 dono
776 4683 1129 4750 dilectionis,
1157 4697 1194 4738 a
1219 4684 1569 4737 caaterorum
1598 4679 1941 4735 mortalium

276 4779 512 4835 visione
538 4774 815 4831 secrevit.
847 4793 877 4827 ‹
906 4773 978 4828 Et
1013 4771 1074 4827 in
1100 4771 1378 4842 ingressu
1406 4768 1631 4825 oraculi
1674 4768 1809 4824 fecit
1850 4784 1944 4824 os-

275 4867 424 4925 tiola
471 4866 550 4923 de
595 4863 772 4936 lignis
829 4862 1150 4931 olivarum,
1207 4863 1528 4934 postesque
1582 4857 1944 4928 angulorum

280 4957 577 5030 quinque,
611 4959 667 5012 et
695 4953 817 5010 duo
836 4952 991 5009 ostia
1018 4950 1094 5006 de
1113 4950 1291 5022 lignis
1335 4949 1652 5006 olivarum.
1684 4968 1714 5002 »
1772 4946 1946 5012 Quod

289 5045 494 5116 primo
523 5045 770 5110 dixerat,
799 5040 935 5098 fecit
953 5039 1169 5097 ostiola
1193 5039 1267 5095 de
1283 5038 1459 5109 lignis
1483 5037 1799 5106 olivarum,
1831 5037 1947 5092 hoc

296 5132 506 5204 ipsum
521 5133 745 5189 videtur
773 5129 1038 5204 apertius
1071 5127 1368 5202 explicare
1396 5127 1656 5184 voluisse
1686 5143 1825 5182 cum
1843 5123 1947 5182 ad-

287 5222 487 5294 junxit
537 5239 550 5276 :
605 5226 663 5278 et
702 5220 825 5276 duo
882 5218 1035 5275 ostia
1089 5218 1164 5275 de
1218 5217 1397 5288 lignis
1439 5217 1754 5273 olivarum.
1789 5217 1948 5271 Unus

287 5311 514 5387 quippe
534 5317 665 5370 erat
694 5310 999 5380 ingressus
1029 5305 1276 5379 oraculi,
1301 5307 1407 5364 sed
1435 5307 1597 5363 idem
1640 5305 1946 5374 ingressus

282 5402 531 5460 duobus
558 5401 733 5460 ostiis
785 5396 1196 5456 claudebatur.
1246 5401 1626 5468 Rursumque
1678 5393 1951 5449 reseratis

2041 3078 2214 3132 tionis
2237 3083 2324 3133 est
2358 3095 2369 3131 :
2396 3078 2759 3151 incorruptio
2790 3085 2992 3136 autem
3021 3081 3160 3137 facit
3181 3099 3309 3139 esse
3345 3084 3693 3156 proximum

2043 3170 2181 3222 Deo.
2209 3168 2699 3239 Concupiscentia
2733 3168 2931 3240 itaque
2962 3169 3265 3241 sapientiae
3304 3171 3560 3227 deducet
3613 3172 3694 3229 ad

2042 3271 2294 3325 regnum
2326 3259 2682 3326 perpetuum
2723 3256 2886 3327 (ϐαρ.
2920 3258 3017 3329 vi).
3049 3279 3076 3307 »
3127 3257 3353 3323 Quibus
3409 3259 3694 3317 omnibus

2041 3349 2177 3417 apte
2204 3343 2495 3416 congruit,
2527 3343 2695 3416 quod
2724 3345 2934 3402 eadem
2965 3346 3178 3404 ostiola
3207 3346 3282 3404 de
3317 3347 3496 3419 lignis
3542 3349 3696 3407 ﬁunt

2042 3434 2356 3498 olivarum,
2382 3433 2526 3506 quia
2551 3433 2837 3491 nimirum
2870 3440 2925 3493 et
2954 3436 3152 3508 angeli
3172 3441 3230 3493 et
3258 3437 3534 3494 homines
3555 3455 3695 3513 per-

2043 3523 2195 3586 fecti,
2229 3522 2424 3578 fructu
2448 3523 2872 3581 misericordias
2899 3530 2956 3582 et
2975 3526 3259 3600 operibus
3282 3526 3453 3600 lucis,
3482 3545 3610 3585 sese
3631 3529 3694 3586 in

2043 3612 2226 3666 domo
2257 3611 2353 3666 Dei
2381 3611 2670 3679 gloriosos
2700 3614 2981 3672 exhibent
3036 3634 3049 3671 :
3108 3616 3233 3673 imo
3263 3633 3474 3674 omnes
3528 3618 3697 3676 electi

2043 3715 2148 3771 per
2178 3715 2348 3754 arma
2375 3699 2522 3754 lucis
2547 3704 2604 3755 et
2632 3701 2865 3772 pietatis
2905 3702 3134 3759 aditum
3164 3702 3277 3759 sibi
3325 3705 3531 3778 patria:
3580 3723 3698 3763 cce-

2043 3786 2214 3879 lestis.
2229 3787 2522 3858 aperiunt.
2553 3789 2678 3843 Duo
2708 3794 2908 3845 autem
2939 3794 3081 3847 sunt
3104 3791 3335 3861 ostiola,
3386 3792 3509 3848 sive
3554 3795 3700 3864 quia.

2043 3876 2231 3930 Deum
2257 3891 2327 3930 ac
2362 3876 2671 3947 proximos
2729 3877 2986 3948 diligunt
3030 3882 3088 3934 et
3132 3879 3328 3949 angeli
3385 3883 3440 3935 et
3484 3895 3698 3938 omnes

2043 3965 2251 4025 sancti,
2285 3979 2479 4035 neque
2509 3963 2666 4020 ullus
2682 3967 2935 4036 januam
2960 3965 3107 4034 vitae,
3131 3967 3243 4023 nisi
3265 3985 3372 4040 per
3389 3969 3696 4039 geminam

2045 4055 2200 4108 hanc
2231 4051 2606 4108 dilectionem
2634 4058 2850 4127 poterit
2879 4055 3098 4112 intrare

2044 4141 2252 4214 populi
2282 4140 2581 4209 ﬁdelibus,
2609 4148 2665 4199 et
2686 4142 2876 4199 Judaei
2896 4144 3115 4202 scilicet
3133 4149 3190 4203 et
3210 4147 3462 4220 gentilis,
3486 4149 3701 4207 eadem

2045 4233 2177 4287 vitae
2203 4231 2394 4302 janua
2425 4236 2739 4288 reseratur.
2771 4237 2970 4292 Postes
3013 4236 3368 4306 angelorum
3407 4238 3700 4312 quinque,

2048 4321 2192 4393 quia
2223 4337 2344 4377 non
2371 4321 2568 4378 solum
2595 4323 2830 4380 animas
2866 4325 3190 4383 electorum
3216 4327 3355 4386 aula
3391 4329 3524 4384 coeli
3552 4328 3702 4385 reci-

2052 4411 2153 4482 pit,
2188 4411 2292 4466 sed
2323 4416 2378 4466 et
2407 4411 2760 4484 corporibus
2790 4412 3115 4472 immortali
3171 4417 3361 4487 gloria
3413 4416 3703 4488 praeditis,

2049 4499 2109 4554 in
2135 4499 2362 4570 judicio
2388 4517 2528 4556 suas
2568 4502 2722 4558 fores
2767 4504 2974 4575 aperit.
3032 4527 3061 4554 «
3089 4506 3156 4560 Et
3211 4504 3459 4574 sculpsrt
3502 4503 3566 4558 in
3619 4503 3704 4557 eis

2049 4588 2343 4661 picturam
2370 4589 2681 4644 cherubim
2713 4594 2769 4645 et
2797 4591 3140 4661 palmarum
3169 4589 3416 4661 species,
3469 4593 3526 4645 et
3552 4603 3702 4645 ana.-

2051 4679 2276 4750 glypha
2296 4677 2466 4733 valde
2491 4678 2911 4749 prominentia,
2935 4680 2991 4731 et
3020 4677 3159 4733 texit
3187 4692 3260 4733 ea
3288 4691 3456 4744 auro,
3489 4679 3547 4733 et
3565 4691 3707 4750 opes

2050 4770 2166 4821 ruit
2198 4773 2320 4820 tam
2346 4765 2656 4820 cherubim
2682 4780 2870 4837 quam
2894 4763 3131 4837 palmas
3161 4769 3218 4821 et
3243 4768 3454 4822 caetera
3481 4781 3650 4823 auro.
3671 4786 3706 4818 ι»

2052 4853 2408 4924 Anaglypha
2437 4854 2652 4920 Graece,
2675 4868 2810 4924 qua:
2838 4852 3039 4910 Latine
3068 4853 3347 4912 dicuntur
3367 4854 3702 4914 czelaturaa:

2053 4942 2196 5016 quia
2247 4940 2533 4996 virtutum
2581 4939 2864 5012 operibus
2907 4941 3064 5014 (quae
3114 4959 3221 5018 per
3275 4948 3466 5003 totum
3493 4946 3708 5005 orbem

2057 5029 2312 5087 Ecclesia
2342 5029 2402 5084 in
2426 5028 2646 5084 sanctis
2695 5029 2817 5086 suis
2868 5046 2939 5087 ac
2989 5033 3263 5106 perfectis
3316 5038 3569 5108 exercet)
3624 5035 3710 5094 illi

2054 5120 2373 5194 prmcipue,
2405 5117 2626 5191 quibus
2655 5118 2926 5176 ﬁdelium
2954 5137 3100 5180 cura
3129 5125 3476 5193 commissa,
3509 5128 3567 5182 et
3585 5125 3706 5183 cla-

2054 5226 2159 5266 ves
2190 5207 2358 5280 regni
2387 5206 2675 5264 caalorum
2694 5213 2835 5265 sunt
2849 5208 3026 5278 datae,
3060 5212 3227 5268 omni
3243 5213 3502 5270 debeant
3523 5213 3706 5270 soler-

2057 5301 2137 5357 tia
2147 5300 2439 5371 insistere,
2459 5302 2523 5354 ut
2537 5303 2834 5372 quantum
2846 5299 3446 5374 gradupraeeminent
3457 5303 3706 5374 caeteris,

2058 5394 2291 5447 tantum
2308 5396 2364 5447 et
2382 5387 2592 5445 merito
2607 5388 2950 5462 praecellant
2967 5389 3144 5448 bonw
3166 5394 3434 5451 actionis.
3477 5393 3712 5451 Habent

279 5493 515 5551 eisdem
547 5488 952 5566 aperiebatur,
985 5487 1137 5543 sicut
1182 5487 1361 5543 etiam
1419 5483 1734 5558 templum.
1794 5481 1955 5538 Sicut
2058 5495 2323 5551 namque
2353 5478 2414 5534 in
2435 5493 2497 5534 se
2520 5477 2818 5550 picturam
2846 5478 3157 5538 cherubim
3191 5481 3512 5554 sculptam,
3568 5493 3710 5540 cum

279 5582 557 5655 porticus
588 5583 730 5636 ante
756 5574 1067 5648 templum,
1099 5591 1291 5631 unum
1327 5589 1448 5630 non
1476 5570 1734 5643 amplius
1763 5569 1952 5627 habe-

2061 5567 2394 5638 angelicam
2404 5567 2464 5622 in
2481 5567 2650 5623 terris
2663 5567 2845 5624 vitam
2870 5574 3189 5641 (quantum
3201 5569 3555 5627 mortalibus
3569 5582 3648 5640 po
3655 5581 3710 5620 s-

285 5651 401 5729 bat
427 5669 769 5729 introitum.
801 5666 950 5724 Certi
976 5663 1180 5738 utique
1219 5677 1408 5721 causa
1460 5660 1750 5734 mysterii,
1810 5659 1956 5731 quia
2065 5655 2235 5714 sibile
2264 5656 2368 5728 est)
2383 5661 2440 5712 et
2456 5660 2656 5713 mente
2674 5656 2982 5713 imitantur
3001 5663 3060 5715 et
3077 5675 3278 5731 opere.
3302 5657 3535 5712 Habent
3577 5651 3708 5726 pal-

3153 4073 3166 4112 :
3229 4056 3334 4114 sed
3390 4058 3700 4134 utriusque
3791 4098 3794 4102 ς
