4102 6184
495 168 596 225 431

498 307 740 347 marum
771 288 1017 362 species,
1052 296 1189 337 cum
1211 278 1329 332 don

501 381 623 437 ﬁxa
649 355 886 447 semper
909 368 1238 427 intensione
1262 361 1640 419 meditantur.
1660 355 1863 413 Palma
1884 368 2150 425 namque

500 483 718 523 manus
761 440 1014 516 victricis
1070 456 1315 510 ornatus
1368 452 1477 504 est.
1531 446 1763 502 Habent
1805 440 2153 515 anaglypha

503 553 674 609 valde
706 544 1125 623 prominentia,
1156 556 1296 597 cum
1327 535 1656 593 certissima
1684 533 1986 589 bonorum
2015 544 2153 601 ope-

500 658 634 698 rum
666 622 1048 698 documenta,
1080 634 1136 687 et
1160 645 1295 702 quae
1317 624 1573 683 nemoin
1593 622 1893 678 sinistram
1922 622 2151 692 partem

500 724 869 801 interpretari
900 721 1197 776 ullatenus
1225 715 1439 779 valeat,
1466 711 1691 769 cunctis
1724 725 1851 766 sese
1881 705 2153 764 intuenti-

499 819 614 874 bus
645 793 985 870 ostendunt.
1022 812 1087 864 Et
1110 807 1237 862 haec
1282 802 1487 861 omnia
1541 804 1680 855 sunt
1729 798 1859 854 auri
1912 793 2152 851 laminis

500 909 725 977 Operta,
750 917 888 957 cum
916 897 1089 970 (sicut
1118 910 1275 967 saepe
1302 892 1528 948 dictum
1556 894 1612 944 et
1664 901 1903 959 semper
1950 883 2153 939 dicen-

500 971 647 1050 dum
674 971 780 1062 est)
812 986 1038 1045 caeteris
1093 984 1369 1040 virtutem
1420 978 1667 1035 floribus
1719 972 2036 1049 specialius
2092 971 2153 1025 in

500 1082 736 1153 magnis
752 1072 1020 1134 Ecclesiae
1038 1071 1346 1133 membris,
1362 1068 1555 1140 fulgor
1572 1062 1974 1138 supereminet
1989 1074 2153 1115 amo-

502 1147 728 1227 risiHis
761 1164 985 1223 ostiolis
1010 1163 1189 1218 etiam
1218 1159 1415 1215 velum
1447 1156 1630 1212 fuisse
1661 1152 1935 1209 additum
1964 1147 2155 1204 Verba

502 1260 736 1315 dierum
764 1257 1019 1311 narrant
1049 1270 1062 1307 :
1099 1273 1126 1300 ‹‹
1150 1249 1300 1306 Fecit
1329 1260 1572 1319 quoque
1602 1241 1820 1310 velum,
1849 1237 2061 1311 inquit,
2082 1252 2155 1291 ex

501 1346 848 1422 hyacintho,
879 1356 1170 1415 purpura,
1202 1352 1381 1393 cocco
1408 1339 1464 1391 et
1488 1333 1692 1405 bysso,
1727 1335 1785 1386 et
1826 1325 2075 1384 intexuit
2102 1322 2155 1379 ei

503 1416 812 1493 cherubim
837 1432 927 1505 (II
948 1432 1092 1485 Par.
1129 1430 1235 1496 ιιι),
1263 1449 1289 1475 ››
1315 1423 1482 1497 quod
1501 1419 1734 1477 decoris
1755 1416 2000 1491 quidem
2024 1429 2154 1505 gra-

505 1526 583 1582 tia
615 1503 977 1587 factumest,
1010 1521 1076 1573 ut
1104 1517 1254 1571 inter
1293 1511 1548 1587 parietes
1598 1508 1919 1565 deauratos
1974 1503 2153 1559 etiam

1596 143 1951 203 ANGELOMI
1992 137 2439 195 LUXOVIENSIS
2476 137 2788 197 nomen:
2961 139 2987 160 -
3220 186 3223 189 .
3384 100 3389 106 ’
3811 136 3902 190 432

1336 291 1372 329 a
1420 287 1694 344 superme
1746 262 2148 324 retributionis
2177 264 2226 318 Α
2263 266 2495 319 centem
2549 261 2903 319 rationabile
2955 256 3314 331 obsequium
3403 260 3673 311 vestrum
3727 258 3897 324 (Rom.

2260 356 2383 413 xu).
2418 352 2768 407 lntexuntur
2803 349 3112 406 cherubim
3165 345 3385 413 eidem,
3433 344 3603 417 quod
3661 350 3898 418 quatuor

2261 440 2491 497 eximiis
2520 440 2822 496 coloribus
2875 437 3205 501 conﬁcitur,
3265 450 3406 489 cum
3464 434 3744 490 universa
3778 452 3895 507 quas

2260 529 2355 603 pic
2383 531 2638 601 agimus,
2673 546 2709 584 a
2730 527 3038 584 venenatis
3058 525 3407 580 daemonum
3430 522 3583 589 telis,
3605 539 3720 596 peo
3739 539 3896 594 ange-

2259 619 2374 677 lica
2401 619 2703 693 priesidia,
2734 617 2987 674 Domino
3017 614 3300 681 donante,
3331 612 3728 685 protegimus.
3764 616 3893 669 Inte-

2260 714 2483 765 xuntur
2511 725 2649 765 vero
2679 705 3010 773 cherubim,
3043 719 3179 759 cum
3208 702 3269 758 in
3291 700 3473 757 bonis
3496 717 3634 774 quae
3654 700 3890 771 agimus,

2261 797 2637 856 multitudine
2660 796 2918 853 scientiae
2966 792 3365 849 indesinenter
3427 789 3671 861 utimur,
3727 790 3891 864 respi-

2263 888 2482 944 cientes
2508 902 2745 960 semper
2776 884 2854 941 ad
2884 883 3122 957 eloquia
3150 881 3355 936 divina
3411 896 3425 934 :
3478 884 3538 935 et
3584 895 3656 935 ne
3705 879 3839 935 forte
3863 895 3893 935 a

2260 977 2547 1033 virtutum
2598 975 2744 1032 calle
2785 974 3153 1039 aberremus,
3183 970 3405 1027 horum
3460 968 3678 1025 intuitu
3731 968 3891 1024 conti-

2263 1082 2381 1121 nue
2407 1064 2656 1133 vestigia
2685 1067 2893 1119 nostra
2914 1060 3195 1131 regimus.
3230 1083 3256 1110 κ
3284 1057 3570 1131 Fecitque
3596 1056 3654 1112 in
3677 1056 3890 1112 introitu

2265 1154 2468 1227 templi
2490 1160 2690 1228 postes
2716 1154 2789 1208 de
2815 1151 2992 1223 lignis
3032 1149 3320 1205 olivarum
3378 1145 3886 1221 quadrangulatos,

2264 1249 2320 1301 et
2339 1244 2461 1300 duo
2489 1244 2640 1300 ostia
2659 1243 2733 1299 de
2750 1241 2926 1312 lignis
2942 1238 3214 1310 abiegnis
3227 1236 3607 1306 altrinsecus,
3625 1242 3678 1293 et
3696 1241 3887 1291 utrum-

2263 1350 2380 1407 que
2410 1333 2628 1390 ostium
2658 1331 2881 1404 duplex
2910 1333 3055 1396 erat,
3090 1331 3146 1384 et
3175 1343 3237 1383 se
3266 1325 3532 1381 invicem
3564 1331 3748 1382 tenens
3763 1338 3881 1396 ape-

2262 1421 2545 1478 riebatur.
2570 1444 2597 1471 »
2624 1421 2784 1478 Sicut
2798 1419 2854 1475 in
2863 1433 3101 1488 gressus
3118 1412 3344 1472 oraculi
3361 1430 3490 1487 quo
3502 1414 3579 1471 ad
3600 1428 3781 1470 arcam
3790 1411 3885 1467 Do-

2264 1511 2410 1566 mini
2422 1510 2854 1582 cherubimque
2868 1505 3346 1581 perveniebatur,
3365 1504 3671 1561 introitum
3693 1498 3884 1573 signiﬁ-

502 1612 902 1670 hOlOSBPicum
934 1606 1202 1678 ῩυῙΒυΓθῖ·
1231 1602 1346 1659 sed
1372 1602 1432 1656 in
1461 1598 1733 1671 eJUSdem
1756 1592 2042 1666 mysterii:
2058 1606 2154 1646 οιι·
2181 1612 2224 1669 Β
2266 1599 2820 1672 catregnicoelestis,
2840 1613 2963 1671 quo
2983 1596 3060 1653 ad
3078 1595 3370 1651 visionem
3386 1594 3571 1651 nostri
3589 1589 3883 1651 Conditoris

496 1705 598 1773 jus
624 1706 680 1757 et
710 1698 940 1765 ostiola,
976 1709 1243 1765 congrua
1277 1688 1730 1761 signiﬁcatione,
1782 1687 1918 1739 ante
1949 1696 2153 1738 arcam

504 1772 682 1864 atque
712 1790 1051 1857 ingressum
1082 1780 1304 1839 oraculi
1331 1792 1697 1852 appensum,
1729 1778 1794 1829 ut
1851 1772 2002 1827 sicut
2057 1786 2154 1825 os-

504 1861 646 1938 tiola
678 1877 957 1949 congruis
986 1873 1150 1929 horis
1177 1869 1619 1943 aperiebantur,
1646 1865 1781 1920 licet
1821 1861 2023 1918 velum
2067 1874 2156 1915 re-

504 1970 799 2026 velaretur
842 1965 1076 2039 quoties
1123 1959 1490 2023 advenirent,
1550 1953 1770 2028 quibus
1828 1951 1890 2007 in
1941 1952 2155 2007 Sancta

504 2036 1034 2114 sanctorum—esset
1066 2046 1546 2119 ingrediendum.
1608 2042 1791 2114 Hujus
1848 2055 1990 2108 ergo
2041 2036 2156 2092 veli

504 2134 716 2200 sedula
743 2140 1043 2209 revelatio,
1072 2135 1408 2195 secundum
1448 2132 1643 2203 legem
1674 2126 2044 2202 apertionem
2084 2122 2155 2179 si-

504 2234 750 2305 gniﬁcat
784 2229 952 2299 regni
983 2225 1259 2295 caelestis,
1286 2240 1420 2296 qum
1450 2220 1626 2277 nobis
1656 2233 1763 2292 per
1803 2213 2157 2272 incarnatio-

502 2301 644 2379 nem
673 2318 907 2377 Domini
936 2322 993 2373 et
1012 2313 1332 2372 Salvatoris
1354 2310 1536 2367 nostri
1565 2308 1789 2363 donata
1831 2309 1937 2360 est.
1991 2301 2156 2358 Unde

504 2416 560 2467 et
587 2410 886 2483 baptizato
916 2422 1009 2477 eo,
1033 2404 1165 2461 cmli
1212 2401 1402 2476 aperti
1432 2403 1591 2466 sunt,
1624 2401 1689 2452 ut
1746 2392 2157 2450 ostenderetur

503 2500 646 2571 quia
667 2478 775 2570 per
803 2494 1111 2568 baptisma
1139 2491 1305 2565 quod
1358 2488 1533 2544 nobis
1591 2485 1718 2557 ipse
1767 2478 2153 2546 consecravit,

500 2569 755 2658 januam
786 2583 993 2656 patriae
1017 2580 1266 2637 caelestis
1283 2577 1640 2634 deberemus
1669 2569 1920 2644 ingredi.
1947 2571 2013 2624 Et
2033 2583 2158 2623 mo-

501 2675 687 2730 riente
718 2672 817 2728 illo
848 2672 908 2727 in
939 2685 1134 2732 cruce,
1165 2667 1327 2723 idem
1356 2664 1554 2720 velum
1580 2661 1837 2716 scissum
1890 2661 1978 2714 est
2029 2671 2155 2711 me-

502 2763 691 2829 dium,
726 2778 762 2817 a
789 2774 1029 2815 summo
1050 2771 1243 2830 usque
1265 2755 1568 2818 deorsum,
1603 2754 1667 2806 ut
1721 2750 1923 2821 aperte
1975 2745 2154 2801 doce-

499 2856 685 2921 retur,
713 2850 858 2923 quia
882 2849 1090 2919 ﬁguras
1121 2843 1345 2915 legales
1368 2842 1497 2913 jam
1527 2845 1669 2896 tunc
1695 2836 1773 2894 ad
1813 2836 1996 2892 ﬁdem
2058 2850 2153 2889 ve-

2266 1704 2785 1765 supernorumque
2804 1686 3024 1744 civium
3041 1701 3151 1740 nos
3164 1682 3464 1740 introduci
3489 1698 3783 1757 speramus
3824 1694 3881 1734 ac

2264 1778 2680 1835 desideramus
2702 1776 2811 1833 :ita
2829 1774 3103 1831 introitus
3152 1773 3208 1828 in
3252 1771 3564 1844 templum,
3587 1766 3881 1844 primordia

2261 1873 2479 1925 nostra:
2496 1872 2803 1924 structurae
2821 1863 2901 1920 ad
2919 1866 3104 1919 Deum
3127 1861 3557 1921 conversionis,
3581 1857 3809 1932 quando
3829 1857 3878 1911 in

2264 1962 2617 2032 praesentem
2634 1954 2955 2011 Ecclesiam
2989 1950 3384 2022 ingredimur,
3429 1949 3617 2024 typice
3660 1947 3878 2003 demon-

2265 2051 2429 2103 strat.
2452 2047 2563 2102 Iste
2580 2045 2916 2114 ingressum
2928 2047 3199 2097 nostrum
3213 2038 3291 2095 ad
3304 2038 3508 2106 fidem,
3526 2037 3615 2093 ille
3635 2035 3878 2105 designat

2266 2135 2345 2194 ad
2363 2135 2641 2209 speciem.
2659 2133 2823 2190 Unde
2839 2138 2974 2205 apte
2995 2136 3198 2205 postes
3218 2130 3401 2201 hujus
3446 2129 3698 2184 introitus
3748 2138 3875 2197 qua-

2264 2208 2604 2296 drangulati
2643 2227 2781 2278 sunt
2819 2220 2980 2289 facti,
3011 2219 3134 2275 sive
3168 2222 3412 2292 propter
3438 2220 3676 2290 quatuor
3703 2208 3873 2267 sancti

2265 2311 2570 2384 Evangelii
2587 2311 2791 2378 libros,
2814 2307 3362 2383 quorumdoctrina
3395 2307 3456 2362 in
3495 2304 3603 2361 ﬁde
3634 2298 3866 2357 veritatis

2266 2403 2594 2471 erudimur,
2618 2418 2723 2458 seu
2740 2405 2984 2473 propter
3001 2398 3249 2454 totidem
3268 2398 3503 2453 virtutes
3517 2387 3858 2466 principales,

2264 2492 2668 2568 prudentiam,
2683 2488 3113 2556 fortitudinem,
3128 2485 3571 2560 temperantiam,
3579 2474 3848 2568 justitiam,

2264 2567 2525 2656 quarum
2540 2580 2721 2636 veluti
2733 2577 3085 2635 fundamine
3099 2576 3358 2650 quodam
3374 2567 3704 2631 ﬁrmissimo,
3731 2577 3851 2618 om-

2264 2648 2357 2726 nis
2373 2669 2678 2725 bonorum
2689 2671 2933 2722 actuum
2957 2648 3244 2721 structura
3268 2658 3537 2717 innititur.
3569 2648 3860 2710 Prudentia

2264 2763 2351 2813 est
2362 2773 2625 2830 namque
2637 2771 2760 2828 qua
2774 2754 3061 2810 discimus
3079 2749 3340 2826 quidnos
3351 2761 3538 2818 agere,
3550 2740 3782 2817 qualiter
3793 2736 3864 2792 vi-

2267 2862 2400 2902 vere
2422 2824 2987 2909 deceatjfortitudo,
3007 2824 3112 2913 per
3133 2855 3317 2913 quam
3335 2853 3405 2893 ea
3422 2850 3550 2910 quae
3567 2827 3782 2902 agenda
3794 2824 3869 2881 di-

500 2940 754 3009 nissent,
782 2954 853 2995 ac
874 2936 1093 2993 veritas
1121 2931 1422 3022 Evangelii
1445 2942 1788 3022 arcanaque
1819 2924 2078 3022 coelestia
2095 2927 2157 3022 et
2185 2966 2225 3022 C
2263 2931 2895 3005 dicimusﬂmplemus.
2922 2934 3079 2995 Quas
3094 2944 3216 2984 uno
3229 2921 3740 2984 versiculovirtmes
3752 2918 3868 2973 Ριιο-

500 3030 631 3103 ipse
654 3029 784 3085 coeli
805 3028 1129 3098 ingressus,
1156 3038 1279 3079 non
1302 3021 1500 3078 adhuc
1524 3014 1976 3092 prophetandus
1997 3029 2067 3069 ac
2089 3013 2153 3067 ﬁ-

499 3118 782 3191 guraliter
807 3113 1241 3187 signiﬁcandus
1274 3129 1286 3167 :
1322 3110 1425 3167 sed
1439 3108 1820 3181 jamjamque
1843 3106 1997 3160 esset
2014 3117 2153 3175 pro-

496 3208 655 3265 xime
682 3206 966 3264 omnibus
997 3200 1381 3277 aperiendus,
1409 3198 1515 3272 qui
1532 3196 1610 3253 ab
1626 3194 1794 3251 initio
1825 3191 2037 3248 mundi
2061 3207 2156 3246 us-

496 3314 615 3370 que
647 3297 726 3352 ad
755 3296 817 3351 id
847 3294 1134 3366 temporis
1162 3292 1226 3347 in
1254 3290 1373 3345 ﬁde
1388 3286 1650 3344 veritatis
1662 3283 1736 3340 de
1749 3282 1979 3338 mundo
1993 3286 2153 3336 tran-

497 3369 740 3440 sierunt.
775 3385 932 3438 Bene
960 3381 1121 3436 idem
1152 3379 1374 3449 velum,
1409 3376 1522 3431 sub
1554 3390 1674 3447 quo
1728 3373 1787 3428 in
1841 3369 2154 3427 oraculum

494 3472 849 3535 intrabatur,
879 3485 950 3524 ex
971 3466 1320 3537 hyacintho,
1353 3478 1644 3535 purpura,
1678 3475 1857 3516 cocco
1888 3464 1946 3514 et
1968 3458 2153 3530 bysso

494 3559 721 3614 factum
747 3572 896 3622 esse,
931 3554 985 3609 ei
1013 3568 1256 3627 quoque
1286 3550 1607 3607 Cherubim
1634 3548 1838 3602 intexti
1868 3561 1995 3601 esse
2028 3562 2152 3600 me-

493 3648 829 3704 morantur.
860 3643 1230 3716 Hyacinthus
1285 3639 1510 3713 quippe
1560 3636 1663 3710 qui
1708 3635 1838 3691 casli
1891 3633 2153 3689 colorem

493 3733 783 3802 imitatur,
815 3746 1216 3806 supernorum
1243 3726 1549 3785 desideriis
1580 3728 1714 3798 apte
1744 3726 2148 3795 comparatur.

493 3827 791 3901 Purpura,
821 3838 957 3897 quae
988 3819 1284 3892 sanguine
1327 3815 1759 3874 conchiliorum
1817 3811 2149 3882 conﬁcitur,

492 3923 551 3976 et
561 3898 956 3987 sanguineam
967 3912 1163 3986 ipsam
1178 3905 1687 3983 praefertspeciem
1722 3918 1845 3960 non
1857 3898 2152 3958 immerito

495 4008 943 4061 sacramentum
975 3999 1297 4057 Dominicaa
1315 3990 1923 4067 signiﬁcatpassionis
1948 4009 1960 4046 :
1983 3987 2151 4063 quod

390 4098 401 4105 ”
492 4109 605 4148 nos
634 4091 849 4146 intueri
879 4104 1118 4145 crucem
1161 4090 1429 4143 nostram
1482 4080 1781 4157 portando
1833 4080 2145 4136 debemus.

495 4178 878 4251 Cocco,quod
890 4177 1078 4232 rubeo
1095 4175 1288 4230 colore
1304 4172 1955 4239 ﬂammescit,congrue
1969 4167 2149 4223 virtus

492 4267 843 4340 exprimitur
860 4264 1104 4320 amoris.
1121 4266 1199 4318 De
1221 4278 1343 4334 quo
1366 4261 1650 4316 mirantes
1668 4259 1869 4313 dixere
1888 4257 2147 4329 quicum

493 4355 746 4414 Domino
768 4351 1229 4410 ambulaverant
1248 4347 1544 4421 discipuli.
1591 4370 1619 4397 «
1639 4350 1845 4402 Nonne
1885 4361 1986 4400 cor
2010 4359 2146 4400 nos-

490 4450 649 4504 trum
664 4444 882 4502 ardens
896 4445 1020 4498 erat
1036 4440 1096 4495 in
1117 4438 1313 4505 nobis,
1327 4437 1475 4493 dum
1490 4434 1906 4509 loquereturin
1952 4433 2067 4506 via,
2091 4438 2148 4490 et

490 4531 934 4609 aperiretnobis
953 4528 1275 4601 scripturas
1298 4526 1700 4598 ?(Luc.xx1v.)
1717 4545 1744 4573 »
1760 4525 1980 4596 Byssus
2009 4538 2145 4595 quae

489 4623 564 4679 de
581 4628 735 4681 terra
752 4620 959 4679 virenti
978 4617 1243 4690 germine
1253 4616 1540 4681 nascitur,
1559 4617 1615 4670 et
1637 4613 1820 4683 longo
1851 4610 2146 4668 artificum

490 4714 767 4770 exercitio
784 4711 1056 4768 nativum
1074 4706 1521 4771 exuitvirorem,
1546 4713 1727 4775 atque
1747 4701 1824 4758 ad
1841 4700 2145 4759 albentem

493 4801 839 4873 perducitur
870 4800 1150 4871 speciem,
1185 4810 1446 4866 congrue
1471 4790 1924 4863 castigationem
1946 4790 2143 4848 carnis

488 4893 705 4944 nostras
736 4888 999 4941 insinuat
1031 4903 1044 4940 :
1078 4886 1250 4957 cujus
1275 4883 1451 4957 quasi
1470 4884 1795 4939 humorem
1840 4883 2144 4953 ingentem

488 4974 771 5032 exsiccari
780 4975 799 5045 j
813 4975 1297 5045 uhetApostolus,
1316 4973 1521 5028 dicens
1537 4990 1550 5028 :
1566 4994 1594 5021 ‹‹
1608 4970 1947 5028 Mortiﬁcate
1959 4984 2146 5024 mem-

486 5066 598 5121 bra
626 5070 823 5119 vestra
851 5079 987 5134 quae
1008 5067 1147 5117 sunt
1167 5077 1348 5133 super
1378 5066 1617 5123 terram,
1664 5059 2137 5125 fornicationem,

485 5152 954 5218 immunditiam,
970 5149 1301 5216 libidinem,
1322 5148 1870 5221 concupiscentiam
1890 5145 2136 5212 malam,

487 5251 541 5301 et
572 5242 901 5308 avaritiam,
918 5255 1053 5312 quae
1075 5237 1634 5294 estsimulacrorum
1647 5235 1903 5292 servitus
1926 5234 2137 5305 (Catos.

489 5336 608 5400 ιιι).
646 5352 673 5380 ››
706 5329 794 5385 Ad
822 5330 1114 5402 quantam
1132 5340 1275 5381 vero
1297 5324 1573 5381 candoris
1591 5322 1846 5393 gratiam
1866 5323 2024 5379 hanc
2044 5338 2139 5378 ve-

486 5422 551 5478 lit
564 5419 831 5494 perduci,
852 5418 999 5474 alias
1021 5414 1296 5479 ostendit,
1317 5413 1522 5469 dicens
1570 5431 1583 5467 :
1642 5435 1668 5461 ‹‹
1695 5411 1952 5468 Obsecro
2006 5428 2135 5483 vos,

486 5510 714 5577 fratres,
746 5524 854 5582 per
881 5502 1349 5562 misericordiam
1370 5501 1493 5571 Dei,
1526 5505 1590 5557 ut
1634 5499 1960 5557 exhibeatis
2012 5517 2136 5558 cor-

485 5617 637 5674 pora
658 5602 877 5672 vestra,
899 5595 1158 5653 hostiam
1188 5593 1509 5661 viventem,
1537 5594 1830 5661 sanctam,
1855 5590 1973 5649 Deo
2002 5591 2133 5667 pla-

2263 3023 2444 3096 pheta
2459 3003 2714 3079 breviter
2728 3018 3160 3093 complectitur,
3184 3017 3390 3073 dicens
3414 3032 3427 3071 :
3462 3036 3488 3063 «
3515 3009 3773 3096 Dominus
3810 3003 3869 3096 il-

2266 3092 2576 3168 luminatio
2589 3125 2725 3166 mea
2737 3113 2793 3165 et
2804 3107 2967 3164 salus
2980 3123 3117 3163 mea
3129 3106 3540 3178 (Psal.xxv1).»
3554 3092 3868 3156 llluminatio

2263 3200 2553 3268 videlicet,
2599 3204 2661 3255 ut
2703 3214 2839 3271 quas
2871 3212 3047 3268 agere
3079 3194 3434 3263 debeamus,
3464 3190 3663 3247 doceat
3689 3203 3702 3255 ;
3731 3182 3868 3240 salus

2262 3307 2426 3359 vero,
2454 3294 2520 3347 ut
2548 3288 2625 3346 ad
2637 3289 2765 3345 haec
2793 3303 2906 3344 nos
2934 3283 3286 3359 peragenda
3312 3280 3634 3339 conﬁrmet.
3661 3278 3871 3345 Tempe-

2263 3376 2460 3431 rantia
2510 3378 2599 3431 est
2645 3390 2770 3446 qua
2825 3358 3248 3434 discernimus,
3300 3382 3376 3423 ne
3423 3366 3558 3440 plus
3585 3367 3679 3421 aut
3698 3358 3869 3416 minus

2258 3460 2443 3531 justo,
2475 3442 2805 3531 prudentiae
2853 3456 2975 3511 sive
3007 3452 3339 3510 fortitudini
3367 3466 3616 3524 operam
3643 3446 3769 3503 dare
3793 3442 3867 3497 in-

2260 3547 2577 3603 veniamur
2609 3564 2622 3614 ;
2664 3551 2719 3601 et
2761 3546 2905 3617 quia
2932 3542 3206 3617 quisquis
3236 3540 3562 3614 prudentia
3583 3536 3651 3596 ad
3675 3531 3868 3590 fortitu-

2261 3635 2400 3691 dine
2430 3637 2831 3707 temperanter
2874 3633 3078 3695 utitur,
3104 3631 3338 3704 absque
3364 3629 3494 3685 ulla
3521 3619 3860 3686 contractione

2255 3724 2455 3796 justus
2481 3739 2609 3780 esse
2640 3720 3217 3797 probabitur.Virtus
3244 3725 3463 3793 quarta
3494 3720 3625 3793 post
3647 3707 3863 3797 pruden-

2260 3814 2428 3885 tiam,
2445 3813 2875 3884 fortitudinem,
2890 3819 2946 3868 et
2961 3811 3415 3885 temperantiam
3427 3852 3441 3877 ,
3470 3805 3693 3881 justitia
3711 3796 3872 3873 sequi-

2265 3906 2508 3962 tur.Duo
2538 3904 2691 3960 ostia
2715 3920 2851 3977 quae
2868 3902 2930 3958 in
2950 3902 3063 3958 hoc
3084 3901 3363 3970 ingressu
3381 3898 3552 3956 facta
3579 3890 3877 3962 sunt,dilec-

2265 3996 2340 4053 tio
2358 4000 2447 4052 est
2460 3994 2562 4051 Dei
2581 3999 2639 4051 et
2654 3991 3081 4068 proximi.Quae
3097 3991 3250 4047 bene
3270 3989 3630 4047 altrinsecus
3648 3985 3790 4042 facta
3805 3993 3882 4035 cs-

2261 4097 2323 4137 se
2352 4079 2737 4153 dicitur,quia
2766 4078 2845 4134 ad
2865 4077 3123 4134 invicem
3147 4075 3493 4149 respiciunt,
3522 4073 3683 4131 adeo
3709 4072 3768 4126 ut
3784 4077 3886 4121 una

2261 4168 2386 4224 sine
2417 4167 2602 4224 altera
2621 4181 3013 4240 nequaquam
3030 4165 3221 4238 possit
3248 4162 3477 4220 haberi.
3498 4186 3525 4212 ‹‹
3541 4159 3740 4221 Omnis
3749 4154 3884 4213 enim

2259 4256 2364 4330 qui
2389 4255 2575 4312 credit
2600 4256 2891 4328 quoniam
2904 4255 3075 4311 Jesus
3093 4258 3179 4310 est
3203 4252 3579 4319 Christus,ex
3594 4252 3712 4307 Deo
3734 4249 3885 4304 natus

2258 4348 2438 4402 est.Et
2465 4344 2662 4401 omnis
2685 4343 2790 4417 qui
2819 4342 3008 4414 diligit
3035 4358 3175 4398 eum
3203 4341 3308 4415 qui
3332 4337 3753 4411 genuit,diligit
3770 4345 3888 4391 eum

2256 4435 2362 4508 qui
2389 4438 2567 4491 natus
2596 4437 2685 4489 est
2707 4448 2779 4488 ex
2811 4448 2882 4489 eo
2913 4432 2973 4502 (I
2990 4433 3171 4489 Joan.
3202 4433 3282 4503 v).
3312 4448 3343 4484 ›
3401 4432 3468 4486 Et
3516 4431 3676 4487 sicut
3700 4427 3890 4484 iterum

2255 4523 2470 4580 dicitur
2501 4540 2515 4578 :
2552 4543 2581 4574 «
2611 4520 2723 4587 Qui
2752 4536 2876 4577 non
2913 4520 3103 4590 diligit
3132 4519 3373 4576 fratrem
3400 4534 3588 4576 suum
3617 4530 3791 4592 quem
3814 4509 3888 4566 vi-

2254 4612 2374 4682 det,
2402 4614 2589 4669 Deum
2618 4627 2801 4685 quem
2850 4626 2973 4667 non
3001 4609 3162 4666 videt
3206 4606 3517 4682 quomodo
3550 4609 3749 4682 potest
3775 4598 3890 4659 dili-

2254 4718 2393 4774 gere
2429 4702 2458 4759 ?
2488 4702 2548 4771 (Ι
2568 4703 2745 4758 Joan.
2780 4703 2886 4769 1v.)
2918 4722 2946 4749 ››
2984 4698 3152 4756 Unde
3201 4702 3357 4754 recte
3397 4695 3626 4753 ostium
3656 4689 3891 4752 exterius

2253 4791 2488 4849 dilectio
2518 4790 2804 4861 fraterna,
2858 4788 3104 4845 interius
3130 4791 3218 4843 est
3254 4785 3489 4843 dilectio
3517 4776 3895 4854 intelligenda

2252 4880 2474 4949 divina,
2517 4879 2661 4954 quia
2704 4879 2805 4935 illa
2859 4878 3022 4952 prior
3075 4882 3366 4949 tempore,
3416 4874 3549 4931 haac
3604 4871 3893 4931 divinitate

2252 4971 2583 5028 sublimior.
2638 4972 2704 5026 Et
2732 4985 2840 5043 per
2868 4968 3031 5025 illam
3061 4965 3139 5023 ad
3169 4967 3326 5022 hanc
3355 4966 3634 5036 intratur,
3681 4961 3822 5038 quia
3841 4957 3895 5014 in

2251 5077 2455 5117 amore
2491 5059 2751 5130 proximi
2797 5058 3033 5129 dicitur,
3091 5055 3347 5130 qualiter
3397 5055 3591 5111 amari
3628 5051 3897 5112 Conditor

2248 5147 2489 5203 debeat.
2524 5146 2863 5233 Notandum
2892 5161 3036 5203 sane
3066 5144 3233 5219 quod
3251 5144 3315 5201 in
3342 5143 3627 5216 ingressu
3656 5135 3895 5206 oraculi,

2248 5235 2371 5293 duo
2423 5229 2669 5309 quidem
2716 5234 2896 5292 fuisse
2935 5235 3088 5293 ostia
3113 5234 3436 5304 dicuntur;
3498 5232 3606 5291 sed
3634 5233 3767 5289 haec
3796 5229 3899 5285 du-

2246 5324 2426 5398 plicia
2456 5322 2637 5380 fuisse
2666 5339 2789 5380 non
2829 5323 3128 5381 dicuntur.
3190 5329 3254 5380 In
3304 5321 3511 5396 templi
3538 5337 3703 5390 vero,
3737 5319 3797 5376 id
3821 5318 3900 5374 est

2247 5413 2467 5470 domus
2500 5412 2715 5487 prioris
2743 5413 3007 5484 introitu,
3034 5412 3118 5469 ita
3155 5417 3326 5470 erant
3345 5411 3469 5468 duo
3495 5410 3671 5479 ostia,
3704 5413 3770 5465 ut
3799 5407 3899 5462 du-

2246 5502 2385 5576 plex
2414 5507 2572 5558 esset
2617 5509 2960 5575 utrumque.
3015 5502 3166 5569 Quia
3220 5501 3506 5558 nimirum
3535 5500 3592 5556 in
3623 5491 3899 5572 presenti

2246 5590 2528 5655 Ecclesia,
2546 5591 2724 5649 talem
2740 5607 2852 5649 nos
2882 5591 3115 5663 ingredi
3130 5606 3202 5649 ac
3213 5591 3431 5649 ducere
3451 5589 3634 5647 vitam
3658 5597 3900 5644 necesse
