4102 6184
244 213 339 268 433

1149 170 1191 224 δ’
1216 210 1470 267 ENARR.
1510 212 1581 266 1N
1620 209 1866 267 LIBROS
1905 212 2164 269 aecum.
2196 245 2265 257 —
2295 216 2363 272 IN
2405 216 2534 271 LIB.
2579 215 2671 270 Ill.

3544 216 3656 269 434

248 339 345 399 est,
375 333 439 390 in
467 347 594 405 qua
619 330 1000 388 dilectionem
1042 332 1143 388 Dei
1198 336 1254 390 et
1282 333 1538 406 proximi
1567 349 1675 407 per
1704 333 1888 389 ﬁdem
1928 340 1970 391 Α
2004 336 2362 403 offerendas,
2392 339 2476 395 ibi
2504 340 2713 394 decem
2743 338 2958 393 luteres
2990 336 3066 393 ad
3090 337 3381 393 lavandas
3409 337 3652 393 easdem

241 428 292 481 et
313 421 753 496 operationem,
797 436 906 493 per
960 421 1307 494 patientiam
1352 426 1409 479 et
1463 422 1893 493 benignitatem

239 529 562 570 servemus.
594 512 659 566 In
690 510 890 566 futura
916 513 1117 567 autem
1136 511 1260 567 vita
1277 511 1381 568 ubi
1400 515 1587 567 Deum
1618 518 1673 569 et
1703 512 1895 585 proxi-

237 618 363 660 mos
402 601 469 659 in
496 601 629 657 luce
657 604 891 656 aaternze
930 600 1313 657 beatitudinis
1340 601 1701 672 videbimus,
1730 618 1892 658 eam-

239 693 377 750 dem
407 692 614 765 utique
634 690 1008 747 dilectionem
1034 690 1300 761 gemina,
1327 691 1559 765 absque
1580 691 1703 749 ullo
1726 708 1892 766 pror-

245 798 343 837 sus
360 780 587 845 labore,
600 778 719 835 imo
735 779 795 834 in
815 796 1039 852 magna
1060 779 1438 836 multitudine
1456 780 1674 838 divina:
1695 780 1894 837 dulce-

247 868 397 925 dinis
417 868 702 925 fruemur.
722 866 884 923 Unde
900 872 1037 940 apte
1051 868 1325 924 introitus
1342 867 1633 924 interioris
1649 868 1889 936 domus,

247 957 363 1015 duo
415 957 658 1032 quidem
700 956 896 1013 ostia:
940 957 1047 1013 sed
1102 957 1231 1013 haec
1274 956 1567 1031 simplicia
1602 957 1889 1014 habebat.

246 1051 369 1105 Non
394 1047 554 1104 enim
573 1045 652 1102 ibi
676 1046 826 1103 ﬁdes
849 1047 1190 1104 necessaria
1219 1051 1326 1117 est,
1356 1047 1457 1103 ubi
1487 1063 1556 1104 ea
1573 1064 1709 1121 quae
1730 1064 1891 1105 nunc

244 1137 533 1194 credimus
563 1152 633 1192 ac
686 1152 1002 1209 speramus
1049 1136 1254 1193 omnia
1302 1135 1617 1194 manifesta
1645 1137 1777 1194 luce
1807 1137 1889 1193 vi-

238 1225 529 1282 debimus.
564 1227 693 1281 Non
722 1224 895 1281 labor
924 1240 1178 1298 operum
1199 1226 1589 1293 necessarius,
1613 1225 1717 1282 ubi
1742 1241 1891 1281 mer-

236 1314 371 1371 cede
399 1319 697 1387 perpetua
726 1328 936 1369 eorum
958 1329 1095 1386 quae
1126 1314 1220 1369 hic
1253 1313 1605 1371 laboramus
1631 1313 1886 1370 donabi-

239 1420 382 1459 mur.
414 1407 543 1460 Non
573 1402 919 1459 necessaria
947 1403 1254 1475 patientia,
1288 1404 1391 1459 ubi
1421 1419 1598 1460 nemo
1651 1403 1887 1460 adversi

248 1490 453 1565 aliquid
474 1492 721 1562 irroget.
750 1492 881 1547 Non
902 1491 1312 1549 muniﬁcentia
1344 1492 1748 1563 benignitatis,
1783 1492 1886 1549 ubi

249 1595 414 1637 nemo
444 1581 690 1652 indiget,
724 1597 879 1654 opus
909 1586 1016 1637 est.
1068 1581 1205 1637 Haec
1243 1582 1317 1638 de
1361 1584 1650 1639 ostiorum
1692 1582 1887 1653 ﬁgura

2004 424 2251 493 hostias,
2280 427 2362 483 ibi
2392 443 2557 484 mare
2584 443 2817 483 zeneum
2850 431 2973 482 erat
3029 425 3290 498 positum
3318 426 3394 481 ad
3441 427 3652 481 lavan-

2002 514 2113 571 das
2136 532 2354 572 manus
2383 516 2687 589 pedesque
2715 515 3114 573 sacerdotum.
3150 514 3423 570 Habebat
3452 514 3652 572 autem

2000 603 2114 660 hoc
2134 604 2349 661 atrium
2368 609 2657 661 trecentos
2676 605 2907 661 cubitos
2918 603 3243 659 altitudinis
3257 604 3652 677 (utJosephus

2000 693 2225 763 narrat)
2254 698 2551 766 quatenus
2580 693 2657 748 ab
2683 693 2957 765 ingressu
2990 691 3196 765 templi
3223 696 3469 747 caeteros
3519 707 3656 764 pro-

1999 781 2248 853 hiberet,
2273 788 2329 839 et
2359 782 2501 838 solis
2538 782 2950 838 sacerdotibus
2982 783 3097 837 hoc
3145 781 3317 836 licere
3358 782 3653 849 signiﬁca-

1998 875 2103 926 ret.
2142 874 2391 945 Eratque
2435 872 2486 927 ei
2534 872 2724 941 janua
2756 871 2833 927 ad
2878 869 3225 926 orientalem
3271 868 3538 943 plagam,
3574 870 3651 925 ad

1996 975 2183 1033 quam
2211 976 2404 1034 usque
2433 959 2696 1033 populus
2720 959 2946 1015 hostias
2980 975 3118 1014 suas
3158 965 3214 1014 et
3244 958 3534 1014 sacriﬁcia
3567 958 3655 1013 in-

1996 1047 2243 1119 ferebat,
2273 1048 2411 1105 inde
2442 1047 2829 1121 suscipienda
2861 1064 2895 1104 a
2926 1046 3335 1103 sacerdotibus
3362 1052 3541 1119 atque
3573 1047 3651 1104 ad

1998 1137 2181 1194 altare
2207 1137 2582 1211 proferenda.
2629 1140 2706 1193 De
2758 1137 3029 1193 exteriori
3058 1152 3200 1192 vero
3255 1136 3424 1205 atrio,
3483 1136 3649 1209 quod

1997 1225 2196 1283 Verba
2222 1226 2455 1282 dierum
2475 1225 2782 1282 basilicam
2817 1225 3106 1295 grandem
3130 1228 3366 1295 vocant,
3404 1225 3486 1281 ita
3515 1224 3652 1280 scri-

1995 1313 2084 1371 bit
2129 1315 2422 1387 Joscphus
2467 1333 2479 1370 :
2518 1314 2891 1370 Extrinsecus
2940 1319 3140 1370 autem
3176 1313 3358 1384 hujus
3420 1312 3645 1384 templi,

1995 1402 2177 1459 aliam
2202 1403 2515 1459 aediﬁcavit
2543 1402 2747 1459 aulam
2768 1401 3173 1477 quadranguli
3206 1401 3507 1457 schemate
3530 1400 3650 1456 fac-

1995 1496 2139 1549 tam.
2170 1492 2414 1564 Erigens
2462 1492 2760 1549 maximas
2811 1492 3073 1565 porticus
3131 1496 3309 1564 atque
3362 1489 3537 1560 latas,
3592 1494 3649 1545 et

1990 1586 2195 1654 portas
2220 1581 2482 1637 excelsas
2513 1586 2570 1637 et
2596 1580 2829 1655 amplas
2855 1597 2960 1654 per
2991 1584 3251 1653 quatuor
3279 1579 3491 1635 mundi
3513 1594 3647 1650 par-

251 1684 350 1742 pro
399 1670 645 1728 modulo
696 1678 922 1737 nostro,
968 1677 1284 1744 sequentes
1336 1678 1577 1746 patrum
1633 1673 1887 1743 vestigia
1927 1689 1965 1744 Β
1994 1674 2080 1725 tes
2109 1669 2169 1725 in
2223 1685 2295 1726 eo
2343 1669 2673 1733 continens,
2708 1686 2969 1743 quarum
3026 1668 3275 1739 singulae
3327 1668 3405 1724 ad
3432 1684 3646 1723 unum-

245 1756 638 1815 disseruimus.
663 1761 880 1815 Verum
892 1761 1063 1831 juxta
1082 1760 1339 1817 formam
1354 1761 1544 1835 ipsius
1562 1761 1888 1835 operis,de-

237 1846 347 1902 cori
367 1849 563 1918 gratia
588 1848 901 1921 provisum
924 1855 1028 1917 est,
1063 1854 1127 1905 ut
1150 1848 1211 1904 in
1232 1864 1353 1905 uno
1375 1849 1713 1922 eodemque
1735 1854 1886 1904 tem-

229 1934 308 2007 pli
330 1935 632 2007 ingressu,
664 1935 786 1992 duo
824 1942 1024 1992 essent
1044 1938 1215 1994 ostia.
1252 1941 1501 1994 Necesse
1520 1938 1738 1993 etenim
1760 1940 1887 1993 erat

227 2026 485 2095 parietes
510 2025 751 2091 domus,
775 2042 909 2099 quae
930 2030 1169 2081 centum
1208 2026 1416 2097 viginti
1445 2027 1678 2082 cubitos
1705 2026 1888 2082 habe-

225 2111 380 2171 bant
416 2115 479 2170 in
510 2114 841 2181 altitudine,
890 2115 1210 2172 nonnullos
1243 2115 1423 2171 etiam
1475 2115 1885 2186 grossitudinis

224 2202 471 2258 cubitos
488 2202 736 2269 habere,
758 2203 822 2258 in
846 2204 1017 2274 cujus
1036 2204 1321 2259 nimirum
1356 2203 1772 2273 grossitudinis
1793 2219 1886 2259 ex-

230 2292 436 2344 trema
454 2295 623 2362 parte
644 2291 799 2346 ostia
824 2296 990 2347 erant
1005 2291 1207 2358 afﬁxa,
1227 2293 1309 2348 ita
1328 2297 1389 2347 ut
1423 2308 1473 2347 tB
1500 2292 1654 2364 juale
1684 2292 1886 2365 parieti

229 2382 399 2433 esset
428 2378 647 2433 ostium
673 2383 1012 2452 utrumque,
1036 2384 1093 2435 et
1108 2380 1229 2436 sive
1248 2380 1426 2448 intus,
1448 2381 1570 2437 sive
1587 2381 1725 2438 foris
1746 2387 1885 2438 tem-

218 2463 405 2537 plum
439 2465 701 2537 quisque
736 2466 964 2538 positus
998 2467 1215 2523 ostium
1246 2468 1579 2541 inspiceret,
1626 2486 1783 2525 unus
1830 2469 1881 2527 ei

213 2569 331 2627 per
340 2555 555 2611 omnia
572 2556 773 2627 paries
788 2572 917 2611 esse
933 2556 1524 2615 videretur.Similiter
1537 2563 1592 2615 et
1604 2559 1881 2615 cedrinus

212 2642 419 2716 paries
438 2659 581 2699 cum
607 2643 958 2700 vicenorum
994 2646 1055 2701 in
1087 2644 1455 2716 longitudine
1486 2654 1541 2703 et
1569 2648 1880 2704 altitudine

213 2730 752 2799 essetcubitorum,
778 2749 897 2788 non
917 2748 1171 2806 parvam
1198 2740 1253 2790 et
1277 2735 1404 2808 ipse
1426 2736 1635 2792 debuit
1653 2738 1879 2794 habere

215 2820 713 2892 grossitudinem.
750 2822 1125 2895 Quapropter
1153 2828 1209 2880 et
1236 2823 1416 2895 hujus
1450 2824 1728 2897 ingressu
1756 2826 1879 2882 duo

216 2913 373 2968 facta
396 2916 541 2967 sunt
570 2912 748 2981 ostia,
773 2917 836 2968 ut
857 2911 1124 2969 videlicet
1149 2912 1226 2969 ab
1249 2919 1505 2987 utroque
1521 2915 1725 2985 latere,
1763 2915 1879 2971 hoc

1992 1773 2295 1832 quemque
2315 1763 2561 1815 ventum
2586 1763 2846 1832 quatuor
2858 1758 3094 1829 angulis
3111 1758 3519 1823 attendebant,
3543 1756 3644 1812 ubi

1992 1863 2206 1904 aureas
2217 1848 2438 1919 januas
2454 1848 2780 1905 collocavit.
2807 1848 3070 1923 Etpaulo
3092 1853 3261 1922 post:
3287 1852 3350 1903 In
3372 1848 3484 1903 hoc
3502 1863 3644 1916 ergo
3698 1874 3707 1879 α

1995 1935 2574 2006 sacrarium,omnes
2602 1937 2807 2011 populi
2828 1937 3049 2010 quibus
3074 1936 3350 2010 purgatio
3369 1941 3425 1990 et
3442 1936 3644 1990 obser-

1990 2023 2152 2081 vatio
2172 2024 2576 2095 legitimcrum
2596 2026 2787 2083 inerat
2815 2026 3161 2082 introibant.
3184 2029 3296 2081 Has
3306 2041 3448 2080 vero
3464 2023 3645 2096 porti-

1991 2112 2530 2184 cus,Cassiodorus
2567 2115 2914 2184 Senator,in
2944 2115 3178 2187 pictura
3214 2113 3419 2184 templi
3453 2128 3642 2183 quam

1988 2201 2051 2258 in
2076 2202 2387 2258 Pandectis
2412 2202 2614 2274 posuit
2637 2204 2726 2273 (ut
2744 2203 2871 2276 ipse
2909 2202 2971 2258 in
3010 2202 3383 2258 Psalmorum
3406 2199 3641 2272 exposi-

1989 2290 2147 2347 tione
2189 2292 2645 2363 commemorat)
2685 2290 2897 2365 triplici
2948 2290 3157 2347 ordine
3189 2288 3473 2345 distinxit.
3522 2287 3643 2343 Pri-

1988 2397 2162 2437 mum
2182 2379 2455 2437 videlicet
2474 2380 2746 2437 ordinem
2767 2396 3000 2453 ponens
3018 2384 3184 2436 extra
3212 2378 3427 2435 atrium
3452 2393 3644 2433 sacer-

1986 2470 2201 2526 dotum
2221 2484 2293 2525 ex
2315 2469 2481 2525 omni
2498 2474 2665 2542 parte
2682 2486 2789 2543 per
2802 2472 3122 2543 quadrum.
3158 2468 3522 2539 Secundum,
3546 2484 3642 2523 eo-

1986 2558 2127 2615 dem
2150 2557 2333 2614 modo
2354 2562 2520 2615 extra
2542 2559 2782 2615 intimas
2800 2559 3086 2632 porticus,
3104 2557 3373 2631 undique
3402 2573 3640 2612 versum

1986 2646 2048 2702 in
2071 2663 2240 2719 gyro.
2280 2649 2644 2717 Extremum,
2672 2648 2937 2705 similiter
2962 2666 3034 2704 ex
3062 2648 3226 2704 omni
3261 2647 3442 2703 latere
3480 2646 3639 2720 prio-

1984 2751 2123 2792 rum
2149 2735 2490 2808 porticuum
2511 2736 2573 2792 in
2598 2737 2865 2794 circuitu.
2887 2738 3099 2811 Sicque
3136 2737 3427 2811 templum
3456 2737 3644 2792 trifor-

1986 2825 2069 2880 mi
2089 2824 2477 2881 aediﬁciorum
2502 2827 2802 2899 praesidio,
2826 2827 2904 2883 ab
2926 2828 3092 2883 omni
3115 2832 3243 2884 erat
3262 2831 3431 2900 parte
3447 2825 3643 2881 muni-

1990 2917 2117 2969 tum
2160 2930 2173 2969 :
2216 2913 2373 2970 facto
2415 2915 2762 2987 pavimento
2814 2916 2927 2972 sub
2971 2916 3134 2987 divo,
3191 2917 3345 2971 inter
3383 2915 3640 2971 aediﬁcia

218 3003 323 3066 est,
347 3004 406 3056 et
422 2999 585 3055 intus
608 3004 664 3053 et
688 2999 827 3095 foris
860 2999 1089 3072 aequale
1119 3002 1328 3074 parieti
1349 3003 1570 3058 ostium
1601 3008 1831 3077 pateret
1862 3021 1875 3059 :
1918 3040 1958 3095 Ο
1988 3000 2225 3071 singula
2239 3001 2314 3057 de
2332 3018 2633 3059 marmore
2650 3003 3049 3077 etparietibus
3065 3004 3387 3060 domorum
3404 3003 3642 3058 interio-

222 3092 277 3143 et
300 3103 424 3162 quo
450 3104 560 3161 per
588 3087 837 3144 easdem
864 3090 1127 3162 picturas
1156 3091 1452 3147 ostiorum
1482 3108 1638 3165 quas
1684 3096 1741 3148 et
1770 3108 1878 3165 pa-

222 3175 332 3231 ries
357 3176 648 3241 habebat,
681 3177 963 3233 veraciter
988 3193 1148 3233 unus
1199 3194 1308 3251 per
1338 3180 1546 3236 omnia
1594 3185 1650 3236 et
1690 3180 1878 3236 conti-

230 3265 448 3321 nuatim
488 3271 766 3321 extentus
793 3268 990 3337 paries
1038 3266 1596 3323 videretur:unum
1649 3269 1880 3325 decoris

243 3352 418 3420 gratia
428 3354 826 3425 praetendens,
844 3354 1009 3410 aliud
1020 3354 1352 3422 ministerii,
1373 3356 1878 3429 dispensationem

243 3440 634 3512 prreﬁgurans.
679 3442 851 3509 Quod
888 3459 1032 3499 vero
1068 3443 1142 3499 de
1193 3443 1425 3517 scriptis
1471 3446 1671 3518 templi
1715 3447 1876 3503 ostiis

242 3531 508 3602 sequitur.
545 3555 572 3582 «
605 3535 671 3588 Et
699 3532 949 3605 sculpsit
976 3532 1290 3589 cherubim
1308 3540 1363 3590 et
1388 3534 1622 3606 palmas
1635 3541 1691 3591 et
1711 3536 1878 3593 caela-

238 3622 388 3676 turas
417 3622 595 3677 valde
632 3622 981 3687 eminentes,
1015 3623 1367 3696 operuitque
1403 3625 1609 3680 omnia
1635 3624 1876 3682 laminis

231 3710 451 3781 aureis,
470 3726 648 3782 opere
670 3710 904 3784 quadro
935 3711 1014 3768 ad
1034 3712 1306 3782 regulam
1335 3730 1348 3768 :
1374 3735 1401 3763 »
1428 3714 1572 3787 quia
1591 3714 1877 3771 nimirum

238 3797 455 3852 eadem
476 3813 691 3855 arcana
722 3799 884 3871 ﬁdei,
930 3800 1059 3873 spei
1086 3807 1144 3857 et
1171 3802 1493 3873 charitatis,
1535 3821 1671 3877 qum
1700 3805 1879 3860 subli-

232 3901 364 3941 mes
410 3887 634 3960 quique
660 3904 726 3945 ac
769 3889 1016 3963 perfecti
1045 3889 1377 3947 sublimiter
1415 3894 1680 3966 capiunt,
1711 3910 1878 3967 qum-

222 3990 344 4049 que
372 3992 585 4033 omnes
616 3978 780 4035 electi
809 3979 984 4052 plene
1013 3979 1220 4036 divina
1248 3981 1470 4038 visione
1519 3983 1877 4057 percipiunt,

218 4066 401 4122 etiam
432 4066 867 4123 catechizandis
896 4067 1148 4124 rudibus
1173 4085 1283 4142 pro
1315 4086 1427 4126 suo
1457 4072 1675 4144 cuique
1700 4077 1879 4145 captu

216 4152 511 4212 discenda
534 4160 593 4211 et
618 4155 959 4212 conﬁtenda
987 4157 1304 4213 traduntur
1331 4175 1343 4213 :
1367 4165 1666 4232 quatenus
1692 4161 1875 4216 sacris

213 4243 430 4301 initiati
469 4244 791 4317 mysteriis,
839 4245 1209 4319 quandoque
1238 4247 1416 4304 etiam
1460 4249 1540 4304 ad
1581 4249 1875 4321 capienda

214 4348 284 4390 ea
311 4350 459 4408 quae
488 4334 588 4406 pie
611 4333 933 4402 credidere,
965 4336 1336 4407 perveniant.

1985 3090 2173 3161 ribus,
2194 3092 2309 3147 hoc
2321 3098 2427 3160 est,
2450 3093 2533 3148 eis
2553 3093 2657 3166 qui
2678 3093 2756 3149 ad
2778 3095 3073 3164 templum
3094 3090 3494 3164 respiciebant
3514 3092 3637 3145 fac-

1987 3180 2058 3236 tis
2086 3180 2147 3236 in
2187 3179 2505 3251 columnis,
2554 3181 2942 3237 exterioribus
2978 3196 3121 3235 vero
3159 3179 3381 3233 solidis.
3426 3178 3636 3249 Sicque

1984 3268 2168 3325 ﬁebat
2190 3274 2254 3325 ut
2281 3269 2476 3325 omnis
2507 3274 2802 3325 structura
2831 3268 3037 3341 templi
3070 3284 3172 3339 per
3202 3266 3502 3335 graduum
3546 3281 3639 3320 es-

1985 3364 2073 3415 set
2095 3359 2443 3415 varietatem
2463 3358 2888 3416 rationabiliter
2930 3357 3226 3414 distincta.
3281 3359 3548 3427 Namque
3577 3354 3640 3410 in

1987 3450 2204 3505 Sancta
2226 3452 2572 3504 sanctorum
2590 3447 3035 3518 ingrediebatur
3056 3447 3340 3520 pontifex,
3354 3444 3414 3500 in
3436 3444 3639 3517 ipsum

1985 3536 2277 3609 templum
2299 3538 2637 3593 sacerdotes
2660 3537 2957 3611 puriticati
2980 3556 2992 3593 :
3018 3537 3077 3592 iu
3103 3538 3321 3593 atrium
3358 3535 3637 3590 sacerdo-

1988 3632 2136 3698 tum,
2158 3626 2499 3683 sacerdotes
2544 3628 2841 3700 puriﬁcati
2884 3645 2897 3683 :
2944 3631 3001 3682 et
3043 3643 3165 3683 non
3198 3625 3491 3698 puriﬁcati
3518 3640 3639 3680 una

1987 3714 2332 3771 cumlevitis
2354 3722 2411 3771 et
2447 3717 2828 3772 cantoribus:
2852 3717 2915 3771 in
2945 3715 3221 3771 intimum
3251 3719 3447 3770 atrum
3477 3714 3638 3769 basi-

1985 3804 2109 3860 licae
2137 3803 2386 3874 majoris
2410 3804 2718 3859 viriJudaai
2742 3804 3037 3876 puriticati
3067 3807 3288 3858 stantes
3321 3807 3374 3856 et
3401 3808 3638 3856 orantes

1988 3893 2101 3949 sub
2127 3893 2283 3959 divo,
2308 3893 2357 3947 si
2388 3909 2665 3948 serenum
2696 3897 2884 3948 esset:
2920 3893 2970 3947 si
2993 3895 3332 3964 tempestas,
3365 3890 3426 3945 in
3461 3890 3638 3961 porti-

1987 4001 2093 4041 cus
2123 3982 2430 4055 proximas
2460 3999 2588 4038 sese
2606 3981 2975 4054 recipientes.
3010 3986 3069 4036 In
3101 3980 3358 4037 exterius
3418 3979 3637 4036 atrium

1986 4072 2264 4129 mulieres
2288 4070 2483 4127 vidua:
2514 4070 2861 4144 puriﬁcatae.
2923 4073 2988 4127 In
3037 4075 3372 4128 extremum
3419 4068 3638 4126 atrium

1987 4161 2234 4234 gentiles
2265 4169 2321 4217 et
2349 4161 2560 4230 Judaei,
2594 4162 2697 4234 qui
2726 4175 2921 4234 nuper
2946 4166 3235 4217 venerant
3262 4177 3333 4216 ex
3361 4159 3638 4230 gentibus

1986 4268 2176 4325 usque
2206 4268 2276 4309 ac
2297 4255 2531 4308 sextum
2550 4249 2981 4325 puriﬁcationis
3002 4251 3182 4319 diem,
3201 4251 3329 4306 haec
3352 4254 3415 4306 ut
3439 4250 3499 4305 in
3521 4249 3639 4322 pic-

1985 4346 2117 4398 tura
2148 4341 2485 4399 Cassiodori
2510 4340 2789 4398 distincta
2808 4342 3141 4415 reperimus
3162 4341 3417 4398 breviter
3448 4356 3637 4396 anno-

282 4446 312 4472 ‹‹
361 4425 433 4478 Et
460 4421 777 4478 aediﬁcavit
794 4439 897 4478 rex
929 4423 1213 4480 Salomon
1243 4425 1461 4481 atrium
1502 4425 1745 4482 interius
1773 4428 1872 4483 tri-
1914 4402 1957 4457 θ
1989 4437 2110 4487 tare
2139 4431 2483 4487 curavimus
2523 4451 2536 4485 :
2570 4431 2682 4488 rati
2711 4447 2852 4487 eum
2878 4402 2958 4488 ab
2980 4432 3239 4504 antiquis
3265 4432 3392 4487 haec
3420 4428 3637 4485 Judaeis

213 4530 243 4565 ‹
277 4512 402 4569 bus
436 4511 751 4568 ordinibus
779 4511 1049 4584 lapidum
1077 4512 1424 4585 politorum,
1446 4518 1503 4570 et
1526 4531 1647 4571 uno
1667 4516 1876 4573 ordine

214 4622 242 4650 ι
277 4592 593 4673 lignorum
626 4599 806 4655 cedri.
844 4623 870 4649 ››
906 4601 985 4656 De
1014 4600 1274 4657 interiori
1308 4603 1457 4658 atrio
1509 4602 1766 4661 breviter
1795 4606 1877 4662 lo-

210 4692 443 4763 quitur,
474 4689 553 4745 de
578 4689 850 4746 exteriori
880 4706 1126 4763 prorsus
1155 4697 1346 4747 tacere
1379 4691 1625 4749 videtur.
1655 4695 1877 4751 Verum

211 4778 267 4834 in
320 4778 529 4836 verbis
572 4778 805 4834 dierum
867 4779 1174 4852 utriusque
1230 4780 1295 4837 ﬁt
1352 4783 1595 4852 mentio,
1658 4783 1759 4839 ubi
1797 4785 1879 4840 ita

209 4869 509 4942 scriptum
541 4873 649 4923 est.
683 4891 709 4917 ‹‹
740 4869 895 4923 Fecit
924 4869 1103 4924 etiam
1136 4870 1351 4925 atrium
1395 4872 1793 4937 sacerdotum,
1823 4878 1879 4930 et

208 4955 535 5012 basilicam
567 4957 885 5027 grandem,
918 4963 976 5013 et
1000 4958 1156 5013 ostia
1180 4958 1239 5014 in
1268 4960 1515 5016 basilica
1559 4977 1695 5034 quae
1737 4962 1880 5018 texit

215 5060 340 5100 sere
367 5046 458 5114 (Il
483 5048 618 5103 Par.
656 5054 754 5107 xv).
792 5070 818 5095 ››
844 5048 1076 5103 Atrium
1107 5065 1247 5104 vero
1276 5049 1543 5118 interius,
1572 5052 1737 5124 quod
1775 5068 1878 5108 vo-

224 5139 405 5189 catur
446 5136 838 5203 sacerdotum,
870 5153 942 5192 eo
971 5138 1137 5210 quod
1191 5139 1528 5195 sacerdotes
1576 5146 1633 5198 et
1688 5142 1877 5199 levitas

215 5222 286 5280 in
316 5239 391 5281 eo
443 5225 865 5295 ministrarent,
922 5243 995 5282 ex
1037 5227 1202 5283 omni
1256 5232 1424 5300 parte
1472 5236 1598 5287 erat
1656 5231 1878 5304 templo

212 5313 684 5371 circumdatum.
717 5316 832 5372 Sed
858 5315 939 5372 ab
967 5315 1191 5372 oriente
1219 5317 1491 5387 ejusdem
1516 5319 1882 5392 templi,erat

203 5403 531 5475 ingressus
560 5403 752 5460 multo
778 5403 1019 5475 longius
1050 5421 1087 5460 a
1110 5405 1354 5478 templo,
1404 5423 1592 5478 quam
1647 5424 1685 5463 a
1717 5414 1883 5465 caete-

202 5495 289 5551 ris
322 5495 523 5552 tribus
583 5494 780 5568 plagis
835 5501 1141 5552 secretus:
1190 5496 1335 5569 quia
1376 5497 1661 5553 nimirum
1709 5499 1770 5555 in
1810 5516 1882 5557 ea

204 5570 418 5659 plaga,
445 5584 509 5641 id
552 5589 655 5640 est‘
688 5584 751 5640 in
800 5584 951 5641 facie
994 5585 1222 5658 templi,
1280 5586 1508 5641 ﬁebant
1557 5588 1884 5645 ministeria

205 5680 597 5741 sanctorum,
631 5672 714 5729 ibi
763 5673 946 5731 altare
996 5690 1233 5731 aeneum
1263 5674 1339 5731 ad
1371 5673 1594 5730 hostias
1631 5678 1882 5734 Domino

1985 4520 2285 4591 didicisse,
2340 4536 2537 4593 neque
2590 4520 2787 4575 virum
2856 4527 2981 4576 tam
3028 4519 3327 4576 eruditum
3382 4516 3637 4569 voluisse

1984 4610 2327 4682 exemplum
2355 4608 2593 4679 legendi
2610 4622 2968 4681 proponere,
2999 4622 3135 4678 quae
3168 4620 3291 4659 non
3319 4603 3446 4672 ipse
3471 4600 3636 4670 prius

1984 4714 2126 4755 vera
2146 4714 2278 4754 esse
2308 4696 2708 4767 cognovisset.
2738 4695 2870 4749 Haec
2893 4699 3031 4748 sunt
3058 4694 3483 4761 loca,quorum
3516 4702 3639 4742 me-

1984 4782 2157 4837 minit
2182 4796 2499 4852 supremus
2526 4776 2826 4849 graduum
2852 4775 3147 4848 psalmus,
3170 4772 3274 4846 qui
3296 4772 3378 4827 ita
3391 4770 3598 4844 incipit
3621 4788 3633 4826 :

1987 4894 2015 4920 «
2050 4874 2193 4925 Ecce
2226 4885 2386 4923 nunc
2414 4866 2744 4923 benedicite
2799 4864 3051 4921 Domino
3104 4879 3314 4920 omnes
3344 4863 3499 4920 servi
3524 4866 3638 4920 Do-

1986 4960 2153 5021 mini,
2176 4958 2279 5032 qui
2308 4956 2474 5013 statis
2500 4957 2559 5012 in
2591 4956 2775 5011 domo
2806 4957 3061 5022 Domini,
3093 4956 3155 5012 in
3203 4955 3364 5013 atriis
3420 4954 3639 5013 domus

1988 5050 2088 5108 Dei
2116 5048 2301 5105 nostri
2324 5048 2510 5117 (Psal.
2541 5048 2799 5117 cxxxm).
2836 5069 2863 5097 υ
2898 5048 2961 5102 ln
2987 5048 3080 5104 his
3124 5047 3450 5121 porticibus
3479 5050 3639 5105 Jere-

1987 5143 2139 5200 mias
2169 5145 2226 5198 et
2254 5140 2560 5213 propheta:
2592 5136 2723 5202 alii;
2757 5139 2817 5195 in
2845 5138 2937 5194 his
2965 5139 3254 5196 Dominus
3279 5144 3335 5196 et
3363 5139 3637 5212 apostoli,

1986 5231 2239 5289 verbum
2290 5227 2515 5303 populo
2559 5228 2991 5301 praedicabant.
3050 5230 3114 5284 In
3168 5230 3387 5285 horum
3440 5230 3643 5301 aliqua

1992 5322 2278 5378 Dominus
2300 5318 2548 5375 sedebat
2600 5317 2846 5386 docens,
2901 5320 3147 5390 quando
3198 5335 3235 5375 a
3274 5319 3643 5375 tentantibus

1988 5410 2298 5467 Pharisaeis
2331 5408 2543 5465 mulier
2566 5407 2665 5465 illa
2689 5408 2960 5465 adultera
2984 5408 3314 5479 judicanda
3334 5408 3534 5464 oblata
3556 5410 3653 5479 est,

1988 5502 2187 5572 (Joan.
2219 5501 2363 5570 Vill).
2394 5499 2459 5554 In
2505 5499 2598 5554 his
2632 5498 2860 5553 invenit
2917 5498 3239 5554 vendentes
3270 5501 3324 5553 et
3377 5501 3641 5552 ementes

1990 5604 2156 5649 oves,
2184 5587 2371 5643 boves
2401 5592 2458 5642 et
2487 5586 2800 5643 columbas
2827 5604 2839 5641 :
2864 5588 3097 5659 hosque
3126 5602 3265 5641 cum
3286 5585 3408 5639 suis
3436 5581 3641 5639 merci-

1993 5674 2213 5733 moniis
2269 5675 2600 5732 eliminavit
2653 5691 2685 5732 e
2740 5675 2963 5749 templo
3002 5675 3243 5743 (Matth.
3277 5674 3505 5736 xxx).Et
3549 5666 3641 5721 his
