4092 6178
413 167 520 222 435

1518 167 1874 224 ANGELOMI
1913 163 2362 222 LUXOVIENSIS
2400 169 2715 226 MONACHI

3729 165 3830 219 436

413 289 623 346 Petrus
644 291 701 344 et
727 290 984 344 Joannes
1014 287 1299 344 claudum
1328 290 1694 346 invenientes
1750 293 2060 357 sanarunt,
2101 292 2149 344 A
2178 305 2314 344 cum
2344 290 2565 350 ﬁducia
2595 293 3056 366 proloquuntur.
3090 292 3214 346 Non
3277 287 3436 345 enim
3488 286 3684 342 audeo
3733 286 3833 344 ali'

416 396 488 438 ac
518 395 722 437 secum
751 375 1149 445 ingredientes
1175 379 1418 436 interius
1444 380 1824 437 adorandum
1882 381 2065 434 duxe-

414 472 556 526 runt
577 467 726 537 (Act.
748 469 830 532 v).
854 467 918 519 In
940 464 1034 520 his
1053 466 1266 524 orabat
1281 469 1476 524 omnis
1501 469 1816 525 multitudo
1834 466 2066 540 populi,

414 551 662 629 quando
683 551 998 608 incensum
1019 555 1266 626 ponenti
1297 557 1588 614 Zachariae
1615 557 1866 628 angelus
1885 557 1960 611 ad
1983 554 2067 609 a1-

414 649 540 701 tare
560 641 968 716 thymiamatis
985 645 1282 716 apparuit,
1314 662 1572 720 eumque
1590 648 1664 703 de
1686 644 2070 720 praecursoria:

417 733 656 790 Domini
697 731 998 788 nativitate
1037 733 1352 805 perdocuit
1378 739 1542 805 (Luc.
1577 740 1636 809 1).
1698 741 1822 793 Non
1870 743 2070 790 autan

415 823 544 878 haec
571 821 720 877 atria
745 837 883 875 cum
905 821 1234 893 porticibus
1263 825 1385 881 suis
1416 831 1731 899 aspectum
1760 825 1965 897 templi
1997 825 2070 877 tle

415 912 594 980 longe
625 912 1070 983 aspectantibus
1119 913 1487 973 abscondere
1528 922 1848 990 potuerunt
1883 933 1895 970 :
1929 915 2072 987 quia

415 1003 584 1058 locus
611 1002 673 1057 in
701 1017 823 1075 quo
853 1004 1146 1078 templum
1201 1011 1328 1064 erat
1349 1007 1545 1076 situm,
1591 1008 1846 1064 multum
1891 1005 2073 1060 subli-

416 1092 572 1149 mior
596 1097 740 1164 erat,
773 1110 961 1166 quam
990 1095 1096 1151 ubi
1114 1096 1378 1154 fundatae
1409 1099 1672 1171 porticus
1703 1099 1884 1153 fuere.
1921 1100 2068 1151 Nam

419 1182 574 1239 sicut
592 1184 885 1256 Josephus
924 1185 1145 1257 scribit,
1168 1191 1446 1243 extremae
1476 1188 1765 1244 atriorum
1805 1187 2067 1250 fabricis,

419 1288 560 1328 cum
575 1273 637 1330 in
661 1274 1115 1346 quadringentis
1146 1275 1359 1332 cubitis
1379 1281 1577 1332 essent
1599 1281 1807 1332 erectae
1838 1280 2070 1331 tantum

418 1362 498 1420 ad
516 1363 792 1419 verticem
807 1379 1002 1436 usque
1024 1366 1242 1421 montis
1261 1366 1323 1421 in
1346 1383 1468 1440 quo
1494 1367 1784 1438 templum
1813 1364 2068 1420 aediﬁca-

419 1454 548 1507 tum
560 1456 671 1514 est,
684 1459 1104 1525 pervenerunt.
1119 1455 1254 1510 Haec
1275 1455 1521 1526 quidem
1534 1455 1607 1510 de
1622 1456 1915 1509 structura
1933 1461 1982 1508 te
1993 1469 2076 1506 m-

419 1540 502 1612 pli
531 1541 799 1597 studi0so
837 1541 1040 1598 lectori
1072 1543 1435 1600 credidimus
1464 1543 1822 1608 intimanda,
1864 1558 2076 1598 verum

2177 379 2322 449 quid
2352 379 2516 452 loqui
2545 399 2754 437 eorum
2787 398 2923 454 quae
2954 396 3060 452 per
3090 394 3184 433 me
3214 393 3331 433 non
3360 375 3538 432 efﬁcit
3569 375 3829 432 Christus

2176 466 2237 522 in
2280 468 2682 526 obedientiam
2731 470 3018 540 gentium,
3070 467 3256 524 verbo
3312 470 3368 522 et
3420 465 3588 521 factis
3647 467 3828 537 ,Rom.

2177 559 2291 628 xv).
2330 561 2393 614 Et
2422 560 2636 615 iterum
2675 578 2686 614 :
2723 583 2748 607 ‹‹
2794 561 3026 614 Bonum
3083 561 3384 614 certamen
3432 554 3673 618 certavi,
3709 571 3835 610 cur-

2181 663 2316 700 sum
2340 649 2777 712 consummavi,
2810 646 2995 702 ﬁdem
3018 645 3248 701 servavi
3280 664 3293 700 :
3327 643 3402 700 de
3432 647 3642 700 caetero
3664 659 3837 714 repo-

2181 736 2289 791 sita
2322 741 2412 792 est
2441 737 2587 792 mihi
2618 752 2840 793 corona
2866 735 3105 806 justitiaa
3134 736 3220 803 (II
3262 736 3409 790 Tim.
3439 734 3536 805 1v).
3571 754 3598 781 »
3658 734 3836 787 Acce-

2181 825 2362 880 debat
2377 827 2620 899 quidem
2643 825 2860 897 vulgus
2883 841 3073 898 usque
3093 822 3173 880 ad
3193 824 3410 880 atrium
3428 821 3835 891 sacerdotum,

2180 915 2404 971 hostias
2434 933 2575 971 suas
2611 917 2688 972 ad
2745 931 2934 986 usque
2964 915 3145 986 hujus
3199 915 3452 985 januam
3507 910 3836 980 deferebat,

2183 1009 2488 1078 susceptas
2515 1022 2550 1061 a
2587 1004 3020 1075 sacerdotibus,
3054 1009 3232 1076 atque
3274 1003 3333 1057 in
3366 1001 3536 1058 altari
3574 1000 3836 1068 oblatas,

2182 1095 2370 1150 oculis
2397 1095 2890 1168 prosequebatur.
2948 1099 3011 1150 ln
3068 1094 3268 1167 ipsum
3314 1092 3494 1149 etiam
3542 1090 3836 1164 templum

2183 1201 2320 1239 cum
2349 1185 2726 1256 aperiebatur
2748 1184 3026 1240 intuitum
3056 1199 3230 1239 suum
3255 1183 3480 1252 alonge
3515 1179 3836 1250 dirigebat,

2184 1290 2292 1328 nec
2315 1279 2509 1328 tamen
2541 1273 2756 1330 atrium
2784 1272 3163 1329 sacerdotum
3203 1271 3463 1328 intrandi
3479 1269 3822 1326 facultatem

2183 1362 2464 1419 habebat.
2501 1364 2723 1419 Verum
2747 1363 2821 1419 de
2847 1361 3226 1418 inferioribus
3257 1359 3559 1417 clamabat
3598 1357 3674 1414 ad
3717 1361 3830 1413 Do-

2184 1453 2437 1518 minum,
2463 1453 2605 1525 quia
2626 1469 2734 1508 nec
2766 1451 3100 1508 carnalium
3120 1451 3183 1506 in
3205 1449 3462 1506 Ecclesia
3484 1447 3836 1521 simplicitas

2186 1559 2220 1596 a
2252 1542 2500 1597 Domino
2525 1542 2866 1614 despicitur,
2920 1540 3165 1613 quando
3197 1539 3448 1595 ﬁdeliter
3475 1554 3549 1593 ea
3572 1553 3709 1609 quae
3733 1552 3838 1591 va-

419 1629 484 1684 in
501 1629 586 1684 eis
621 1646 1001 1704 quascunque
1030 1632 1331 1700 Scriptura
1370 1649 1542 1689 sacra
1561 1635 1776 1688 referre
1804 1648 2076 1689 commo-
2115 1645 2156 1698 Β
2183 1629 2305 1685 lent
2335 1629 2414 1684 illi
2443 1635 2583 1686 voto
2614 1630 2849 1702 pietatis
2879 1630 3155 1685 offerunt.
3188 1627 3454 1697 Dirigunt
3480 1627 3640 1682 enim
3672 1625 3837 1681 visus

421 1719 569 1775 dum
585 1720 774 1788 duxit,
787 1721 1013 1793 ﬁguras
1028 1723 1453 1796 mysteriorum
1469 1740 1833 1796 quaeramus,
1854 1724 2074 1779 caeteris

421 1825 532 1882 pro
551 1809 808 1868 historiae
839 1813 1176 1884 cognitione
1207 1815 1549 1887 simpliciter
1589 1819 1847 1870 utamur.
1879 1813 2080 1868 zEdiﬁ-

422 1901 583 1956 cium
611 1917 752 1971 ergo
781 1903 989 1976 templi
1013 1903 1170 1961 intra
1189 1905 1409 1962 atrium
1431 1905 1832 1973 sacerdotum,
1853 1905 2077 1978 perfec-

424 1996 620 2047 torum
647 1991 711 2048 in
741 1998 948 2050 sancta
978 1994 1240 2052 Ecclesia
1279 2000 1335 2052 et
1383 1995 1731 2052 sublimium
1761 1996 1947 2050 vitam
1977 2011 2078 2050 ex-

424 2081 629 2154 primit
654 2084 936 2155 virorum,
972 2101 1181 2142 eorum
1215 2086 1488 2144 videlicet
1517 2087 1624 2160 qui
1656 2091 1714 2142 et
1734 2086 2082 2142 excellentia

424 2172 710 2230 virtutum
740 2177 992 2233 Domino
1018 2178 1528 2252 appropinquare,
1549 2181 1606 2234 et
1624 2178 1754 2233 aliis
1779 2177 1962 2232 verbo
1992 2183 2080 2231 at-

425 2279 544 2336 que
582 2281 761 2338 opere
809 2267 1099 2324 ducatum
1147 2269 1340 2325 solent
1368 2269 1680 2324 ostendere
1713 2268 1936 2324 salutis.
1975 2270 2079 2323 Sa-

425 2355 636 2412 cerdos
663 2372 929 2430 namque
959 2358 1039 2415 ab
1069 2376 1140 2415 eo
1173 2360 1374 2416 Latine
1403 2375 1626 2415 nomen
1651 2359 1897 2430 accepit,
1916 2358 2082 2431 quod

425 2460 666 2503 sacrum
689 2449 957 2519 praebere
998 2449 1265 2506 dicatum
1294 2451 1629 2506 minoribus
1653 2451 1870 2505 debeat
1907 2467 1919 2503 :
1958 2465 2081 2520 quo

423 2536 669 2592 nomine
710 2537 772 2593 in
802 2539 1116 2611 Scripturis
1165 2541 1416 2612 mystice
1468 2556 1591 2596 non
1636 2540 1832 2594 solum
1877 2539 2080 2594 altaris

423 2623 731 2693 ministris,
763 2628 1028 2700 episcopi
1075 2629 1345 2687 videlicet
1391 2635 1448 2686 et
1477 2629 1830 2702 presbyteri,
1889 2629 1994 2684 sed
2024 2632 2081 2685 et

425 2729 636 2770 omnes
666 2717 870 2790 utique
901 2723 1217 2776 censentur
1245 2721 1349 2792 qui
1371 2719 1680 2777 altitudine
1711 2724 1882 2775 rectae
1935 2735 2078 2775 con-

423 2805 778 2864 versationis
815 2825 887 2864 ac
915 2808 1201 2866 doctrinae
1233 2811 1509 2867 salutaris
1532 2811 1813 2876 eminent,
1857 2827 1966 2866 nec
1999 2811 2078 2864 si-

423 2893 765 2968 bimetipsis
793 2899 1238 2971 tantummodo,
1270 2900 1376 2955 sed
1400 2905 1456 2956 et
1484 2899 1756 2971 pluribus
1783 2905 2032 2970 prosunt
2060 2915 2072 2953 :

424 2983 530 3055 qui
554 2985 702 3042 dum
729 3003 985 3061 corpora
1011 3006 1121 3046 sua
1144 2990 1406 3046 hostiam
1432 2991 1750 3058 viventem,
1783 2994 2076 3061 sanctam,
2118 3002 2158 3057 c

426 3074 546 3128 Deo
575 3074 913 3146 placentem
938 3079 1218 3136 exhibent
1245 3081 1432 3151 (Rom.
1455 3079 1584 3150 xu),
1611 3079 1934 3135 sacerdotis
1965 3081 2079 3135 tale

423 3161 690 3233 profecto
713 3165 1113 3223 ministerium
1145 3167 1527 3241 spiritualiter
1555 3173 1848 3223 exercent.
1879 3171 2080 3240 Neque

425 3250 587 3308 enim
611 3253 908 3328 episcopis
933 3256 1130 3312 solum
1159 3261 1216 3312 et
1235 3256 1602 3330 presbyteris
1628 3275 1641 3324 ;
1674 3272 1885 3312 verum
1915 3257 2081 3312 omni

427 3341 700 3399 Ecclesiae
728 3345 1092 3417 loquebatur
1147 3348 1458 3420 apostolus
1504 3350 1708 3404 Petrus
1763 3364 1902 3403 cum
1948 3349 2075 3404 ait:

428 3450 457 3479 ‹‹
488 3432 605 3486 Vos
634 3436 836 3488 autem
868 3449 1057 3503 genus
1086 3435 1361 3507 electum,
1398 3437 1596 3506 regale
1654 3438 2076 3506 sacerdotium,

428 3531 576 3586 gens
597 3525 820 3588 sancta,
840 3522 1102 3593 populus
1127 3525 1558 3595 acquisitionis.
1590 3548 1618 3575 ››
1643 3525 1825 3595 Cujus
1852 3527 2080 3582 honore

430 3605 755 3679 dignitatis,
805 3610 986 3666 etiam
1019 3612 1302 3684 antiquus
1345 3613 1608 3686 populus
1645 3615 1747 3670 Dei
1777 3619 1901 3670 erat
1941 3615 2078 3670 insi-

430 3693 649 3766 gnitus,
681 3697 914 3755 dicente
933 3702 1069 3773 ipso
1091 3701 1172 3758 ad
1195 3704 1436 3777 Moysen
1464 3703 1678 3774 (Exod.
1706 3710 1826 3770 xxx)
1855 3721 1867 3759 :
1895 3726 1923 3753 ‹‹
1948 3707 2079 3760 Haec

429 3782 594 3840 dices
622 3785 830 3844 domui
853 3790 1058 3861 Jacob,
1113 3795 1171 3847 et
1203 3791 1591 3848 annuntiabis
1638 3791 1773 3848 ﬁliis
1803 3793 2004 3849 Israel.
2049 3815 2078 3843 »

430 3872 499 3929 Et
524 3875 709 3947 paulo
733 3882 870 3950 post
901 3896 912 3935 :
945 3899 973 3928 «
1010 3882 1072 3936 Et
1089 3896 1198 3937 vos
1229 3880 1387 3938 eritis
1415 3881 1564 3937 mihi
1593 3881 1655 3937 in
1699 3895 1953 3951 regnum
1983 3898 2079 3938 sa-

431 3963 747 4034 cerdotale,
778 3971 834 4022 et
860 3983 1006 4038 gens
1036 3973 1263 4026 sancta.
1296 3991 1324 4019 »
1361 3970 1612 4027 Basilica
1659 3986 1803 4026 vero
1835 3971 2081 4040 grandis

428 4066 566 4122 quas
594 4057 722 4109 erat
755 4060 921 4112 extra
951 4057 1168 4114 atrium
1196 4060 1596 4130 sacerdotum,
1625 4060 1687 4115 in
1717 4077 1840 4132 quo
1883 4060 2080 4115 omnis

431 4140 637 4212 populi
663 4142 981 4200 multitudo
1007 4146 1281 4218 adorare,
1309 4149 1430 4203 sive
1461 4149 1541 4204 ad
1560 4149 1813 4204 verbum
1837 4149 2082 4204 audien-

430 4226 578 4284 dum
609 4231 908 4288 conﬂuere
929 4234 1182 4306 solebat,
1205 4237 1538 4292 carnalium
1560 4237 1622 4292 in
1653 4241 1860 4294 sancta
1884 4236 2078 4292 Eccle-

2185 1735 2221 1774 a
2250 1717 2427 1789 longe
2458 1719 2519 1774 in
2545 1719 2769 1791 templo
2800 1719 2920 1785 Dei,
2951 1735 3090 1774 cum
3117 1717 3304 1773 vitam
3335 1715 3683 1771 sublimium
3715 1714 3837 1770 dis-

2185 1824 2335 1872 cere,
2369 1813 2426 1864 et
2450 1807 2736 1864 admirari
2766 1807 2978 1863 sedulo
3009 1806 3273 1876 gaudent
3305 1824 3317 1861 :
3343 1811 3399 1861 et
3421 1821 3575 1877 quos
3604 1804 3838 1860 virtutis

2185 1897 2515 1952 imitatione
2537 1897 2704 1968 sequi
2726 1900 3053 1970 nequeunt,
3086 1896 3200 1968 piae
3231 1893 3627 1950 venerationis
3675 1909 3840 1949 com-

2185 1987 2528 2057 plectuntur
2565 1986 2800 2042 affectu.
2835 1985 3051 2041 Vident
3077 1984 3304 2040 hostias
3342 1982 3720 2039 sacerdotum
3779 1982 3838 2038 in

2188 2073 2356 2129 altari
2372 2074 2509 2142 igne
2537 2091 2706 2130 sacro
2735 2078 3066 2146 sanctoque
3087 2073 3363 2130 consumi
3389 2090 3402 2127 :
3423 2072 3566 2144 quia
3587 2087 3839 2142 magno-

2186 2179 2321 2217 rum
2351 2179 2534 2234 opera
2555 2167 2922 2234 cognoscunt
2939 2180 2974 2219 a
2996 2163 3248 2219 Domino
3269 2177 3375 2233 per
3397 2160 3679 2232 Spiritum
3702 2177 3836 2216 san-

2187 2255 2347 2306 ctum
2370 2252 2688 2320 dignanter
2715 2251 2923 2324 accipi.
2949 2251 3217 2307 Aﬂ'erunt
3246 2255 3302 2306 et
3329 2265 3471 2304 suas
3503 2249 3726 2305 hostias
3760 2251 3836 2306 ad

2186 2341 2402 2396 atrium
2431 2339 2813 2396 sacerdotum
2860 2339 3197 2396 offerendas
3248 2338 3499 2394 Domino
3538 2353 3646 2410 pro
3698 2336 3833 2408 illis,

2185 2428 2334 2484 dum
2360 2428 2524 2485 bona
2544 2445 2680 2500 quis
2711 2429 3034 2502 praevalent
3060 2433 3396 2502 operantes,
3429 2426 3725 2498 majorum
3759 2443 3826 2481 ac

2186 2517 2520 2580 doctorum,
2543 2523 2599 2572 et
2619 2515 3052 2575 confirmantur
3077 2515 3486 2573 exhortatione
3541 2520 3594 2572 et
3648 2515 3818 2570 inter-

2187 2606 2453 2662 cessione
2497 2607 2746 2663 Domino
2777 2607 3297 2663 commendantur.
3359 2604 3621 2662 Otterunt
3650 2603 3826 2660 etiam

2187 2698 2325 2749 tunc
2346 2694 2571 2750 hostias
2589 2712 2728 2749 suas
2742 2694 3152 2752 sacerdotibus
3166 2710 3272 2766 per
3284 2709 3388 2749 eos
3407 2692 3652 2749 Domino
3671 2708 3830 2747 com—

2187 2782 2584 2849 mendandos,
2610 2800 2748 2839 cum
2773 2785 2993 2840 sanctis
3013 2783 3358 2857 quibusque
3380 2780 3693 2851 egentibus
3733 2797 3834 2836 nc-

2188 2871 2443 2928 cessaria
2476 2873 2684 2927 mundi
2712 2873 2912 2942 hujus,
2931 2873 3153 2944 quibus
3176 2871 3288 2944 ipsi
3318 2870 3654 2936 abundant,
3682 2887 3839 2925 sum-

2190 2977 2301 3015 mae
2337 2959 2626 3016 mercedis
2647 2961 3149 3032 intuitu,Domino
3181 2959 3443 3016 tribuunt
3474 2959 3840 3014 admonente

2189 3067 2258 3106 ac
2287 3049 2518 3107 dicente
2548 3069 2560 3106 :
2597 3074 2623 3100 ‹‹
2657 3051 2850 3107 Facite
2881 3049 3052 3106 vobis
3077 3049 3300 3106 amicos
3350 3049 3422 3103 de
3481 3064 3842 3103 mammona

2188 3140 2531 3212 iniquitatis,
2551 3144 2614 3195 ut
2631 3157 2768 3196 cum
2791 3140 3140 3208 defeceritis,
3166 3137 3450 3210 recipiant
3465 3153 3574 3192 vos
3588 3136 3651 3192 in
3669 3141 3842 3193 aeter-

2189 3245 2271 3286 na
2294 3229 2862 3297 tabernacula(Luc.
2898 3229 3042 3300 xvx).
3070 3251 3096 3279 »
3133 3231 3281 3284 Bene
3310 3227 3525 3282 atrium
3559 3226 3839 3282 sacerdo-

2189 3322 2316 3373 tum
2350 3317 2536 3373 tribus
2567 3317 2880 3374 ordinibus
2924 3317 3196 3389 lapidum
3237 3314 3581 3388 politorum,
3632 3319 3690 3370 et
3720 3329 3839 3369 uno

2190 3407 2396 3462 ordine
2419 3407 2718 3477 lignorum
2741 3407 2902 3463 cedri
2918 3405 3281 3462 aediﬁcatum
3299 3421 3430 3460 esse
3450 3407 3835 3460 memoratur.

2188 3499 2322 3551 Tres
2353 3497 2575 3568 quippe
2606 3497 2846 3552 ordines
2871 3501 3009 3551 sunt
3040 3496 3272 3568 lapides
3294 3495 3636 3567 politorum,
3662 3492 3833 3559 ﬁdes,

2190 3600 2345 3657 spes,
2388 3583 2666 3640 Charitas.
2691 3589 2752 3640 Et
2795 3593 2948 3640 recte
2994 3585 3338 3657 politorum,
3375 3581 3510 3655 quia
3552 3586 3707 3637 certa
3733 3595 3833 3634 ne-

2190 3673 2445 3728 cessaria
2473 3677 2560 3728 est
2580 3673 2814 3728 dicendi
2842 3673 3079 3730 solertia
3098 3689 3219 3746 qua
3241 3671 3493 3746 quisque
3522 3663 3823 3742 quomodo

2189 3762 2446 3826 credere,
2479 3762 2626 3834 quid
2658 3779 2898 3835 sperare
2923 3763 3046 3819 sive
3071 3761 3315 3831 diligere
3345 3761 3554 3817 debeat
3583 3756 3828 3827 dignos—

2189 3856 2302 3921 cat,
2327 3868 2483 3906 unus
2509 3856 2709 3908 autem
2728 3852 2877 3908 ordo
2913 3852 3214 3922 lignorum
3241 3851 3401 3908 cedri
3415 3851 3546 3923 ipsa
3570 3853 3655 3904 est
3673 3846 3839 3903 bona

2188 3940 2475 4014 operatio,
2501 3958 2570 3997 ac
2589 3940 2713 3997 sine
2733 3943 3111 4015 corruptione
3134 3939 3533 3997 simulationis
3552 3935 3838 4004 exhibita,

2190 4030 2314 4085 sine
2333 4031 2504 4101 cujus
2536 4029 3074 4104 superadjectione,
3120 4028 3291 4096 ﬁdes,
3347 4045 3504 4102 spes,
3560 4026 3842 4095 Charitas,

2187 4136 2330 4174 vera
2360 4135 2487 4174 esse
2518 4135 2640 4174 non
2686 4120 2860 4175 valet.
2916 4117 3144 4175 Dictum
3192 4133 3456 4191 namque
3484 4121 3570 4173 est
3599 4115 3842 4188 saepius,

2189 4208 2354 4280 quod
2383 4209 2546 4277 ligna
2567 4209 2725 4265 cedri
2755 4214 2998 4282 propter
3026 4208 3227 4264 odoris
3251 4207 3508 4278 gratiam
3539 4211 3596 4262 et
3642 4205 3845 4278 impu-

429 4315 728 4412 sia.vitam
757 4335 1076 4394 moresque
1100 4296 1426 4394 ﬁguraliter
1471 4324 1751 4380 insinuat.
1787 4326 2077 4391 Qualibus
2120 4358 2162 4412 ο
2193 4297 3274 4412 ξξίξίξῗῗξῗῗ,Πᾶξυνῗῄξοξθξηξίξίξξ
3328 4315 3434 4412 Pi”:
3439 4296 3848 4412 531'???“ng

428 4405 569 4463 dicit
595 4410 950 4482 Apostolus:
986 4432 1015 4460 «
1049 4414 1115 4467 Et
1143 4427 1254 4483 ego
1286 4413 1495 4469 fratres
1541 4429 1665 4469 non
1709 4415 1877 4486 potui
1906 4415 2079 4469 vobis

425 4495 592 4569 loqui
639 4500 816 4571 quasi
872 4501 1263 4575 spiritalibus,
1324 4503 1430 4559 sed
1485 4504 1663 4576 quasi
1687 4503 2078 4561 carnalibus:

427 4589 719 4660 tanquam
771 4589 1038 4661 parvulis
1094 4590 1157 4646 in
1215 4591 1441 4650 Christo
1508 4592 1603 4649 lac
1655 4593 1824 4649 vobis
1871 4598 2081 4664 potum

427 4675 586 4747 dedi,
612 4693 736 4734 non
764 4695 989 4737 escam.
1024 4702 1052 4731 »
1085 4682 1194 4747 Qui
1247 4681 1401 4738 bene
1432 4698 1538 4754 per
1565 4683 1879 4740 basilicam
1909 4698 2083 4753 gran-

426 4765 566 4822 dem
595 4767 1008 4840 designantur,
1033 4773 1181 4844 quia
1197 4772 1427 4846 absque
1453 4772 1571 4828 ulla
1595 4772 1898 4830 dubietate
1929 4773 2080 4829 mul-

426 4857 488 4908 to
511 4855 709 4924 major
737 4862 824 4911 est
845 4857 907 4912 in
944 4865 1152 4917 sancta
1191 4860 1450 4918 Ecclesia
1479 4860 1688 4917 talium
1717 4878 1905 4936 quam
1952 4878 2082 4934 per-

425 4937 717 4997 fectorum
744 4958 1053 5002 numerus.
1097 4949 1212 5004 Sed
1238 4955 1538 5023 quantum
1592 4966 1846 5008 numero
1894 4967 2077 5024 praes-

425 5031 572 5096 tant,
595 5032 826 5086 tantum
856 5037 1260 5094 succumbunt
1280 5040 1510 5097 merito.
1549 5041 1710 5096 Unde
1741 5045 1877 5114 apte
1911 5040 2076 5096 basi-

425 5115 540 5173 lica
567 5117 697 5174 haec
721 5120 966 5188 grandis
995 5123 1103 5179 etsi
1133 5124 1424 5196 plurimos
1459 5129 1639 5201 capit,
1671 5144 1795 5184 non
1844 5143 1949 5183 eos
1994 5133 2078 5183 ta-

425 5220 568 5261 men
595 5205 658 5262 in
690 5207 969 5267 interiora
995 5213 1202 5286 templi
1257 5214 1548 5286 deaurati,
1606 5231 1729 5272 non
1759 5215 1838 5271 ad
1875 5214 2076 5271 altaris

425 5293 712 5368 ofﬁcium,
735 5312 859 5354 non
877 5300 1082 5372 ipsum
1099 5302 1312 5360 saltem
1337 5306 1555 5362 atrium
1582 5303 1964 5359 sacerdotum
1985 5303 2075 5358 in-

425 5384 694 5444 tromittit
725 5404 738 5442 :
771 5388 916 5461 quia
943 5392 1213 5449 carnales
1237 5394 1462 5466 quique
1492 5398 1670 5464 atque
1699 5391 1920 5448 inﬁrmi
1967 5393 2074 5448 ad-

424 5473 544 5530 huc
571 5476 633 5531 in
689 5478 967 5549 Ecclesia,
1001 5481 1112 5537 etsi
1147 5481 1224 5537 ob
1277 5482 1557 5538 meritum
1601 5483 1780 5536 castae
1829 5480 1969 5536 fidei
2003 5498 2072 5538 ac

426 5563 658 5638 pietatis
679 5569 933 5626 Domino
961 5570 1192 5628 devotae
1217 5571 1298 5628 ad
1325 5571 1651 5627 electorum
1681 5574 1902 5629 sortem
1947 5588 2078 5646 per-

431 5656 636 5729 tinent,
666 5658 843 5732 longe
885 5663 1086 5718 tamen
1116 5659 1292 5718 abest
1340 5663 1408 5718 ut
1460 5659 1573 5716 illis
1602 5666 1930 5734 aequentur,
1970 5663 2076 5736 qui

2192 4388 2539 4460 famamque
2570 4389 2679 4460 piae
2712 4388 3030 4457 designant
3060 4388 3328 4445 actionis.
3362 4392 3430 4442 At
3467 4387 3581 4442 hoc
3616 4384 3848 4442 atrium

2193 4493 2385 4549 usque
2413 4477 2670 4533 universi
2701 4477 3113 4534 conscendunt
3144 4478 3329 4544 electi,
3381 4477 3485 4550 qui
3516 4475 3659 4538 ﬁde,
3709 4490 3846 4548 spe,

2189 4567 2500 4623 dilectione
2529 4571 2706 4640 atque
2728 4583 2908 4640 opere
2939 4570 3058 4624 Deo
3089 4568 3322 4640 placere
3355 4570 3648 4640 appetunt
3679 4582 3692 4620 :
3725 4566 3850 4621 hoc

2189 4656 2307 4712 alta
2339 4656 2686 4712 meritorum
2719 4657 2906 4726 gratia
2940 4656 3371 4713 transcendunt
3400 4654 3663 4728 perfecti,
3697 4671 3852 4711 cum

2187 4748 2247 4800 in
2281 4750 2445 4801 tanto
2497 4745 2783 4802 virtutum
2838 4746 3100 4802 culmine
3158 4745 3499 4819 proficiunt,
3556 4749 3618 4800 ut
3640 4743 3852 4800 dicere

2188 4833 2309 4890 suis
2345 4833 2717 4891 auditoribus
2750 4835 2982 4908 possint
3017 4853 3028 4890 :
3057 4854 3086 4887 ι
3118 4835 3446 4890 lmitatores
3497 4832 3683 4888 nostri
3762 4849 3854 4889 es-

2186 4927 2325 4990 tote,
2359 4923 2509 4979 sicut
2528 4928 2584 4979 et
2608 4939 2719 4979 nos
2747 4924 2955 4981 Christi
2991 4924 3044 4996 (Ῑ
3069 4925 3207 4980 Cor.
3238 4925 3338 4995 1v):
3375 4943 3402 4971 ››
3435 4921 3779 4992 gloriantur
3798 4925 3857 4978 et

2185 5010 2392 5067 dicunt
2424 5031 2436 5068 :
2472 5034 2499 5062 ‹‹
2533 5012 2778 5068 Nescitis
2810 5012 3102 5084 quoniam
3133 5011 3380 5081 angelos
3404 5008 3854 5084 judicabimus,

2183 5102 2413 5170 quanto
2441 5099 2635 5168 magis
2664 5099 2973 5155 saecularia
2993 5099 3020 5154 ?
3044 5100 3099 5170 (I
3125 5099 3261 5156 Cor.
3294 5105 3402 5166 v1.)
3425 5119 3452 5149 ι

2256 5245 2284 5272 ‹‹
2323 5229 2496 5278 Anno
2524 5229 2741 5294 quarto
2772 5223 3023 5280 fundata
3079 5229 3170 5279 cst
3221 5225 3442 5282 domus
3488 5225 3750 5294 Domini,
3787 5227 3853 5282 in

2185 5334 2212 5359 ‹‹
2249 5327 2454 5367 mense
2476 5311 2663 5379 tertio,
2683 5312 2814 5368 etin
2838 5325 2998 5368 anno
3016 5313 3340 5370 undecimo
3353 5330 3560 5370 mense
3580 5314 3854 5387 Bul,ipse

2185 5421 2212 5448 «
2246 5404 2333 5456 est
2354 5401 2578 5455 mensis
2621 5405 2890 5468 octavus,
2923 5401 3188 5474 perfecta
3213 5405 3300 5459 est
3325 5403 3547 5458 domus
3580 5403 3641 5458 in
3673 5403 3850 5459 omni

2187 5511 2213 5536 «
2247 5505 2426 5560 opere
2445 5505 2575 5557 suo,
2593 5493 2649 5545 et
2667 5489 2729 5545 in
2758 5489 3051 5547 universis
3088 5492 3460 5557 utensilibus,
3495 5490 3852 5548 aediﬁcavit-

2186 5598 2214 5625 ‹‹
2244 5592 2362 5648 que
2378 5592 2514 5632 eam
2536 5578 2710 5635 annis
2740 5583 2992 5653 septem.
3019 5601 3046 5630 »
3082 5583 3244 5638 Patet
3267 5579 3567 5649 allegoriae
3600 5594 3850 5647 sensus,

2184 5680 2373 5738 quare
2401 5665 2622 5724 domus
2653 5667 2888 5726 Domini
2942 5669 3239 5726 aediﬁcata
3275 5667 3348 5726 sit
3375 5667 3552 5744 annis
3579 5671 3849 5741 septem,
