4102 6184
241 120 345 183 43⁸7

1208 118 1457 185 ENARR.
1501 118 1568 175 ΙΝ
1610 114 1858 185 LIBROS
1895 115 2152 179 RBG-UH.
2194 149 2262 160 --
2302 121 2369 177 IN
2412 120 2542 187 LiB.
2584 119 2673 174 Ill.

3561 123 3671 189 438

242 241 385 316 quia
424 240 715 303 nimirum
749 245 960 303 sancta
998 240 1275 307 Ecclesia,
1323 246 1445 302 toto
1484 241 1668 312 hujus
1703 235 1907 297 saeculi
1935 239 1982 301 Α
2014 244 2259 297 nantem
2290 256 2325 297 a
2359 256 2442 309 se,
2474 239 2714 314 reliquit
2740 239 2804 297 in
2854 239 3045 296 terris.
3077 243 3206 299 Non
3241 245 3444 309 autem
3493 240 3667 301 labo-

241 334 526 405 tempore,
561 330 731 405 quod
763 335 990 404 septem
1022 330 1252 389 dierum
1301 331 1549 387 circuitu
1586 329 1903 402 peragitur,

239 437 308 479 ex
334 420 542 478 electis
574 421 956 477 constituitur
985 420 1351 478 animabus?
1383 426 1440 477 et
1469 422 1529 479 in
1561 419 1677 476 ﬁne
1709 406 1906 475 saeculi

237 526 419 567 suum
448 514 1092 592 quoquepi‘ementum
1122 509 1200 566 ad
1231 510 1419 567 tinem
1440 510 1574 584 ipsa
1599 507 1901 581 perducit:

238 599 334 657 vel
364 604 546 669 certe,
578 603 800 674 septem
833 599 1006 656 annis
1037 599 1391 659 aedificatur.
1415 599 1494 657 ob
1526 597 1907 668 significatio-

241 705 388 746 nem
418 690 620 759 gratiee
671 689 966 762 spiritalis,
1015 705 1123 763 per
1165 706 1352 763 quam
1400 689 1655 749 Ecclesia
1709 688 1904 745 solum

244 781 315 836 ut
360 779 435 835 sit
464 779 717 835 Ecclesia
746 780 1021 852 percipit;
1051 785 1279 852 septem
1318 779 1543 853 quippe
1573 779 1735 834 dona
1777 776 1905 851 Spi-

250 873 344 925 tus
372 869 561 926 sancti
581 874 889 926 enumerat
913 868 1118 937 lsaias,
1149 868 1274 923 sine
1328 868 1551 942 quibus
1582 884 1763 927 nemo
1814 865 1906 931 vel

252 957 440 1015 tidelis
474 957 662 1027 etﬁcii,
697 958 785 1017 vel
840 957 1024 1015 ﬁdem
1085 974 1344 1028 servare,
1376 957 1465 1019 vel
1504 956 1710 1013 merito
1740 955 1904 1026 ﬁdei,

247 1046 326 1103 ad
355 1064 636 1105 coronam
658 1053 854 1122 potest
877 1047 1189 1122 pervenire
1211 1048 1469 1119 justitiae.
1502 1046 1676 1113 Quod
1701 1050 1906 1103 autem

242 1135 301 1195 in
332 1142 543 1193 octavo
573 1153 738 1195 anno
766 1142 826 1193 et
860 1137 921 1195 in
976 1142 1191 1195 octavo
1241 1137 1369 1208 ejus
1396 1151 1619 1203 mense,
1644 1135 1905 1211 perfecta

239 1230 324 1285 est
351 1225 575 1282 domus
607 1226 667 1282 in
699 1226 866 1282 omni
895 1242 1074 1300 opere
1102 1242 1230 1292 suo,
1264 1226 1402 1282 etin
1418 1224 1712 1282 universis
1740 1230 1906 1281 uten-

242 1313 467 1386 silibus,
497 1315 576 1372 ad
608 1316 877 1372 futurum
905 1314 1193 1371 saeculum
1216 1314 1498 1389 diemque
1513 1313 1742 1387 judicii,
1770 1330 1903 1387 per-

248 1401 407 1459 tinet:
439 1404 693 1477 quando
715 1405 794 1461 ad
827 1409 1051 1461 tantam
1078 1405 1207 1476 jam
1238 1402 1662 1477 perfectionem
1696 1408 1904 1459 sancta

256 1492 494 1553 Ecclesia
512 1495 841 1568 perveniet,
877 1498 941 1551 ut
976 1494 1142 1567 quod
1173 1493 1223 1549 ei
1246 1492 1507 1566 amplius
1537 1491 1735 1553 addici
1764 1508 1900 1564 pos-

2012 328 2268 385 raudum
2285 329 2356 392 in
2385 329 2787 402 explanando,
2807 328 3115 402 quomodo
3140 328 3323 401 hujus
3344 330 3538 395 vidua:
3563 331 3669 391 ﬁlii

2015 418 2202 473 sancti
2257 424 2394 479 sunt
2428 418 2872 492 praedicatores,
2904 433 3045 483 cum
3074 432 3286 477 omnes
3314 418 3480 477 electi
3511 436 3573 478 se
3593 421 3666 479 ﬁ?

2011 504 2121 565 lios
2149 506 2447 564 fateantur
2476 506 2763 574 Ecclesiae,
2796 522 2936 563 cum
2965 506 3143 565 etiam
3168 505 3243 562 de
3269 506 3354 563 eis
3384 508 3667 580 praedica-

2012 594 2238 654 toribus
2270 596 2414 652 Novi
2442 594 2819 664 'l‘estamenti,
2838 594 3169 669 specialiter
3194 595 3247 652 ei
3264 596 3665 669 promittatur,

2010 684 2241 745 dicente
2267 684 2592 758 Propheta:
2615 708 2642 736 α
2667 686 2782 741 Pro
2810 684 3083 759 patribus
3109 686 3225 745 tuis
3249 685 3373 743 nati
3396 690 3539 749 sunt
3558 687 3667 746 tibi

2010 772 2135 842 ﬁlii,
2154 773 2476 831 constitues
2506 789 2610 829 eos
2640 772 2941 847 principes
2961 790 3143 849 super
3172 790 3417 845 omnem
3446 779 3668 835 terram

2012 862 2199 933 (Psal.
2229 864 2392 933 κων).
2415 881 2443 917 ›
2477 885 2505 912 α
2540 862 2695 921 Fecit
2722 867 2923 923 autem
2956 862 3155 921 Hiram
3179 880 3359 922 omne
3388 880 3542 940 opus
3569 868 3669 925 Sa-

2010 951 2287 1009 lor‘ouis.
2321 972 2349 1000 υ
2396 950 2545 1017 Quia
2592 951 2877 1011 nimirum
2922 952 3201 1011 doctores
3258 955 3469 1027 sancti,
3517 955 3667 1014 dum

2011 1041 2339 1099 ministerio
2365 1040 2529 1097 verbi
2562 1040 2811 1097 ﬁdeliter
2832 1041 3133 1112 insistunt,
3163 1058 3320 1116 opus
3343 1044 3547 1118 utique
3567 1044 3669 1115 Dei

2010 1134 2354 1203 operantur.
2398 1129 2694 1196 Quoniam
2724 1128 2836 1186 illis
2868 1128 3174 1203 loquendo
3203 1131 3536 1189 foris-viam
3564 1149 3666 1190 ve-

2008 1218 2195 1276 ritatis
2243 1218 2536 1291 aperiunt,
2570 1234 2724 1291 quos
2776 1218 2934 1276 intus
2990 1218 3346 1278 illustrando
3402 1220 3531 1295 ipse
3584 1222 3666 1283 ad

2008 1307 2172 1367 viam
2210 1307 2635 1381 przeordiuavit
2662 1313 2963 1365 aeternam.
3011 1330 3039 1357 ‹‹
3075 1310 3217 1379 Ego,
3250 1308 3462 1382 inquit,
3496 1310 3667 1384 plan~

2008 1397 2149 1465 tavi,
2196 1396 2408 1471 Apollo
2474 1398 2707 1469 rigavit,
2764 1400 2919 1456 Deus
2974 1402 3176 1457 autem
3225 1398 3664 1459 incrementum

2008 1484 2172 1543 dedit
2200 1486 2258 1555 (Ι
2278 1486 2414 1542 Cor.
2446 1488 2548 1557 iu).
2584 1509 2613 1537 ιι
2646 1517 2715 1526 -
2744 1508 2772 1536 «
2807 1486 2961 1545 Fecit
2987 1486 3103 1547 hoc
3154 1503 3311 1560 opus
3358 1503 3433 1545 ex
3462 1503 3599 1558 tere,
3633 1511 3664 1541 »

258 1579 327 1636 sit
370 1581 626 1651 invenire
660 1600 783 1641 non
811 1583 1004 1657 possit
1033 1600 1045 1639 :
1078 1581 1328 1640 habebit
1356 1580 1518 1637 enim
1566 1586 1705 1637 tunc
1732 1580 1902 1654 quod
1937 1589 1981 1662 β
2009 1575 2153 1647 quia
2199 1573 2313 1632 illis
2363 1575 2729 1635 committere
2757 1576 3012 1633 verbum
3039 1577 3253 1650 quaerit
3287 1576 3498 1643 doctor
3526 1583 3668 1639 stre-

253 1669 376 1738 pius
398 1670 491 1726 ille
530 1672 903 1730 desideratur
933 1672 1188 1745 supplex
1219 1688 1255 1728 a
1289 1670 1541 1729 Domino
1571 1670 1901 1745 quaerebat,

244 1756 473 1819 dicens:
505 1785 531 1813 ι‹
568 1762 839 1823 Domine.
868 1762 1111 1819 ostende
1134 1761 1310 1819 nobis
1335 1765 1570 1835 patrem
1604 1763 1659 1817 et
1686 1758 1906 1815 sufﬁcit

237 1847 411 1904 nobis
456 1852 659 1921 (Joan.
691 1854 830 1907 xxvi.
857 1874 885 1901 ››
916 1851 1027 1907 Sed
1076 1867 1199 1921 non
1230 1848 1675 1911 contemnenda
1704 1848 1902 1905 nasci-

230 1938 330 1991 tur
382 1938 662 2009 qutestio,
689 1940 1000 2012 quomodo
1050 1939 1286 1998 dicatur
1316 1940 1539 1995 domus
1570 1937 1802 1997 Domini
1840 1938 1905 2003 in

232 2040 451 2087 mense
478 2028 733 2099 septimo
750 2028 1189 2097 dedicationem
1207 2043 1341 2083 esse
1364 2027 1496 2098 ejus
1520 2026 1899 2098 completam.

229 2128 457 2174 mense
485 2120 693 2179 octavo
741 2117 1003 2190 perfecta
1056 2116 1117 2171 in
1148 2115 1317 2173 omni
1348 2129 1532 2189 opere
1570 2129 1699 2184 suo,
1742 2119 1800 2175 et
1841 2114 1904 2181 in

236 2201 552 2257 universis
582 2204 958 2272 utensilibus,
992 2220 1130 2261 cum
1168 2204 1229 2259 in
1263 2200 1653 2274 sequentibus
1675 2200 1905 2273 legitur

244 2291 463 2361 Neque
492 2294 691 2348 autem
720 2291 1000 2351 credibile
1045 2297 1136 2348 est
1190 2291 1359 2364 quod
1390 2295 1615 2365 septem
1661 2291 1900 2365 quidem

232 2376 431 2435 annis
450 2379 738 2452 templum
758 2380 1137 2437 aediﬁcaverit
1155 2380 1458 2445 Salomon,
1472 2384 1680 2439 octavo
1693 2395 1898 2437 mense

226 2464 439 2539 octavi
466 2467 611 2523 anni
639 2467 970 2540 perfecerit,
988 2468 1092 2525 sed
1110 2484 1298 2540 usque
1319 2467 1636 2541 septimum
1664 2483 1893 2531 annum

224 2552 372 2608 novi
405 2555 636 2614 mensis
663 2555 1099 2613 dedicationem
1122 2556 1378 2631 perfecte
1399 2554 1703 2615 distulerit.
1726 2556 1893 2614 Unde

224 2642 435 2715 potius
468 2644 786 2713 verisimile
818 2646 1050 2717 videtur
1076 2645 1326 2703 domum
1359 2650 1586 2718 septem
1612 2647 1789 2707 annis
1820 2662 1892 2704 ac

223 2736 460 2804 septem
494 2733 809 2803 mensibus
842 2734 1219 2807 aedificatam,
1252 2735 1333 2790 ita
1356 2738 1418 2792 ut
1437 2734 1651 2793 eodem
1676 2751 1892 2793 mense

224 2820 488 2893 septimo
540 2820 933 2881 dedicationis
974 2823 1045 2879 sit
1075 2823 1371 2880 celebrata
1415 2822 1786 2892 solemnitas,
1817 2840 1891 2885 ac

2011 1678 2190 1733 nuus,
2217 1662 2321 1736 qui
2355 1663 2471 1721 hoc
2500 1664 2596 1738 pie
2622 1664 2925 1739 suscipere
2952 1681 3023 1723 ac
3069 1671 3521 1739 perseveranter
3567 1684 3667 1725 cu-

2010 1751 2228 1809 stodire
2249 1752 2608 1819 desiderant,
2636 1754 2863 1827 quippe
2912 1754 3092 1815 etiam
3121 1754 3251 1815 aliis
3275 1756 3663 1830 praedicando

2008 1840 2185 1909 latius
2210 1841 2544 1905 ditfamare,
2576 1859 2832 1917 quaeque
2852 1842 2966 1917 ipsi
2989 1843 3477 1909 didicerintrecta
3504 1852 3664 1905 sata.

2010 1933 2178 2001 sunt,
2212 1930 2364 1993 (ΕΙ-18
2387 1946 2652 2004 namque
2682 1930 2992 1991 metallum
3018 1932 3195 1991 valde
3229 1949 3359 1995 esse
3388 1934 3662 1995 durabile

2010 2022 2259 2088 constat,
2292 2024 2471 2091 atque
2500 2019 2855 2080 omnimodo
2886 2036 3197 2091 sonorum.

2080 2126 2112 2173 ᾳ
2140 2111 2207 2167 Et
2230 2108 2400 2165 tinxit
2436 2108 2590 2165 duas
2617 2108 2929 2171 columnas
2957 2126 3167 2181 aereas,
3194 2109 3404 2167 decem
3442 2113 3499 2171 et
3524 2114 3660 2181 octo

2007 2218 2035 2246 ‹‹
2082 2197 2423 2263 cubitorum
2474 2198 2800 2261 altitudinis
2851 2198 3197 2265 columnam
3248 2202 3587 2272 utramque.
3627 2219 3657 2257 ι

2008 2288 2105 2342 Hie
2136 2290 2274 2341 sunt
2305 2286 2601 2343 columnae
2631 2286 2706 2342 de
2734 2286 2957 2362 quibus
2985 2287 3202 2354 Paulus
3221 2287 3334 2349 ait:
3361 2288 3658 2351 «Jacobus

2003 2378 2062 2437 et
2093 2375 2343 2448 Cephas,
2376 2380 2433 2433 et
2471 2378 2749 2445 Joannes,
2803 2375 2909 2449 qui
2950 2375 3309 2443 videbantur
3362 2376 3658 2439 columnae

2002 2479 2152 2533 esse,
2202 2463 2444 2527 dextras
2491 2463 2787 2522 dederunt
2813 2465 2961 2523 mihi
3007 2470 3065 2533 et
3088 2465 3379 2531 Barnabaa
3408 2466 3658 2527 societa-

2002 2550 2105 2608 tis:
2130 2557 2196 2609 ut
2221 2568 2334 2609 nos
2358 2552 2419 2613 in
2450 2558 2687 2624 gentes;
2720 2554 2803 2612 illi
2826 2559 3027 2615 autem
3055 2554 3116 2614 in
3142 2555 3657 2619 circumcisionem

2000 2640 2162 2711 (Gal.
2194 2641 2273 2713 υ).
2310 2664 2337 2692 ››
2390 2642 2617 2713 Quibus
2651 2643 2846 2707 verbis
2891 2643 3066 2717 quasi
3093 2660 3391 2718 exponere
3420 2644 3655 2705 videtur

1998 2728 2351 2802 mysterium
2396 2730 2816 2793 columnarum
2857 2732 3275 2804 materialium,
3304 2738 3362 2791 et
3387 2733 3536 2807 quid
3563 2734 3651 2793 vi-

1996 2816 2209 2875 delicet
2223 2817 2657 2891 ﬁguraverunt,
2668 2824 2725 2891 et
2745 2837 2934 2894 quare
2953 2822 3088 2881 dure
3110 2821 3227 2883 sint
3252 2822 3450 2894 factm,
3473 2839 3652 2898 apos-

222 2908 317 2983 die
350 2910 640 2973 Vicesimo
671 2914 841 2981 tertio
869 2912 1057 2986 ipsius
1081 2914 1306 2971 mensis
1325 2916 1413 2981 (ut
1439 2912 1627 2971 Verba
1651 2912 1887 2971 dierum
1925 2938 1966 2995 ο
1996 2904 2151 2995 ιοιρμε
2182 2922 2469 2995 namque,
2499 2912 2556 2973 et
2601 2909 2875 2973 doctores
2924 2915 3173 2973 cunctas
3203 2910 3539 2984 spirituales
3569 2911 3649 2969 si-

224 3000 489 3071 nam-ant)
520 3000 783 3073 populos
815 3001 1095 3063 Saloan
1125 3001 1206 3057 ad
1236 3001 1627 3069 tabernacula
1648 3018 1761 3059 sua
1799 3002 1886 3058 di-
1995 2993 2283 3064 gniﬁcant
2308 2994 2486 3054 fortes
2516 2996 2802 3054 nimirum
2830 2996 2950 3055 ﬁde
2978 3002 3158 3072 atque
3187 3012 3388 3069 opere,
3416 3003 3475 3057 et
3501 3015 3647 3057 con-

225 3088 466 3155 miserit.
482 3089 700 3161 Sicque
722 3096 862 3161 post
889 3105 1075 3149 unam
1097 3091 1501 3163 septimanam
1527 3089 1885 3149 adveniente

230 3189 425 3235 mense
452 3182 694 3247 octavo,
717 3178 977 3251 perfecta
1001 3179 1247 3247 inventa
1274 3178 1349 3235 sit
1376 3177 1597 3233 domus
1626 3180 1883 3248 Domini,

241 3266 297 3315 et
321 3266 589 3334 operibus
620 3267 896 3329 videlicet
922 3268 1055 3339 ejus
1084 3268 1146 3331 in
1180 3266 1489 3333 universis,
1522 3270 1580 3323 et
1625 3266 1760 3339 ipsa
1785 3266 1885 3325 de-

247 3348 514 3419 dicatione
544 3357 716 3429 prius
745 3357 1066 3430 completa.
1094 3356 1211 3417 Nisi
1244 3355 1388 3414 forte
1418 3355 1757 3428 putandum
1773 3362 1879 3427 est,

244 3442 504 3509 praedicto
530 3446 757 3519 templo
786 3445 1018 3518 aliquid
1066 3445 1265 3503 adhuc
1292 3444 1635 3503 utensilium
1672 3445 1736 3501 in
1767 3447 1879 3503 mi-

240 3529 469 3591 nisteria
500 3537 632 3607 ejus
659 3536 935 3594 additum
966 3536 1185 3595 fuisse:
1223 3541 1403 3607 utque
1435 3534 1514 3591 ad
1542 3535 1879 3607 ingressum

231 3623 425 3677 octavi
448 3625 685 3696 mensis,
717 3625 1087 3682 accelerante
1112 3639 1271 3693 rege,
1301 3627 1365 3679 ut
1392 3623 1641 3680 omnino
1671 3640 1880 3691 mense

236 3709 493 3781 septimo
520 3713 646 3784 (qui
689 3720 806 3771 erat
860 3719 1017 3771 totus
1056 3713 1362 3779 solemnis)
1389 3711 1681 3785 templum
1709 3713 1878 3769 dedi-

238 3801 497 3859 caretur:
528 3805 698 3873 atque
728 3803 809 3863 ita
848 3818 1055 3863 verum
1103 3801 1430 3873 reperiatur
1468 3804 1790 3874 utrumque
1821 3806 1879 3861 et

228 3885 516 3957 templum
548 3890 813 3947 videlicet
825 3896 1040 3951 octavo
1064 3906 1269 3953 mense
1286 3890 1348 3946 in
1364 3904 1545 3961 opere
1561 3906 1671 3945 suo
1694 3895 1873 3963 atque

216 3978 315 4033 ute
362 3976 573 4036 silibus
603 3980 955 4052 perfectum,
989 3985 1048 4039 et
1094 3980 1156 4036 in
1186 3980 1319 4051 ipso
1362 3978 1616 4051 septimo
1665 3994 1872 4037 mense

216 3992 575 4123 deiﬁcatum.

210 4064 575 4125 decﬂoatum.

847 4248 1071 4303 CAPUT
1121 4248 1232 4305 VII.

270 4445 297 4471 ιι
325 4422 486 4483 Πίεὶι
528 4440 775 4497 quoque
824 4441 929 4481 rex
982 4422 1266 4483 Salomon
1296 4427 1352 4481 et
1407 4421 1537 4479 tulit
1562 4422 1762 4483 Hiram
1790 4424 1867 4483 de

205 4532 226 4556 ι·
267 4512 453 4583 Tyra,
484 4512 677 4573 tilium
706 4512 973 4576 mulieris
1016 4512 1209 4579 vidua:
1240 4527 1313 4567 ex
1355 4510 1512 4575 tribu
1553 4511 1865 4585 Nephthali

203 4619 228 4645 ι(
266 4606 445 4671 patre
476 4601 673 4673 Tyrio,
707 4600 993 4659 artiﬁcem
1021 4599 1319 4668 aerarium,
1344 4598 1594 4672 plenum
1628 4600 1866 4673 sapien-

201 4705 226 4731 σε
267 4687 383 4755 tiae,
421 4693 483 4745 et
509 4688 907 4760 intelligentiae
946 4693 1004 4758 et
1055 4687 1342 4745 doctrinae
1386 4686 1464 4753 ad
1521 4685 1865 4761 faciendum

199 4795 223 4821 α
266 4790 458 4833 omne
486 4792 643 4850 opus
672 4794 747 4839 ex
774 4794 909 4836 sere.
947 4777 1059 4845 Qui
1089 4792 1227 4837 cum
1267 4774 1526 4833 venisset
1552 4775 1632 4833 ad
1661 4792 1865 4846 regem

198 4884 225 4911 ιι
269 4866 839 4929 Salomonem,fecit
866 4882 1046 4943 omne
1076 4882 1229 4938 opus
1258 4866 1447 4936 ejus.»
1476 4868 1541 4922 Et
1568 4866 1682 4922 hoc
1708 4883 1865 4940 mys-

197 4953 332 5006 terii
357 4955 549 5021 gratia
572 4956 801 5015 factum
827 4960 945 5013 est:
978 4954 1187 5019 artifex
1206 4955 1430 5029 quippe
1450 4956 1658 5027 Tyrius
1678 4971 1863 5030 quem

207 5039 547 5109 adiutorem
586 5046 872 5108 Salomon
926 5045 1018 5107 sui
1046 5044 1377 5118 assumpsit
1398 5044 1617 5117 operis,
1645 5044 1864 5111 electos

207 5125 283 5186 de
312 5131 587 5199 gentibus
632 5134 802 5197 verbi
833 5133 1135 5201 ministros
1167 5132 1479 5205 signiﬁcat.
1511 5134 1622 5205 Qui
1659 5133 1865 5201 videli-

200 5222 291 5283 cet
319 5220 533 5283 artifex
560 5223 810 5296 pulchre
855 5223 1072 5289 dicitur
1095 5222 1238 5295 quia
1259 5221 1417 5279 ﬁlius
1449 5226 1575 5281 erat
1598 5222 1865 5287 mulieris

198 5310 392 5371 viduae
419 5312 496 5369 de
528 5313 729 5383 lsrael,
749 5314 952 5386 inqua
968 5327 1230 5388 persona
1255 5311 1403 5368 solet
1420 5327 1863 5384 nonnunquam

190 5403 512 5476 praesentis
546 5402 831 5475 temporis
861 5401 1121 5458 Ecclesra
1171 5399 1445 5471 ﬁgurari:
1468 5414 1589 5473 pro
1627 5415 1750 5474 qua
1777 5400 1863 5461 vir

193 5509 362 5564 suus,
392 5493 676 5550 videlicet
707 5492 989 5560 Christus,
1029 5494 1219 5548 morte
1246 5494 1482 5561 gustata
1518 5490 1860 5563 resurrexit,

194 5586 379 5660 atque
406 5584 473 5646 in
527 5581 718 5673 ccelo‘s
748 5581 1102 5655 ascendens,
1134 5595 1273 5639 eam
1317 5577 1554 5649 interim
1604 5580 1865 5657 peregri-

1992 3082 2380 3155 templatione
2410 3084 2488 3141 ad
2519 3100 2782 3158 superna
2809 3089 3057 3147 erectos.
3084 3087 3227 3144 Duas
3258 3090 3400 3145 sunt
3422 3091 3643 3155 autem,

1992 3175 2056 3226 ut
2083 3177 2141 3228 et
2164 3176 2371 3245 gentes
2406 3176 2463 3228 et
2492 3172 3011 3241 circumcisionem
3034 3171 3421 3248 praedicando
3448 3172 3512 3231 in
3540 3176 3646 3232 Ec-e

1991 3259 2233 3333 clesiam
2264 3261 2663 3318 introducant.
2690 3260 2940 3325 Stabant
2966 3262 3028 3320 in
3052 3261 3289 3336 porticu
3317 3265 3456 3328 ante
3487 3261 3645 3325 fores

1988 3351 2215 3427 templi,
2244 3354 2301 3408 et
2324 3350 2665 3423 ingressum
2718 3351 2875 3409 illius
2905 3369 3014 3411 suo
3053 3352 3269 3411 decore
3293 3367 3365 3410 ac
3383 3351 3646 3426 pulchri-

1990 3440 2214 3513 tudine,
2260 3458 2333 3496 ex
2386 3447 2637 3517 utraque
2692 3446 2861 3517 parte
2918 3442 3270 3511 mirabiliter
3319 3443 3643 3515 ornabant,

1988 3529 2215 3586 Ostium
2274 3514 2488 3589 autem‘
2524 3514 2728 3607 templi
2784 3534 3071 3599 Dominus
3114 3537 3222 3605 est,
3264 3533 3411 3610 quia
3459 3514 3643 3597 nemo

1986 3618 2146 3701 venit
2174 3619 2252 3678 ad
2283 3623 2511 3681 Patrem
2538 3622 2653 3689 nisi
2677 3639 2785 3695 per
2826 3624 3031 3698 ipsum
3061 3624 3258 3696 (Joan.
3289 3624 3428 3698 XIV).
3455 3628 3524 3687 Et
3568 3624 3644 3685 si-

1985 3714 2085 3767 cut
2135 3708 2273 3769 alibi
2314 3710 2560 3769 dieitur:
2597 3734 2624 3763 ‹‹
2653 3716 2774 3785 Ego
2804 3730 2940 3777 sum
2995 3714 3240 3783 ostium,
3290 3730 3395 3788 per
3440 3731 3539 3777 me
3590 3714 3641 3783 si

1982 3798 2119 3872 quis
2147 3798 2451 3871 introierit,
2482 3800 2815 3867 salvabitur
2840 3804 3033 3874 (Joan.
3063 3813 3146 3872 ι).
3174 3824 3202 3854 ››
3232 3803 3337 3859 Cui
3364 3802 3641 3867 videlicet

1981 3887 2137 3944 ostio
2164 3886 2460 3945 columnae
2480 3888 2559 3945 ab
2582 3892 2835 3963 utroque
2856 3890 3038 3949 latere
3067 3907 3275 3951 coram
3303 3890 3512 3964 positas
3535 3890 3639 3953 cir-

1980 3978 2304 4045 cumstant,
2332 3992 2471 4032 cum
2502 3976 2754 4034 ministri
2783 3980 3098 4045 sermonis,
3130 3980 3365 4054 utrique
3404 3978 3634 4055 populo

1976 4064 2285 4137 introitum
2311 4066 2481 4138 regni
2526 4067 2779 4135 cmlestis
2809 4069 3153 4140 ostendunt,
3184 4074 3249 4133 ut
3286 4070 3406 4133 sive
3436 4085 3474 4131 a
3500 4069 3634 4133 luce

1977 4152 2242 4213 scientiae
2271 4152 2479 4227 legalis
2507 4155 2782 4230 quisque,
2815 4157 2935 4218 sive
2963 4175 3038 4221 ex
3065 4159 3259 4232 rigore
3287 4159 3631 4234 gentilitatis

1898 4290 1942 4342 ο
2075 4242 2267 4342 tidem
2288 4244 2594 4342 Evangelii
2607 4248 2852 4342 venerit,
2877 4249 3105 4313 habent
3124 4254 3371 4325 paratos
3396 4266 3500 4313 eos
3524 4249 3633 4342 qui

1976 4332 2089 4395 sibi
2118 4333 2226 4399 iter
2256 4333 2464 4403 salutis
2492 4340 2549 4401 et
2576 4337 2762 4397 verbo
2790 4339 3203 4403 demonstrent
3231 4345 3289 4401 et
3314 4339 3622 4414 exemplo:

1972 4422 2067 4483 vel
2097 4427 2252 4480 certe
2278 4424 2424 4497 quia
2446 4423 2522 4493 de
2547 4426 2774 4487 eisdem
2798 4430 3096 4493 columnis
3125 4430 3187 4493 in
3216 4430 3372 4489 libro
3402 4429 3627 4488 Parali—

1972 4527 2279 4584 pomenon
2306 4512 2388 4575 ita
2414 4515 2702 4587 scriptum
2732 4522 2854 4576 est:
2876 4540 2905 4571 «ι
2928 4522 3096 4591 Ipsae
3126 4532 3371 4590 quoque
3399 4515 3627 4574 colum-

1972 4615 2084 4663 nas
2110 4600 2311 4674 posuit
2353 4601 2415 4661 in
2444 4602 2736 4673 vestibulo
2760 4604 2986 4676 templi,
3016 4618 3207 4665 unam
3238 4600 3541 4667 adextris,
3570 4605 3630 4659 et

1972 4689 2221 4749 alteram
2265 4705 2302 4761 a
2357 4690 2609 4753 sinistris
2642 4693 2729 4764 (II
2749 4694 2898 4753 Par.
2930 4696 3035 4759 ιιι).
3082 4712 3112 4747 ιι
3142 4690 3285 4753 Ideo
3315 4692 3457 4749 sunt
3487 4689 3625 4748 dum

1970 4778 2143 4837 facta:
2173 4777 2490 4849 columnis,
2531 4785 2709 4855 atque
2728 4780 2811 4837 ita
2839 4779 3164 4852 dispositae,
3190 4784 3257 4839 ut
3280 4779 3458 4840 nobis
3486 4780 3626 4841 etin

1970 4865 2292 4940 prosperis.
2317 4870 2372 4923 et
2401 4866 2461 4925 in
2481 4867 2766 4933 adversis,
2781 4868 3124 4940 ingressum
3137 4871 3346 4946 patriae
3366 4871 3624 4931 caelestis

1969 4959 2107 5023 ante
2135 4954 2342 5025 oculos
2371 4957 2589 5028 mentis
2616 4958 2969 5023 habendum
3022 4977 3159 5021 esse
3204 4962 3485 5022 doceant.
3511 4966 3626 5025 No-

1970 5044 2223 5117 tandum
2242 5059 2390 5105 sane
2402 5044 2463 5115 in
2478 5045 2590 5103 hac
2612 5048 2904 5114 sententia
2919 5050 3421 5127 Paralipomenon
3435 5070 3625 5129 quam

1968 5135 2163 5210 pqsui.
2195 5135 2363 5209 qued
2392 5150 2465 5198 ea
2490 5138 2755 5209 porticus
2795 5140 3022 5216 templi,
3053 5142 3236 5203 etiam
3264 5143 3625 5202 vestibulum

1969 5224 2175 5299 templi
2202 5224 2551 5296 vectabatur,
2581 5230 2640 5294 et
2679 5229 2848 5301 quod
2885 5230 2950 5293 in
2997 5232 3309 5307 prophetis
3344 5232 3622 5305 legimus,

1968 5314 2116 5387 quia
2141 5313 2292 5375 inter
2323 5314 2680 5384 vestibulum
2705 5319 2911 5392 templi
2939 5324 3000 5381 et
3030 5321 3219 5382 altare
3243 5321 3503 5380 orabant
3532 5337 3623 5380 sev
3656 5348 3675 5365 σε

1971 5401 2257 5470 cerdotes,
2286 5402 2396 5469 iter
2430 5405 2729 5476 porticum
2757 5411 2814 5469 et
2859 5407 3047 5470 altare
3093 5409 3313 5471 (tollere
3357 5408 3621 5480 intelligi.

1973 5492 2128 5563 Bene
2160 5494 2363 5565 autem
2391 5496 2645 5569 utraque
2674 5495 2960 5561 columna
3007 5498 3343 5569 actodee'nn
3392 5497 3625 5558 cubito:

1976 5578 2306 5650 altitudinis
2328 5581 2554 5651 habere
2579 5587 2968 5651 memoratur.
2990 5588 3097 5647 Ter
3123 5586 3342 5644 etenim
3372 5585 3499 5642 seni
3525 5582 3629 5639 de-
