4102 6184
462 169 570 222 439

1550 151 1906 211 ANGELOMI
1948 150 2416 212 LUXOVIENSIS
2458 154 2772 212 MONACHI
3784 156 3878 209 440

465 305 597 346 cem
625 293 682 344 et
711 292 844 344 octo
872 285 1114 341 faciunt.
1158 281 1287 336 Tria
1312 296 1452 336 vero
1485 279 1562 334 ad
1611 278 1793 334 ﬁdem
1825 275 2121 349 pertinent
2148 276 2198 328 A
2229 277 2516 349 praebent.
2549 303 2576 328 «
2604 281 2858 350 Septena
2889 293 3171 332 versuum
3202 274 3496 330 retiacula
3527 275 3589 329 in
3623 276 3878 348 capitello

463 382 708 453 propter
739 377 1010 429 sanctam
1038 369 1397 425 Trinitatem.
1442 371 1553 422 Sex
1589 367 1666 422 ad
1710 365 2119 453 operationem

466 452 631 539 quod
659 463 719 518 in
748 477 820 516 eo
849 459 1080 515 dierum
1103 473 1354 513 numero
1372 455 1636 512 mundus
1662 455 1736 510 sit
1753 454 1967 524 factus,
1988 452 2121 508 luce

467 552 681 609 clarius
705 553 815 605 est.
839 551 902 603 Et
927 547 1038 603 tria
1063 561 1168 618 per
1195 561 1299 602 sex
1321 544 1811 616 multiplicantur.
1836 557 1974 597 cum
1992 541 2121 612 jus-

465 647 560 698 tus
587 655 660 695 ex
702 637 821 693 ﬁde
851 635 1014 704 vivit,
1047 634 1569 706 cognitionemque
1599 632 1713 704 piae
1763 627 2124 686 credulitatis

465 731 527 786 in
550 725 924 784 exsecutione
954 723 1128 778 bonae
1153 722 1400 778 actionis
1425 719 1782 776 accumulat.
1807 718 2124 774 Columna-

467 834 585 890 que
616 820 751 871 ante
803 814 962 868 fores
1002 811 1200 884 templi
1235 812 1443 866 decem
1475 815 1529 866 et
1559 815 1693 866 octo
1740 807 1954 864 cubitis
2004 806 2126 862 alta

467 910 588 961 est:
655 919 794 959 cum
851 901 1210 974 praedicator
1282 900 1536 972 quisque
1593 897 1866 968 egregius
1918 895 2126 970 palam

467 994 696 1051 cunctis
725 991 1014 1058 insinuat,
1045 1004 1169 1045 non
1201 988 1315 1044 nisi
1342 1004 1448 1060 per
1476 987 1660 1043 ﬁdem
1691 993 1749 1042 et
1791 1001 1976 1058 opera
1998 985 2126 1055 jus-

467 1083 625 1149 tltltB,
658 1096 770 1136 nos
800 1079 878 1134 ad
908 1093 1169 1150 superna
1201 1076 1420 1146 gaudia
1469 1075 1600 1130 vitae
1650 1090 1828 1147 posse
1859 1071 2128 1146 perveni-

471 1187 550 1228 re.
585 1192 612 1220 ‹‹
646 1173 713 1224 Et
736 1168 891 1222 linea
941 1165 1282 1220 cubitorum
1329 1164 1649 1220 duodecim
1699 1161 2006 1218 ambiebat
2033 1175 2128 1216 co-

465 1261 740 1317 lumnam
771 1261 1160 1326 utramque.»
1196 1254 1372 1309 Linea
1419 1252 1738 1309 duodecim
1787 1251 2126 1308 cubitorum

468 1364 683 1405 norma
712 1349 800 1401 est
827 1343 1170 1416 apostolicae
1220 1343 1638 1399 institutionis:
1676 1357 1812 1415 quae
1842 1339 2128 1396 nimirum

467 1437 627 1492 linea
676 1433 866 1490 ambit
913 1433 1262 1488 columnam
1317 1437 1657 1504 utramque,
1689 1447 1827 1486 cum
1871 1429 2129 1502 quisque

470 1525 698 1591 doctor,
731 1522 851 1578 sive
881 1521 1105 1576 Judaeis
1131 1537 1237 1576 seu
1269 1520 1590 1590 gentilibus
1628 1519 1955 1592 prtedicare
1986 1517 2128 1573 mis-

2229 388 2256 416 «
2291 383 2432 434 uno,
2479 373 2535 424 et
2565 374 2812 440 septena
2850 364 3135 422 retiacula
3183 364 3242 419 in
3286 363 3573 436 capitello
3627 365 3874 420 altero.»

2229 455 2572 528 Septenario
2603 471 2870 528 namque
2914 469 3167 510 numero
3223 453 3482 525 Spiritus
3527 454 3716 509 sancti
3746 454 3879 509 solet

2230 545 2419 614 gratia
2447 545 2773 615 designari,
2800 548 3028 600 Joanne
3056 546 3373 598 attestante
3425 542 3487 598 in
3533 543 3877 616 Apocalypsi

2231 634 2534 704 (Apoc.v),
2561 633 2824 706 quicum
2840 631 3058 686 vidisse
3082 647 3143 686 se
3165 630 3388 686 diceret
3413 646 3647 700 agnum
3675 631 3878 686 Laben-

2232 726 2350 778 tem
2391 738 2618 778 cornua
2665 726 2892 794 septem
2923 725 2980 776 et
3015 719 3220 776 oculos
3251 724 3508 791 septem,
3544 736 3685 775 mox
3711 737 3874 793 expo-

2232 811 2432 868 nendo
2463 811 2792 882 subjunxit,
2825 810 2927 882 qui
2949 814 3086 864 sunt
3108 812 3333 880 septem
3362 809 3611 880 spiritus
3635 811 3727 864 Dei
3750 810 3876 864 mis-

2233 902 2280 958 si
2306 902 2366 957 in
2393 902 2736 958 universam
2761 907 3002 957 terram.
3019 899 3188 965 Quod
3206 899 3512 970 propheta
3532 900 3707 955 Isaias
3728 915 3875 972 aper-

2231 992 2347 1048 tius
2377 991 2652 1065 explicat,
2687 1007 2824 1046 cum
2856 990 2930 1044 de
2968 989 3272 1045 nascituro
3319 989 3380 1042 in
3415 1005 3598 1043 carne
3645 990 3874 1045 Domino

2232 1081 2523 1154 loquens:
2560 1103 2588 1130 ‹‹
2620 1083 2686 1136 Et
2715 1080 3044 1152 requiescet
3076 1076 3312 1150 (inquit)
3347 1092 3534 1149 super
3565 1094 3696 1132 eum
3727 1077 3873 1150 spiri-

2234 1177 2327 1228 tus
2355 1170 2608 1238 Domini,
2642 1171 2881 1244 spiritus
2914 1167 3219 1240 sapientiae
3246 1171 3303 1221 et
3335 1166 3690 1232 intellectus,
3721 1167 3870 1240 spiri-

2235 1266 2328 1318 tus
2351 1259 2575 1317 consilii
2605 1265 2661 1316 et
2690 1257 3070 1321 fortitudinis,
3106 1257 3352 1328 spiritus
3396 1257 3652 1311 scientia:
3687 1263 3734 1311 et
3757 1256 3866 1328 pie-

2235 1350 2396 1418 tatis,
2425 1354 2482 1406 et
2503 1348 2751 1418 regie-bit
2779 1365 2916 1404 eum
2944 1347 3183 1419 spiritus
3210 1346 3452 1401 timoris
3491 1346 3708 1401 Domini
3739 1347 3862 1414 Usa.

2237 1442 2334 1513 ιιι).
2363 1463 2389 1489 ››
2428 1441 2681 1512 Septena
2709 1453 2852 1507 ergo
2876 1452 3156 1491 versuum
3185 1435 3482 1491 retiacula
3507 1441 3682 1492 erant.
3706 1436 3757 1490 in
3784 1451 3869 1490 ca-

2235 1528 2436 1602 pitello
2464 1533 2739 1600 utroque,
2774 1525 2915 1598 quia
2948 1529 3146 1597 patres
3193 1523 3510 1596 utriusque
3569 1523 3868 1580 testamenti

471 1630 594 1682 8113.
624 1628 696 1667 ea
727 1615 959 1667 tantum
1012 1609 1205 1665 facere
1237 1613 1406 1664 curat
1453 1625 1523 1664 ac
1572 1607 1808 1676 docere,
1840 1623 1978 1680 (Ιυδὲ
2025 1621 2132 1679 Per
2157 1627 2206 1683 Β
2236 1617 2638 1688 cognitionem
2685 1632 2794 1689 per
2821 1613 3074 1686 gratiam
3101 1613 3277 1668 unius
3304 1613 3696 1686 ejusdemque
3721 1613 3867 1686 spiri-

471 1699 1034 1775 apostolosraccepit
1062 1714 1132 1754 ac
1171 1697 1374 1752 didicit
1407 1696 1684 1754 Ecclesia.
1725 1700 1872 1753 Nam
1915 1697 1965 1751 si
1993 1695 2130 1769 quis

473 1774 640 1849 aliter
669 1774 889 1858 vivere,
923 1789 1048 1843 sive
1080 1787 1407 1859 praedicare
1436 1786 1706 1853 voluerit,
1739 1790 1795 1841 et
1834 1785 1927 1841 vel
1953 1800 2130 1857 apos-

473 1881 650 1937 tolica
699 1879 938 1934 decreta
987 1892 1288 1949 spernere,
1342 1875 1433 1931 vel
1480 1891 1592 1948 pro
1646 1891 1758 1930 suo
1783 1874 1951 1930 libito
1976 1889 2134 1930 nova

472 1969 752 2042 quaelibet
781 1971 1040 2022 statuere
1071 1965 1365 2026 maluerit,
1408 1980 1532 2020 non
1579 1968 1666 2020 est
1693 1964 1826 2020 talis
1853 1964 2134 2020 columna

473 2057 696 2130 templo
726 2056 826 2112 Dei
859 2061 1000 2128 apta
1021 2072 1033 2110 :
1054 2055 1201 2128 quia
1223 2054 1371 2109 dum
1423 2053 1752 2123 apostolica
1777 2058 1995 2110 statuta
2044 2069 2134 2108 se-

475 2148 579 2221 qui
601 2145 946 2216 contemnit,
978 2145 1153 2217 quasi
1187 2143 1277 2199 vel
1315 2143 1569 2200 exilitate
1607 2143 1830 2200 inertia:
1862 2160 2008 2215 suae,
2040 2142 2136 2198 vel

475 2233 748 2291 elationis
778 2232 940 2303 vitio,
989 2232 1064 2287 de
1093 2231 1496 2302 grossitudine
1543 2229 1865 2288 duodecim
1912 2230 2137 2288 cubito-

474 2339 611 2378 rum
639 2322 808 2377 linete
830 2336 951 2375 non
982 2319 1278 2375 convenit.

550 2435 578 2462 ‹‹
617 2415 742 2467 Duo
762 2425 1005 2484 quoque
1031 2409 1305 2482 capitella
1327 2408 1480 2476 fecit,
1509 2425 1632 2481 qua
1656 2413 2020 2480 ponerentur
2041 2424 2137 2464 su-

480 2523 508 2550 «
549 2515 657 2572 per
685 2501 883 2572 capita
909 2499 1334 2554 columnarum
1360 2496 1561 2552 fusilia
1591 2513 1728 2560 fere,
1747 2497 2014 2568 quinque
2035 2512 2137 2552 cu-

476 2612 506 2640 «
545 2589 807 2644 bitorum
833 2586 1160 2642 altitudinis
1195 2585 1536 2658 capitellum
1562 2601 1773 2652 unum,
1793 2590 1849 2641 et
1869 2585 2136 2657 quinque

477 2700 506 2730 «
547 2677 885 2734 cubitorum
915 2675 1240 2731 altitudinis
1267 2673 1609 2747 capitellum
1639 2673 1948 2729 alterum.»
1965 2673 2137 2746 Capi-

475 2772 537 2825 ta
564 2766 784 2823 etenim
837 2764 1284 2832 columnarum,
1316 2764 1431 2819 hoc
1461 2767 1550 2819 est
1574 2778 1838 2834 superna
1868 2778 2010 2834 pars
2040 2778 2138 2818 eo-

473 2873 632 2924 rum,
665 2854 999 2928 praecordia
1036 2858 1178 2908 sunt
1204 2853 1474 2911 ﬁdelium
1502 2852 1841 2915 doctorum,
1876 2868 2137 2924 quorum

2239 1712 2335 1764 tus
2368 1705 2728 1779 septiformis
2755 1708 2961 1776 utique
2987 1703 3154 1758 electi
3185 1709 3567 1774 acceperunt.

2311 1816 2338 1844 κ
2375 1798 2438 1850 Et
2466 1793 2710 1867 perfecit
2764 1793 3077 1849 columnas
3109 1796 3165 1846 et
3192 1791 3347 1845 duos
3383 1791 3619 1847 ordines
3651 1807 3750 1864 per
3777 1791 3868 1845 cir-

2240 1908 2267 1935 «
2309 1883 2534 1940 cuitum
2554 1881 2976 1938 retiaculorum
3003 1879 3404 1948 singulorum,
3435 1885 3496 1935 ut
3525 1885 3867 1948 tegerentca-

2239 1995 2268 2023 «
2310 1972 2530 2046 pitella.
2565 1995 2592 2021 »
2621 1974 2748 2026 Duo
2798 1969 3046 2042 quidem
3087 1968 3328 2024 ordines
3383 1974 3547 2024 erant
3589 1967 3865 2024 retiaculo-

2238 2077 2375 2117 rum
2404 2060 2466 2116 in
2495 2075 2643 2132 gyro
2675 2057 2950 2131 capitelli,
2979 2056 3083 2112 sed
3112 2060 3360 2129 uterque
3390 2057 3534 2112 ordo
3557 2055 3862 2129 septemplio

2241 2151 2294 2207 ci
2342 2165 2629 2207 versuum
2671 2163 2925 2204 numero
2969 2147 3267 2213 currebat,
3314 2145 3504 2202 donec
3529 2147 3860 2202 circumacto

2241 2239 2537 2313 capitello,
2586 2255 2826 2295 rursum
2868 2237 2932 2293 in
2988 2237 3254 2308 seipsum
3285 2237 3458 2310 quasi
3489 2236 3693 2292 circulo
3717 2235 3856 2291 facto

2239 2330 2475 2387 rediret.
2530 2332 2644 2385 Nec
2673 2328 2866 2397 ﬁgura
2899 2327 3260 2383 sacramenti
3306 2327 3368 2383 in
3397 2325 3723 2383 abscondito
3750 2329 3847 2390 est,

2242 2435 2429 2492 quare
2451 2419 2573 2474 duo
2603 2416 2842 2472 ordines
2873 2421 3012 2471 sunt
3039 2416 3468 2483 retiaculorum,
3487 2429 3610 2468 cum
3635 2414 3843 2465 constet

2243 2509 2497 2580 geminae
2554 2505 2926 2563 discretionis
3007 2521 3137 2561 esse
3191 2506 3448 2560 virtutem
3496 2497 3830 2556 dilectionis:

2243 2597 2408 2672 quod
2439 2595 2710 2652 videlicet
2743 2595 2978 2651 Domini
3023 2610 3093 2649 ex
3140 2598 3253 2650 toto
3281 2592 3465 2658 corde,
3494 2594 3606 2646 tota
3630 2587 3839 2653 anima,

2245 2692 2366 2743 tota
2393 2686 2626 2749 virtute,
2658 2688 2716 2740 et
2759 2683 3103 2756 proximum
3152 2687 3429 2754 tanquam
3471 2676 3847 2748 nosmetipsos

2245 2791 2448 2831 amare
2474 2773 2873 2846 prmcipimur.
2911 2772 3024 2828 Sed
3056 2777 3297 2845 uterque
3339 2768 3477 2826 ordo
3517 2766 3605 2822 ille
3643 2768 3852 2836 septem

2243 2864 2426 2921 habet
2462 2879 2744 2919 versuum
2796 2861 3098 2924 retiacula,
3151 2860 3293 2934 quia
3335 2875 3439 2914 nec
3468 2861 3612 2913 Deus
3645 2855 3855 2926 absque

477 2944 857 3038 Peofievotis
893 2942 1354 3038 cogitationibus
1409 2942 1583 3038 εἱοξξί.
1606 2941 1797 3014 Capite
1839 2942 2136 3038 membfa,
2166 2982 2210 3038 ο
2246 2949 2436 3019 gratia
2461 2947 2711 3021 Spiritus
2741 2947 2930 3003 sancti
2960 2951 3157 3020 potest
3180 2944 3390 3014 amari,
3422 2959 3524 2998 nec
3554 2939 3856 3038 proximus.

475 3035 558 3091 ita
608 3034 884 3106 ipsorum
930 3032 1137 3088 omnia
1167 3036 1224 3087 et
1265 3047 1450 3104 opera
1477 3031 1814 3102 diriguntur
1848 3037 1906 3087 et
1933 3030 2134 3087 verba.

476 3124 606 3178 Duo
637 3127 841 3178 autem
879 3121 1157 3194 capitella
1185 3137 1320 3193 quae
1352 3121 1444 3176 his
1494 3119 1793 3192 capitibus
1825 3125 1996 3176 erant
2041 3136 2139 3175 su-

477 3211 786 3285 perposita
814 3210 938 3266 duo
979 3215 1116 3267 sunt
1153 3215 1504 3266 testamenta
1524 3225 1785 3282 quarum
1814 3209 2141 3266 meditatio-

478 3301 543 3356 ni
566 3305 748 3373 atque
777 3299 1173 3356 observantiae
1203 3299 1476 3356 doctores
1499 3301 1688 3355 sancti
1715 3303 1836 3356 toto
1857 3304 1915 3355 et
1937 3299 2140 3356 animo

484 3389 830 3443 subduntur
857 3392 911 3440 et
943 3401 1211 3458 corpore.
1255 3388 1418 3442 Unde
1448 3387 1601 3442 bene
1633 3393 1954 3459 utrumque
1984 3388 2142 3462 capi-

480 3473 689 3530 tellum
717 3473 986 3543 quinque
1033 3473 1268 3527 cubitos
1316 3474 1583 3528 habebat
1627 3475 1971 3543 altitudinis,
1999 3477 2143 3548 quia

482 3560 770 3618 nimirum
818 3560 1085 3631 quinque
1134 3559 1300 3614 libris
1345 3562 1640 3632 scriptura
1684 3563 1948 3618 Mosaicae
1991 3563 2140 3635 legis

485 3648 924 3720 comprehensa
971 3652 1080 3714 est,
1103 3652 1159 3703 et
1185 3649 1453 3721 quinque
1480 3649 1654 3704 etiam
1686 3651 1885 3706 saeculi
1916 3655 2142 3724 aetates,

485 3741 608 3793 tota
631 3737 846 3792 veteris
875 3737 1254 3793 instrumenti
1301 3737 1480 3794 series
1529 3738 1844 3811 complexa
1887 3744 1994 3796 est.
2037 3744 2146 3797 No-

483 3841 632 3883 vum
674 3842 816 3883 vero
868 3830 1292 3884 testamentum
1322 3843 1444 3884 non
1476 3827 1593 3885 alia
1623 3828 1797 3884 nobis
1836 3829 2142 3903 praedicat,

485 3933 672 3989 quam
700 3932 837 3990 quae
887 3919 1114 3989 Moyses
1145 3917 1532 3990 praedicanda
1560 3934 1664 3991 per
1702 3918 1817 3976 hoc
1846 3935 1974 3976 esse
1999 3937 2147 3994 pra:-

486 4005 718 4061 dixerat
746 4008 803 4060 et
830 4006 1160 4077 prophetae.

561 4113 590 4141 ‹‹
625 4094 693 4147 Et
710 4092 887 4163 quasi
911 4093 974 4147 in
1001 4094 1256 4151 modum
1281 4097 1418 4152 retis
1436 4102 1493 4154 et
1507 4102 1856 4156 catenarum
1873 4100 1987 4156 sibi
2002 4099 2148 4156 invi-

492 4197 523 4232 α
561 4195 692 4234 cem
716 4179 869 4234 miro
899 4195 1079 4251 opere
1107 4188 1542 4243 contextarum.
1567 4190 1892 4260 Utrumque
1911 4188 2148 4261 capitel-

491 4289 520 4318 «
558 4267 686 4322 lum
718 4266 1142 4324 columnarum
1163 4270 1333 4326 fusile
1363 4278 1551 4329 erat.»
1578 4275 1750 4340 Quod
1777 4277 1839 4332 in
1860 4276 2012 4332 libro
2036 4278 2146 4334 Pa-

2247 3037 2422 3090 Facta
2443 3020 2581 3088 sunt
2610 3036 2810 3087 autem
2835 3031 3119 3088 retiacula
3144 3031 3275 3087 haec
3297 3035 3359 3084 ut
3387 3030 3635 3098 tegerent
3653 3020 3862 3095 capitel-

2245 3123 2324 3189 la,
2359 3125 2473 3180 hoc
2516 3127 2621 3190 est,
2655 3121 2922 3194 undique
2966 3121 3026 3176 in
3057 3136 3208 3192 gyro
3261 3117 3708 3174 circumdarent:
3738 3114 3862 3185 quia

2246 3213 2442 3269 omnis
2475 3211 2787 3284 Scriptura:
2821 3213 3042 3265 sanctae
3075 3209 3317 3281 pagina,
3352 3223 3490 3262 cum
3513 3208 3654 3260 recte
3675 3199 3861 3258 intelli-

2247 3302 2421 3371 gitur,
2456 3300 2705 3370 gratiam
2732 3315 2838 3371 per
2867 3298 3071 3353 omnia
3093 3296 3396 3353 charitatis
3428 3298 3596 3351 sonat
3614 3309 3677 3348 ac
3697 3289 3861 3363 pacis.

2249 3390 2535 3463 Capitella
2555 3389 2772 3447 etenim
2805 3388 3111 3443 volumina
3141 3387 3488 3442 divinorum
3507 3381 3862 3455 eloquiorum,

2251 3478 2535 3534 retiacula
2601 3481 2737 3532 sunt
2805 3476 3046 3533 vincula
3115 3481 3340 3532 mutua;
3409 3470 3768 3530 dilectionis:
3815 3471 3864 3522 et

2248 3566 2544 3622 retiaculis
2596 3571 2874 3636 teguntur
2920 3565 3212 3638 capitella,
3255 3580 3396 3620 cum
3440 3579 3601 3620 sacra
3651 3553 3858 3627 eloquia

2249 3659 2338 3722 (ut
2365 3653 2445 3709 ita
2483 3653 2754 3726 dixerim)
2805 3654 2967 3709 dono
2998 3654 3296 3710 charitatis
3346 3653 3608 3726 undique
3635 3643 3858 3720 proban-

2254 3748 2346 3800 tur
2401 3759 2528 3800 esse
2575 3745 2814 3800 vestita:
2873 3760 3016 3800 nam
3065 3750 3120 3800 et
3167 3743 3224 3798 in
3283 3743 3369 3798 eis
3425 3759 3562 3815 quae
3615 3739 3669 3795 in
3703 3731 3867 3804 Scrip-

2255 3828 2402 3884 turis
2451 3845 2574 3885 non
2630 3829 3013 3898 intelligimus
3071 3828 3328 3884 charitas
3388 3826 3552 3893 latet,
3607 3828 3658 3880 et
3702 3821 3756 3876 in
3800 3816 3872 3872 eis

2257 3934 2393 3991 quae
2424 3918 2808 3988 intelligimus
2859 3917 3116 3974 charitas
3165 3916 3279 3973 late
3308 3921 3494 3989 patet.
3529 3916 3675 3970 Bene
3699 3911 3873 3966 autem

2253 4006 2328 4063 de
2382 4008 2605 4064 eisdem
2665 4006 2962 4064 retiaculis
3020 4007 3144 4062 sive
3201 4004 3493 4077 capitellis
3546 3997 3876 4085 adjungiqn',

2257 4115 2287 4150 ‹
2319 4113 2455 4169 quae
2503 4101 2672 4153 erant
2726 4112 2906 4168 super
2959 4095 3366 4150 summitatem
3417 4093 3585 4150 malo
3637 4087 3881 4160 grauate-

2252 4201 2408 4242 rum.
2468 4206 2496 4235 »
2561 4185 2961 4254 Malogranata
3018 4200 3301 4256 namque,
3375 4197 3640 4254 quorum
3694 4180 3883 4234 natura

2256 4279 2366 4347 est,
2398 4290 2519 4335 uno
2573 4274 2714 4331 foris
2772 4275 3008 4337 cortice,
3037 4274 3226 4330 multa
3277 4271 3527 4328 interius
3574 4282 3756 4341 grana
3789 4262 3882 4318 cir-

487 4356 910 4429 ralipomenon
954 4356 1038 4412 ita
1076 4357 1368 4430 scriptum
1396 4366 1516 4417 est:
1550 4385 1578 4411 «
1612 4367 1849 4420 Necnon
1881 4369 1939 4421 et
1974 4366 2148 4438 quasi
2181 4339 2223 4392 D
2257 4339 2567 4434 cumdare,
2619 4367 2754 4436 apte
2810 4362 2871 4418 in
2928 4363 3124 4433 ﬁgura
3177 4366 3396 4417 sanctae
3460 4339 3763 4432 ponuntur
3802 4353 3886 4406 Ec-

489 4445 797 4504 catenulas
825 4444 886 4501 in
918 4446 1184 4520 oraculo,
1222 4452 1279 4504 et
1308 4452 1691 4524 superposuit
1719 4468 1820 4509 eas
1850 4454 2148 4527 capitibus

490 4536 911 4593 columnarum
941 4536 1030 4609 (II
1052 4537 1200 4594 Par.
1233 4539 1334 4612 ιιι).
1363 4563 1390 4589 ››
1422 4541 1656 4614 Species
1685 4557 1952 4616 namque
1997 4548 2149 4600 cate-

489 4641 708 4682 narum
738 4630 796 4683 et
825 4626 1154 4684 similitudo
1183 4628 1322 4685 retis
1351 4629 1414 4685 in
1441 4631 1748 4703 capitellis,
1775 4633 2034 4690 varietas
2059 4638 2151 4691 est

489 4715 777 4772 virtutum
827 4717 1229 4789 spiritualium
1263 4719 1326 4776 in
1355 4721 1608 4777 sanctis:
1641 4721 1716 4777 de
1741 4738 1865 4796 qua
1895 4722 2149 4780 Domino

491 4806 767 4894 cantatur
786 4803 859 4894 in;
881 4807 1163 4864 Psalmis:
1195 4833 1222 4860 (ι
1247 4809 1436 4866 Astitit
1461 4811 1669 4882 regina
1697 4827 1734 4868 a
1764 4811 1985 4870 dextris
2011 4813 2147 4884 tuis,

491 4888 554 4938 in
585 4888 802 4944 vestitu
826 4891 1139 4966 deaurato,
1173 4898 1620 4958 circumamicta
1651 4902 1931 4959 varietate
1956 4903 2144 4971 (Psal.

490 4975 641 5042 xmv)
667 4990 681 5029 :
705 4993 736 5026 ›
791 4975 906 5031 hoc
934 4985 1022 5036 est
1047 4983 1110 5036 in
1148 4986 1352 5042 vestitu
1391 4988 1630 5059 fulgidae
1661 4990 2011 5059 dilectionis,
2044 4992 2152 5046 cir-

493 5062 857 5119 cumamicta
886 5067 1169 5124 varietate
1195 5071 1566 5131 diversorum
1582 5077 2150 5134 charismatum.Vel

495 5152 651 5237 certe
671 5149 982 5223 multiplex
998 5158 1293 5214 contextio
1315 5167 1680 5228 catenarum,
1697 5171 1754 5221 et
1767 5166 1904 5220 retis
1921 5180 2148 5237 expan-

495 5236 604 5306 sio,
628 5237 982 5298 multifarias
1018 5243 1341 5305 electorum
1371 5266 1658 5322 personas
1684 5253 1948 5308 insinuat
1967 5270 1980 5308 :
1999 5236 2146 5324 quae

478 5341 632 5382 cum
661 5327 855 5384 verbis
886 5335 1229 5388 sanctorum
1252 5338 1711 5406 praedicatorum
1737 5340 1988 5396 ﬁdeliter
2015 5356 2150 5396 aus-

494 5414 780 5474 cultando
811 5423 991 5492 atque
1020 5421 1361 5480 obediendo
1383 5426 1702 5498 adhaerent,
1723 5428 1897 5501 quasi
1921 5429 2146 5485 colum-

490 5518 707 5561 narum
737 5508 1031 5580 capitibus
1055 5515 1443 5585 superpositae
1467 5517 1605 5574 retis
1626 5523 1684 5576 et
1707 5517 2016 5592 catenulae,
2038 5517 2148 5576 mi-

490 5594 762 5652 raculum
811 5614 932 5656 suae
983 5600 1372 5660 connexionis
1427 5609 1654 5666 cunctis
1698 5609 2145 5686 aspectantibus

1553 5831 1775 5869 μὶν.

1539 5923 1578 5936 φά

2257 4453 2483 4509 clesiaa:
2513 4469 2647 4525 quae
2679 4452 2969 4508 catholico
2999 4453 3177 4508 unius
3206 4449 3346 4505 fidei
3377 4448 3711 4503 munimine
3736 4445 3886 4498 innu-

2256 4559 2422 4600 mera
2473 4541 2796 4598 electorum
2858 4542 3102 4611 agmina
3151 4539 3298 4595 solet
3348 4537 3676 4593 includere.
3724 4529 3893 4588 Potest

2257 4636 2459 4689 autem
2485 4637 2542 4687 et
2569 4629 3042 4702 uniuscujusque
3063 4629 3206 4699 justi
3232 4628 3415 4682 vitam
3455 4637 3777 4696 moresque
3802 4617 3887 4673 de-

2257 4721 2514 4792 signare,
2546 4719 2650 4794 qui
2677 4719 2834 4775 velut
2854 4719 3115 4791 plurima
3148 4733 3269 4772 uno
3298 4714 3512 4770 cortice
3539 4705 3894 4781 circumplec-

2258 4816 2408 4882 tens,
2432 4809 2621 4867 multa
2644 4808 3074 4880 cogitationum
3089 4806 3498 4875 virtutumque
3515 4797 3894 4882 spiritualium

2255 4879 2515 4971 insignia
2546 4902 2638 4971 (ne
2692 4899 2839 4954 forte
2870 4894 3159 4966 deﬂuant)
3189 4893 3365 4949 ﬁrma
3411 4890 3549 4946 fidei
3601 4894 3659 4945 et
3684 4879 3898 4944 humili-

2255 4990 2392 5046 tatis
2424 4995 2593 5046 curat
2622 4988 2840 5044 vallare
2867 4984 3145 5042 custodia
3173 4988 3229 5039 et
3255 4987 3395 5055 apto
3425 4995 3676 5054 prorsus
3707 4973 3900 5032 minis-

2258 5080 2425 5135 terio.
2477 5078 2683 5140 Capita
2735 5077 3160 5134 calumnarum
3217 5070 3620 5141 malogranati
3657 5068 3822 5124 erant
3848 5061 3900 5116 in

2257 5181 2408 5238 gyro
2421 5165 2811 5236 circumdata,
2835 5167 2980 5238 quia
3000 5164 3275 5220 doctores
3293 5163 3530 5215 sanctos
3545 5157 3793 5214 nebesse
3807 5153 3901 5211 est.

2257 5255 2528 5326 priorum
2558 5254 2744 5309 vitam
2781 5255 3050 5310 ﬁdelium
3091 5252 3171 5308 ad
3213 5247 3569 5306 memoriam
3619 5253 3902 5303 revocare,

2257 5358 2590 5416 eorumque
2612 5359 2850 5418 semper
2869 5342 3352 5414 exemplis,actus
3366 5352 3507 5392 suos
3526 5351 3597 5390 ac
3611 5341 3907 5389 sermones

2257 5432 2424 5486 omni
2445 5449 2516 5486 ex
2543 5435 2712 5504 parte
2752 5429 3134 5498 communiri,
3167 5444 3241 5484 ne
3269 5427 3318 5482 si
3359 5425 3527 5482 aliter
3553 5424 3704 5478 forte
3733 5429 3906 5492 quam

2253 5518 2494 5574 illorum
2515 5520 2917 5591 habetregula
2942 5519 3199 5574 vixerint
3214 5520 3317 5572 aut
3340 5513 3674 5576 docuerint,
3705 5507 3905 5564 errent.

2257 5611 2407 5666 Cum
2435 5624 2574 5669 vero
2615 5610 2847 5673 dictum
2867 5613 2942 5667 sit
2970 5609 3046 5665 de
3070 5605 3366 5664 retiaculis
3388 5608 3454 5660 ut
3480 5603 3749 5672 tegerent
3761 5591 3908 5665 capi-
