4102 6184
226 196 321 251 ﬁt
1179 189 1430 245 ENARR.
1475 188 1540 244 IN
1583 181 1831 241 LIBROS
1870 182 2130 241 REGUM.
2185 217 2244 226 —-
2306 189 2378 243 IN
2418 187 2526 245 LIB
2574 189 2668 245 lll.

3537 201 3642 257 “2

229 317 377 386 tella,
407 332 544 389 quae
566 320 742 372 erant
768 331 947 388 super
985 313 1390 371 summitatem
1440 309 1885 380 malogranato-
1919 309 1962 362 Α
1997 331 2024 357 «ι
2067 310 2319 382 capitelli
2352 313 2618 370 secundi.
2655 337 2681 363 ››
2717 315 2980 372 Diximus
3007 318 3168 374 enim
3199 321 3639 393 malogranata,

224 424 372 468 rum,
393 405 630 461 videtur
641 407 815 476 juxta
841 406 1109 462 ordinem
1130 402 1328 477 operis
1355 402 1566 475 ipsius,
1585 400 1730 473 quia
1756 413 1882 454 ma-

219 496 532 566 logranata
553 496 774 552 fuerint
802 496 959 552 facta
1004 497 1063 551 in
1095 496 1345 552 circuitu
1388 493 1801 568 capitellorum
1848 503 1884 544 a

221 591 385 659 parte
412 586 696 652 inferiori,
729 590 907 658 atque
930 602 1002 642 ex
1037 586 1264 642 eisdem
1300 583 1732 656 malogranatis
1768 580 1882 637 ori-

221 681 429 732 rentur
458 676 761 745 retiacula,
793 676 1015 748 quibus
1064 677 1339 750 capitella
1385 693 1459 733 ex
1488 677 1656 748 parte
1681 672 1883 744 aliqua

227 771 582 837 tegerentur.
609 769 881 839 Patetque
913 767 1108 836 ﬁgura
1138 767 1566 840 mysterii,qua
1599 762 1881 821 retiacula

230 871 409 927 super
418 855 817 911 summitatem
830 855 1049 912 fuerint
1060 856 1609 926 malogranatorum
1623 867 1880 916 annexa,

233 960 368 1017 quae
397 944 477 1000 ad
505 960 689 999 unam
713 960 864 1016 pene
895 945 1417 1014 signiﬁcationem,
1447 945 1569 1000 sive
1596 956 1883 1016 persona-

230 1049 362 1088 rum
394 1049 498 1088 seu
530 1032 806 1088 virtutum
847 1034 1144 1106 pertinent
1183 1033 1602 1105 spiritualium.
1650 1033 1881 1089 Scimus

231 1120 385 1176 enim
411 1120 648 1175 virtutes
669 1119 744 1175 de
774 1120 1090 1177 virtutibus
1111 1121 1298 1184 nasci,
1323 1126 1380 1177 et
1403 1125 1642 1176 sanctos
1669 1120 1880 1177 ambu-

225 1207 344 1264 lare
367 1208 442 1264 de
463 1209 676 1264 virtute
699 1210 758 1264 in
807 1209 1106 1279 virtutem,
1160 1210 1356 1266 donec
1405 1210 1674 1266 videatur
1725 1213 1879 1266 Deus

221 1296 468 1353 deorum
498 1297 561 1352 in
614 1298 792 1354 Sion:
825 1315 948 1370 qua
991 1299 1200 1355 virtute
1231 1299 1396 1356 nulla
1442 1303 1642 1372 potest
1683 1301 1881 1369 major

221 1385 349 1453 dici;
381 1386 548 1441 unde
573 1391 631 1442 et
658 1387 996 1459 Apostolus:
1032 1410 1060 1437 ‹‹
1091 1387 1349 1444 Scientes
1376 1388 1588 1460 inquit,
1610 1389 1756 1460 quia
1777 1387 1880 1443 tri-

227 1473 441 1530 bulatio
472 1475 828 1547 patientiam
859 1481 1160 1550 operatur.
1193 1477 1478 1549 patientia
1509 1481 1710 1533 autem
1739 1493 1878 1550 pro-

231 1562 543 1628 bationem,
577 1566 859 1638 probatio
885 1583 1018 1623 vero
1045 1583 1212 1640 spem
1245 1569 1436 1639 (Rom.
1467 1567 1545 1639 v).
1578 1589 1606 1616 η

1994 399 2089 454 vel
2143 401 2320 457 totius
2352 409 2576 459 sanctae
2628 404 2920 473 Ecclesize,
2952 406 3041 462 vel
3090 408 3462 476 singulorum
3492 429 3641 483 quo-

1994 504 2251 562 rumque
2281 491 2546 548 ﬁdelium
2574 498 2786 566 typum
2829 499 3046 550 tenere.
3075 499 3459 554 Centenarius
3501 517 3641 558 vero

1993 594 2305 652 numerus,
2337 583 2441 654 qui
2471 583 2549 639 ad
2581 583 2887 641 dexteram
2934 601 3183 642 manum
3227 590 3460 659 primus
3505 607 3641 664 per-

1992 669 2173 736 venit,
2204 685 2646 743 nonnunquam
2678 673 2737 728 in
2771 677 3006 729 aeternae
3032 674 3420 732 beatitudinis
3447 677 3643 747 ﬁgura

1993 757 2137 829 poni
2186 762 2513 816 consuevit.
2565 761 2910 833 Duplicatur
2959 768 3158 819 autem
3214 765 3309 819 hic
3353 782 3642 824 numerus

1994 847 2546 916 malogranatorum
2585 850 2647 904 in
2691 851 2937 907 circuitu
2967 853 3220 924 capitelli
3269 856 3536 924 secundi,
3579 861 3644 913 ut

1991 937 2330 994 insinuetur
2359 938 2811 1013 mystice,quod
2838 941 3147 1014 utriusque
3177 945 3508 1000 testamenti
3540 962 3642 1019 po-

1991 1027 2172 1101 pulus
2200 1028 2564 1084 adunandus
2590 1029 2650 1084 in
2679 1029 2926 1095 Christo,
2959 1035 3138 1103 atque
3171 1031 3247 1087 ad
3279 1037 3510 1089 aeternae
3563 1035 3642 1090 vi-

1997 1122 2071 1174 tm
2096 1118 2170 1174 sit
2189 1117 2661 1174 introducendus
2695 1133 3002 1175 coronam.

2066 1231 2092 1257 ‹‹
2134 1210 2200 1263 Et
2243 1209 2444 1264 statuit
2485 1208 2638 1264 duas
2685 1207 2998 1265 columnas
3036 1210 3096 1264 in
3137 1213 3370 1282 porticu
3414 1214 3637 1287 templi.

1991 1317 2021 1345 κ
2060 1297 2331 1369 Cumque
2357 1298 2657 1353 statuisset
2685 1297 3032 1354 columnam
3050 1297 3379 1369 dexteram,
3403 1303 3640 1360 vocavit

1993 1407 2022 1433 ‹‹
2061 1401 2196 1441 eam
2227 1385 2471 1441 nomine
2515 1386 2766 1452 Jachim,
2813 1408 2841 1435 ››
2889 1403 3026 1459 quae
3079 1387 3496 1460 interpretatur
3531 1393 3639 1459 ﬁr-

1989 1475 2186 1530 mitas.
2222 1497 2250 1522 ‹‹
2285 1475 2560 1532 Similiter
2608 1475 2792 1532 erexit
2839 1475 3185 1532 columnam
3219 1479 3550 1535 secundam
3583 1484 3639 1536 et

1991 1584 2019 1612 «
2062 1564 2298 1620 vocavit
2343 1580 2566 1620 nomen
2608 1565 2737 1636 ejus
2771 1569 2942 1631 Booz,
2972 1585 3004 1618 ›
3025 1566 3139 1622 hoc
3174 1571 3261 1622 est
3308 1567 3368 1622 in
3397 1568 3637 1624 robore.

305 1677 330 1702 α
354 1657 626 1730 Capitolia
649 1662 852 1713 autem
881 1674 1017 1730 quae
1045 1662 1214 1714 erant
1233 1675 1414 1730 super
1439 1659 1635 1730 capita
1651 1657 1879 1714 colum-
1917 1659 1960 1711 Β
1991 1654 2203 1709 Dextra
2233 1653 2534 1720 columna,
2567 1661 2632 1710 ut
2662 1671 2845 1728 supra
2874 1655 3161 1718 diximus,
3180 1656 3421 1713 illorum
3447 1658 3637 1732 expri-

239 1768 264 1794 «
296 1762 526 1817 narum,
559 1750 736 1818 quasi
768 1765 946 1821 opere
989 1749 1090 1804 lilii
1136 1750 1427 1806 fabricata
1452 1755 1621 1806 erant
1649 1749 1710 1804 in
1743 1765 1878 1821 por-

230 1853 255 1885 σι
291 1835 404 1891 ticu
434 1842 699 1909 quatuor
727 1838 1087 1894 cubitorum.
1125 1863 1151 1888 ››
1181 1839 1335 1904 Quid
1385 1838 1544 1894 enim
1575 1855 1684 1911 per
1730 1837 1873 1906 lilia,

219 1923 326 1978 nisi
354 1941 632 1997 supernae
660 1926 940 1983 claritatis
969 1928 1198 2000 patriae,
1249 1933 1428 1999 atque
1456 1926 1873 1982 immortalita-

214 2013 309 2083 tis,
353 2013 606 2070 ﬂoribus
633 2015 928 2086 redolens,
962 2017 1226 2089 paradisi
1276 2017 1624 2085 designatur
1645 2015 1875 2071 ameni-

214 2103 357 2156 tas?
390 2103 544 2167 Quid
574 2120 680 2175 per
721 2109 1001 2175 quatuor,
1050 2105 1164 2160 nisi
1210 2104 1600 2172 Evangelicus
1652 2121 1872 2169 sermo,

211 2189 326 2260 qui
351 2192 659 2246 introitum
687 2193 863 2248 nobis
893 2198 1128 2248 aeternae
1156 2193 1316 2248 illius
1335 2191 1718 2248 beatitudinis
1746 2210 1878 2266 pro-

218 2277 430 2344 mittit,
465 2283 522 2332 et
564 2280 671 2333 iter
699 2296 820 2350 quo
851 2280 932 2335 ad
973 2281 1130 2336 hanc
1166 2281 1552 2353 perveniatur
1581 2282 1879 2339 ostendit?

150 2400 169 2415 .
223 2365 386 2419 Cum
413 2380 567 2434 ergo
603 2368 789 2422 sancti
833 2368 1110 2425 doctores
1136 2369 1436 2441 promissa
1474 2369 1650 2425 nobis
1675 2370 1878 2428 limina

209 2453 399 2522 regni
429 2454 704 2526 caelestis,
733 2457 794 2512 in
840 2465 1102 2529 quatuor
1145 2458 1446 2528 Evangelii
1484 2458 1649 2514 libris
1680 2464 1874 2516 osten-

203 2542 393 2610 dunt,
447 2545 626 2614 quasi
671 2547 870 2618 capita
901 2546 1318 2604 columnarum
1367 2563 1516 2619 opus
1563 2549 1625 2604 in
1671 2566 1733 2604 se
1770 2549 1872 2605 lilii

203 2636 479 2702 quatuor
503 2633 841 2690 cubitorum
873 2635 1170 2692 exhibent.
1200 2636 1305 2692 Ubi
1333 2637 1665 2693 notandum
1701 2639 1874 2709 juxta

205 2718 500 2786 litteram,
533 2721 680 2793 quia
710 2738 849 2778 cum
899 2740 1054 2795 opus
1077 2724 1178 2780 lilii
1207 2725 1267 2780 in
1295 2725 1583 2797 capitellis
1612 2733 1876 2799 quatuor

204 2809 554 2866 cubitorum
583 2827 711 2868 esse
741 2818 1132 2883 memoratur,
1162 2829 1359 2886 neque
1389 2815 1630 2871 additur
1682 2816 1878 2872 latitu-

203 2897 363 2953 dinis
390 2903 498 2954 aut
525 2899 873 2971 altitudinis,
904 2901 1135 2958 lectoris
1165 2903 1370 2975 utique
1394 2904 1642 2974 judicio,
1674 2910 1876 2961 utrum

1989 1743 2098 1798 mit
2120 1743 2378 1811 ﬁguram
2400 1744 2735 1814 doctorum,
2757 1746 2861 1818 qui
2891 1746 3252 1818 primitivam
3283 1747 3343 1802 in
3367 1748 3640 1804 Hieroso-

1985 1830 2152 1902 lyma
2171 1832 2551 1888 instituerunt
2580 1835 2920 1891 Ecclesiam.
2962 1836 3236 1893 Secunda
3293 1853 3500 1894 eorum
3533 1840 3636 1912 qui

1985 1919 2064 1975 ad
2117 1919 2570 1991 praedicandum
2625 1924 2900 1993 gentibus
2968 1924 3246 1981 destinat;
3317 1933 3476 1984 sunt.
3535 1928 3637 1984 Vel

1988 2013 2142 2063 certe
2173 2007 2380 2064 dextra
2405 2009 2685 2067 columna
2715 2028 2817 2068 eos
2844 2012 3156 2082 signiﬁcat,
3180 2014 3282 2086 qui
3313 2021 3636 2072 venturum

1986 2099 2048 2154 in
2078 2114 2258 2153 carne
2286 2099 2604 2154 Dominum
2635 2101 3054 2172 prophetando
3081 2103 3500 2175 praedixerant.
3534 2106 3635 2159 Se-

1985 2187 2187 2243 cunda
2215 2187 2346 2242 illos
2377 2187 2481 2255 qui
2510 2187 2670 2244 hunc
2696 2189 2823 2258 jam
2852 2190 3172 2257 venisse,et
3193 2190 3490 2246 mundum
3525 2207 3634 2247 suo

1987 2277 2281 2346 sanguine
2329 2276 2658 2333 redemisse
2709 2283 3016 2334 testantur.
3066 2281 3130 2334 Et
3163 2283 3298 2350 apte
3328 2279 3507 2336 simili
3536 2295 3637 2336 vo-

1987 2366 2208 2423 cabulo
2265 2366 2461 2422 ambae
2507 2367 2908 2423 censebantur
2960 2367 3276 2431 columnae,
3325 2385 3461 2425 cum
3489 2387 3633 2441 una,

1985 2456 2240 2512 ﬁrmitas
2267 2474 2279 2512 :
2309 2457 2493 2513 altera
2521 2457 2583 2512 in
2607 2457 2845 2528 robore,
2876 2457 3036 2514 dicta
3057 2463 3181 2514 est:
3234 2464 3299 2515 ut
3327 2475 3450 2516 una
3494 2460 3633 2516 ﬁdei

1987 2552 2043 2602 et
2062 2547 2260 2618 operis
2291 2546 2574 2602 fortitudo
2601 2548 2829 2602 cunctis
2858 2547 3051 2604 inesse
3087 2547 3433 2605 doctoribus
3458 2566 3634 2606 mon-

1987 2640 2293 2702 straretur,
2341 2637 2646 2708 nostrique
2705 2637 2988 2709 temporis
3047 2637 3258 2694 inertia
3296 2642 3630 2695 notaretur:

1986 2723 2094 2779 ubi
2119 2739 2181 2780 se
2206 2724 2477 2780 nonnulli
2511 2724 2806 2796 doctores,
2854 2726 3211 2797 sacerdotes,
3237 2732 3294 2783 et
3321 2727 3635 2785 columnas

1986 2816 2208 2872 domus
2255 2814 2354 2869 Dei
2385 2813 2570 2869 videri
2628 2819 2808 2887 atque
2863 2815 3149 2889 appellari
3197 2815 3444 2873 volunt:
3495 2834 3634 2873 cum

1985 2905 2134 2962 nihil
2161 2905 2222 2961 in
2249 2919 2310 2959 se
2349 2919 2596 2976 prorsus
2650 2904 2838 2960 ﬁrmae
2881 2905 3020 2960 ﬁdei
3051 2910 3108 2961 et
3147 2906 3225 2962 ad
3252 2911 3638 2963 contemnen-

203 2985 263 3041 in
291 2986 609 3044 altitudine
638 3005 717 3045 an
747 2989 808 3045 in
848 2990 1157 3047 latitudine
1201 2991 1447 3062 intelligi
1477 2992 1714 3058 debeat,
1746 2995 1879 3050 reli-
1909 3011 1950 3067 ο
1986 2995 2098 3051 das
2127 2993 2326 3049 saeculi
2357 3008 2634 3065 pompas,
2667 3009 2737 3049 ac
2767 2993 3164 3050 desideranda
3183 2994 3346 3050 bona
3376 2995 3637 3051 invisibi-

207 3079 367 3131 ctum
402 3082 510 3132 est.
548 3080 794 3134 Constat
823 3085 1022 3136 autem
1073 3079 1304 3154 absque
1333 3080 1457 3137 ulla
1484 3097 1734 3154 prorsus
1763 3083 1876 3139 du-

204 3161 439 3234 bietate,
471 3167 620 3239 quia
645 3166 951 3224 collumna
980 3185 1114 3241 quan
1157 3169 1483 3225 duodecim
1533 3171 1874 3228 cubitorum

213 3253 378 3308 restis
397 3255 727 3323 ambiebat,
751 3261 1012 3329 quatuor
1038 3257 1272 3313 cubitos
1301 3257 1568 3313 habebat
1593 3261 1876 3328 grossitu-

227 3337 393 3397 dinis.
415 3345 620 3401 Omnis
651 3346 910 3402 circulus
935 3351 1236 3418 quantum
1255 3345 1440 3402 habet
1459 3348 1637 3418 spatii
1661 3348 1722 3403 in
1744 3349 1872 3406 dia-

234 3433 429 3499 metro,
455 3439 692 3490 tantum
722 3434 904 3491 habet
953 3440 1039 3490 ter
1068 3436 1130 3490 in
1179 3450 1349 3507 gyro.
1401 3436 1663 3509 Denique
1707 3455 1872 3495 mare

233 3532 472 3592 aeneum,
504 3523 652 3594 quia
689 3523 1053 3580 diametrum
1103 3523 1370 3580 habebat
1399 3524 1606 3581 decem
1637 3527 1868 3583 cubito-

228 3619 356 3662 rum
377 3615 437 3665 ut
466 3611 529 3666 in
550 3613 941 3685 sequentibus
964 3612 1197 3682 legitur,
1229 3618 1664 3686 consequenter
1687 3616 1865 3672 habe-

221 3693 329 3750 bat
353 3699 593 3768 triginta
645 3702 879 3758 cubitos
907 3702 968 3757 in
999 3718 1167 3773 gyro.
1223 3705 1434 3758 Verum
1484 3703 1627 3775 quia
1655 3704 1872 3760 dicitur

229 3797 387 3853 opus
408 3785 515 3840 lilii
543 3796 786 3858 quatuor
815 3790 999 3847 fuisse
1049 3791 1408 3854 cubitorum,
1459 3791 1578 3848 sive
1605 3792 1869 3850 latitudi-

227 3886 390 3939 nem,
426 3890 530 3930 seu
571 3877 831 3949 designet
854 3879 1249 3950 altitudinem,
1300 3880 1690 3937 nihilominus
1720 3884 1870 3940 ratio

219 3960 430 4032 ﬁgurae
459 3967 774 4040 perspicua
790 3973 896 4025 est.
922 3969 1072 4034 Quia
1093 3969 1329 4025 nonnisi
1349 3985 1457 4041 per
1486 3972 1870 4040 Evangelium

210 4054 670 4124 exoptatissima
695 4057 800 4113 illa
828 4056 1058 4113 mundo
1085 4073 1205 4114 vox
1233 4057 1492 4114 insonat.
1522 4078 1552 4112 ‹
1578 4060 1872 4115 Paeniten-

205 4141 353 4198 tiam
377 4143 556 4213 agite,
579 4146 1267 4219 appropinquabitenim
1293 4163 1547 4216 regnum
1577 4148 1867 4206 caelorum

204 4231 454 4302 (Matth.
487 4236 587 4305 ιιι),
626 4256 653 4284 η
687 4235 861 4303 Quod
898 4251 1035 4292 vero
1063 4236 1369 4309 sequitur:

1984 3083 2088 3148 lia,
2119 3081 2265 3138 nihil
2302 3081 2567 3138 habeant
2611 3082 2864 3148 roboris,
2913 3082 2992 3136 ad
3035 3082 3442 3152 corrigendos,
3488 3083 3635 3138 nihil

1983 3170 2313 3236 industriae,
2340 3170 2552 3226 saltem
2581 3170 2660 3225 ad
2689 3169 3127 3238 intelligendos,
3173 3185 3381 3224 eorum
3413 3170 3634 3242 quibus

1985 3260 2213 3334 prazlati
2243 3263 2400 3321 sunt,
2434 3274 2682 3314 errores.

2055 3371 2083 3398 ‹‹
2128 3349 2280 3405 Fecit
2303 3363 2547 3420 quoque
2578 3362 2743 3403 mare
2764 3345 2933 3401 fusile
2964 3345 3174 3401 decem
3204 3345 3568 3413 cubitorum,
3597 3363 3634 3403 a

1983 3460 2011 3488 «
2050 3437 2215 3493 labio
2243 3452 2435 3509 usque
2465 3436 2543 3492 ad
2573 3435 2803 3492 labium
2840 3435 3168 3492 rotundum
3211 3436 3273 3491 in
3303 3436 3573 3492 circuitu.
3605 3460 3634 3486 »ι

1980 3531 2133 3584 Mare
2161 3528 2275 3582 hoc
2301 3525 2471 3582 fusile
2499 3526 2557 3582 in
2586 3525 2844 3597 ﬁguram
2865 3526 3083 3582 lavacri
3107 3525 3385 3582 salutaris
3415 3542 3537 3598 quo
3573 3527 3635 3582 in

1977 3616 2394 3672 remissionem
2422 3621 2807 3689 peccatorum
2830 3615 3237 3672 emundamur
3266 3616 3492 3672 factum
3522 3621 3631 3672 est.

1978 3709 2247 3778 Namque
2293 3705 2632 3762 sacerdotes
2686 3705 2746 3761 in
2776 3721 2847 3761 ea
2891 3705 3276 3772 lavabantur,
3337 3709 3401 3760 ut
3443 3705 3636 3763 Verba

1978 3794 2211 3850 dierum
2239 3799 2442 3866 aperte
2473 3798 2782 3850 testantur.
2804 3793 3151 3850 Sacerdotes
3172 3798 3373 3849 autem
3403 3798 3636 3850 constat

1979 3899 2190 3939 omnes
2216 3883 2434 3938 electos
2468 3882 2662 3954 typice
2691 3883 2748 3937 in
2776 3881 3089 3953 Scripturis
3117 3880 3339 3949 vocari,
3367 3896 3438 3936 eo
3468 3881 3635 3953 quod

1981 3971 2098 4027 sint
2126 3971 2651 4040 membra,summi
2682 3970 3007 4026 sacerdotis
3031 3969 3262 4025 Domini
3288 3969 3475 4024 nostri
3499 3972 3635 4026 Jesu

1983 4060 2214 4117 Christi.
2246 4063 2312 4115 Et
2339 4064 2495 4115 recte
2541 4060 2679 4114 huic
2706 4059 2835 4115 vasi
2885 4060 3185 4132 Scriptura
3215 4074 3380 4115 mare
3412 4075 3634 4116 nomen

1978 4149 2280 4220 indidit,in
2310 4147 2667 4204 memoriam
2698 4147 2970 4204 videlicet
2996 4148 3177 4204 maris
3207 4147 3493 4214 Rubri,in
3511 4165 3634 4222 quo

1978 4238 2146 4311 prius
2172 4255 2279 4312 per
2308 4238 2727 4294 extinctionem
2757 4239 3188 4311 18gyptiorum,
3218 4244 3274 4295 et
3295 4238 3502 4312 populi
3536 4237 3636 4296 Dei

276 4344 306 4369 ‹‹
340 4325 412 4377 Et
431 4339 680 4379 rursum
710 4323 828 4379 alia
857 4325 1130 4396 capitella
1159 4325 1219 4380 in
1264 4325 1605 4382 summitate
1637 4326 1864 4383 colum-
1900 4353 1942 4404 ο
1978 4326 2394 4385 liberationem
2455 4327 2736 4400 baptismi
2798 4327 2993 4384 forma
3051 4329 3375 4400 praecessit.
3448 4331 3636 4402 Expo-

204 4430 234 4464 ‹
273 4427 502 4468 narum
535 4411 800 4485 desuper
823 4414 990 4483 juxta
1019 4430 1368 4470 mensuram
1400 4414 1714 4482 columnae,
1743 4435 1772 4468 ›
1805 4417 1867 4472 id

202 4506 293 4557 est
323 4506 511 4558 tantae
542 4502 783 4558 fuerunt
809 4503 1240 4575 amplitudinis,
1273 4508 1514 4576 quantae
1543 4509 1670 4560 erat
1699 4510 1755 4561 et
1774 4523 1869 4562 co-

200 4591 443 4658 lumna,
477 4592 653 4662 cujus
682 4595 882 4648 tamen
912 4593 1179 4660 altitudo,
1224 4599 1452 4666 quanta
1499 4594 1671 4650 fuerit
1700 4595 1871 4651 mini-

201 4698 302 4737 me
328 4687 637 4737 narratur.
683 4685 814 4737 Haec
861 4686 1060 4738 autem
1091 4682 1386 4755 capitella,
1430 4684 1872 4758 qualiacunque

203 4776 261 4826 et
321 4777 805 4843 quantacunque
862 4771 1078 4827 fuerint
1131 4773 1277 4843 (non
1321 4773 1480 4828 enim
1523 4789 1870 4831 mensuram

199 4875 426 4916 earum
457 4864 662 4932 aperte
709 4861 1010 4933 Scriptura
1058 4861 1350 4933 designat)
1394 4863 1455 4918 in
1483 4878 1584 4918 ore
1612 4863 1869 4919 liliorum

200 4949 496 5004 videntur
517 4965 651 5005 esse
673 4949 969 5021 apposita.
993 4951 1069 5004 De
1099 4966 1359 5022 quorum
1389 4951 1700 5014 factura.si
1724 4953 1870 5020 quid

207 5036 539 5106 mysticum
565 5039 866 5111 inquirere
893 5037 1166 5106 delectat,
1201 5039 1364 5095 illam
1395 5041 1563 5112 regni
1591 5042 1871 5115 perennis

213 5124 642 5184 sublimitatem
698 5133 894 5201 potest
964 5145 1086 5184 non
1153 5129 1481 5202 incongrue
1533 5132 1867 5202 designare,

211 5231 409 5288 quam
439 5232 542 5273 nec
569 5217 783 5274 oculus
813 5218 975 5286 vidit,
1003 5235 1112 5275 nec
1161 5211 1320 5275 auris
1373 5220 1619 5291 audivit,
1671 5237 1781 5278 nec
1811 5222 1870 5276 in

203 5321 318 5362 cor
341 5305 603 5362 hominis
628 5306 920 5375 ascendit,
971 5323 1106 5380 qum
1134 5309 1493 5382 praeparavit
1538 5313 1691 5366 Deus
1740 5310 1871 5366 dili-

195 5395 492 5467 gentibus
525 5411 590 5450 se
621 5395 682 5465 (Ι
708 5395 844 5450 Cor.
877 5399 962 5462 ιι).
993 5398 1134 5462 Quae
1154 5398 1460 5466 nimirum,
1487 5397 1631 5470 quia
1661 5398 1869 5453 eadem

195 5500 624 5558 supernorum
651 5485 902 5541 societas
930 5485 1146 5549 civium
1167 5487 1477 5560 utriusque
1497 5487 1706 5560 populi
1732 5487 1874 5543 ﬁde-

194 5575 367 5632 libus
403 5574 708 5643 tribuitur,
740 5580 893 5631 recte
940 5575 1339 5647 subiungitur.
1377 5598 1404 5625 «
1441 5577 1874 5648 Malogranato-

204 5689 224 5718 ι
275 5681 424 5721 rum
460 5669 671 5721 autem
726 5663 965 5721 ducenti
997 5664 1236 5721 ordines
1291 5669 1482 5733 erant,
1526 5665 1586 5722 in
1625 5667 1873 5722 circuitu

1980 4421 2157 4472 nente
2187 4416 2471 4489 Apostolo
2526 4433 2594 4472 ac
2648 4417 2917 4473 dicente:
2963 4419 3259 4482 Quoniam
3288 4420 3487 4472 Patres
3527 4433 3634 4473 no-

1981 4505 2084 4561 stri
2142 4522 2353 4562 omnes
2404 4505 2518 4562 sub
2570 4506 2731 4562 nube
2789 4508 3028 4561 fuerunt
3081 4511 3139 4560 et
3193 4521 3409 4560 omnes
3464 4520 3632 4558 mare

1981 4595 2364 4660 transierunt,
2413 4601 2468 4651 et
2514 4611 2724 4650 omnes
2773 4594 2836 4648 in
2887 4597 3041 4649 Mose
3071 4591 3349 4663 baptizati
3404 4590 3633 4645 suntin

1979 4683 2140 4739 nube
2171 4690 2228 4739 et
2251 4684 2314 4739 in
2348 4684 2498 4739 mari
2555 4684 2614 4753 (Ι
2638 4686 2776 4738 Cor.
2809 4686 2890 4744 x).
2952 4703 2979 4728 »
3009 4679 3463 4734 Sacramentum
3523 4693 3632 4733 au-

1981 4777 2099 4828 tem
2124 4773 2412 4844 baptismi
2444 4777 2500 4827 et
2530 4771 2660 4828 vitae
2713 4769 2889 4824 nobis
2920 4765 3276 4822 munditiem
3333 4766 3546 4838 quierit
3569 4768 3631 4824 in

1978 4861 2094 4916 hoc
2121 4860 2362 4927 saeculo,
2395 4864 2452 4915 et
2509 4859 2642 4914 vitae
2693 4857 2867 4913 nobis
2921 4861 3152 4913 aeternae
3199 4856 3452 4926 gloriam
3499 4875 3634 4926 pro-

1980 4947 2154 5004 mittit
2173 4948 2233 5002 in
2266 4947 2492 5003 futuro:
2524 4947 2691 5019 quod
2710 4946 3106 5019 utrumquein
3133 4947 3288 5003 mari
3319 4947 3432 5003 hoc
3463 4965 3630 5006 teneo

1980 5054 2102 5093 una
2133 5036 2426 5092 sententia
2464 5036 2831 5107 designatur,
2878 5053 3017 5093 cum
3057 5053 3184 5093 esse
3233 5038 3441 5094 decem
3469 5040 3630 5096 cubi-

1977 5134 2175 5186 torum
2203 5144 2239 5184 a
2261 5126 2423 5184 labio
2451 5144 2638 5200 usque
2661 5128 2737 5184 ad
2767 5127 2996 5183 labium
3017 5128 3382 5202 perhibetur.
3417 5131 3629 5186 Decem

1981 5235 2246 5292 namque
2293 5217 2605 5291 praeceptis
2635 5217 2694 5273 in
2743 5218 2871 5289 lege
2907 5219 3194 5274 Dominus
3245 5218 3451 5275 omnia
3495 5236 3630 5292 quae

1979 5309 2172 5366 facere
2191 5309 2522 5365 debeamus
2553 5309 2857 5380 expressit.
2893 5307 3144 5365 Denario
3175 5314 3374 5364 autem
3404 5323 3630 5365 merce-

1980 5399 2119 5455 dem
2149 5399 2600 5456 benefactorum
2647 5397 2918 5467 signavit,
2971 5414 3109 5454 cum
3152 5398 3315 5454 hunc
3344 5397 3404 5453 in
3453 5398 3632 5454 vinea

1977 5487 2390 5545 laborantibus
2416 5487 2688 5544 dandum
2711 5504 2838 5544 esse
2856 5486 3287 5560 praedixitErat
3303 5501 3444 5554 ergo
3465 5501 3630 5541 mare

1981 5601 2009 5626 α
2043 5579 2250 5633 decem
2277 5579 2613 5634 cubitorum
2632 5577 2841 5633 alabio
2866 5594 3054 5650 usque
3077 5576 3153 5632 ad
3170 5575 3418 5640 labium,
3442 5597 3468 5622 ››
3487 5573 3629 5644 quia

1986 5683 2022 5720 a
2048 5665 2243 5738 primo
2281 5666 2577 5737 baptizata
2603 5666 2662 5721 in
2694 5667 2936 5722 nomine
2973 5669 3108 5721 Jesu
3161 5663 3390 5724 Christi,
3435 5673 3627 5727 usque
