4092 6178
435 155 544 220 ιω

1515 158 1871 215 ANGELOMI
1909 147 2376 209 LU‘XOWINSIS
2413 152 2725 210 MONACHI

3726 153 3826 210 4H

438 278 518 340 ad
547 278 847 349 ultimum,
873 281 978 352 qui
1007 280 1069 338 in
1097 280 1217 336 fine
1240 280 1440 338 saeculi
1458 280 1792 338 crediturus
1817 284 1872 335 et
1893 275 2085 348 bapti-
2115 277 2160 329 A
2197 274 2445 330 nimodo
2474 277 2772 333 occultum
2796 295 2808 332 :
2865 277 3089 350 quibus
3121 280 3320 332 tamen
3351 273 3465 332 hoc
3495 290 3629 332 esse
3655 275 3846 332 occul-

439 369 666 426 zandus
695 374 804 430 est.
831 367 1026 426 omnis
1080 367 1351 428 fidelium
1410 371 1650 438 chorus,
1705 384 1891 424 unam
1920 381 2086 422 eams

441 457 701 527 demque
729 455 890 512 viam
911 455 1170 518 veritatis
1200 456 1450 525 ingredi,
1483 463 1540 514 et
1569 472 1953 514 communem
1984 455 2084 509 de-

437 545 540 600 bet
568 559 604 602 a
633 543 884 603 Domino
915 559 1200 602 coronam
1233 562 1473 618 sperare
1507 547 1768 618 justitii'e.
1806 565 1835 600 ‹
1867 549 2086 601 Rotun—

441 632 590 690 dum
616 636 742 691 erat
767 631 828 688 in
859 632 1126 703 circuitu,
1149 656 1177 683 »
1207 640 1271 691 ut
1299 636 1460 691 orbis
1482 637 1800 694 universus
1830 637 1890 691 in
1919 650 2088 705 gyro,

440 723 679 782 lavacro
699 721 835 777 vitae
860 738 896 776 a
917 723 1093 778 sorde
1109 730 1492 796 peccatorum
1516 727 1928 795 designaretur
1959 737 2090 778 esse

443 810 854 867 mundandus.
884 812 964 867 De
992 828 1114 884 quo
1140 813 1292 870 bene
1323 815 1616 882 subditur,
1641 839 1666 866 «
1695 815 1961 888 quinque
1993 828 2094 868 cu-

441 898 705 956 bitorum
731 898 980 958 altitudo
1034 903 1182 973 ejus,
1218 926 1246 952 »
1293 904 1434 976 quia
1466 906 1749 962 nimirum
1794 901 2092 976 quidquid

442 988 593 1052 visu,
625 989 920 1061 quidquid
947 992 1174 1059 auditu,
1202 994 1498 1066 quidquid
1529 995 1770 1063 olfactu,
1794 991 2092 1066 quidquid

445 1081 642 1146 gustu,
670 1077 967 1150 quidquid
1021 1085 1198 1150 tactu,
1258 1083 1682 1156 delinquimus,
1745 1088 1933 1140 totum
1977 1082 2094 1136 hoc

442 1165 621 1222 nobis
649 1168 838 1236 gratia
865 1169 962 1224 Dei
988 1185 1094 1241 per
1123 1171 1490 1229 ablutionem
1519 1173 1735 1228 viviﬁci
1766 1171 1964 1237 fontis,
2003 1187 2092 1225 re-

445 1254 623 1312 laxat.
661 1255 774 1312 Sed
805 1273 925 1320 non
956 1258 1172 1321 sufﬁcit
1194 1263 1629 1332 praeteritorum
1661 1261 1933 1318 remissio
1964 1276 2098 1332 pec-

445 1348 716 1407 catorum
749 1345 798 1400 si
836 1361 956 1404 non
985 1349 1240 1420 quisque
1289 1350 1572 1422 deinceps
1603 1351 1776 1408 bonis
1807 1349 2097 1405 studuerit

443 1433 715 1494 insistere
766 1437 1084 1508 operibus:
1129 1439 1395 1511 alioquin
1434 1441 1712 1498 diabolus
1741 1440 1844 1512 qui
1877 1439 2098 1494 exierat

445 1521 520 1578 de
548 1523 810 1591 homine,
845 1526 893 1580 si
923 1526 1083 1588 hunc
1114 1545 1149 1584 a
1180 1529 1354 1588 bonis
1385 1530 1599 1589 viderit
1628 1547 1863 1594 vacare,
1897 1529 2095 1586 multi-

2193 367 2321 418 tum
2347 364 2687 425 nullatenus
2719 371 2929 439 potest,
2990 365 3134 438 quia
3164 364 3269 436 qui
3314 363 3624 420 lavacrum
3654 363 3844 435 bapti-
3877 425 3881 430 ,

2197 452 2312 508 smi
2338 453 2413 508 ad
2446 454 2702 512 salutem
2727 457 2960 528 accipit,
2992 461 3048 511 et
3075 469 3274 510 veram
3327 453 3527 519 fidem,
3566 469 3760 524 spem,
3793 457 3849 510 et

2197 542 2545 599 charitatem
2576 543 2754 602 debet
2803 546 3044 609 habere,
3079 560 3188 598 nec
3238 543 3364 598 sine
3395 542 3486 597 his
3520 542 3710 598 tribus
3740 541 3852 598 vir-

2196 631 2421 686 tutibus
2455 633 2710 705 quisque
2728 633 2952 706 aliquid
2971 634 3101 704 jam
3131 633 3385 704 cperari,
3411 647 3606 704 neque
3631 631 3850 687 intrare

2197 720 2274 775 ad
2303 721 2491 777 vitam
2522 723 2712 778 valet:
2743 722 2904 778 unde
2932 727 3087 778 recte
3120 721 3502 791 subjungitur
3528 738 3540 775 :

2270 833 2296 860 ‹‹
2354 811 2698 867 Grossitudo
2772 817 2969 868 autem
3033 811 3233 867 luteris
3303 810 3480 866 trium
3537 808 3855 865 unciarum

2198 903 2338 956 erat.
2373 921 2399 948 ››
2431 900 2774 956 Grossitudo
2825 900 2986 956 enim
3023 899 3247 965 luteris,
3280 899 3337 954 id
3399 903 3486 956 est
3513 899 3718 956 maris.
3753 899 3859 953 tir-

2200 989 2375 1044 mitas
2408 993 2494 1043 est
2521 990 2750 1045 virtutis
2783 991 2842 1045 in
2872 990 3195 1061 baptismo.
3233 991 3298 1043 Et
3331 988 3508 1044 trium
3542 987 3857 1044 unciarum

2199 1083 2288 1132 est
2314 1078 2441 1132 haec
2473 1079 2831 1147 grossitudo,
2866 1079 3012 1134 dum
3043 1078 3258 1134 robore
3291 1077 3448 1143 ﬁdei,
3481 1076 3604 1148 spei
3628 1081 3685 1133 et
3708 1076 3858 1132 dile-

2202 1166 2430 1233 ctionis,
2484 1167 2782 1239 perceptio
2836 1167 3124 1239 baptismi
3181 1167 3606 1224 communitur.
3655 1169 3859 1237 Neque

2202 1256 2367 1311 aliter
2397 1256 2735 1327 proﬁcuum
2765 1273 2892 1311 esse
2917 1255 3348 1328 accipientibus
3369 1255 3711 1320 ostenditur,
3738 1253 3856 1311 nisi

2202 1346 2420 1402 harum
2447 1345 2621 1401 ﬁrma
2649 1345 2937 1401 certitudo
2970 1345 3274 1410 virtutum,
3293 1348 3546 1400 mentem
3566 1343 3856 1413 accipien-

2202 1435 2350 1490 tium
2383 1434 2562 1490 simul
2592 1441 2646 1490 et
2675 1450 2860 1506 opera
2893 1433 3205 1490 confirmet
3231 1451 3241 1488 :
3280 1456 3306 1482 ‹‹
3331 1433 3702 1504 Labiumque
3724 1432 3860 1502 ejus

2205 1544 2233 1575 ‹
2273 1524 2445 1596 quasi
2471 1523 2700 1579 labium
2743 1523 2964 1591 calicis,
3004 1528 3060 1577 et
3087 1523 3298 1579 folium
3345 1521 3622 1594 repandit
3668 1520 3792 1576 lilii.
3833 1543 3859 1570 ››

443 1611 657 1683 plicius
688 1614 877 1670 redit:
914 1616 1173 1689 facitque
1205 1642 1232 1667 ‹‹
1293 1621 1622 1680 novissima
1647 1621 1906 1676 hominis
1943 1619 2097 1676 illius
2130 1627 2167 1680 Β
2207 1616 2310 1668 Per
2338 1612 2567 1668 labium
2599 1612 2823 1684 quippe
2849 1611 3067 1676 calicis,
3103 1616 3342 1680 gustum
3377 1609 3696 1666 Dominicae
3723 1625 3862 1682 pas-

444 1700 653 1770 pejora
675 1701 974 1774 prioribus
1004 1706 1410 1776 (Matth.xn).»
1440 1707 1601 1764 Unde
1634 1714 1769 1779 apte
1801 1708 2094 1775 subditur,

446 1809 473 1837 «
506 1793 564 1846 et
582 1790 858 1848 resticula
888 1793 1124 1861 triginta
1155 1795 1493 1859 cubitorum
1511 1797 1788 1865 cingebat
1817 1796 1958 1854 illud
1995 1811 2099 1867 per

444 1876 775 1940 circuitum.
810 1903 835 1927 υ
891 1884 995 1945 Per
1022 1884 1362 1941 resticulam
1424 1901 1686 1958 namque
1716 1885 2097 1958 disciplinam

443 1972 879 2040 praceptorum
911 1970 1260 2042 caelestium,
1301 1990 1423 2045 qua
1452 1991 1488 2032 a
1516 1975 1732 2030 nostris
1781 1974 2098 2045 voluptatis

443 2054 559 2116 bus
590 2054 944 2125 relegamur,
977 2065 1171 2130 potest
1203 2067 1339 2132 apte
1384 2063 1606 2132 signari
1632 2080 1643 2118 :
1675 2063 1977 2134 Scriptura
2008 2062 2098 2119 di-

447 2146 639 2213 cente,
670 2145 814 2217 quia
840 2145 1186 2210 «funiculus
1216 2150 1425 2222 triplex
1439 2150 1677 2214 difﬁcile
1708 2151 2038 2222 rumpitur;
2073 2175 2098 2200 ››

447 2230 592 2304 quia
613 2233 896 2298 nimirum
914 2236 1256 2297 observatio
1277 2240 1703 2302 mandatorum
1727 2240 1847 2308 Dei,
1875 2257 2010 2312 quae
2040 2241 2102 2298 in

448 2321 732 2384 cordibus
756 2324 1079 2388 electorum
1117 2328 1237 2386 ﬁde
1266 2334 1320 2386 et
1341 2345 1448 2401 spe
1472 2335 1528 2393 et
1555 2329 1868 2388 dilectione
1893 2346 2098 2401 super-

448 2425 541 2468 nae
567 2412 968 2472 retributionis
999 2417 1171 2476 firma
1202 2423 1308 2487 est,
1359 2419 1526 2476 nullo
1558 2419 1976 2491 temporalium
2007 2434 2099 2473 re-

447 2513 582 2559 rum
612 2505 806 2572 potest
833 2503 1144 2567 obstaculo
1173 2506 1440 2570 dissolvi.

521 2603 549 2632 ‹‹
588 2585 654 2645 Et
684 2585 991 2656 sculptura,
1019 2589 1223 2653 subter
1249 2590 1480 2646 labium
1512 2591 1801 2648 circuibat
1829 2591 2102 2654 illud,de-.

446 2689 476 2718 «
516 2684 647 2730 cem
677 2671 1186 2750 cubitisiambiens
1215 2694 1400 2734 mare.
1421 2681 1549 2742 Duo
1570 2681 1808 2740 ordines
1841 2681 2102 2752 sculptu-

449 2778 477 2805 ‹‹
519 2772 724 2818 rarum
751 2759 1155 2830 histriatarum
1182 2770 1353 2826 erant
1378 2767 1598 2826 fusiles.
1637 2791 1662 2817 υ
1707 2769 1854 2825 Cum
1886 2769 2101 2840 praedi-

449 2851 610 2910 ctum
642 2847 717 2912 sit
744 2865 946 2926 supra,
994 2853 1159 2926 quod
1190 2855 1463 2916 resticula
1495 2857 1734 2926 triginta
1761 2859 2099 2928 cubitorum

448 2951 614 3037 mare
663 2937 954 3037 circuierit
981 2947 1036 3000 et
1087 2959 1248 3037 nunc
1286 2944 1526 3037 additur
1572 2947 1739 3019 quod
1794 2947 2100 3021 sculptura
2132 2984 2171 3037 ρ

448 3025 563 3088 hoc
593 3026 794 3091 subter
820 3028 1051 3094 labium
1077 3034 1290 3105 posita,
1317 3033 1526 3097 decem
1557 3037 1771 3101 cubitis
1803 3037 2097 3110 ambierit,

448 3119 612 3186 patet
658 3133 730 3174 ex
761 3123 1014 3193 utraque
1059 3122 1367 3194 relatione,
1395 3125 1539 3196 quia
1582 3141 1688 3190 vas
1717 3132 1842 3184 erat
1881 3127 1938 3182 in
1977 3143 2098 3184 mo-

447 3205 595 3261 dum
629 3207 866 3279 phialae,
887 3212 1226 3282 repandum
1257 3230 1326 3269 ac
1352 3215 1658 3284 diffusum,
1706 3232 1828 3288 quo
1864 3217 2100 3286 triginta

448 3295 662 3358 cubitis
691 3297 990 3367 circuitus,
1023 3318 1177 3374 quos
1206 3303 1470 3368 habebat
1496 3305 1555 3360 in
1582 3304 1764 3374 labio,
1796 3322 1986 3378 usque
2021 3305 2099 3366 ad

447 3383 656 3444 decem
700 3387 931 3444 cubitos
989 3396 1326 3452 coarctatus
1365 3393 1454 3449 sit.
1528 3393 1841 3465 Sculptura
1896 3400 2098 3452 autem

445 3471 714 3533 histriata
756 3480 862 3543 est,
915 3492 1051 3547 quae
1115 3479 1392 3538 historias
1438 3497 1637 3538 rerum
1690 3483 1924 3554 aliquas
1967 3485 2096 3540 imi-

447 3563 624 3620 tatur.
681 3561 844 3622 Unde
881 3569 1034 3620 recte
1066 3581 1171 3638 per
1216 3567 1550 3639 sculpturas
1597 3571 1916 3641 histriatas,
1963 3574 2096 3644 quis

448 3647 562 3702 bus
589 3663 758 3708 mare
807 3650 1313 3719 circuiudabatur,
1355 3658 1630 3729 exempla
1659 3664 1799 3718 sunt
1829 3659 2098 3731 priorum

448 3738 788 3809 temporum
835 3739 1170 3811 designata,
1212 3761 1337 3817 qua
1393 3761 1634 3804 necesse
1688 3753 1780 3804 est
1833 3764 1944 3804 nos
2002 3765 2097 3805 so-

447 3823 621 3889 lerter
684 3825 897 3888 intueri
945 3847 958 3884 :
1027 3835 1091 3896 ut
1151 3833 1464 3896 videamus
1519 3836 1740 3908 quibus
1814 3837 2098 3910 operibus

449 3915 637 3977 sancti
688 3917 806 3976 Deo
846 3918 1196 3993 placuerunt
1249 3922 1328 3979 ab
1371 3924 1588 3984 initio:
1653 3942 1776 3998 qua
1832 3925 2099 3982 obstina-

449 4001 606 4064 tione
637 4003 696 4064 in
719 4005 1042 4064 sceleribus
1059 4010 1476 4083 perdurarunt,
1505 4019 1733 4086 quanta
1757 4014 2097 4071 infelicitate

449 4091 528 4154 ob
561 4091 786 4148 scelera
814 4095 1115 4167 perierunt
1141 4100 1403 4172 reprobi.

521 4201 548 4238 ς(
596 4183 656 4242 Et
715 4184 911 4242 stabat
941 4201 1122 4258 super
1171 4188 1493 4248 duodecim
1546 4191 1753 4247 boves.
1787 4194 1826 4246 E
1875 4191 2097 4263 quibus

451 4289 479 4316 «
520 4270 637 4329 tres
666 4270 1033 4343 repiciebant
1073 4275 1151 4330 ad
1183 4277 1552 4349 aquilonem,
1579 4284 1636 4335 et
1686 4283 1802 4340 tres
1834 4279 1911 4339 ad
1941 4280 2096 4335 occi~

451 4377 477 4404 α
520 4355 760 4420 dentem
808 4364 866 4422 et
903 4364 1020 4426 tres
1050 4363 1129 4427 ad
1178 4353 1512 4437 meridiem,
1541 4373 1596 4423 et
1644 4372 1760 4434 tres
1802 4368 1879 4426 ad
1910 4369 2099 4425 oriens

451 4467 478 4494 «
522 4449 659 4504 tem.
709 4469 737 4506 η
788 4449 1114 4512 Duodecim
1171 4467 1313 4522 ergo
1368 4453 1553 4512 boves
1597 4456 1920 4518 duodecim
1962 4460 2101 4518 sunt

449 4535 726 4614 apostoli,
772 4541 830 4600 et
870 4554 1080 4604 omnes
1113 4542 1218 4614 qui
1247 4543 1374 4608 vice
1421 4559 1631 4608 eorum
1681 4547 2009 4616 regendam
2041 4546 2100 4604 in

451 4623 679 4686 Christo
726 4635 1118 4701 susceperunt
1165 4631 1492 4698 Ecclesiam
1540 4639 1832 4692 sanctam.
1877 4635 1985 4700 Qui
2017 4633 2102 4692 ni-

447 4712 668 4778 mirum
698 4713 882 4777 boves
913 4732 1080 4778 mare
1111 4718 1223 4784 sibi
1257 4735 1437 4791 super
1466 4719 1812 4794 impositum
1840 4725 2098 4796 portant,

448 4816 586 4858 cum
616 4805 871 4876 apostoli
913 4807 1442 4882 apostolorumque
1478 4828 1852 4873 successores
1899 4815 2103 4886 llljllll-r

448 4892 610 4978 ctum
634 4891 744 4953 sibi
775 4897 1221 4964 evangelizandi
1238 4898 1524 4972 ofﬁcium,
1547 4908 1826 4977 prompta
1852 4904 2102 4978 implere

447 4976 761 5036 devotione
793 4986 1094 5052 satagunt.
1127 4990 1262 5042 Tres
1293 4989 1372 5045 ad
1393 4976 1760 5063 aquilonem,
1787 4997 1846 5050 et
1876 4976 1989 5050 tres
2023 4994 2103 5054 ad

447 5065 838 5137 occidentem,
867 5075 922 5130 et
947 5075 1066 5128 tres
1096 5073 1174 5129 ad
1204 5077 1536 5146 meridiem,
1560 5085 1616 5136 et
1650 5086 1764 5142 tres
1797 5081 1877 5140 ad
1913 5083 2101 5138 orien.

448 5158 566 5212 tem
593 5159 1080 5232 respiciunt,cum
1101 5164 1453 5224 universalis
1473 5170 1750 5242 quadrati
1777 5170 1938 5225 orbis
1968 5185 2098 5241 par-

445 5245 605 5309 tibus
629 5247 812 5307 ﬁdem
841 5251 1172 5322 praedicant
1201 5261 1420 5322 sancta;
1439 5259 1750 5322 Trinitatis.
1771 5281 1798 5310 «ι
1830 5260 2096 5322 Quorum

444 5335 775 5407 posteriora
805 5339 1086 5400 universa
1115 5344 1466 5412 intrinsecus
1495 5346 1830 5404 latitabant.
1867 5369 1894 5395 ››
1948 5347 2097 5409 Quia

443 5439 565 5498 qua
595 5428 867 5493 mercede
914 5433 1102 5490 sancti
1147 5434 1567 5505 praedicatores
1618 5433 1677 5490 in
1737 5439 2094 5506 perpetuum

441 5513 758 5588 donentur,
821 5517 881 5574 in
911 5519 1124 5577 interni
1178 5521 1383 5581 arbitri
1411 5521 1685 5578 examine
1732 5522 2091 5596 dispositum

444 5607 550 5672 est,
583 5604 685 5660 srd
716 5606 886 5664 nobis
918 5609 1061 5682 quia
1089 5609 1287 5675 adhuc
1321 5609 1459 5667 foris
1489 5626 1698 5676 sumus
1730 5617 1932 5676 manet
1958 5630 2089 5672 om-

2206 1701 2425 1758 sionis:
2459 1717 2565 1772 per
2595 1700 2804 1755 folium
2847 1699 3096 1772 repandi
3140 1699 3261 1766 lilii,
3299 1699 3591 1770 patefacta
3620 1697 3864 1754 claritas

2206 1788 2652 1850 resurrectionis
2684 1789 2889 1860 ipsius,
2911 1788 3282 1860 exprimitur.
3318 1811 3344 1836 α
3387 1790 3512 1842 Duo
3546 1786 3732 1847 millia
3759 1786 3866 1842 ba-

2209 1885 2298 1934 tos
2331 1878 2626 1950 capiebat.
2661 1902 2687 1926 »
2716 1877 3073 1934 Millenarius
3114 1893 3376 1948 namque
3406 1892 3716 1940 numerus,
3749 1890 3863 1947 pro

2209 1968 2641 2038 significatione
2671 1966 3047 2039 perfectionis
3080 1966 3226 2022 solet
3256 1967 3398 2038 poni
3429 1967 3487 2022 in
3522 1965 3860 2037 Scripturis.

2211 2057 2359 2125 Quia
2408 2057 2689 2113 nimirum
2741 2055 3024 2112 denarius
3075 2071 3361 2111 numerus
3392 2055 3454 2109 in
3493 2054 3863 2128 quadratum

2210 2147 2424 2203 ductus
2446 2145 2704 2201 solidum
2735 2145 2891 2200 facit.
2942 2146 3152 2200 Decem
3201 2144 3425 2217 quippe
3455 2143 3650 2198 decies
3681 2143 3865 2202 ducta

2209 2239 2449 2292 centum
2469 2234 2710 2290 faciunt.
2727 2236 2868 2300 Quae
2891 2233 3161 2292 videlicet
3183 2233 3375 2304 figura
3394 2234 3523 2304 jam
3539 2232 3861 2312 quadrata,

2209 2325 2313 2380 sed
2341 2325 2539 2382 adhuc
2569 2323 2747 2395 plena
2775 2338 2896 2380 non
2948 2327 3034 2378 est
3110 2325 3322 2378 Verum
3357 2327 3418 2378 ut
3461 2321 3523 2376 in
3552 2319 3858 2378 altitudine

2211 2418 2432 2483 surgat,
2465 2417 2521 2469 et
2551 2411 2742 2467 solida
2779 2409 3087 2480 efﬁciatur,
3133 2411 3463 2482 multiplica
3492 2416 3724 2470 centum
3749 2423 3854 2480 per

2209 2503 2436 2569 decem,
2470 2505 2524 2556 et
2546 2501 2696 2559 fiunt
2727 2499 2886 2556 mille
2919 2516 3041 2573 quo
3082 2499 3346 2572 profecto
3395 2515 3641 2556 numero
3677 2496 3848 2552 stabi-

2207 2590 2277 2646 lis
2305 2594 2361 2645 et
2385 2588 2827 2662 insuperabilis,
2861 2594 2916 2644 et
2936 2589 3100 2644 velut
3130 2589 3546 2660 conquadrata
3567 2588 3855 2660 iustorum

2208 2678 2570 2734 conscientia
2620 2677 2986 2747 designatur.
3021 2680 3392 2750 Quocunque
3418 2679 3579 2736 enim
3619 2674 3860 2732 verteris

2208 2767 2572 2839 quadratum
2604 2765 2801 2822 stabit.
2869 2767 2958 2822 Sic
3001 2772 3057 2822 et
3097 2767 3336 2823 animus
3381 2767 3545 2824 nullo
3593 2765 3863 2821 tentatio-

2211 2872 2357 2911 num
2386 2871 2642 2916 occursu
2670 2855 2837 2912 novit
2865 2871 2901 2909 a
2933 2860 3088 2914 statu
3136 2872 3259 2910 suae
3305 2854 3674 2924 rectitudinis
3705 2852 3866 2910 incli-

2212 2943 2362 3000 nari.
2384 2946 2562 2999 Batus
2591 2948 2792 2999 autem
2820 2944 3203 3000 Hebraeorum
3234 2959 3518 3002 mensura
3546 2948 3866 3014 est,quam

2209 3034 2323 3106 ipsi
2354 3033 2453 3089 bat
2485 3033 2823 3103 nominant,
2854 3033 3038 3089 habet
3068 3033 3303 3089 modios
3331 3038 3588 3105 quatuor
3613 3037 3672 3090 et
3703 3031 3865 3102 epbi,

2211 3123 2375 3196 quod
2407 3121 2488 3186 illi
2517 3121 2670 3192 epha
2700 3123 3036 3180 nominant.
3087 3122 3201 3178 Sed
3231 3122 3306 3178 ad
3337 3121 3481 3193 Ephi
3511 3137 3866 3182 mensuram

2213 3213 2468 3286 pertinet
2489 3212 2792 3270 variarum
2823 3212 3087 3280 frugum,
3136 3212 3304 3268 tritici
3335 3210 3563 3278 hordei,
3611 3210 3864 3280 legumis-

2213 3320 2380 3360 num.
2435 3304 2610 3358 Batus
2644 3317 2782 3357 vero
2815 3307 2907 3358 est
2941 3301 2999 3362 in
3032 3301 3343 3374 speciebus
3394 3300 3661 3372 liquidis,
3704 3300 3863 3369 vino,

2215 3391 2367 3458 oleo,
2401 3407 2578 3462 aqua.
2611 3391 2812 3462 Itaque
2836 3390 3036 3454 batus,
3069 3391 3212 3462 quia
3240 3394 3410 3448 certa:
3441 3406 3670 3446 normae
3695 3405 3861 3448 mens

2217 3497 2357 3536 sura
2387 3485 2492 3545 est,
2528 3495 2713 3552 opera
2742 3479 3020 3548 designat
3049 3479 3342 3552 aequitatis
3390 3485 3445 3535 et
3470 3480 3705 3550 justitiae
3733 3478 3862 3550 qui-

2212 3568 2327 3624 bus
2360 3567 2418 3622 bi
2449 3568 2552 3639 qui
2581 3569 2641 3622 in
2675 3568 3090 3624 remissionem
3114 3572 3498 3640 peccatorum
3541 3567 3848 3637 baptizan-

2212 3662 2580 3723 tur,necesse
2611 3655 2838 3712 habent
2865 3656 3106 3712 institui.
3130 3659 3301 3712 Batos
3328 3657 3544 3730 quippe
3575 3653 3726 3712 mille
3755 3669 3846 3709 ca-

2211 3745 2414 3817 piebat
2439 3761 2628 3812 mare,
2664 3761 2803 3800 cum
2851 3761 3011 3817 aqua
3046 3745 3424 3818 baptismatis
3474 3744 3705 3819 plebem
3756 3741 3852 3802 Ju-

2209 3836 2478 3890 daeorum
2509 3834 2782 3898 abluens,
2835 3835 2911 3890 ad
2941 3851 3193 3904 regnum
3244 3835 3480 3892 caeleste
3515 3832 3856 3892 transmisit.

2207 3924 2548 3996 Recipiebat
2577 3931 2632 3980 et
2661 3924 2808 3980 alios
2838 3925 3015 3992 mille,
3053 3941 3190 3983 cum
3223 3925 3403 3984 etiam
3433 3925 3641 3982 turbas
3670 3923 3861 3978 natio~

2207 4029 2357 4070 num
2386 4014 2600 4070 eodem
2623 4013 2782 4070 fonte
2807 4019 3065 4080 renatas,
3087 4019 3141 4070 et
3167 4014 3450 4086 operibus
3463 4013 3704 4084 justitiaa
3727 4027 3864 4072 cou-

2205 4101 2494 4170 ﬁrmatas,
2527 4102 2799 4174 ejusdem
2834 4102 3002 4172 regni
3050 4103 3330 4174 perennis
3361 4103 3496 4159 fecit
3519 4118 3650 4160 esse
3685 4102 3862 4174 parti-

2209 4192 2391 4263 cipes.

2283 4303 2311 4330 «ι
2339 4283 2406 4336 Et
2428 4279 2563 4335 fecit
2579 4281 2759 4336 bases
2780 4281 2989 4338 decem
3012 4298 3219 4348 aureas,
3234 4286 3495 4354 quatuor
3525 4280 3864 4338 cubitorum

2212 4393 2237 4416 σι
2271 4369 2661 4440 longitudinis
2683 4370 2862 4426 bases
2878 4371 3500 4444 singulas,etquatuor
3521 4369 3862 4431 cubitorum

2210 4482 2236 4508 «
2272 4457 2864 4524 latitudinis,ettrium
2878 4459 3218 4516 cubitorum
3233 4458 3642 4527 altitudinis,et
3656 4458 3861 4530 ipsum

2209 4569 2234 4594 ‹‹
2265 4563 2418 4618 opus
2447 4545 2686 4600 basium
2712 4546 3062 4620 interrasile,
3082 4571 3107 4598 ››
3134 4547 3452 4620 etreliqua.
3477 4546 3784 4605 Multifarie
3811 4548 3864 4602 et

2209 4635 2409 4692 multis
2450 4635 2668 4704 modis,
2693 4651 2815 4692 una
2834 4636 3166 4710 eademque
3201 4641 3414 4692 nostrae
3437 4635 3642 4690 salutis
3667 4650 3865 4690 sacra-

2211 4728 2413 4781 menta
2445 4723 3203 4797 prreiiguranturﬁamque
3228 4725 3409 4781 iidem
3441 4722 3700 4796 apostoli
3729 4722 3862 4780 viri-

2208 4829 2325 4889 que
2355 4813 2684 4886 apostolici,
2709 4815 2811 4886 qui
2838 4831 2944 4886 per
2971 4815 3157 4871 boves
3187 4832 3352 4872 mare
3378 4818 3683 4886 portantes
3714 4813 3868 4869 desi-

2210 4905 2374 4974 gnati
2401 4907 2558 4970 sunt,
2584 4903 2978 4972 designantur
3015 4905 3194 4962 etiam
3224 4921 3330 4977 per
3353 4905 3529 4959 bases
3558 4919 3698 4974 quae
3731 4919 3865 4976 por—

2209 4991 2407 5048 tandis
2429 4996 2597 5048 erant
2632 4991 2919 5047 luteribus
2965 4997 3336 5064 praeparatae,
3382 4991 3697 5065 quomodo
3749 4990 3865 5064 ipsi

2206 5080 2423 5136 lutercs
2448 5079 2719 5148 ejusdem
2748 5079 2969 5135 lavacri
2990 5080 3468 5153 spiritalis,cujus
3499 5086 3556 5138 et
3587 5096 3757 5142 mare
3782 5087 3866 5152 ty-

2208 5183 2355 5238 pum
2385 5166 3005 5238 gerebant.Siquidem
3025 5176 3081 5224 et
3109 5169 3300 5226 Verba
3325 5171 3559 5230 dierum
3590 5173 3861 5236 narrant,

2206 5254 2412 5310 omnia
2460 5253 2518 5310 in
2572 5253 2656 5309 eis
2713 5269 2849 5326 quas
2878 5255 2939 5314 in
2960 5255 3380 5315 holocaustum
3410 5259 3668 5329 oblaturi
3693 5262 3866 5316 erant

2203 5344 2522 5402 levabant:
2551 5343 2973 5401 holocaustum
3003 5351 3204 5406 autem
3243 5349 3476 5410 Domini
3506 5349 3864 5418 generaliter!

2202 5435 2399 5491 omnis
2445 5433 2769 5494 electorum
2814 5435 3133 5518 multitudo
3178 5444 3374 5511 potest
3418 5439 3680 5508 intelligi.
3717 5455 3859 5510 quae

2195 5524 2370 5595 juxta
2409 5541 2618 5580 vocem
2648 5527 3035 5598 praecursoris
3060 5527 3358 5601 baptizata
3387 5532 3478 5584 est
3500 5527 3580 5584 ab
3628 5529 3764 5600 ipso
3795 5529 3858 5584 in

2204 5614 2423 5688 Spiritu
2448 5618 2656 5680 sancto
2681 5619 2738 5674 et
2759 5615 2903 5688 igni.
2935 5617 3096 5688 Sicut
3120 5634 3264 5690 ergo
3293 5618 3630 5682 sacerdotes
3657 5619 3764 5691 qui
3794 5620 3858 5676 in
