4092 6178
207 171 314 226 M5

205 291 352 346 mari
379 289 690 356 levabant.
718 291 979 348 formam
1007 290 1352 364 exprimunt
1375 308 1586 350 eorum
1617 292 1724 366 qui
1751 303 1859 363 per

201 380 510 452 baptisma
538 379 880 436 efﬁciuntur
931 380 1153 436 summi
1205 387 1512 438 consortes
1567 379 1858 438 sacerdoti

199 469 368 542 quod
398 473 490 524 est
535 468 598 523 in
630 469 884 525 Domino
924 472 1061 524 Jesu
1092 470 1344 538 Christo,
1371 471 1454 527 ita
1481 471 1660 528 etiam
1687 469 1856 525 holo-

197 564 410 614 causta
440 557 796 614 eorumdem
825 559 1086 627 ﬁguram
1118 559 1426 631 aptissime
1456 559 1859 633 praetendunt,

196 663 339 702 cum
368 651 504 718 post
533 647 905 704 ablutionem
935 647 1244 720 baptismi,
1276 650 1465 720 gratia
1515 648 1702 705 sancti
1735 648 1857 720 Spi-

194 737 346 792 ritus
378 734 728 808 implentur.
762 739 1017 792 Lavatur
1046 753 1312 810 namque
1341 738 1404 794 in
1431 739 1616 794 lutere
1637 737 1856 804 hostia,

194 843 337 881 cum
374 824 513 897 quis
540 824 812 880 ﬁdelium
835 842 996 898 aqua
1021 827 1306 899 baptismi
1334 827 1728 900 perfunditur.
1761 826 1854 883 0f-

193 915 388 970 fertur
418 929 562 970 vero
586 913 647 969 in
677 914 1122 982 holocaustum,
1163 932 1302 972 cum
1332 916 1707 987 impositione
1732 931 1855 972 ina-

191 1019 307 1058 nus
338 1003 608 1076 episcopi
626 1003 856 1059 donum
879 1003 1126 1076 Spiritus
1148 1005 1335 1061 sancti
1356 1004 1854 1078 accipiunt.Quod

194 1108 338 1149 vero
369 1092 446 1148 ad
475 1093 807 1164 portandos
834 1093 1050 1149 luteres
1077 1094 1290 1150 decem
1319 1099 1460 1150 sunt
1486 1094 1662 1151 bases
1683 1094 1854 1150 factae

197 1186 428 1256 poterat
457 1181 711 1254 mystice
742 1182 1134 1255 interpretari,
1165 1184 1310 1256 quia
1339 1184 1591 1240 ministri
1630 1181 1853 1239 lavacri

197 1270 389 1326 vitalis
413 1269 493 1326 ad
522 1274 760 1325 aeternae
791 1270 1014 1339 gaudia
1045 1271 1430 1328 beatitudinis
1477 1273 1634 1344 (qum
1665 1271 1849 1327 dena-

191 1360 275 1415 rio
306 1359 506 1414 solent
532 1375 786 1415 numero
805 1359 1076 1430 ﬁgurari)
1107 1377 1209 1417 eos
1229 1377 1385 1434 quos
1422 1361 1723 1429 imbuunt,
1750 1376 1850 1415 vo-

189 1455 342 1505 cent.
375 1449 597 1504 Verum
630 1449 773 1520 quia
802 1455 877 1504 de
905 1449 1132 1506 eisdem
1159 1451 1448 1508 luteribus
1474 1450 1744 1506 distincte
1765 1451 1853 1505 in-

188 1538 588 1610 sequentibus
621 1538 912 1611 scriptum
944 1545 1051 1607 est,
1085 1541 1253 1613 quod
1284 1541 1554 1596 videlicet
1581 1539 1849 1612 quinque

1211 167 1472 222 sum.
1496 169 1569 226 1N
1599 153 1842 224 uanos
1872 160 2137 222 Insnit.
2163 192 2235 211 --
2265 166 2341 224 IN
2374 167 2631 226 1.13.111.

3520 167 3632 228 ιω

1966 291 2107 344 ante
2131 293 2192 345 et
2216 294 2394 354 retro,
2416 291 2626 349 dextra
2655 295 2710 347 et
2760 289 3000 348 sinistra
3027 291 3082 344 et
3136 303 3324 364 supra
3374 303 3626 363 quoque

1964 375 2283 444 haberent,
2310 380 2628 438 subdcndo
2659 379 2919 454 aperitur
2948 394 3088 433 cum
3125 377 3339 434 dicitur
3366 394 3380 434 :

2052 489 2070 516 ί
2107 474 2173 526 Et
2203 471 2352 526 inter
2373 469 2692 528 coronulas
2712 475 2769 525 et
2797 467 3045 540 plectas,
3092 465 3298 524 leones
3324 471 3380 522 et
3410 466 3629 538 boves,

1966 585 1996 612 α
2024 567 2081 617 et
2111 558 2422 616 cherubim
2449 564 2507 614 et
2557 559 2618 614 in
2645 556 2939 630 juncturis
2967 554 3233 612 simihter
3280 554 3560 627 desuper.
3589 573 3623 609 ›

1964 655 2089 707 Non
2119 665 2264 717 ergo.
2287 647 2470 720 plana
2495 654 2621 705 erat
2667 647 2785 702 ulla
2817 662 2890 701 ex
2919 650 3084 718 parte
3118 643 3463 718 superﬁcies
3513 644 3624 702 ba-

1965 739 2267 805 sium,sed
2301 737 2569 810 undique
2621 751 2864 792 versum
2891 733 3158 808 mysticis
3208 733 3444 806 sculpta
3473 732 3630 812 ﬁgu.

1962 829 2062 895 ris,
2100 828 2246 901 quia
2267 832 2613 884 sanctorum
2662 829 2917 890 mentes,
2946 823 3069 884 imo
3098 823 3380 880 universa
3410 838 3622 884 eorum

1962 918 2358 984 conversatio,
2381 916 2667 972 virtutum
2690 915 2752 970 in
2775 913 3058 970 omnibus
3086 912 3342 981 gratiam
3369 915 3626 986 prmten~

1961 1007 2068 1076 dit,
2116 1023 2310 1078 neque
2353 1006 2620 1079 aliquam
2679 1004 2812 1061 illos
2867 1004 3016 1060 hora
3069 1001 3264 1060 inanis
3315 1006 3370 1060 et
3425 1017 3624 1062 vacua.

1959 1097 2258 1169 praeteriit,
2281 1096 2340 1150 in
2371 1111 2492 1168 qua
2513 1095 2628 1167 piis
2649 1109 2862 1151 vacare
2919 1090 3232 1165 operibus,
3260 1089 3356 1146 vel
3386 1105 3619 1148 sermo-

1959 1186 2143 1242 nibus
2170 1184 2263 1240 vel
2289 1188 2443 1240 certe
2470 1181 2932 1253 cogitationibus
2983 1181 3293 1236 desistant.
3332 1177 3621 1236 Cornulas

1959 1275 2182 1348 quippe
2212 1275 2272 1331 in
2304 1291 2364 1330 se
2397 1273 2663 1345 sculptas
2687 1271 2932 1338 habent,
2969 1286 3107 1326 cum
3138 1269 3288 1324 inter
3317 1267 3621 1328 desideria.

1958 1364 2092 1420 vitae
2120 1364 2374 1420 caelestis
2401 1379 2538 1437 quis
2584 1377 2824 1419 sursum
2851 1364 2959 1426 est,
2991 1374 3308 1431 nunquam
3341 1357 3614 1414 fraternae

1959 1452 2250 1509 societatis
2280 1468 2416 1524 quas
2469 1452 2640 1522 juxta
2705 1454 2812 1518 est,
2843 1447 3084 1504 vincula
3114 1445 3472 1504 dissolvunt.
3509 1448 3622 1504 lla-~

1955 1543 2102 1600 bent
2128 1544 2277 1598 inter
2305 1541 2624 1598 coronulas
2645 1545 2701 1597 et
2724 1539 2951 1612 plectas
2983 1537 3206 1603 leones,
3239 1552 3379 1596 cum
3425 1535 3508 1594 ita
3537 1540 3614 1592 ad

187 1645 252 1683 ex
279 1629 381 1683 his
419 1627 602 1700 positi
631 1628 754 1683 sint
799 1628 878 1682 ad
909 1628 1220 1684 dexteram
1250 1635 1482 1701 partem
1516 1628 1742 1702 templi,
1791 1632 1851 1686 et
1883 1647 1928 1700 Β
1957 1632 2256 1705 speranda
2273 1631 2539 1688 caelestia
2569 1637 2831 1688 mentem
2866 1627 3120 1697 erigunt,
3154 1627 3235 1684 ita
3261 1624 3344 1685 ad
3371 1624 3618 1694 diligen-

185 1718 462 1789 quinque
493 1716 572 1773 ad
596 1716 920 1788 sinistram,
944 1718 1138 1787 magis
1151 1717 1212 1774 in
1242 1719 1327 1774 eis
1350 1718 1606 1791 quinarii
1635 1734 1847 1774 nume-

187 1807 229 1861 ri
251 1811 404 1861 sunt
430 1805 727 1862 intuenda
747 1807 1054 1878 mysteria.
1076 1811 1138 1862 In
1157 1811 1410 1880 utraque
1436 1807 1654 1863 etenim
1680 1813 1847 1880 parte

187 1895 392 1968 templi
414 1898 557 1950 sunt
604 1895 786 1950 bases
810 1895 1091 1959 luterum,
1122 1901 1189 1951 ut
1217 1896 1450 1969 utrique
1483 1897 1581 1952 Dei
1619 1897 1846 1970 populo

186 1986 339 2041 sacri
362 1984 546 2041 fontis
565 1985 823 2054 gratiam
853 1985 1244 2055 designarent
1271 2003 1404 2043 esse
1432 1987 1842 2067 pandendam.

187 2076 252 2128 Et
281 2074 558 2146 quinque
599 2079 739 2129 sunt
795 2074 856 2129 in
898 2079 1150 2146 utraque
1206 2080 1413 2148 parte;
1447 2081 1512 2132 ut
1566 2077 1738 2143 (sicut
1783 2076 1845 2132 in

189 2163 560 2236 expositione
616 2163 824 2230 maris,
871 2164 1037 2236 quod
1085 2165 1353 2238 quinque
1411 2166 1626 2223 cubitis
1657 2165 1845 2222 altum

193 2258 305 2322 est,
331 2254 458 2322 jam
485 2251 764 2324 diximus)
787 2253 1297 2310 demonstraretur
1321 2255 1536 2328 typice,
1567 2255 1846 2312 universa

194 2343 474 2399 fidelibus
511 2361 644 2417 quae
695 2360 802 2417 per
851 2346 1119 2418 quinque
1165 2362 1380 2402 sensus
1409 2347 1675 2418 corporis
1705 2346 1846 2402 deli-

189 2439 469 2505 querant,
508 2450 614 2506 per
633 2433 944 2490 lavacrum
971 2435 1351 2507 baptismatis
1380 2452 1512 2492 esse
1539 2436 1842 2492 remitten-

188 2523 278 2580 da.
319 2525 484 2581 Sicut
511 2540 654 2595 ergo
685 2525 746 2579 in
779 2540 900 2580 uno
944 2526 1094 2580 mari
1124 2525 1443 2582 duodecim
1492 2526 1688 2584 bobus
1740 2545 1842 2583 su-

190 2630 291 2686 per
319 2615 522 2687 posito
547 2614 748 2670 unitas
782 2615 1135 2688 exprimitur
1163 2615 1719 2689 baptismatis,quaa
1736 2633 1842 2689 per

189 2703 496 2775 apostolos
527 2708 653 2760 toto
683 2710 808 2760 erat
839 2704 971 2760 orbi
998 2704 1407 2776 praedicanda,
1431 2706 1512 2763 ita
1541 2708 1719 2763 etiam
1735 2723 1842 2778 per

193 2791 346 2847 duos
386 2793 626 2849 ordines
677 2793 933 2849 luterum
989 2795 1240 2866 mystice
1292 2796 1646 2861 ostenditur,
1699 2797 1840 2868 quia

191 2880 482 2950 gentilitas
507 2882 871 2938 cumJudaaa
893 2883 952 2938 in
976 2899 1162 2938 unum
1186 2883 1325 2939 fidei
1343 2885 1711 2940 consortium
1734 2900 1840 2957 per

1955 1722 2070 1777 dos
2091 1721 2400 1795 proximos
2454 1719 2729 1785 dilatant,
2781 1722 2844 1777 ut
2876 1717 2934 1775 in
2983 1719 3298 1788 peccantes
3339 1729 3615 1788 quosque

1954 1812 2061 1884 qui
2086 1811 2198 1869 sibi
2225 1811 2534 1868 commissi
2584 1814 2723 1868 sunt
2747 1809 3042 1865 fervorem
3076 1821 3303 1879 asperae
3334 1802 3614 1860 invectio-

1955 1901 2047 1957 nis
2076 1915 2348 1958 exercere
2368 1915 2492 1956 non
2514 1899 2771 1956 tardent.
2804 1896 3032 1953 Habent
3057 1911 3196 1952 cum
3211 1892 3485 1952 leonibus
3501 1890 3612 1948 bo-

1953 2005 2080 2056 ves,
2114 1989 2363 2062 quando
2394 1990 2591 2061 ipsam
2620 1987 3016 2046 invectionem
3047 1981 3427 2060 corripiendi,
3473 1997 3614 2040 cum

1954 2079 2228 2150 spiritum
2268 2075 2749 2135 mansuetudinis
2779 2073 3080 2141 exhibent,
3113 2071 3361 2146 quando
3410 2069 3474 2125 in
3503 2068 3612 2126 fer-

1953 2184 2092 2224 vore
2123 2166 2415 2236 arguendi
2443 2181 2760 2237 nunquam
2813 2163 3024 2221 ﬁssam
3066 2161 3289 2218 habere
3318 2155 3610 2227 ungulam

1935 2249 2222 2314 discretae
2252 2255 2502 2314 actionis
2533 2272 2602 2312 ac
2633 2252 2913 2326 loquelae,
2940 2265 3258 2324 nunquam
3309 2245 3497 2307 verba
3523 2243 3612 2300 di-

1948 2347 2105 2403 vinas
2126 2344 2391 2402 lectionis
2419 2342 2582 2399 velut
2610 2339 2974 2400 ruminando
3004 2339 3066 2396 in
3086 2353 3186 2395 ore
3216 2335 3454 2393 volvere
3486 2349 3610 2390 ces-

1952 2440 2109 2493 sant.
2144 2435 2268 2490 «Et
2299 2433 2502 2490 subter
2554 2433 2759 2490 leones
2811 2434 2870 2488 et
2919 2429 3105 2486 boves
3145 2425 3321 2501 quasi
3363 2423 3493 2482 lora
3535 2437 3609 2482 ex

1951 2542 2064 2582 tere
2094 2523 2454 2596 dependent,
2483 2543 2512 2571 ››
2533 2521 2782 2595 quando
2804 2517 3009 2582 ,sancti
3027 2517 3304 2574 doctores
3349 2516 3406 2570 et
3433 2511 3493 2568 in
3523 2526 3609 2566 se-

1950 2615 2194 2671 veritate
2227 2610 2639 2680 districtionis,
2659 2626 2784 2683 qua
2814 2611 3132 2680 peccantes
3149 2603 3446 2676 judicent,
3473 2599 3611 2660 etin

1949 2702 2414 2762 mansuetudine
2448 2700 2726 2766 lenitatis,
2775 2714 2898 2771 qua
2941 2693 3368 2772 paenitentibus
3414 2689 3609 2748 remit-

1949 2798 2098 2852 tunt.
2138 2791 2436 2862 judicium
2466 2789 2560 2846 sui
2590 2790 2800 2846 timent
2828 2785 3108 2849 auctoris,
3137 2799 3212 2838 ne
3239 2781 3386 2838 forte
3415 2778 3606 2850 injus-

1949 2891 2002 2938 te
2027 2882 2273 2952 ligando
2295 2883 2399 2936 aut
2447 2878 2736 2935 solvendo
2785 2876 3139 2950 quempiam
3193 2873 3323 2943 jam
3347 2867 3604 2942 justeli-

185 2970 561 3042 baptismatis
592 2977 718 3027 erat
747 2971 977 3026 undam
1029 2972 1383 3041 colligenda.
1421 2973 1592 3039 Quod
1637 2979 1837 3030 autem
1869 2999 1910 3055 ρ
1948 2973 2074 3041 gari
2106 2970 2218 3043 ipsi
2249 2967 2532 3037 habeant,
2565 2972 2623 3024 et
2646 2968 2776 3040 ejus
2803 2964 3100 3038 judicium
3129 2961 3235 3036 qui
3259 2974 3456 3019 errare
3502 2972 3608 3014 ne-

188 3067 443 3133 quatuor
485 3061 828 3117 cubitorum
859 3061 1269 3132 longitudinis,
1311 3068 1368 3118 et
1389 3067 1650 3136 quatuor
1679 3064 1840 3119 cubi-

192 3157 384 3205 torum
433 3151 788 3218 latitudinis,
822 3155 879 3206 et
905 3151 1085 3206 trium
1120 3151 1459 3208 cubitorum
1511 3152 1841 3208 altitudinis

191 3239 368 3293 bases
405 3240 652 3308 singulae
683 3241 866 3309 fuere,
897 3240 1065 3296 facile
1095 3240 1394 3296 intellectu
1424 3247 1529 3297 est.
1563 3243 1838 3310 Longitu—

195 3327 279 3381 do
303 3328 525 3382 etenim
565 3327 640 3383 ad
659 3328 1011 3400 patientiam
1049 3328 1556 3397 longanimitatis;
1589 3330 1841 3386 latitudo

201 3415 283 3470 ad
302 3415 638 3471 dilationem
665 3417 1270 3483 dilectionis,altitudo
1282 3418 1532 3489 pertinet
1562 3419 1640 3474 ad
1671 3436 1840 3491 spem

204 3520 472 3577 supernae
505 3506 918 3563 retributionis.
951 3509 1218 3572 Quatuor
1248 3512 1448 3563 autem
1466 3514 1604 3564 sunt
1628 3508 1841 3581 princio

201 3593 363 3665 pales
397 3595 655 3657 virtutes,
705 3596 928 3668 quibus
980 3601 1193 3650 ceetera
1221 3598 1503 3652 virtutum
1547 3602 1842 3654 structura

198 3683 472 3739 imminet.
507 3685 823 3741 Prudentia
848 3684 1085 3748 scilicet,
1118 3685 1419 3752 fortitudo,
1448 3687 1843 3759 temperantia

211 3771 432 3840 justitia.
455 3775 514 3829 Et
538 3773 680 3829 ideo
721 3779 1151 3841 quaternorum
1197 3779 1323 3830 erat
1353 3774 1687 3832 cubitorum
1717 3775 1843 3830 lon-

215 3859 398 3926 ῥηιάο
424 3867 476 3916 et
516 3861 774 3918 latitudo
795 3862 1056 3926 basium,
1080 3863 1225 3935 quia
1255 3863 1445 3918 sancti
1491 3864 1841 3935 praedicato-

204 3965 286 4004 res
310 3951 424 4008 sive
454 3953 716 4008 adversa
746 3952 957 4008 mundi
984 3959 1039 4009 et
1081 3952 1517 4022 longitudinem
1547 3955 1738 4009 exitus
1768 3971 1840 4010 ac

191 4037 458 4096 laborum
486 4041 875 4114 praesentium
907 4042 1050 4098 foris
1076 4043 1373 4098 tollerent:
1408 4058 1516 4097 seu
1546 4058 1648 4097 cor
1677 4043 1737 4098 in
1755 4043 1841 4098 di-

187 4127 425 4185 lectione
463 4130 558 4186 sui
590 4130 947 4201 Conditoris,
998 4148 1367 4204 suorumque
1419 4131 1838 4203 proximorum

185 4217 406 4275 interna
437 4219 806 4276 exultatione
835 4220 1102 4289 dilatant,
1134 4236 1371 4293 semper
1398 4236 1646 4293 operam
1691 4220 1836 4276 dare

185 4308 503 4366 virtutibus
535 4315 750 4366 curant
776 4325 789 4364 :
843 4310 1168 4383 prudenter
1196 4309 1469 4366 videlicet
1493 4310 1646 4366 inter
1673 4309 1834 4366 bona

182 4405 229 4453 et
255 4400 420 4456 mala
453 4400 885 4468 discernentes,
916 4400 1139 4455 fortiter
1163 4399 1420 4456 adversa
1453 4401 1831 4469 sustinentes,

179 4504 270 4542 cor
297 4489 376 4543 ab
433 4487 715 4560 appetitu
779 4488 1158 4560 voluptatum
1209 4492 1629 4559 temperantes,
1668 4489 1834 4560 justi-

179 4575 307 4631 tiam
337 4577 403 4632 in
440 4575 800 4648 operatione
845 4580 1132 4632 tenentes.
1161 4575 1357 4632 Trium
1415 4592 1558 4632 vero
1601 4577 1832 4633 cubito-

174 4678 296 4719 rum
326 4665 398 4721 ﬁt
431 4663 695 4721 altitudo
724 4663 987 4730 basium,
1042 4681 1181 4720 cum
1213 4680 1319 4736 per
1343 4665 1688 4720 exercitium
1719 4668 1833 4720 vir-

175 4754 382 4820 tutum,
452 4768 616 4824 quas
689 4751 1116 4823 compatientia
1172 4752 1472 4809 malorum
1539 4757 1599 4807 et
1661 4752 1838 4808 dilec-

171 4841 320 4898 tione
390 4843 712 4899 bonorum
776 4847 1091 4908 exercent,
1159 4841 1440 4897 continua
1513 4841 1837 4897 intentione

172 4930 242 4984 ad
309 4933 626 4988 visionem
689 4935 911 4986 sancta:
965 4930 1256 4987 Trinitatis
1316 4931 1619 5002 pervenire
1677 4934 1834 4986 sata.

170 5027 328 5088 gunt.

235 5219 263 5246 ιι
296 5202 363 5256 Et
388 5199 611 5272 ipsum
640 5212 796 5269 opus
829 5196 1068 5252 basium
1087 5196 1413 5252 interrasile
1439 5201 1584 5254 erat.
1606 5199 1672 5252 Et
1684 5195 1838 5252 scul-

173 5292 412 5358 «ptume
448 5288 610 5342 inter
629 5285 1002 5355 juncturas.»
1030 5287 1347 5340 Juncturas
1377 5285 1572 5340 dicere
1603 5284 1838 5340 videtur

169 5375 614 5448 eas,qua3ipsae
629 5373 888 5429 luterum
915 5372 1136 5428 tabulis
1158 5373 1396 5428 sibimet
1413 5372 1668 5428 invicem
1691 5389 1835 5428 con-

171 5479 334 5519 nexas
358 5469 545 5520 sunt:
584 5468 647 5518 ut
676 5462 895 5518 scilicet
921 5466 1181 5532 quatuor
1209 5461 1332 5517 sive
1372 5462 1638 5534 quinque
1669 5461 1838 5517 tabu-

170 5551 235 5607 lis
263 5571 398 5610 una
431 5553 606 5609 fieret
619 5552 812 5608 basis.
838 5551 1052 5618 Quales
1072 5558 1270 5609 autem
1290 5551 1627 5623 sculpturas
1654 5552 1832 5608 bases

173 5642 320 5700 inter
341 5644 467 5701 has
487 5644 823 5713 juncturas,
851 5640 914 5698 id
942 5645 1035 5700 est
1088 5641 1150 5698 in
1200 5641 1348 5722 ipsis
1391 5640 1515 5698 suis
1544 5639 1832 5701 lateribus

1948 3063 2079 3133 quit
2109 3063 2474 3116 mereantur.

2021 3174 2047 3200 ‹‹
2075 3154 2142 3206 Et
2165 3153 2428 3221 quatuor
2457 3151 2597 3204 rotae
2627 3161 2735 3220 per
2775 3145 2952 3200 bases
2990 3139 3257 3210 singulas
3283 3142 3340 3196 et
3367 3152 3508 3192 axes
3533 3150 3608 3191 ae-

1951 3265 1976 3290 ‹‹
2014 3241 2115 3306 rei,
2149 3245 2208 3295 et
2233 3254 2340 3310 per
2361 3240 2622 3310 quatuor
2641 3239 2841 3307 partes
2877 3230 3054 3305 quasi
3081 3225 3380 3286 humeruli
3401 3223 3607 3282 subter

1951 3355 1977 3378 ‹‹
2010 3331 2259 3386 luterem
2288 3327 2510 3396 fusiles,
2539 3327 2747 3382 contra
2772 3339 2833 3378 se
2857 3321 3112 3378 invicem
3143 3318 3604 3388 respectantes.»

1951 3423 2219 3486 Quatuor
2247 3422 2388 3474 τοίω
2445 3419 2706 3487 quatuor
2760 3414 2900 3468 sunt
2941 3405 3400 3476 Evangeliorum
3443 3400 3604 3470 libri,

1949 3509 2055 3582 qui
2083 3506 2392 3580 aptissime
2422 3504 2564 3562 rotis
2595 3504 3052 3574 comparantur:
3083 3495 3228 3570 quia
3258 3493 3407 3582 sicut
3437 3490 3605 3582 volu—

1949 3578 2144 3654 bilitas
2170 3600 2315 3651 rotas
2367 3593 2656 3649 citissimo
2686 3606 2866 3647 cursu
2913 3598 3283 3660 quocunque
3340 3578 3600 3647 ducitur,

1949 3685 2148 3752 currit,
2177 3684 2259 3740 ita
2289 3698 2490 3739 sermo
2519 3678 2920 3748 evangelicus,
2948 3675 3196 3747 jubente
3225 3669 3478 3736 Donino,
3497 3682 3605 3741 per

1949 3772 2256 3846 apostolos
2278 3771 2588 3825 universas
2615 3769 2675 3822 in
2707 3765 2868 3822 brevi
2908 3762 3121 3819 mundi
3150 3760 3362 3836 plagas
3389 3755 3602 3830 imple-

1949 3864 2044 3918 vit.
2079 3862 2239 3916 Sicut
2272 3863 2394 3915 tota
2423 3873 2603 3930 super
2630 3854 2981 3927 impositum
3027 3850 3141 3908 sibi
3171 3862 3415 3905 currum
3447 3849 3603 3900 terra

1948 3951 2237 4013 sublevat,
2268 3953 2324 4003 et
2345 3946 2726 4002 sublevatum
2749 3958 2870 4015 quo
2895 3941 3106 4011 auriga
3131 3936 3332 4007 dirigit
3368 3937 3596 4008 portat:

1946 4038 2025 4096 ita
2053 4037 2398 4105 evangelica
2422 4032 2768 4108 praedicatio
2799 4034 3026 4086 mentes
3069 4027 3395 4086 electorum
3421 4039 3458 4080 a
3482 4025 3599 4078 ter-

1945 4129 2102 4184 renis
2133 4123 2557 4197 cupiditatibus
2573 4122 2631 4178 in
2663 4119 2921 4177 cmlestia
2948 4116 3244 4174 desideria
3262 4109 3598 4187 suspendit,

1946 4234 2015 4272 ac
2045 4230 2369 4286 suspensas
2399 4211 2478 4269 ad
2506 4209 2842 4284 profectum
2889 4208 3064 4265 bonae
3092 4203 3344 4267 actionis
3369 4202 3494 4260 sive
3521 4197 3601 4258 ad

1945 4304 2343 4361 ministerium
2387 4299 2829 4374 praedicationis
2884 4311 3250 4371 quocunque
3298 4291 3599 4366 adjuvans

1945 4394 2133 4464 gratia
2163 4391 2404 4464 spiritus
2435 4389 2706 4458 voluerit,
2738 4387 2935 4444 ducit:
2961 4389 3232 4457 Namque
3255 4383 3318 4441 in
3347 4393 3603 4456 sequen-

1944 4483 2102 4540 tibus
2130 4481 2268 4537 dicit
2293 4497 2306 4536 :
2328 4502 2355 4528 α
2383 4479 2528 4544 Quia
2551 4477 2696 4534 tales
2717 4481 2885 4533 erant
2910 4481 3052 4532 rotae
3077 4473 3288 4548 quales
3319 4468 3512 4525 solent
3535 4467 3598 4522 in

1943 4592 1974 4626 «
2001 4586 2181 4628 curru
2213 4569 2359 4626 iieri.
2395 4590 2423 4618 »
2461 4568 2736 4636 Legimus
2784 4568 2983 4621 autem
3015 4563 3090 4618 de
3123 4558 3373 4618 sanctis:
3401 4579 3427 4606 «
3461 4559 3598 4612 Cur-

1942 4677 2044 4718 rus
2081 4658 2178 4714 Dei
2204 4659 2411 4714 decem
2443 4655 2706 4712 millibus
2723 4652 3029 4724 multiplex
3051 4648 3235 4706 millia
3264 4642 3595 4700 latentium

1944 4750 2132 4820 (Psaz'.
2168 4749 2362 4816 van).
2397 4767 2424 4794 ››
2455 4745 2514 4800 Si
2543 4759 2685 4813 ergo
2719 4743 2895 4800 bases
2931 4741 3190 4798 luterum
3220 4732 3409 4792 sancti
3457 4734 3598 4788 sunt

1943 4838 2240 4898 doctores,
2291 4833 2395 4906 qui
2445 4832 2753 4888 lavacrum
2813 4829 2948 4884 vitae
3004 4825 3180 4884 nobis
3231 4821 3592 4890 ministrant,

1945 4931 2000 4981 et
2057 4929 2200 4980 rotae
2253 4925 2559 4994 quaternae
2630 4919 2892 4986 basium,
2948 4921 3211 4990 quatuor
3262 4917 3402 4970 sunt
3458 4909 3597 4968 libri

1947 5011 2450 5082 Evangeliorum:
2509 5009 2658 5082 quid
2726 5024 2869 5066 axes
2918 5013 3189 5066 rotarum
3245 5003 3349 5078 qui
3415 5002 3597 5060 bases

1945 5107 2200 5174 gestant,
2253 5100 2366 5157 nisi
2395 5099 2529 5173 ipsa
2571 5097 2926 5156 earumdem
2970 5102 3110 5154 sunt
3165 5093 3351 5151 corda
3391 5092 3597 5149 docto-

1943 5211 2102 5261 rum,
2133 5208 2269 5265 quae
2289 5190 2437 5246 dum
2466 5189 2529 5246 in
2559 5187 2867 5261 praeceptis
2890 5185 3246 5257 evangelicis
3277 5181 3491 5240 sedulo
3516 5181 3598 5238 in-

1946 5282 2266 5348 tendentia,
2300 5295 2405 5336 eos
2437 5278 2516 5336 ab
2547 5277 2896 5334 inﬁmorum
2922 5275 3191 5349 appetitu
3236 5271 3592 5338 dissolvunt,

1945 5372 2108 5428 velut
2149 5367 2401 5426 immissi
2447 5367 2591 5424 rotis
2652 5381 2816 5436 axes,
2866 5364 3043 5422 altius
3098 5362 3295 5420 basim
3346 5377 3382 5418 a
3441 5365 3597 5420 terra

1945 5459 2280 5516 sublevant.
2313 5460 2494 5515 Porro
2524 5455 2821 5514 humeruli
2867 5454 2972 5528 qui
3002 5453 3145 5510 rotis
3169 5449 3489 5523 antepositi
3519 5465 3594 5506 ne

1946 5552 2025 5607 ab
2088 5549 2306 5605 axibus
2377 5548 2576 5604 delabi
2653 5549 2904 5620 possent
2974 5543 3380 5611 obsistebant,
3446 5555 3594 5612 prm-

1951 5638 2128 5697 wnia
2175 5641 2315 5696 sunt
2361 5638 2812 5714 prophetarum,
2862 5633 3084 5708 quibus
3138 5628 3488 5700 evangelica
3533 5629 3594 5683 et
