4102 6184
501 167 607 241 447

507 399 654 455 forte
679 393 1318 460 veniat,confirmatur.
1345 393 1499 448 Bene
1529 398 1728 448 autem
1755 389 2158 462 dicitur,quod

506 483 801 543 humeruli
847 481 951 553 qui
1001 496 1109 553 per
1136 485 1399 554 quatuor
1433 486 1632 553 partes
1681 481 1885 536 subter
1908 479 2158 535 luterem

507 576 676 629 erant
703 569 899 644 positi,
929 573 1135 624 contra
1165 584 1229 623 se
1261 569 1517 625 invicem
1547 569 1786 625 fuerunt
1817 571 2156 640 respectan-

505 667 613 732 tes,
647 661 792 734 quia
821 659 1103 714 nimirum
1136 658 1332 713 omnis
1386 659 1701 732 Scriptum
1732 657 2049 731 prophetia
2087 656 2159 712 si-

505 751 692 808 bimet
715 750 966 805 invicem
998 753 1405 805 consentanea
1457 753 1574 805 est:
1613 752 1674 804 ut
1705 753 1843 821 pote
1893 763 2014 802 uno
2058 745 2157 801 Dei

509 840 718 912 spiritu
749 838 1007 894 condita.
1043 841 1308 903 Quatuor
1353 838 1517 894 fuere
1550 855 1658 911 per
1685 838 1861 894 bases
1892 835 2157 905 singulas

503 927 804 985 humeruli
849 921 1130 983 videlicet
1153 929 1327 998 juxta
1354 943 1676 983 numerum
1706 933 1994 983 rotarum.
2030 928 2158 980 Non

505 1017 650 1090 quia
679 1021 937 1090 quatuor
968 1021 1108 1072 sunt
1162 1022 1392 1073 tantum
1440 1017 1574 1073 libri
1629 1015 1992 1090 prophetici;
2053 1013 2158 1069 sed

505 1105 652 1179 quia
679 1106 739 1161 in
771 1105 1057 1161 omnibus
1085 1122 1221 1178 quae
1251 1105 1433 1161 locuti
1451 1110 1588 1161 sunt
1608 1106 1915 1178 prophetae
1935 1108 1992 1158 et
2006 1105 2159 1175 Moy-

506 1211 620 1263 ses,
654 1195 825 1251 dictis
872 1200 1132 1268 quatuor
1181 1195 1694 1267 Evangelistarum
1750 1193 2157 1250 testimonium

504 1285 846 1358 praebuere:
883 1290 946 1340 ut
974 1301 1045 1340 ex
1078 1300 1378 1340 consensu
1410 1285 1722 1358 utriusque
1773 1281 2154 1346 Testamenti,

505 1391 630 1430 una
657 1374 808 1430 ﬁdes
837 1379 894 1430 et
923 1374 1156 1430 dilectio
1179 1375 1387 1440 Christi
1414 1380 1620 1431 nostra
1654 1373 1927 1430 omnium
1975 1371 2159 1428 corda

505 1463 792 1521 ﬁrmaret.

578 1576 608 1603 ‹‹
641 1556 717 1611 Os
746 1569 988 1627 quoque
1034 1553 1235 1609 luteris
1292 1553 1646 1609 intrinsecus
1677 1557 1802 1608 erat
1830 1552 1890 1607 in
1944 1549 2156 1622 capitis

1603 183 1696 236 AN
1702 177 1960 236 GELOMI
2002 177 2456 238 LUXOVIENSIS
2494 182 2806 239 MONACHI
3795 190 3882 243 448

505 308 840 383 apostolica
871 306 1188 377 Scriptura,
1219 319 1296 358 ne
1325 304 1416 359 cui
1446 303 1770 374 legentium
1800 303 1860 358 in
1901 301 2154 357 dubium
2187 303 2233 355 A
2268 304 2335 358 tri
2370 305 2643 362 salutaris
2674 321 2851 379 Opere
2881 305 3128 378 quidem
3156 304 3398 378 perfecti
3423 306 3485 362 in
3514 307 3627 362 hac
3655 309 3764 365 vita
3792 310 3885 365 ful-

2268 397 2491 460 serunt,
2545 394 2648 448 sed
2701 393 2831 449 luce
2877 393 3398 467 contemplationis
3451 409 3524 449 ex
3580 399 3739 467 parte
3769 402 3887 452 sunt

2267 482 2444 539 fruiti.
2481 483 2645 539 Unde
2675 488 2731 539 et
2753 484 2956 539 aiunt:
2991 506 3019 533 «
3055 486 3137 538 Ex
3186 487 3355 556 parte
3397 483 3558 538 enim
3607 487 3884 554 cognosci-

2269 592 2296 620 «
2330 586 2488 636 mus,
2521 574 2577 626 et
2596 587 2669 626 ex
2694 575 2861 644 parte
2892 571 3347 643 prophetamus.
3399 574 3548 627 Cum
3579 576 3769 627 autem
3802 587 3885 627 ve-

2269 681 2297 708 «
2328 660 2479 714 nerit
2507 660 2672 731 quod
2723 659 3055 732 perfectum
3084 663 3191 730 est,
3227 659 3621 715 evacuabitur
3649 659 3801 732 quod
3826 675 3884 714 ex

2267 767 2298 801 «
2328 753 2495 821 parte
2526 753 2612 804 est
2643 749 2696 819 (I
2732 750 2867 805 Cor.
2899 751 3042 812 xui).
3082 770 3108 798 »

2340 859 2370 891 «
2401 843 2460 894 In
2494 839 2656 894 hunc
2684 838 2935 893 modum
2966 838 3101 894 fecit
3122 837 3330 893 decem
3362 837 3883 907 bases,fusurauna

2268 948 2296 976 «
2319 932 2376 983 et
2406 943 2688 984 mensura
2711 927 3138 1000 sculpturaque
3166 926 3485 983 consimili.
3510 927 3655 982 Fecit
3673 942 3881 998 quoque

2268 1042 2296 1068 ‹‹
2329 1019 2537 1074 decem
2559 1018 2775 1074 luteres
2808 1033 3030 1073 aeneos.
3061 1040 3088 1067 ››
3128 1020 3323 1082 Quare
3350 1017 3565 1073 decem
3589 1016 3698 1071 sint
3730 1015 3879 1071 bases

2267 1107 2456 1174 factae,
2509 1107 2751 1163 totidem
2783 1107 2865 1162 eis
2913 1106 3272 1179 superpositi
3301 1106 3543 1174 luteres,
3587 1120 3753 1177 supra
3773 1105 3879 1175 jam

2266 1197 2491 1252 dictum
2526 1200 2631 1251 est.
2662 1195 2834 1262 Quod
2860 1211 3003 1250 vero
3033 1211 3158 1250 una
3200 1199 3326 1251 erat
3356 1195 3567 1250 fusura
3614 1207 3880 1249 mensura-

2266 1302 2383 1359 que
2410 1289 2465 1341 et
2497 1285 2801 1358 sculptura
2850 1285 3176 1340 consimilis
3219 1286 3498 1340 omnium
3528 1283 3742 1339 basium
3770 1279 3874 1334 sive

2266 1375 2545 1444 luterum,
2577 1391 2698 1430 non
2728 1375 2786 1430 in
2815 1391 2885 1430 ea
2916 1372 3349 1444 signiﬁcatione
3382 1373 3603 1429 factum
3625 1375 3721 1437 est,
3737 1367 3874 1440 quod

2266 1464 2523 1537 atqualia
2551 1464 2783 1537 possint
2812 1480 2939 1520 esse
2987 1463 3260 1519 omnium
3314 1463 3529 1519 merita
3582 1461 3873 1523 doctorum,

2267 1554 2371 1608 sed
2420 1554 2481 1608 in
2529 1569 2599 1609 ea
2630 1554 2848 1625 potius,
2883 1553 3049 1625 quod
3088 1568 3212 1608 una
3243 1551 3399 1608 fides
3449 1548 3731 1619 Evangelii
3776 1560 3874 1618 quo

507 1665 537 1693 «
565 1621 930 1714 summitate,
959 1649 1015 1699 et
1042 1643 1207 1715 quod
1232 1643 1565 1699 forinsecus
1597 1641 1948 1714 apparebat,
1981 1639 2159 1695 unius
2191 1660 2229 1712 Β
2267 1642 2672 1706 instituuntur,
2720 1658 2911 1698 unum
2963 1657 3092 1696 esse
3139 1647 3583 1697 sacramentum
3633 1633 3874 1709 baptismi

508 1755 537 1782 «
564 1732 742 1789 cubiti
774 1738 900 1788 erat
927 1736 1119 1788 totum
1151 1732 1500 1800 rotundum,
1533 1730 1870 1804 pariterque
1898 1727 2162 1785 habebat
2267 1748 2389 1804 quo
2421 1731 2764 1798 abluuntur,
2789 1747 2946 1786 unus
2970 1730 3253 1802 idemque
3287 1730 3526 1802 spiritus
3553 1743 3666 1801 quo
3693 1738 3871 1780 omnes
4048 1723 4049 1788 Ξ

507 1843 535 1872 ‹‹
567 1838 758 1877 unum
791 1821 1060 1877 cubitum
1093 1825 1148 1877 et
1175 1820 1564 1876 dimidium.»
1588 1821 1664 1876 Os
1692 1834 1936 1890 quoque
1957 1816 2158 1872 luteris
2268 1826 2695 1876 consecrantur
2741 1820 2947 1876 electi:
3003 1820 3235 1875 tametsi
3297 1819 3644 1876 donationes
3682 1813 3872 1870 habent

504 1910 684 1965 unius
709 1913 836 1966 erat
865 1909 1066 1976 Cllbiti.
1101 1913 1343 1981 Propter
1370 1909 1656 1964 "nitatem
1687 1905 2078 1962 confessionis
2105 1908 2161 1958 et
2267 1910 2534 1966 diversas
2565 1911 2624 1965 in
2656 1912 2787 1983 ipso
2819 1909 3054 1982 Spiritu,
3082 1909 3185 1980 qui
3215 1909 3429 1965 dividit
3458 1905 3688 1977 singulis
3722 1903 3872 1974 prout

501 1997 641 2053 ﬁdei
670 1998 813 2070 quia
843 2015 1053 2054 omnes
1098 1999 1157 2052 in
1192 1997 1568 2053 confessione
1601 1995 1788 2051 Patris
1820 1999 1875 2050 et
1928 1993 2049 2049 Filii
2104 1996 2161 2048 et
2267 1999 2391 2054 vult
2414 1999 2466 2070 (Ι
2493 1999 2628 2054 Cor.
2663 2000 2755 2066 xu)
2783 2021 2809 2048 ‹‹
2845 1997 3254 2065 Quadraginta
3291 1997 3466 2054 batos
3507 1993 3759 2067 capiebat
3800 1988 3868 2044 lu-

504 2085 754 2157 SPiI'imS
820 2087 1007 2142 sancti
1063 2086 1464 2159 bapiilamm‘.
1523 2084 1755 2140 dicente
1821 2080 2153 2156 Αροεῐοιοε
2267 2093 2354 2144 ter
2386 2103 2558 2143 unus.
2606 2111 2632 2136 »
2667 2085 3192 2156 Quadragenarius
3247 2103 3528 2142 numerus
3581 2082 3716 2138 solet
3766 2093 3871 2133 ma-

503 2191 535 2226 ‹
565 2176 728 2229 Unus
759 2174 1398 2244 Dominus,unaﬁdes,
1433 2190 1623 2229 unum
1654 2172 1980 2245 baptisma,
2000 2185 2157 2225 unus
2267 2193 2400 2246 ςῃεθ
2454 2176 2830 2249 perfectionis
2897 2180 3110 2248 typum
3165 2178 3386 2246 tenere,
3436 2174 3570 2248 quia
3615 2167 3866 2226 nimirum

500 2265 656 2320 Deus
678 2267 734 2320 et
762 2269 931 2336 pater
955 2264 1227 2320 omnium
1259 2265 1499 2334 (Ephes.
1535 2264 1632 2334 IV).
1669 2281 1699 2315 ›
1732 2265 1797 2318 Et
1834 2261 2036 2333 ipsum
2085 2275 2154 2315 os
2265 2267 2615 2339 quaterdeni
2671 2266 2896 2322 faciunt
2951 2264 3358 2338 quadraginta
3391 2282 3403 2321 :
3457 2265 3645 2320 decem
3687 2261 3864 2312 autem

498 2351 562 2408 in
592 2353 802 2424 capitis
833 2357 959 2408 erat
984 2353 1344 2420 summitate,
1371 2357 1434 2407 ut
1461 2351 1538 2408 ad
1567 2351 1828 2406 caelestia
1865 2349 2038 2404 nobis
2068 2363 2158 2403 re-
2267 2361 2404 2410 sunt
2453 2361 2774 2428 pracepta,
2826 2354 3046 2427 quibus
3076 2354 3276 2410 omnis
3311 2358 3507 2410 nostra
3533 2345 3772 2422 operatio
3807 2343 3858 2396 in

501 2456 640 2510 gna,
674 2456 781 2513 per
828 2440 1133 2514 baptisma
1185 2441 1294 2497 iter
1326 2458 1456 2497 esse
1502 2441 1863 2513 patefactum
1893 2438 2150 2493 doceret.

501 2532 632 2599 Ipse
650 2545 792 2584 vero
816 2528 969 2584 luter
989 2531 1047 2584 in
1075 2529 1466 2601 amplitudine
1490 2529 1756 2584 cubitum
1769 2527 2154 2582 habetunum

501 2618 557 2669 et
585 2613 932 2671 dimidium:
965 2632 1072 2688 per
1099 2617 1296 2688 operis
1332 2617 1615 2672 nimirum
1644 2615 2069 2689 perfectionem
2100 2620 2156 2670 et

498 2701 732 2758 initium
762 2704 1302 2776 contemplationis.
1334 2711 1564 2775 Integer
1620 2705 1780 2760 enim
1825 2703 2062 2760 cubitus
2091 2705 2153 2760 in

497 2790 684 2848 lutere
714 2792 1138 2865 perfectionem
1159 2794 1335 2850 bona;
1365 2793 1640 2862 designat
1661 2793 1931 2860 actionis,
1965 2809 2152 2866 quam

498 2880 731 2954 absque
781 2881 903 2938 ulla
947 2882 1251 2940 dubietate
1275 2883 1542 2939 habebat
1568 2883 1686 2952 ille,
1717 2882 1792 2938 de
1817 2899 1938 2955 quo
1970 2888 2153 2940 tenta-

499 2970 609 3025 tori
640 2971 930 3027 Dominus
955 2972 1184 3029 aiebat:
1222 2995 1248 3021 ‹‹
1278 2972 1559 3045 Nunquid
1607 2971 1999 3028 considerasti
2029 2989 2150 3028 scr-
2180 3007 2220 3059 Ο

497 3073 642 3114 vum
665 3076 869 3115 meum
896 3061 1032 3130 Job,
1064 3060 1228 3134 quod
1260 3077 1382 3117 non
1411 3061 1484 3117 sit
1517 3062 1570 3117 ei
1596 3061 1804 3116 similis
1838 3077 2016 3135 super
2040 3068 2150 3117 ter-

497 3149 674 3205 ram?
703 3149 888 3205 homo
918 3150 1169 3222 simplex
1193 3154 1250 3206 et
1277 3154 1493 3220 rectus,
1523 3167 1592 3206 ac
1625 3151 1842 3206 timens
1871 3154 2152 3218 Deum,et

497 3237 786 3293 recedens
817 3254 853 3294 a
879 3238 1038 3295 malo
1064 3241 1091 3296 ?
1123 3262 1150 3289 ››
1185 3240 1336 3306 (Job.
1370 3240 1432 3311 1).
1457 3241 1556 3295 Est
1585 3256 1722 3296 vero
1745 3240 1890 3296 alter
1915 3240 2152 3296 cubitus

497 3325 718 3382 divinae
739 3327 1007 3395 visionis,
1027 3328 1130 3399 qui
1147 3345 1220 3383 ex
1249 3333 1413 3400 parte
1439 3328 1732 3385 nonnulla
1756 3329 1933 3385 etiam
1956 3330 2014 3385 in
2037 3330 2151 3384 hac

499 3415 699 3469 adhuc
725 3415 846 3470 vita
864 3416 1106 3470 retentis
1139 3416 1418 3471 ﬁdelibus
1444 3417 1658 3473 donari
1687 3418 1996 3474 consuevit
2019 3436 2031 3472 :
2089 3422 2153 3474 ut

497 3499 658 3554 idem
683 3501 794 3555 Job
824 3501 1057 3556 devicto
1075 3503 1420 3558 adversario
1449 3520 1585 3558 cum
1608 3505 1858 3560 Domino
1874 3505 2147 3577 loquens,

499 3585 581 3642 ait
615 3602 626 3640 :
663 3608 692 3635 ‹‹
723 3587 945 3644 Auditu
974 3589 1136 3644 auris
1185 3590 1386 3645 audivi
1417 3594 1490 3654 te,
1523 3607 1686 3646 nunc
1719 3597 1918 3648 autem
1941 3593 2150 3648 oculus

497 3689 672 3730 meus
702 3675 865 3732 videt
916 3682 970 3732 te
1021 3678 1168 3749 (Job.
1202 3680 1337 3750 xxv).
1372 3701 1401 3730 »
1444 3680 1736 3751 Scriptum
1769 3697 2033 3753 namque
2064 3686 2151 3737 est

497 3760 558 3817 in
588 3763 1006 3836 sequentibus:

569 3870 601 3905 ‹
632 3854 762 3909 Una
787 3857 919 3910 rota
941 3853 1206 3911 habebat
1226 3854 1570 3913 altidudinis
1588 3873 1776 3913 unum
1800 3858 2069 3915 cubitum
2093 3864 2150 3917 et

497 3961 527 3990 «
560 3941 762 3998 semis.
794 3965 822 3992 »
855 3945 920 3998 Et
940 3943 1125 4016 paulo
1150 3949 1321 4018 post:

568 4051 596 4078 «
628 4034 690 4084 1n
724 4031 1068 4087 summitate
1089 4039 1289 4089 autem
1332 4034 1518 4102 basis,
1560 4040 1686 4091 erat
1721 4037 2002 4109 quaedam
2048 4055 2145 4094 ro-

498 4133 530 4169 ‹
559 4117 826 4173 tunditas
858 4119 1036 4174 unius
1062 4125 1119 4176 et
1160 4122 1391 4178 dimidii
1422 4123 1624 4192 cubiti,
1683 4125 1764 4180 ita
1796 4125 2142 4188 fabrefacta,

498 4223 530 4258 ‹
559 4209 624 4260 ut
647 4204 799 4260 luter
821 4205 1080 4278 desuper
1107 4214 1306 4280 posset
1331 4211 1582 4282 imponi.
1611 4234 1638 4260 ››
1674 4215 1948 4268 Luterum
1969 4215 2144 4287 quip-

494 4308 571 4367 pe
604 4307 890 4350 mensura
910 4295 1088 4351 unius
1114 4302 1240 4352 erat
1267 4298 1448 4354 cubiti
1479 4305 1536 4354 et
1575 4300 1830 4370 dimidii,
1863 4303 2004 4373 quia
2056 4304 2145 4359 ni-

495 4382 719 4438 mirum
740 4398 812 4440 ea
839 4383 958 4439 ﬁde
987 4384 1049 4440 in
1077 4384 1237 4442 fonte
1258 4387 1392 4442 vitae
1416 4387 1712 4452 lavamur,
1743 4394 1806 4445 ut
1829 4405 1935 4462 per
1963 4408 2147 4464 opera

490 4472 732 4544 iustitiae
763 4472 843 4530 ad
871 4474 1054 4531 vitam
1079 4474 1298 4532 intrare
1333 4476 1670 4533 valeamus:
1717 4481 1992 4551 quamvis
2021 4482 2147 4539 sine

494 4569 744 4637 peccato
774 4563 922 4621 dum
947 4565 1043 4622 hic
1072 4565 1328 4622 vivimus
1357 4583 1484 4622 esse
1514 4583 1908 4640 nequeamus.
1950 4574 2146 4643 Ipsam

493 4669 636 4711 vero
663 4655 796 4710 vitae
826 4654 1080 4712 caelestis
1104 4654 1484 4712 dulcedinem
1509 4661 1745 4726 gustare
1777 4674 1845 4714 ex
1868 4666 2055 4731 parte,
2077 4677 2147 4718 ac

494 4740 738 4811 diligere
761 4744 823 4799 in
849 4744 963 4802 hac
992 4746 1229 4803 interim
1260 4746 1398 4815 vita,
1428 4746 1684 4820 perfecte
1715 4752 1914 4804 autem
1945 4749 2147 4806 videre

493 4828 661 4883 nulla
685 4831 912 4887 ratione
946 4835 1234 4892 valemus.
1270 4838 1419 4891 Rota
1449 4852 1690 4909 quoque
1724 4854 1843 4894 uno
1871 4854 1940 4894 ac
1969 4840 2144 4896 dimi-

495 4912 594 4967 dio
647 4915 848 4972 cubito
897 4929 1280 4978 mensuratur
1335 4925 1479 4996 quia
1530 4927 1832 4998 Scriptura
1879 4927 2145 4985 lectionis

495 5001 875 5069 evangelicae,
909 5008 1164 5077 qualiter
1191 5010 1250 5064 hi
1274 5013 1380 5081 qui
1411 5013 1652 5083 perfecti
1686 5031 1814 5070 esse
1845 5017 2046 5082 velint,
2062 5015 2144 5070 vi-

493 5101 632 5142 vere
688 5087 947 5146 debeant
1002 5095 1279 5160 ostendit,
1331 5113 1623 5172 spemque
1680 5103 1854 5157 nobis
1909 5108 2143 5157 aeternae

493 5175 897 5234 retributionis
927 5181 987 5235 in
1037 5184 1314 5254 praesenti
1358 5186 1751 5258 demonstrat,
1781 5189 1977 5261 ipsam
2003 5206 2144 5247 vero

493 5264 899 5322 retributionis
920 5267 1075 5325 illius
1108 5271 1455 5342 qualitatem
1487 5275 1549 5331 in
1571 5275 1769 5332 futuro
1792 5276 1968 5331 nobis
1997 5293 2144 5350 pan-

493 5352 780 5421 dendam,
811 5354 1067 5415 simulet
1109 5359 1462 5416 donandam
1508 5379 1643 5418 esse
1676 5364 1980 5436 promittit.
2037 5371 2143 5423 Ba-

496 5458 592 5498 ses
622 5443 798 5499 etiam
820 5444 968 5517 ipsae
1003 5464 1187 5503 unum
1216 5447 1522 5506 habebant
1551 5451 1815 5508 cubitum
1842 5469 1912 5510 ac
1943 5456 2144 5512 semis-

497 5547 623 5587 sem
659 5533 1069 5606 amplitudinis
1121 5536 1182 5592 in
1226 5538 1570 5594 summitate
1618 5540 1728 5606 sui,
1780 5542 1882 5599 ubi
1923 5544 2142 5602 luteres

494 5621 854 5694 reciperent;
886 5625 1031 5698 quia
1060 5625 1174 5698 ipsi
1229 5624 1504 5683 doctores
1552 5631 1771 5688 summi
1813 5649 1884 5690 ac
1934 5635 2138 5691 minis-

2263 2443 2394 2512 lege
2423 2442 2630 2497 divina
2658 2441 2904 2514 praeﬁxa
2948 2446 3056 2497 est.
3092 2443 3358 2506 Quatuor
3384 2455 3507 2495 vero
3548 2428 3851 2524 Evangelia-

2263 2547 2399 2586 rum
2422 2530 2579 2599 libri,
2597 2530 2658 2585 in
2687 2531 2908 2603 quibus
2928 2546 3036 2602 per
3063 2529 3542 2600 dispensationem
3566 2516 3847 2576 DominictB

2262 2618 2695 2676 incarnationis
2727 2619 2982 2674 cretestis
3010 2619 3212 2690 patriae
3242 2617 3406 2672 nobis
3449 2617 3532 2670 est
3554 2605 3857 2701 patefactus

2261 2708 2554 2764 introitus.
2590 2708 2815 2780 thuia
2835 2723 3048 2763 omnes
3077 2708 3177 2779 qui
3205 2705 3279 2761 ad
3309 2701 3634 2777 mysteriam
3659 2695 3866 2765 baptis-

2261 2797 2436 2853 matis
2466 2797 2782 2869 pertinent,
2814 2813 2953 2852 cum
2983 2797 3102 2852 ﬁde
3131 2801 3187 2851 et
3215 2790 3581 2850 sacramentis
3614 2787 3863 2850 Evange-

2259 2886 2318 2942 lii
2361 2886 2620 2941 fructum
2675 2885 2898 2941 debent
2950 2890 3122 2941 rectae
3170 2881 3520 2956 operationis
3562 2870 3862 2936 ostendere,

2261 2981 2397 3047 apte
2435 2974 2651 3030 luteres
2705 2974 2921 3044 singuli
2971 2973 3030 3028 in
3075 2973 3296 3046 quibus
3347 2970 3678 3027 holocausta
3724 2961 3865 3017 lava-

2259 3062 2498 3129 bantur,
2525 3063 2928 3135 quadraginta
2958 3061 3133 3117 batos
3159 3061 3496 3133 capiebant.
3548 3051 3706 3122 Quod
3743 3060 3866 3103 vero

2263 3153 2531 3225 serllliilll‘
2555 3169 2567 3207 ε
2593 3175 2619 3201 α
2660 3156 2913 3224 Eratque
2943 3156 3208 3224 quatuor
3233 3151 3585 3213 cubitorum,
3623 3167 3650 3194 ››
3681 3141 3790 3196 sive
3815 3137 3866 3225 in

2261 3224 2592 3310 altitudine,
2635 3241 2757 3296 sive
2781 3241 2842 3295 in
2873 3239 3204 3306 latitudine,
3240 3239 3389 3312 quid
3429 3234 3703 3308 signiﬁcet
3725 3224 3868 3285 intel-

2259 3330 2445 3386 lectus
2473 3329 2762 3402 mysterii,
2793 3330 2853 3384 in
2873 3333 3160 3402 promptu
3188 3333 3312 3384 est:
3363 3331 3534 3384 Luter
3561 3323 3704 3381 enim
3733 3329 3869 3372 unus

2259 3423 2518 3491 quatuor
2543 3424 2669 3474 erat
2689 3418 3148 3482 cubitorum,vel
3177 3423 3423 3490 propter
3443 3413 3624 3473 sancti
3645 3414 3872 3474 Evange'

2257 3507 2319 3562 lii
2340 3508 2546 3571 libros,
2578 3507 2637 3561 in
2669 3507 2890 3579 quibus
2912 3506 3108 3562 forma
3152 3507 3328 3562 nobis
3355 3503 3630 3580 baptismi
3658 3494 3872 3591 praefixa

2259 3600 2365 3661 est,
2399 3595 2491 3650 vel
2519 3600 2761 3667 propter
2790 3600 3052 3667 quatuor
3082 3595 3417 3652 cardinales
3475 3597 3714 3655 virtutes,
3754 3596 3866 3654 qui-

2256 3683 2374 3740 bus
2405 3682 2662 3755 quisque
2687 3683 2897 3751 ﬁdelis,
2932 3684 2978 3738 si
3007 3700 3128 3740 non
3168 3685 3387 3740 frustra
3430 3683 3617 3741 ﬁdelis
3658 3679 3751 3739 est,
3784 3668 3868 3724 de-

2257 3773 2357 3828 bet
2389 3772 2631 3839 institui,
2656 3772 2751 3827 vel
2777 3779 2931 3828 certe
2964 3778 3209 3845 propter
3239 3777 3509 3846 quatuor
3533 3765 3728 3829 mundi
3763 3759 3870 3834 pla-

2258 3877 2384 3932 gas,
2410 3860 2634 3933 quibus
2671 3860 2978 3916 lavacrum
3019 3861 3226 3917 salutis
3252 3862 3642 3921 ministratur,
3680 3851 3881 3910 dicenie

2258 3950 2751 4023 Psalmographo.
2779 3972 2806 3999 «
2843 3952 3001 4015 Quos
3026 3951 3280 4006 redemit
3298 3949 3372 4006 de
3394 3948 3741 4021 regionibus
3768 3952 3886 3995 con-

2261 4041 2531 4111 gregavit
2560 4057 2681 4108 eos,
2741 4057 2777 4097 a
2806 4041 2946 4097 solis
2976 4046 3109 4097 ortu
3139 4047 3196 4097 et
3235 4057 3472 4104 occasu,
3521 4041 3602 4097 ab
3641 4029 3892 4108 aquiinﬂe

2264 4134 2321 4185 et
2350 4129 2502 4185 mari
2531 4130 2655 4199 (Ps.
2699 4135 2828 4197 cvr).
2867 4153 2893 4179 ι)
2922 4130 3094 4196 Quod
3147 4146 3286 4186 vero
3320 4145 3504 4202 supra
3547 4127 3720 4185 dixit:
3759 4115 3891 4195 pari-

2263 4223 2470 4290 terque
2489 4218 2754 4274 habebat
2792 4235 2982 4274 unum
3011 4219 3300 4284 cubitum,
3332 4224 3388 4274 et
3415 4234 3624 4293 neque
3657 4213 3757 4272 ubi
3785 4206 3895 4266 alti-

2263 4306 2551 4372 tudinem,
2577 4323 2655 4363 an
2681 4307 3138 4379 amplitudinem
3171 4307 3541 4379 signiﬁcaret
3577 4303 3804 4378 adjecit,
3827 4295 3896 4352 vi-

2258 4395 2431 4452 detur
2449 4395 2593 4468 quia
2609 4395 2865 4452 fundum
2896 4398 3083 4469 ipsius
3102 4397 3306 4453 luteris
3336 4399 3518 4453 unius
3550 4412 3681 4454 esse
3707 4386 3897 4464 ampli-

2259 4485 2481 4540 tudinis
2506 4484 2760 4540 voluerit
2789 4485 3053 4559 intelligi,
3085 4503 3220 4559 quae
3266 4491 3467 4542 autem
3509 4496 3603 4545 est
3636 4492 3899 4542 mensura

2257 4573 2392 4641 (nisi
2419 4573 2611 4643 fallor)
2639 4574 2802 4630 basis
2829 4575 2890 4630 in
2919 4591 3042 4647 qua
3062 4576 3290 4648 positus
3331 4581 3456 4633 erat
3474 4577 3741 4650 quisque
3768 4572 3900 4627 lutet

2255 4662 2531 4718 facillime
2562 4663 2892 4735 conjicitur,
2921 4681 3056 4736 quae
3083 4665 3164 4720 ita
3191 4664 3589 4721 describitur:
3618 4689 3646 4714 ‹‹
3667 4670 3727 4720 In
3755 4674 3901 4716 sum-

2256 4753 2460 4810 mitate
2485 4759 2686 4808 autem
2711 4754 2876 4810 basis
2907 4759 3033 4810 erat
3053 4754 3338 4826 quaedam
3367 4756 3715 4811 rotunditas
3742 4751 3903 4807 unius

2255 4847 2312 4898 et
2340 4842 2568 4898 dimidii
2597 4843 2799 4908 cubiti,
2836 4844 2917 4899 ita
2961 4843 3288 4899 fabrefacta
3335 4849 3400 4899 ut
3447 4843 3609 4900 luter
3662 4845 3908 4912 desuper

2254 4936 2457 5004 posset
2477 4933 2727 5005 imponi,
2774 4933 3005 4988 habens
3036 4933 3349 4988 caalaturas
3401 4949 3543 4988 suas
3596 4933 3905 5002 variasque

2256 5021 2592 5092 sculpturas
2619 5039 2691 5077 ex
2725 5021 3064 5092 semetipsa.
3097 5021 3352 5092 Sculpsit
3375 5038 3629 5095 quoque
3661 5024 3724 5078 in
3751 5020 3910 5075 tabu-

2253 5107 2388 5163 latis
2417 5108 2549 5173 illis,
2577 5125 2712 5180 quae
2742 5115 2911 5165 erant
2937 5127 3008 5165 ex
3038 5125 3153 5166 tere
3183 5114 3241 5166 et
3294 5127 3428 5181 aere,
3462 5117 3518 5167 et
3567 5111 3634 5167 in
3683 5105 3911 5178 angulis

2254 5196 2565 5251 cherubim
2595 5201 2652 5251 et
2678 5197 2881 5253 leones
2911 5203 2966 5254 et
2995 5199 3253 5272 palmas,
3287 5199 3461 5272 quasi
3489 5200 3551 5255 in
3582 5194 3915 5256 similitudi-

2255 5298 2393 5338 nem
2426 5284 2635 5339 stantis
2662 5285 2941 5356 hominis,
2965 5291 3032 5344 ut
3067 5304 3190 5344 non
3227 5288 3458 5356 caelata,
3493 5289 3603 5344 sed
3638 5285 3915 5360 apposita

2253 5387 2360 5444 per
2389 5371 2699 5428 circuitum
2725 5373 3087 5432 viderentur.
3133 5381 3196 5432 In
3254 5378 3415 5433 hunc
3471 5377 3740 5433 modum
3790 5371 3921 5432 fecit

2253 5461 2459 5515 decem
2512 5461 2694 5517 bases
2737 5462 2942 5520 fusura
2974 5483 3110 5533 una,
3153 5471 3210 5522 et
3241 5483 3525 5522 mensura
3572 5467 3954 5538 sculptura-7

2251 5564 2368 5620 que
2390 5549 2703 5608 consimili.
2738 5553 2891 5608 Fecit
2919 5570 3162 5626 quoque
3193 5555 3402 5612 decem
3433 5555 3660 5612 luteres
3693 5567 3921 5611 aeneos.

2251 5637 2661 5709 Quadraginta
2734 5640 2909 5698 batos
2967 5643 3245 5714 capiebat
3309 5643 3463 5700 luter
3521 5659 3714 5708 unus,
3770 5644 3923 5697 erat-
