4092 6178
212 141 323 193 449

1172 146 1422 201 ENARR.
1465 147 1533 201 IN
1573 144 1827 204 LIBROS
1866 146 2128 206 REGUM.
2170 181 2239 190 —
2276 151 2346 208 IN
2387 153 2516 210 LIB.
2563 158 2654 212 lll.

3513 162 3622 219 450

206 265 621 358 quequatuor
643 264 1004 334 cubitorum,
1028 289 1056 316 ››
1076 271 1133 322 et
1163 267 1409 358 reliqua.
1429 254 1703 328 Latitudo
1724 287 1866 340 ergo
1897 275 1942 327 Α
1981 288 2104 344 quo
2151 274 2423 333 videlicet
2460 277 2727 346 ﬂumine,
2775 279 3063 336 Dominus
3115 286 3314 340 noster
3342 283 3632 358 baptizari

205 351 379 406 fundi
405 352 468 406 in
492 351 786 408 luteribus
811 355 984 410 unius
1009 360 1132 411 erat
1164 357 1346 413 cubiti
1373 364 1429 414 et
1456 360 1707 427 dimidii,
1736 360 1867 433 ipsa

205 457 346 496 vero
376 443 684 513 capacitas
716 443 969 500 luterum
1001 452 1260 518 quatuor
1303 448 1567 506 habebat
1613 450 1865 506 cubitos.

204 529 322 586 Sed
356 536 559 586 utrum
588 531 650 586 in
681 531 1008 598 altitudine,
1037 550 1115 590 an
1159 535 1219 591 in
1252 537 1665 610 amplitudine,
1699 555 1776 596 an
1805 539 1867 594 in

199 623 464 692 utroque
492 619 676 690 dicat,
701 623 837 694 quis
869 624 1102 680 noverit
1129 627 1156 680 ?

280 763 300 794 ι
351 746 417 799 Et
447 746 754 802 constituit
783 746 992 803 decem
1024 748 1227 816 bases,
1261 751 1528 824 quinque
1559 752 1637 808 ad
1667 752 1868 808 dexte-

201 856 229 882 u
272 849 408 889 ram
442 840 674 906 partem
733 837 956 909 templi,
993 843 1048 892 et
1078 839 1346 911 quinque
1377 841 1449 895 ad
1479 842 1801 898 sinistram.
1836 863 1863 892 π

201 926 517 979 Dexteram
546 929 774 995 partem
805 927 1007 999 templi
1039 934 1095 982 et
1125 929 1446 992 sinistram,
1479 946 1600 985 non
1631 931 1774 987 istos
1805 932 1867 986 in

197 1012 334 1085 ipso
359 1011 606 1085 templo,
644 1014 749 1069 sed
779 1020 913 1071 ante
948 1017 1238 1089 templum
1281 1018 1494 1074 dicitur
1525 1037 1537 1074 :
1569 1020 1647 1076 ad
1671 1021 1866 1076 orien-

202 1101 387 1156 talem
440 1100 686 1173 plagam
747 1103 1039 1173 videlicet,
1095 1105 1155 1160 in
1208 1106 1356 1162 atrio
1411 1106 1668 1174 introire,
1701 1109 1866 1180 quod

205 1190 586 1246 sacerdotum
630 1193 869 1265 proprie
913 1195 1267 1251 vocabatur.
1309 1199 1375 1252 Ut
1418 1202 1618 1252 autem
1666 1199 1866 1271 posuit

198 1278 277 1333 ad
307 1278 618 1334 dexteram
649 1285 881 1351 partem
938 1283 1161 1355 templi,
1195 1291 1440 1357 propter
1480 1286 1718 1341 .ludaeos
1758 1287 1861 1359 qui

187 1366 434 1437 justitiaa
477 1383 583 1439 per
624 1368 959 1425 doctrinam
1005 1371 1152 1442 legis
1200 1374 1528 1446 antiquitus
1580 1376 1663 1430 uti
1716 1376 1863 1431 sole-

191 1455 362 1511 bant.
409 1459 478 1511 Et
522 1457 792 1530 quinque
837 1459 915 1514 ad
964 1460 1287 1531 sinistram,
1321 1468 1565 1536 propter
1618 1480 1728 1519 nos
1757 1465 1861 1537 qui

190 1560 356 1600 οξεοο
414 1544 641 1601 diutius
691 1547 870 1603 corde
925 1549 1184 1605 servituti
1228 1550 1691 1608 adhaerebamus
1731 1553 1859 1624 ejus

1978 361 2256 432 dignatus
2278 371 2385 433 est,
2404 367 2658 440 ejusque
2685 368 2900 424 tinctus
2927 370 3104 425 undis
3122 386 3423 443 aquarum
3449 375 3625 432 nobis

1977 450 2340 511 elementum
2367 455 2428 510 in
2462 456 2765 513 ablutione
2793 465 3198 530 peccatorum,
3231 465 3536 520 convertit.
3558 467 3624 520 Et

1975 541 2119 608 quia
2143 558 2321 600 omne
2342 544 2610 600 ﬁdelium
2633 546 2954 619 baptisma,
2973 563 3095 620 quo
3129 549 3379 606 Domino
3412 567 3624 608 conse-

1975 635 2236 700 crantur,
2254 633 2312 688 in
2336 634 2681 707 exemplum
2713 635 3044 693 celebratur
3074 637 3452 710 baptismatis
3474 639 3630 697 illius

1975 733 2096 790 quo
2117 719 2248 791 ipse
2271 738 2463 794 aquas
2497 723 2849 795 sanctiﬁcat,
2873 730 3027 780 recte
3057 725 3118 781 in
3151 726 3393 798 regione
3420 731 3628 786 Jorda-

1974 807 2066 862 nis
2097 825 2239 864 vasa
2260 815 2396 866 sunt
2431 812 2664 868 Domini
2686 815 2862 871 facta.
2883 830 3075 887 neque
3105 815 3264 870 enim
3297 816 3464 874 aliter
3484 834 3630 875 vasa

1973 895 2274 954 electionis
2297 906 2354 956 et
2375 901 2793 958 misericordiae
2823 903 2950 958 ﬁeri
2980 905 3461 975 possumus,nisi
3491 906 3624 962 etin

1971 984 2274 1057 baptismo
2318 989 2446 1060 ejus
2477 989 2643 1062 quod
2695 990 2794 1046 illo
2822 991 2883 1046 in
2914 990 3161 1048 ﬂumine
3214 993 3395 1050 subiit
3438 995 3628 1067 respi-

1974 1072 2215 1146 cientes,
2242 1081 2298 1130 et
2326 1076 2438 1148 ipsi
2469 1077 2632 1134 vitali
2662 1078 2910 1134 ﬂumine
2941 1079 3268 1150 satagimus
3299 1081 3481 1138 ablui.
3511 1087 3626 1139 No-

1973 1163 2226 1218 tandum
2257 1170 2458 1221 autem
2489 1167 2655 1238 quod
2704 1184 2826 1224 non
2859 1174 3092 1224 tantum
3122 1169 3182 1224 in
3211 1171 3453 1240 regione
3506 1175 3628 1229 Jor-

1974 1252 2170 1320 danis,
2206 1255 2310 1310 sed
2333 1255 2394 1310 in
2422 1258 2745 1330 campestri
2775 1259 3017 1328 regione
3044 1259 3200 1315 illius
3229 1259 3384 1318 facta
3415 1261 3618 1318 dicun«

1972 1346 2066 1398 tur
2092 1343 2302 1399 eadem
2334 1361 2500 1411 vasa,
2526 1346 2872 1416 signiﬁcans
2892 1348 3450 1420 multiplicationem
3476 1351 3624 1408 fide-

1968 1430 2137 1497 lium,
2157 1449 2292 1505 quae
2324 1450 2445 1490 non
2466 1434 2660 1491 solum
2691 1436 2751 1492 in
2781 1437 3013 1504 Judaea,
3046 1438 3149 1493 sed
3181 1443 3237 1494 et
3260 1438 3320 1494 in
3350 1456 3624 1497 omnium

1970 1520 2284 1578 nationum
2311 1528 2435 1580 erat
2463 1524 2771 1580 latitudine
2798 1525 3016 1594 futura,
3046 1526 3279 1600 expleta
3305 1529 3621 1601 prophetia

189 1633 294 1705 qui
327 1633 412 1688 ait
438 1651 452 1687 :
487 1637 715 1689 Ponam
743 1635 950 1691 sedem
975 1653 1172 1694 meam
1197 1639 1276 1694 ad
1298 1639 1666 1712 aquilonem,
1695 1610 1854 1714 qdod
1887 1625 1932 1678 Β
1968 1625 2091 1714 99a
2113 1610 2344 1714 dicjtluf'
2379 1635 2415 1714 (ξ
2441 1613 2796 1714 δδυᾴθδυξη
2841 1615 3040 1714 (ἶξωρί
3068 1616 3357 1714 θδ9ω¹³ίῗ³ι
3399 1633 3536 1690 quae
3559 1617 3623 1714 in

189 1727 283 1777 est
313 1729 523 1795 aperte
555 1723 770 1792 dicere,
800 1725 917 1780 illis
947 1725 1006 1782 in
1038 1728 1321 1784 cordibus
1359 1731 1730 1803 requiescere
1761 1732 1860 1787 de-

191 1811 413 1878 sidero,
442 1829 582 1884 quae
608 1830 645 1869 a
672 1813 803 1870 luce
830 1816 1091 1872 veritatis
1120 1822 1176 1873 et
1205 1819 1454 1875 ﬂamma
1473 1820 1692 1876 divinae
1721 1822 1858 1877 cha-

188 1901 378 1957 ritatis
413 1902 614 1958 aliena
643 1919 769 1959 esse
802 1905 1136 1963 considero.
1173 1930 1198 1957 ‹‹
1231 1911 1382 1964 Mare
1413 1914 1614 1965 autem
1661 1910 1861 1982 posuit

189 2016 218 2042 «ι
263 1992 344 2050 ad
375 1991 685 2049 dexteram
718 2000 951 2066 partem
985 1997 1192 2069 templi
1225 2003 1433 2054 contra
1463 1999 1750 2056 orientem
1779 1999 1857 2056 ad

192 2104 221 2133 ‹‹
268 2084 600 2139 meridiem.
633 2105 661 2133 »
705 2087 770 2140 Et
817 2086 932 2141 hoc
963 2087 1023 2142 in
1055 2087 1269 2143 eodem
1300 2089 1448 2144 atrio
1480 2089 1740 2161 positum
1772 2095 1860 2146 est

190 2171 273 2228 ad
323 2173 631 2229 orientem.
677 2174 851 2240 Quod
898 2182 1100 2232 autem
1146 2176 1224 2233 ad
1271 2177 1576 2234 dexteram
1622 2184 1852 2252 partem

192 2261 428 2332 templi,
457 2262 570 2317 hoc
619 2268 708 2318 est
751 2263 917 2335 quod
960 2267 1174 2337 repetit
1222 2266 1448 2330 dicens,
1483 2290 1509 2316 «
1542 2268 1621 2324 ad
1678 2269 1855 2325 meri-

194 2349 386 2405 diem.
418 2351 944 2420 »lngredientibus
995 2355 1156 2410 enim
1203 2356 1420 2411 atrium
1471 2357 1549 2412 ab
1609 2357 1850 2420 oriente,

184 2439 393 2512 primo
435 2439 851 2497 divertendum
880 2448 1006 2500 erat
1047 2445 1125 2500 ad
1176 2445 1509 2512 meridiem,
1545 2448 1649 2502 ubi
1687 2464 1856 2504 mare

186 2530 249 2586 in
279 2530 415 2603 ipso
446 2531 672 2601 angulo
704 2531 902 2588 stabat
937 2532 1014 2588 ad
1052 2534 1383 2590 lavandum
1444 2536 1855 2594 sacerdotibus

185 2626 487 2694 paratum.
538 2623 761 2678 Deinde
806 2624 1326 2696 progredientibus
1374 2627 1530 2682 intro
1579 2643 1852 2683 occurre-

185 2709 339 2766 bant
361 2710 581 2766 luteres
613 2710 693 2766 ad
722 2711 1015 2768 lavandas
1045 2713 1269 2770 hostias
1301 2714 1378 2770 ab
1408 2720 1661 2788 utraque
1684 2723 1850 2790 parte

189 2800 390 2872 positi.
425 2803 584 2855 l'ntra
610 2800 722 2855 hos
747 2800 910 2856 basis
937 2807 1063 2858 erat
1091 2819 1278 2872 aenea,
1306 2804 1576 2876 quinque
1625 2806 1850 2862 cubito-

188 2904 328 2944 rum
364 2888 714 2959 altitudinis,
737 2895 793 2946 et
820 2891 1087 2964 quinque
1121 2893 1460 2949 cubitorum
1499 2894 1848 2964 latitudinis,

188 2981 244 3033 et
273 2978 452 3033 trium
485 2978 831 3034 cubitorum
877 2979 1223 3051 altitudinis,
1252 2982 1314 3036 in
1359 2999 1481 3055 qua
1524 2984 1720 3040 stabat
1752 2987 1854 3041 Sa-
1883 2981 1922 3037 C

186 3065 412 3133 lomon,
457 3073 513 3123 et
543 3066 867 3124 dedicabat
899 3068 1212 3142 templum.
1246 3071 1468 3126 Deinde
1513 3071 1666 3128 ultra
1714 3089 1850 3145 pro-

186 3156 618 3225 gredientibus,
651 3157 1005 3214 occurrebat
1035 3158 1217 3215 altare
1261 3159 1592 3216 holocausti
1642 3167 1850 3218 contra

184 3246 461 3301 medium
511 3247 675 3302 atrii:
703 3247 920 3303 deinde
953 3248 1219 3320 porticus
1254 3249 1482 3321 templi,
1513 3250 1637 3306 sive
1678 3251 1848 3306 vesti-

187 3333 434 3401 bulum,
459 3335 522 3389 in
554 3352 669 3407 quo
698 3341 865 3394 erant
895 3337 1192 3394 columnae
1224 3354 1393 3394 aerea:
1441 3339 1598 3396 circa
1627 3340 1847 3396 ostium

193 3423 430 3495 templi.
466 3425 633 3490 Quod
659 3443 790 3497 ergo
839 3444 1004 3483 mare
1035 3429 1234 3501 posuit
1263 3428 1340 3484 ad
1382 3429 1687 3486 dexteram
1717 3447 1849 3503 par-

195 3515 318 3567 tem
349 3513 577 3586 templi,
609 3515 895 3584 signiﬁcat
918 3532 1030 3572 nos
1063 3533 1170 3590 per
1205 3517 1514 3574 lavacrum
1563 3519 1845 3593 baptismi

194 3601 272 3658 ad
313 3619 567 3674 regnum
599 3606 830 3662 cmleste
861 3607 1050 3679 (quod
1097 3608 1230 3679 jure
1283 3608 1581 3665 vocabulo
1625 3610 1845 3666 dextrae

191 3692 498 3765 ﬁguratur)
529 3695 751 3752 debere
784 3697 1115 3769 pervenire.
1141 3721 1167 3745 ‹‹
1202 3698 1311 3764 Qui
1341 3699 1500 3754 enim
1534 3700 1847 3756 crediderit

207 3786 261 3834 et
286 3780 605 3854 baptizatus
631 3785 824 3854 fuerit,
859 3785 1058 3841 salvus
1089 3788 1194 3842 erit
1222 3789 1434 3855 (Marc.
1459 3789 1600 3859 xvr).
1630 3812 1656 3838 »
1683 3792 1849 3844 Eam-

207 3883 314 3939 que
341 3870 434 3926 ubi
462 3873 672 3929 dextra
704 3874 882 3930 simul
915 3880 970 3930 et
1001 3875 1236 3931 sinistra
1265 3876 1324 3930 in
1356 3875 1518 3932 bono
1549 3877 1848 3949 accipiun-

203 3960 301 4034 tur,
327 3959 416 4014 vel
451 3961 727 4016 Judaaam
761 3968 816 4018 et
846 3963 1230 4034 gentilitatem
1262 3965 1348 4035 (ut
1385 3964 1445 4019 in
1476 3965 1846 4036 expositione

187 4044 415 4104 basium
474 4065 666 4122 supra
713 4051 995 4122 diximus;
1027 4052 1119 4108 vel
1167 4059 1521 4125 praesentem
1573 4053 1842 4110 Ecclesiae

183 4137 356 4194 vitam
384 4145 442 4195 et
470 4139 760 4209 futuram,
789 4141 881 4196 vel
907 4141 1040 4197 laeta
1071 4147 1127 4197 et
1153 4142 1357 4206 tristia,
1393 4142 1485 4198 vel
1518 4142 1720 4215 aliqua
1745 4144 1845 4199 de-

181 4227 372 4296 signat
402 4229 783 4300 hujusmodi.
818 4230 923 4286 Ubi
950 4247 1087 4287 vero
1119 4231 1389 4288 absolute
1444 4232 1504 4287 in
1536 4233 1698 4288 bono
1729 4249 1836 4305 po-

173 4317 322 4374 nitur
355 4319 631 4388 dextera,
660 4325 879 4376 aeterna
910 4320 1129 4394 saepius
1188 4322 1410 4391 gaudia
1441 4322 1832 4380 demonstrat.
1868 4334 1910 4388 Ι)

172 4409 335 4471 Quod
370 4424 519 4463 vero
550 4414 759 4464 contra
785 4409 1072 4466 orientem
1099 4411 1299 4483 posuit
1324 4427 1512 4482 mare,
1553 4412 1631 4466 ad
1671 4428 1836 4468 eam-

168 4496 296 4554 dem
323 4514 532 4572 prope
565 4497 1063 4569 signiﬁcationem
1090 4500 1346 4572 respicit,
1373 4501 1537 4573 quod
1565 4501 1837 4559 videlicet

163 4600 262 4657 per
286 4588 622 4644 lavacrum
654 4588 806 4644 sacri
838 4588 1036 4657 fontis,
1066 4589 1353 4662 splendor
1382 4590 1558 4646 nobis
1588 4590 1834 4646 internae

161 4675 456 4735 claritatis
509 4677 820 4750 aperitur:
874 4679 1043 4744 Quod
1102 4679 1182 4734 ad
1237 4679 1640 4735 meridianum
1678 4680 1834 4736 latus

157 4767 302 4838 atrii,
337 4767 661 4836 signiﬁcat
685 4767 889 4823 ﬁdeles
916 4784 1022 4841 per
1043 4768 1453 4840 acceptionem
1494 4769 1680 4824 sancti
1705 4769 1833 4842 Spi-

151 4854 318 4922 ritus,
353 4855 448 4912 ad
485 4856 866 4926 ﬂagrantiam
893 4857 1080 4912 solere
1109 4874 1263 4913 verae
1295 4858 1598 4914 charitatis
1620 4874 1832 4914 accen-

153 4944 231 5000 di.
291 4949 528 5003 Fervor
576 4946 794 5001 etenim
855 4945 1168 5002 meridiani
1219 4946 1361 5003 solis
1410 4947 1716 5003 consuevit
1769 4947 1832 5002 in

157 5033 508 5109 Scripturis,
535 5038 595 5090 et
619 5035 897 5091 ardorem
920 5035 1268 5105 dilectionis,
1294 5041 1352 5092 et
1373 5036 1830 5092 illustrationem

156 5123 505 5192 signiﬁcare
538 5123 728 5179 sancti
762 5124 1033 5196 Spiritus,
1060 5142 1166 5198 per
1197 5141 1379 5198 quem
1403 5125 1616 5183 eadem
1646 5125 1827 5182 dilec-

159 5210 232 5268 tio
259 5213 650 5272 diﬂ‘undetur
675 5212 737 5269 in
764 5213 1048 5270 cordibus
1075 5214 1418 5273 electorum.

222 5370 249 5396 ‹‹
291 5349 525 5405 Omnia
551 5363 704 5404 vasa
732 5363 868 5420 qua:
899 5346 1033 5404 fecit
1061 5347 1259 5404 Hiram
1289 5349 1414 5420 regi
1442 5348 1748 5406 Salomoni
1767 5350 1830 5405 in

153 5454 180 5487 α
217 5436 414 5495 domo
463 5437 703 5493 Domini
751 5437 826 5492 de
877 5437 1220 5494 aurichalco
1270 5443 1460 5495 erant.
1492 5440 1556 5493 In
1587 5438 1828 5509 regione

154 5543 182 5574 ‹
218 5526 515 5583 Jordanis
538 5525 693 5581 fudit
714 5542 785 5582 ea
804 5542 908 5582 rex
931 5527 990 5582 in
1019 5527 1300 5598 argillosa
1329 5532 1504 5584 terra.
1538 5547 1562 5574 »
1595 5531 1745 5601 Apte
1767 5527 1827 5584 in

153 5617 400 5686 regione
430 5615 714 5674 Iordanis
743 5615 879 5674 fusa
898 5621 1038 5675 sunt
1065 5633 1220 5675 vasa
1241 5617 1461 5674 domus
1491 5617 1746 5688 Domini,
1763 5618 1826 5674 in

1968 1698 2052 1753 eis
2083 1703 2434 1767 sunt(Psal.
2465 1704 2616 1774 xcv).
2655 1726 2681 1752 »
2728 1703 3020 1773 Argillosa
3069 1710 3272 1761 autem
3322 1710 3496 1774 terra,
3547 1707 3622 1764 de

1966 1803 2090 1860 qua
2120 1789 2287 1845 factae
2317 1797 2457 1846 sunt
2482 1792 2689 1847 formae
2721 1792 2799 1848 ad
2829 1792 3139 1850 fundenda
3166 1810 3314 1851 vasa
3361 1795 3619 1869 Domini,

1965 1878 2111 1950 quid
2145 1880 2356 1935 melius
2385 1898 2572 1954 quam
2628 1882 2931 1955 Scriptura
2959 1900 3130 1940 sacra
3167 1884 3265 1955 (de
3293 1901 3418 1957 qua
3444 1902 3621 1957 regu-

1964 1966 2084 2022 lam
2115 1968 2268 2024 bene
2299 1969 2530 2026 vivendi
2552 1970 2906 2044 accipimus)
2927 1971 3085 2028 valet
3135 1972 3424 2044 intelligi?
3445 1974 3622 2047 quasi

1963 2056 2124 2113 enim
2153 2058 2364 2128 argilla
2390 2060 2628 2130 ignibus
2658 2060 2874 2116 durata
2902 2061 3164 2118 formam
3179 2063 3340 2119 vasis
3360 2064 3642 2134 Domini,

1961 2151 2191 2218 quanta
2221 2153 2276 2204 et
2304 2148 2655 2220 qualiaﬁeri
2679 2149 2939 2206 debeant
2964 2151 3221 2220 exhibet,
3256 2168 3394 2207 cum
3443 2151 3620 2207 nobis

1963 2236 2264 2308 Scriptura
2291 2254 2462 2293 sacra
2491 2238 2761 2309 regulam
2784 2239 3029 2310 justitiaa
3055 2257 3240 2312 quam
3289 2256 3618 2313 sequamur

1962 2326 2242 2390 ostendit,
2269 2331 2738 2401 sanctorumque
2795 2327 2970 2384 nobis
3016 2329 3291 2401 exempla
3338 2329 3443 2397 qui
3478 2329 3617 2400 igne

1963 2414 2415 2472 tribulationum
2439 2416 2812 2472 invincibiles
2838 2422 3318 2490 perseverarunt,
3333 2419 3396 2474 in
3426 2419 3619 2476 omni-

1958 2503 2074 2559 bus
2110 2506 2419 2578 sequenda
2441 2507 3011 2579 praemonstrat.Sed
3028 2524 3176 2563 vasa
3202 2507 3264 2562 in
3295 2507 3478 2563 domo
3509 2510 3619 2564 Do-

1960 2593 2108 2650 mini
2139 2594 2326 2652 electa
2377 2611 2448 2651 ac
2477 2595 2738 2668 pretiosa
2777 2612 2905 2652 esse
2954 2595 3381 2669 conspicimus,
3410 2611 3615 2669 aesque

1957 2681 2096 2752 igne
2116 2683 2504 2756 liquefactum
2525 2683 2691 2757 quod
2723 2684 2945 2754 argillaa
2967 2684 3192 2740 formas
3222 2684 3610 2758 ingredimur,

1959 2787 2083 2844 qua
2111 2788 2218 2826 vas
2247 2772 2438 2844 possit
2463 2777 2673 2845 aptum
2704 2773 3044 2828 ministeriis
3075 2772 3414 2829 caelestibus
3438 2771 3611 2840 eﬁici,

1959 2877 2098 2916 cum
2130 2860 2242 2932 ipsi
2274 2860 2590 2916 salubriter
2617 2861 2931 2929 humiliati,
2957 2865 3013 2918 et
3040 2862 3290 2918 ﬂamma
3321 2862 3446 2918 sive
3471 2861 3616 2918 divi-

1959 2963 2052 3003 nae
2107 2947 2404 3020 claritatis,
2453 2949 2575 3005 sive
2648 2950 2830 3005 etiam
2892 2950 3176 3006 humanae
3241 2949 3615 3007 adversitatis

1959 3036 2224 3107 emolliti,
2256 3037 2414 3092 viam
2459 3042 2702 3110 patrum
2751 3037 2904 3092 bene
2935 3039 3267 3110 operando,
3298 3039 3610 3107 intramus,

1957 3129 2023 3180 ut
2049 3125 2126 3180 ad
2156 3124 2405 3197 praemia
2436 3129 2678 3197 patrum
2697 3124 2851 3181 bene
2873 3125 3131 3181 vivendo
3162 3126 3609 3198 perveniamus.

2031 3235 2059 3262 «
2104 3212 2374 3284 Fecitque
2396 3212 2680 3269 Salomon
2711 3213 2918 3269 omnia
2937 3228 3084 3269 vasa
3112 3213 3172 3269 in
3202 3217 3389 3269 Domo
3418 3213 3614 3269 Domi-

1957 3324 1984 3353 ‹‹
2027 3302 2120 3358 ni:
2145 3302 2339 3358 Altare
2361 3318 2610 3358 aureum
2635 3306 2691 3358 et
2704 3317 2980 3358 mensam
3012 3318 3192 3375 super
3216 3319 3403 3376 quam
3422 3319 3609 3376 pone-

1957 3415 1985 3444 «
2027 3396 2233 3450 rentur
2260 3407 2448 3464 panes
2480 3391 2908 3465 propositionis
2943 3408 3213 3449 auream.
3241 3414 3268 3443 »
3293 3392 3488 3450 Altare
3510 3409 3610 3449 au-

1954 3498 2124 3538 reum
2153 3481 2337 3536 corda
2359 3479 2656 3551 signiﬁcat
2679 3481 3075 3553 perfectorun:
3097 3482 3420 3553 justorum,
3437 3481 3611 3538 inter-

1954 3587 2049 3626 nae
2079 3570 2381 3626 charitatis
2427 3575 2484 3626 et
2528 3570 2814 3626 castitatis
2856 3570 2987 3626 luce
3046 3586 3316 3639 corusca,
3348 3587 3611 3644 quorum

1955 3659 2306 3716 sublimitati
2337 3659 2746 3730 signiﬁcandaa
2769 3659 2947 3715 etiam
2967 3658 3135 3715 locus
3157 3660 3435 3717 convenit
3457 3661 3612 3731 ejus-

1955 3749 2093 3804 dem
2117 3748 2340 3804 altaris.
2378 3747 2584 3804 Stabat
2629 3747 2790 3802 enim
2821 3753 2956 3803 ante
2987 3748 3206 3803 ostium
3241 3749 3438 3804 Sancti
3470 3765 3608 3805 san-

1954 3843 2209 3903 ctorum,
2241 3842 2303 3891 ut
2331 3835 2392 3892 in
2418 3836 2646 3892 factura
2696 3835 3062 3891 tabernaculi
3109 3837 3420 3892 manifeste
3467 3835 3608 3906 legi-

1953 3941 2108 3980 mus.
2134 3924 2198 3978 In
2219 3940 2340 3996 quo
2365 3923 2639 3979 videlicet
2660 3922 2828 3978 altari
2849 3939 2970 3978 non
3001 3923 3333 3978 hostiarum
3363 3922 3609 3992 sanguis

1953 4029 2149 4086 neque
2177 4012 2490 4081 libamina,
2511 4011 2616 4067 sed
2646 4011 3046 4083 thymiamata
3069 4015 3302 4067 tantum
3332 4011 3609 4068 incende-

1949 4102 2194 4173 bantur,
2227 4117 2488 4174 quorum
2531 4100 2734 4156 fumus
2777 4101 2850 4156 ad
2888 4099 3196 4174 superiora
3247 4101 3606 4170 ascendens,

1950 4191 2260 4264 operiebat
2290 4207 2516 4260 arcam,
2539 4195 2718 4263 atque
2748 4189 3061 4246 oraculum
3083 4190 3268 4246 odore
3297 4191 3606 4248 suavitatis

1949 4279 2259 4353 implebat.
2292 4283 2354 4334 In
2384 4295 2506 4352 quo
2537 4278 2733 4349 ﬁgura
2759 4278 3206 4351 exprimebatur
3233 4283 3604 4347 sanctorum,

1947 4369 2051 4442 qui
2084 4370 2231 4426 dum
2262 4369 2544 4439 neglectis
2569 4367 2992 4441 temporalium
3031 4385 3235 4426 rerum
3267 4369 3604 4442 cupiditati-

1950 4458 2080 4529 bus,
2111 4463 2234 4515 tota
2260 4458 2585 4514 intentione
2641 4458 2907 4514 ccelestia
2944 4463 3222 4531 quaerunt
3256 4458 3358 4514 :in
3410 4459 3604 4514 vicino

1946 4548 2167 4605 oraculi
2215 4553 2354 4604 sunt
2395 4548 2592 4620 positi,
2624 4564 2734 4604 nec
2762 4547 2940 4617 longe
2967 4553 3104 4603 sunt
3133 4547 3345 4602 remoti
3384 4562 3420 4601 a
3445 4545 3600 4616 velo,

1944 4654 2066 4710 quo
2092 4637 2384 4711 templum
2414 4643 2470 4694 et
2490 4640 2706 4693 Sancta
2725 4641 3072 4692 sanctorum
3094 4636 3477 4702 dirimuntur,
3495 4635 3602 4706 qui

1943 4742 2191 4799 corpore
2221 4732 2439 4782 terram
2470 4725 2758 4795 incolunt,
2781 4728 3062 4780 caeterum
3094 4723 3428 4779 secundum
3449 4723 3598 4779 inte-

1941 4814 2159 4870 riorem
2187 4813 2496 4870 hominem
2522 4817 2711 4869 totam
2741 4812 2966 4868 habent
2994 4812 3514 4869 conversationem
3537 4812 3598 4868 in

1941 4903 2122 4959 caelis.
2156 4901 2559 4974 Ascenditque
2588 4902 2666 4958 ab
2692 4901 3043 4973 hujusmodi
3073 4901 3244 4958 altari
3273 4903 3476 4958 fumus
3507 4903 3598 4959 in-

1939 5007 2259 5049 censorum
2284 4990 2440 5046 intra
2471 4994 2678 5048 sancta
2707 4995 3052 5046 sanctorum
3083 4991 3189 5046 ubi
3227 5007 3368 5047 arca
3399 4995 3488 5048 est
3517 5008 3608 5048 re-

1939 5082 2200 5149 condita,
2231 5096 2370 5136 cum
2396 5080 2696 5136 orationes
2743 5085 3091 5136 sanctorum
3122 5081 3374 5137 ﬂamma
3406 5080 3601 5137 chari-

1939 5171 2072 5228 tatis
2114 5169 2401 5236 excitatae,
2439 5168 2517 5225 ad
2560 5168 2781 5225 coelum
2824 5184 3016 5242 usque
3062 5170 3460 5242 perveniunt:
3501 5166 3604 5226 ubi

1939 5259 2204 5316 Christus
2230 5261 2320 5314 est
2339 5257 2402 5313 in
2418 5257 2664 5314 dextera
2685 5256 2786 5314 Dei
2808 5256 3044 5313 sedens.
3068 5261 3197 5314 Non
3222 5258 3383 5314 enim
3405 5258 3468 5314 in
3490 5259 3605 5315 hoc

1940 5349 2114 5406 altari
2144 5347 2392 5419 sanguis
2439 5346 2797 5415 hostiarum,
2833 5346 2939 5402 sed
2988 5347 3325 5420 thymiama
3369 5352 3603 5404 tantum

1940 5437 2295 5506 incenditur,
2323 5435 2467 5510 quia
2499 5435 2648 5493 tales
2679 5435 2784 5492 viri
2809 5451 2932 5492 non
2954 5436 3180 5492 habent
3200 5453 3383 5510 opera
3410 5436 3605 5494 carnis

1942 5532 1998 5584 et
2040 5526 2370 5595 sanguinis,
2404 5542 2538 5598 quia
2570 5526 2630 5581 in
2689 5541 2794 5581 ara
2847 5525 2938 5580 sui
2995 5525 3190 5581 cordis
3225 5525 3605 5581 immolantes

1941 5615 2196 5673 Domino
2226 5619 2511 5689 mactant,
2537 5615 2644 5672 sed
2677 5614 3076 5674 solummodo
3120 5613 3530 5686 lacrymarum
3575 5624 3608 5664 e
