4102 6184
533 151 634 214 4δὶ

535 276 823 340 orationis
844 279 893 335 ei
921 282 1077 336 vota.
1108 285 1218 347 pro
1243 273 1540 330 desiderio
1567 274 1738 344 regni
1765 269 2022 329 cmlestis
2045 269 2185 325 otfe-
2213 270 2260 326 Α

537 375 692 428 runt.
728 394 755 420 «
790 367 940 423 Fecit
957 375 1207 436 quoque
1237 364 1421 420 altare
1453 375 1688 419 aeneum
1721 360 1928 431 viginti
1959 358 2187 414 cubito-

534 475 668 515 rum
699 453 1110 525 longitudinis,
1143 457 1200 508 et
1227 453 1432 522 viginti
1465 452 1803 509 cubitorum
1835 448 2185 513 latitudinis,

533 551 590 602 et
614 547 821 601 decem
850 542 1190 599 cubitorum
1219 541 1567 598 altitudinis.
1596 563 1622 591 »
1643 544 1708 597 Et
1725 540 1970 613 quidem
2006 537 2188 593 altare

531 631 944 708 thymiamatis
966 629 1156 686 Moses
1176 629 1311 685 fecit
1333 630 1395 684 in
1421 645 1645 700 eremo,
1665 625 1898 685 habens
1914 625 2185 682 cubitum

529 719 937 792 longitudinis,
971 725 1027 774 et
1055 718 1307 774 alterum
1353 717 1704 789 latitudinis,
1728 725 1788 774 et
1813 717 1971 773 duos
2019 713 2186 770 cubi-

531 817 623 868 tos
653 811 714 865 in
745 808 1076 865 altitudine.
1109 807 1356 869 Quantae
1389 813 1588 864 autem
1617 804 2051 876 magnitudinis
2073 805 2185 859 hoc

529 899 803 972 superius
832 893 1056 954 dictum
1091 893 1275 954 altare
1303 897 1590 955 Salomon
1637 895 1838 953 fecerit
1886 895 2188 967 Scriptura

527 988 814 1061 praedicit,
845 988 947 1043 sed
981 992 1184 1042 tamen
1237 987 1400 1060 quod
1453 987 1638 1043 altare
1684 997 1933 1041 aureum
1965 983 2180 1048 fecerit,

525 1077 686 1134 dicit.
722 1079 966 1133 Constat
1003 1082 1203 1132 autem
1233 1077 1377 1148 quia
1419 1080 1656 1131 tantum
1706 1074 1900 1131 facere
1929 1087 2053 1127 non
2082 1087 2186 1144 po-

527 1167 656 1238 tuit,
681 1171 978 1240 quantum
1007 1167 1143 1222 fecit
1174 1163 1527 1232 holocausti,
1559 1165 1702 1238 quia
1749 1164 1795 1218 si
1851 1161 2056 1229 viginti
2083 1176 2184 1215 cu-

524 1254 788 1312 bitorum
819 1256 878 1310 in
908 1249 1280 1323 longitudine
1308 1257 1366 1310 et
1394 1253 1703 1308 latitudine
1734 1251 1957 1308 factum
2005 1253 2179 1315 esset,

527 1343 713 1401 totam
763 1342 968 1416 templi
1006 1343 1380 1399 latitudinem
1412 1341 1704 1415 impleret.
1736 1344 1976 1407 Quanto
2005 1338 2184 1406 igitur

526 1434 783 1490 exterius
811 1439 936 1490 erat
990 1432 1254 1505 positum
1308 1432 1492 1488 altare
1521 1431 1853 1487 holocausti
1884 1439 2070 1501 quam
2099 1427 2187 1482 in-

526 1523 709 1594 censi,
743 1526 1162 1595 quantumque
1205 1535 1418 1591 genere
1467 1519 1804 1583 oblationis,
1839 1534 1906 1574 ac
1963 1515 2182 1572 vilitate

524 1594 1104 1681 metalliignobiﬁus
1129 1606 1254 1677 fuit,
1275 1613 1508 1666 tantum
1534 1611 1863 1682 quantitate
1887 1619 2181 1662 mensuris
2207 1621 2252 1681 Β

525 1706 583 1757 et
609 1701 940 1757 hostiarum
967 1699 1304 1772 frequentia
1337 1699 1680 1772 praestabat.
1716 1697 1866 1762 Quia
1899 1696 2178 1750 nimirum

524 1789 725 1862 plures
776 1794 913 1844 sunt
964 1787 1152 1843 multa
1207 1787 1428 1860 quibus
1481 1785 1714 1842 dicatur
1767 1786 2010 1857 (Matth.
2039 1784 2177 1852 xv):

524 1878 580 1932 Si
607 1878 696 1932 vis
727 1877 803 1933 ad
835 1877 1018 1932 vitam
1056 1874 1308 1946 ingredi,
1352 1889 1529 1931 serva
1569 1873 1859 1931 mandata
1892 1893 1902 1928 :
1941 1894 1968 1921 »
1993 1886 2178 1944 quam

422 1986 425 1987 ν
523 1981 678 2039 quos
709 1965 915 2022 audire
943 1963 1210 2020 delectet.
1233 1987 1260 2014 ‹‹
1293 1963 1351 2018 Si
1374 1964 1466 2019 vis
1495 1963 1792 2036 perfectus
1823 1977 1976 2029 esse,
2003 1960 2175 2026 vade,

521 2055 716 2110 vende
746 2067 882 2128 qua;
941 2053 1130 2109 habes
1163 2057 1219 2108 et
1247 2051 1326 2107 da
1355 2052 1746 2125 pauperibus.
1775 2074 1804 2101 η
1831 2053 1947 2107 Nec
1977 2055 2180 2106 tamen

519 2137 703 2214 hujus
759 2157 1047 2198 mensura
1097 2139 1300 2198 altaris
1349 2143 1604 2214 mystica
1644 2141 1875 2197 ratione
1924 2145 2084 2195 caret
2123 2140 2181 2192 et

518 2242 798 2288 numero.
825 2228 1015 2288 Habet
1035 2231 1203 2287 enim
1252 2230 1460 2300 viginti
1489 2229 1722 2286 cubitos
1765 2229 2175 2298 longitudinis,

521 2325 578 2376 et
621 2321 867 2376 totidem
918 2319 1156 2376 cubitos
1198 2318 1546 2388 latitudinis,
1581 2323 1637 2374 et
1683 2319 1891 2374 decem
1941 2319 2177 2376 cubitos

521 2403 868 2463 altitudinis.
897 2409 978 2464 De
999 2423 1122 2479 quo
1147 2407 1394 2480 quidem
1423 2419 1679 2462 numero
1706 2405 1963 2477 suprain
1989 2421 2175 2478 expo-

521 2497 730 2551 sitione
782 2496 988 2567 templi
1041 2502 1097 2551 et
1151 2496 1427 2551 vestibuli
1472 2497 1607 2567 ejus
1647 2496 1932 2550 diximus.
1957 2497 2075 2550 Sed
2121 2502 2178 2552 et

523 2597 685 2638 nunc
740 2583 1064 2638 dicendum
1121 2583 1378 2639 breviter
1410 2600 1423 2639 :
1455 2584 1609 2649 Quia
1667 2583 1715 2636 si
1767 2584 1953 2638 altare
2006 2584 2173 2639 holo-

517 2665 720 2727 causti
771 2671 1009 2726 illorum
1031 2669 1095 2726 in
1123 2672 1384 2728 Ecclesia
1415 2679 1625 2744 typum
1658 2677 1834 2742 tenet,
1861 2673 1968 2744 qui
1995 2690 2174 2730 suum

517 2774 738 2833 corpus
764 2767 821 2816 et
846 2760 1111 2816 animam
1145 2761 1396 2816 Domino
1446 2775 1794 2818 consecrare
1823 2777 1931 2834 per
1970 2763 2173 2832 ignem

517 2848 741 2905 amoris
798 2849 955 2904 illius
1003 2855 1300 2922 quaerunt,
1355 2851 1795 2923 perseverantia
1852 2852 2067 2907 horum
2110 2853 2172 2908 in

513 2937 679 2995 bona
709 2939 1054 3012 operatione
1099 2953 1207 3012 per
1234 2939 1670 3013 longitudinem
1703 2941 1927 3003 altaris,
1961 2942 2171 3014 ampli-
2195 2981 2241 3040 ,ρ

511 3028 660 3084 tudo
691 3028 752 3084 in
783 3029 1068 3084 charitate
1095 3030 1196 3085 Dei
1245 3035 1299 3085 et
1347 3030 1604 3102 proximi
1634 3045 1741 3103 per
1769 3030 2167 3103 latitudinem,

514 3131 650 3190 spes
674 3117 736 3174 in
757 3118 1120 3192 spectatione
1151 3119 1366 3174 divinae
1389 3119 1634 3175 visionis
1661 3131 1771 3193 per
1795 3119 2169 3177 altitudinem

517 3205 835 3276 ﬁguratur.
888 3207 1059 3273 Quod
1107 3213 1308 3264 autem
1335 3207 1648 3279 longitudo
1670 3215 1726 3265 et
1749 3209 1998 3266 latitudo
2026 3211 2169 3267 alta-

517 3295 596 3350 ris
650 3309 1001 3352 vmenorum
1054 3302 1181 3353 erat
1227 3297 1585 3365 cubitorum,
1615 3313 1904 3368 magnam
1966 3300 2168 3372 utique

512 3383 940 3455 perfectionem
987 3385 1265 3455 designat
1288 3387 1563 3458 ejusdem
1613 3387 1925 3443 indefessas
1955 3389 2166 3459 longa-

512 3472 568 3526 ni
578 3472 817 3544 mitatis,
834 3489 902 3529 ac
928 3473 1172 3528 sinceras
1195 3473 1546 3543 dilectionis,
1575 3490 1709 3546 quae
1731 3492 1838 3547 per
1859 3478 2166 3549 utriusque

512 3553 877 3618 Testamenti
906 3561 1083 3616 nobis
1126 3561 1572 3618 observantiam
1605 3563 1896 3618 tribuitur.
1943 3567 2167 3630 Quater

509 3652 668 3705 enim
690 3651 857 3723 quini
884 3650 1251 3706 vicenarium
1277 3666 1598 3707 numerum
1630 3651 1950 3724 complent.
1981 3655 2162 3718 Quin-

508 3753 627 3811 que
659 3744 860 3796 autem
891 3738 1027 3795 libri
1056 3738 1326 3796 Mosaicae
1356 3739 1504 3811 legis
1531 3745 1790 3813 quatuor
1817 3745 1958 3797 sunt
1982 3757 2164 3798 evan-

509 3827 711 3900 gelicae
736 3829 1043 3885 libertatis.
1080 3831 1143 3884 Et
1188 3844 1326 3884 cum
1356 3830 1434 3885 ad
1481 3830 1930 3902 intelligentiam
1981 3837 2161 3905 atque

507 3917 844 3974 custodiam
890 3917 1040 3988 legis
1101 3916 1446 3985 spiritalem,
1476 3918 1809 3976 illustrante
1864 3921 2160 3991 Evangelii

506 4006 716 4076 gratia,
763 4009 1171 4080 pervenimus,
1202 4006 1572 4064 vicenarium
1618 4009 1877 4082 perfecto
1906 4025 2161 4068 numero

500 4093 619 4149 hoc
642 4097 1008 4166 perticimus.
1044 4097 1246 4171 Fitque
1276 4097 1438 4153 idem
1486 4113 1776 4156 numerus
1806 4101 1868 4156 in
1907 4101 2160 4171 longitu-

503 4180 642 4237 dine
697 4188 754 4239 et
805 4183 1115 4242 latitudine
1175 4185 1396 4254 altaris,
1425 4201 1563 4243 cum
1595 4189 1778 4245 corda
1809 4190 2153 4262 electorum,

502 4269 752 4328 docente
807 4275 1060 4346 utroque
1117 4275 1516 4342 Testamento,
1549 4280 1605 4332 et
1660 4277 1982 4348 adjuvante
2024 4280 2154 4352 ipso

503 4375 625 4416 uno
656 4361 968 4433 utriusque
997 4362 1352 4417 Testamenti
1386 4368 1649 4436 auctore,
1681 4340 2151 4438 et'perseveran-
2184 4340 2228 4394 Β

505 4451 648 4509 tiam
671 4450 819 4508 boni
849 4451 1067 4524 operis,
1093 4452 1271 4508 etiam
1299 4452 1362 4508 in
1390 4455 1800 4525 persecutione
1831 4463 2069 4514 servant
2092 4459 2154 4515 in

499 4541 793 4599 hilaritate
823 4539 1176 4608 dilectionis,
1207 4545 1263 4596 et
1314 4540 1494 4597 etiam
1523 4541 1584 4597 in
1644 4557 1746 4599 eos
1797 4546 1902 4617 qui
1955 4561 2154 4617 perse-

499 4639 770 4706 quuntur
819 4629 1121 4688 exhibent.
1156 4630 1413 4686 Denario
1441 4635 1642 4687 autem
1697 4648 1972 4704 numero,
2017 4651 2152 4707 spes

501 4721 831 4776 caelestium
885 4720 1275 4793 praemiorum
1331 4719 1479 4776 solet
1534 4719 1858 4793 designari,
1902 4725 2151 4781 Domino

498 4806 886 4876 afﬁrmantes,
911 4826 1050 4866 cum
1076 4825 1178 4867 eos
1208 4808 1312 4883 qui
1335 4808 1401 4864 in
1424 4809 1601 4866 vinea
1630 4813 1837 4884 magni
1857 4815 2041 4886 patris
2067 4813 2154 4871 fa-

498 4892 692 4948 milias
713 4894 1010 4966 laborant,
1029 4898 1276 4954 denario
1295 4905 1712 4958 remuneratos
1734 4918 1862 4958 esse
1887 4908 2150 4960 testatur.

498 4980 565 5033 Et
609 4977 772 5034 idem
816 4981 1002 5037 altare
1043 4985 1214 5055 quod
1241 4985 1304 5039 in
1327 4986 1528 5056 ﬁgura
1555 4987 1781 5046 factum
1825 4997 1912 5046 est
1941 4992 2152 5047 electo-

495 5081 654 5134 rum,
686 5063 764 5123 ob
791 5067 1251 5137 signiﬁcandam
1289 5089 1508 5130 eorum
1552 5077 1740 5134 vitam
1767 5084 2146 5151 perpetuam,

496 5153 707 5210 decem
737 5160 863 5212 erat
890 5155 1105 5214 cubitis
1149 5158 1357 5216 altum.
1383 5163 1533 5219 Cum
1569 5179 1708 5220 vero
1760 5165 1987 5221 dictum
2038 5172 2146 5239 est,

496 5243 640 5316 quia
681 5243 820 5300 fecit
856 5243 1144 5302 Salomon
1195 5247 1379 5305 altare
1428 5263 1700 5320 aureum,
1730 5253 2004 5310 additum
2061 5260 2149 5314 est

499 5330 806 5400 continuo,
835 5337 893 5388 et
917 5347 1192 5390 mensam
1221 5350 1400 5408 super
1427 5354 1610 5410 quam
1652 5346 2014 5411 ponerentur
2037 5360 2145 5417 pa-

495 5435 602 5476 nes
615 5419 1041 5493 propositionis
1063 5436 1333 5479 auream.
1356 5429 1552 5481 Mensa
1571 5433 1772 5483 autem
1797 5444 1979 5487 aurca
2001 5433 2147 5490 Scri-

491 5513 676 5583 ptura
715 5515 804 5568 est
855 5525 1026 5568 sacra
1073 5511 1351 5584 spiritalis
1404 5513 1823 5587 intelligentiae,
1882 5519 2142 5580 claritate

491 5599 772 5672 fecunda,
786 5601 871 5660 de
896 5613 1021 5675 qua
1039 5600 1358 5660 Psalmista
1379 5603 1637 5664 Domino
1667 5623 1681 5662 :
1708 5629 1736 5658 α
1762 5607 2015 5682 Parasti,
2043 5613 2140 5671 in.

1635 146 1992 208 ANGEL‘OHI
2045 141 2501 205 LUXOVIENSlS
2538 145 2850 207 HONAC!“

3811 151 3901 206 452

2298 271 2447 342 quit,
2479 270 2540 326 in
2567 274 2894 343 conspectu
2923 283 3061 325 meo
3090 283 3364 324 mensam
3401 268 3682 325 adversus
3705 271 3902 344 eosqui

2295 359 2584 416 tribulant
2615 377 2711 416 me
2739 357 2924 431 (Psal.
2949 358 3111 429 χχιι).
3137 377 3167 410 »
3195 361 3272 414 Ne
3304 358 3460 414 enin:
3493 374 3602 414 nos
3623 359 3904 415 adversarii

2296 448 2646 507 tribulantes
2663 451 2740 506 ad
2757 464 3021 505 errorem
3045 448 3305 510 ﬂectant,
3332 465 3602 505 mensam
3621 449 3782 504 nobis
3795 465 3903 504 con~

2289 537 2354 592 di
2364 543 2450 593 tor
2474 545 2676 596 noster
2697 539 2958 595 scientiae
2977 537 3259 603 cmlcstis,
3282 553 3388 610 per
3407 553 3594 610 quam
3621 538 3680 593 in
3709 538 3812 592 (ide
3829 554 3903 593 ve-

2295 627 2480 682 ritatis
2503 628 2926 694 confortemur,
2952 626 3202 699 paravit.
3234 629 3422 681 Panes
3444 641 3698 698 namque
3725 641 3903 698 prope

2295 716 2522 771 sitionis
2545 717 2734 772 sancti
2769 715 3215 782 suntdoctores,
3235 731 3495 788 quorum
3522 715 3611 770 vel
3640 730 3806 788 cpera
3823 731 3902 769 no-

2293 803 2407 873 bis,
2436 805 2528 861 vel
2554 805 2739 860 verba
2767 804 3069 869 salutaria,
3095 804 3172 859 ad
3202 803 3546 876 exemplum
3576 803 3700 859 vitae
3726 819 3904 876 propo-

2295 893 2427 964 sita,
2461 910 2696 966 semper
2724 894 2785 948 in
2817 893 3036 948 divinis
3060 891 3299 964 paginis
3322 892 3578 965 quisque
3606 891 3747 947 bene
3772 907 3899 963 quae-

2293 980 2383 1047 rit,
2416 982 2664 1037 invenit.
2697 981 2860 1037 Unde
2916 986 3073 1037 recte
3130 985 3392 1053 apteque
3436 980 3614 1036 iidem
3658 995 3823 1052 panes
3855 979 3900 1032 iu

2293 1071 2496 1125 Exodo
2520 1070 2841 1126 duodecim
2868 1070 2995 1125 ﬁeri
3021 1071 3303 1142 praecepti
3327 1075 3488 1137 sunt,
3519 1068 3770 1124 videlicet
3795 1082 3902 1140 pro-

2291 1164 2421 1232 pter
2448 1159 2753 1231 apostolos
2777 1159 3120 1228 duodecim,
3147 1175 3254 1231 per
3274 1175 3537 1231 quorum
3561 1157 3899 1213 ministerium

2291 1255 2346 1304 et
2372 1248 2545 1304 nobis
2583 1249 2885 1320 Scriptura
2912 1248 3058 1304 Novi
3095 1249 3455 1304 Testamenti
3489 1247 3711 1304 condita
3743 1250 3831 1311 est,
3856 1249 3903 1298 et

2289 1338 2666 1395 instrumenti
2727 1339 2971 1406 Veteris,
3022 1337 3286 1394 donante
3353 1339 3628 1408 Domino,
3683 1334 3901 1392 revelata

2291 1428 2593 1500 mysteria.
2629 1430 2898 1494 Quorum
2936 1427 3221 1483 nimirum
3254 1444 3534 1495 numero,
3565 1442 3679 1483 non
3705 1428 3899 1480 tantum

2291 1515 2474 1573 iidem
2501 1517 2776 1590 apostoli,
2807 1517 2913 1573 sed
2943 1532 3157 1572 omnes
3180 1521 3319 1572 sunt
3345 1516 3657 1588 designati,
3685 1513 3777 1586 qui
3802 1527 3899 1567 ver-

2290 1606 2438 1662 bum
2489 1607 2894 1678 praedicando,
2940 1605 3236 1678 pabulum
3285 1605 3425 1661 vitm
3468 1604 3727 1662 ﬁdelibus
3755 1600 3896 1657 mini-

2293 1700 2505 1751 strant:
2523 1696 2668 1768 quia
2687 1713 2898 1752 omnes
2915 1695 3118 1767 utique
3137 1697 3332 1767 ipsam
3361 1696 3639 1753 doctrinae
3660 1693 3895 1757 formam,

2291 1801 2473 1856 quam
2495 1802 2533 1841 a
2555 1786 2805 1842 Domino
2823 1784 3077 1857 apostoli
3101 1801 3390 1858 accepere
3410 1789 3741 1858 sequuntur.
3756 1777 3893 1846 Quod

2290 1889 2431 1929 vero
2454 1874 2520 1928 in
2551 1874 2760 1930 Verbis
2813 1874 3046 1930 dierum
3096 1873 3353 1945 legimus
3385 1877 3477 1947 (ΙΙ
3501 1877 3639 1930 Par.
3667 1875 3754 1940 vi),
3777 1868 3894 1942 quia

2287 1961 2425 2017 fecit
2447 1962 2733 2019 Salomon
2754 1979 2998 2019 mensas
3030 1963 3262 2033 decem,
3281 1968 3339 2019 et
3367 1963 3563 2036 posuit
3580 1977 3677 2016 eas
3701 1961 3754 2015 in
3777 1963 3892 2012 tem-

2288 2049 2388 2122 plo
2435 2050 2708 2123 quinque
2759 2068 2798 2108 a
2847 2051 3091 2115 dextris,
3151 2056 3210 2107 et
3258 2052 3524 2126 quinque
3569 2066 3602 2104 a
3657 2044 3890 2109 sinistris,

2285 2138 2523 2210 phialas
2549 2155 2794 2212 quoque
2821 2155 3036 2196 aureas
3065 2143 3308 2195 centum
3341 2158 3353 2193 :
3383 2155 3501 2196 non
3543 2138 3648 2193 has
3680 2147 3893 2190 mensas

2287 2233 2406 2284 tam
2439 2228 2520 2284 ad
2539 2245 2730 2301 panes
2757 2227 3190 2302 propositionis
3213 2245 3400 2302 quam
3422 2228 3496 2285 ad
3524 2241 3659 2282 vasa
3684 2217 3892 2278 Domini

2285 2318 2584 2390 portanda
2629 2319 2817 2374 factas
2846 2334 2979 2374 esse
3010 2317 3292 2375 credibile
3326 2325 3428 2386 est,
3459 2314 3675 2390 phialas
3718 2308 3894 2364 videli-

2283 2412 2374 2463 cet
2403 2424 2558 2480 quas
2588 2407 2808 2480 pariter
2828 2406 3016 2464 factas
3046 2407 3349 2480 Scriptura
3364 2407 3544 2472 refert,
3566 2398 3888 2472 thymiama-

2287 2495 2452 2564 teria,
2483 2496 2807 2566 thuribula,
2841 2500 2898 2552 et
2930 2501 3146 2552 caetera
3173 2513 3308 2570 quas
3332 2496 3390 2551 in
3409 2486 3762 2564 sequentibus
3806 2483 3878 2535 le-

2284 2590 2541 2656 guntur:
2572 2587 2821 2658 mystice
2872 2603 3197 2659 possumus
3243 2581 3520 2642 nonnulla
3559 2572 3883 2659 intelligere.

2282 2678 2432 2730 Nam
2474 2675 2642 2747 QUOd
2695 2658 2886 2747 paulo,
2903 2680 3041 2748 post
3078 2675 3136 2730 in
3170 2673 3378 2732 eodem
3401 2669 3706 2728 verborum
3730 2658 3894 2717 volu-

2284 2765 2444 2819 mine
2471 2759 2835 2820 subinfertur
2863 2781 2876 2819 :
2909 2765 3068 2820 Fecit
3096 2763 3372 2822 Salomon
3400 2759 3595 2817 omnia
3625 2768 3765 2810 vasa
3801 2749 3896 2804 do-

2281 2868 2418 2907 mus
2447 2853 2681 2908 Domini
2713 2853 2833 2924 Dei,
2885 2859 2943 2910 et
2971 2853 3156 2909 altare
3204 2868 3436 2908 aeneum
3478 2853 3533 2905 et
3565 2857 3818 2908 mensas,
3847 2842 3895 2892 et

2281 2957 2459 3013 super
2485 2959 2589 2998 eas
2613 2957 2801 3014 panes
2849 2942 3272 3016 propositionis
3307 2959 3320 2997 :
3362 2939 3445 2996 vel
3474 2933 3752 3011 pluralem
3800 2944 3895 2983 nu-

2281 3046 2514 3086 merum
2544 3046 2654 3103 pro
2684 3031 2974 3101 singulari
3002 3031 3223 3104 posuit,
3249 3045 3418 3086 more
3449 3025 3745 3098 Scriptura:
3795 3016 3894 3072 usi-

2278 3119 2594 3190 tatissimo,
2627 3123 2692 3175 ut
2733 3119 2796 3176 in
2838 3123 2977 3176 Jesu
3023 3123 3227 3176 Nave:
3261 3141 3289 3169 «
3325 3117 3444 3175 Filii
3491 3119 3684 3172 autem
3735 3104 3895 3163 Israel

2276 3208 2646 3279 praevaricati
2699 3213 2838 3265 sunt
2882 3208 3262 3275 mandatum,
3297 3214 3356 3264 et
3390 3194 3893 3277 usurpaveruntde

2276 3297 2656 3353 anathemate
2699 3298 2841 3368 (Jos.
2869 3298 2969 3368 vn)
3003 3318 3030 3346 ››
3062 3313 3204 3352 cum
3256 3295 3453 3352 Achar
3501 3290 3658 3350 solus
3696 3291 3749 3343 et
3788 3297 3893 3340 non

2276 3383 2476 3454 plures
2495 3384 2600 3440 ﬁlii
2630 3385 2808 3441 Israel
2831 3386 2946 3442 hoc
2995 3385 3263 3441 fecerunt
3288 3402 3300 3438 :
3336 3383 3429 3440 vel
3460 3381 3604 3456 quia
3627 3379 3772 3434 certe
3809 3386 3897 3445 p8.-

2273 3488 2380 3528 nes
2408 3473 2835 3547 propositionis
2866 3474 3140 3530 solebant
3187 3478 3324 3529 ante
3372 3472 3690 3529 sabbatum
3719 3460 3896 3534 coqui.

2277 3567 2340 3617 ut
2366 3563 2621 3620 sabbato
2649 3580 2791 3620 mox
2837 3565 2980 3637 poni
3011 3569 3259 3637 possent
3303 3564 3367 3618 in
3398 3574 3666 3619 mensam
3691 3566 3895 3637 Ριόροῖ

2275 3652 2502 3708 sitionis
2536 3671 2548 3708 :
2577 3653 2772 3725 potuit
2824 3635 2952 3710 ﬁeri
2981 3635 3044 3710 ut
3083 3669 3273 3726 panes
3313 3653 3459 3709 novi
3507 3646 3718 3708 noviter
3759 3635 3896 3696 cocti

2270 3757 2408 3800 mox
2443 3742 2555 3797 illis
2604 3743 2826 3798 mensis
2877 3744 3350 3817 imponerentur,
3378 3742 3718 3811 ibidemque
3742 3732 3900 3788 nocte

2268 3830 2370 3886 illa
2395 3837 2775 3888 servarentur
2801 3834 3012 3905 operti,
3043 3833 3237 3888 donec
3256 3831 3460 3906 primo
3488 3843 3664 3888 mane
3712 3817 3908 3880 ablatis

2268 3921 2535 3977 uteribus
2581 3939 2762 3996 super
2785 3938 3061 3979 mensam
3085 3922 3529 3996 propositionis
3571 3915 3911 3993 ponerentur

2267 4011 2464 4068 calidi.
2486 4015 2614 4069 Non
2636 4018 2832 4069 autem
2863 4013 2952 4067 hae
2975 4028 3203 4068 mensae
3226 4012 3435 4068 decem
3461 4027 3514 4068 ει
3536 4010 3735 4081 ﬁgura
3758 3999 3918 4059 unius

2266 4118 2490 4158 mensae
2537 4102 2962 4176 propositionis
3017 4102 3379 4175 discrepant.
3413 4103 3582 4159 Nam
3632 4099 3780 4154 sicut
3813 4104 3919 4147 una

2268 4207 2482 4247 mensa
2510 4191 2829 4248 duodecim
2861 4191 3127 4264 panibus
3176 4195 3417 4260 onusta,
3449 4189 3814 4248 unanimem
3847 4183 3924 4236 t0-

2268 4279 2382 4335 tius
2411 4280 2723 4353 Scriptura:
2770 4281 3158 4337 concordiam
3208 4281 3570 4337 auctoritate
3612 4270 3925 4351 apostolica

2269 4369 2562 4425 munitam
2611 4369 2886 4440 designat
2921 4370 3044 4426 :ita
3093 4373 3158 4426 ut
3186 4385 3310 4426 non
3361 4369 3680 4426 immerito
3731 4364 3927 4420 decem

2263 4475 2488 4515 mensae
2517 4475 2713 4516 aureae
2739 4459 2952 4516 divinae
2974 4460 3123 4532 legis
3153 4464 3209 4515 et
3227 4459 3684 4533 prophetarum
3705 4449 3930 4525 eloquia

2260 4550 2514 4620 ﬁgurate
2562 4549 2939 4618 denuntiant,
2983 4566 3119 4623 quae
3170 4549 3262 4605 vel
3308 4547 3716 4607 refectionem
3767 4538 3928 4600 nobis

2259 4637 2424 4694 verbi
2475 4638 2577 4694 Dei
2619 4638 2796 4710 quasi
2843 4654 3032 4712 panes
3065 4637 3496 4712 propositionis
3529 4638 3817 4700 efferunt,
3848 4625 3932 4685 vel

2259 4727 2436 4784 nobis
2463 4727 2741 4802 exempla
2765 4727 3036 4784 ﬁdelium
3066 4727 3243 4800 quasi
3267 4727 3618 4800 positorum
3649 4726 3718 4782 in
3744 4739 3805 4779 se
3834 4733 3929 4774 va-

2260 4833 2465 4873 sorum
2497 4817 2752 4886 Domini,
2783 4816 3111 4874 claritatem
3139 4821 3196 4872 et
3221 4814 3521 4873 miracula.
3551 4811 3937 4890 proponunt.

2260 4911 2430 4964 Recte
2475 4913 2679 4966 autem
2717 4906 2810 4963 bis
2853 4906 3056 4980 quinae
3098 4910 3239 4962 sunt
3285 4921 3540 4976 mensae,
3578 4922 3716 4963 non
3749 4901 3937 4960 solum

2257 4997 2402 5070 quia
2421 4997 2727 5068 .legislator
2743 4997 3013 5071 quinque
3034 4996 3344 5053 volumina
3371 4995 3651 5068 scripsit,
3672 5005 3945 5052 verume-

2258 5086 2402 5142 tiam
2430 5087 2574 5158 quia
2621 5090 2744 5142 tota
2774 5086 2953 5142 series
2997 5085 3358 5142 Testamenti
3388 5085 3635 5141 Veteris
3668 5085 3941 5158 quinque

2255 5179 2457 5230 aetates
2496 5174 2696 5230 saeculi
2737 5175 3170 5248 complectitur.
3209 5174 3566 5232 Geminatur
3630 5190 3790 5232 vero
3843 5185 3950 5227 nu-

2255 5277 2457 5317 merus
2488 5277 2836 5319 mensarum
2862 5265 3200 5337 quinarius,
3223 5268 3282 5320 et
3304 5262 3588 5336 quinque
3621 5280 3665 5320 a
3695 5259 3945 5322 dextris,

2252 5352 2520 5426 quinque
2547 5368 2583 5410 a
2611 5352 2861 5409 sinistris
2891 5359 3201 5426 ponuntur
3231 5371 3244 5408 :
3277 5367 3418 5409 cum
3445 5357 3605 5425 post
3663 5352 3952 5410 incarna-

2253 5441 2475 5496 tionem
2507 5441 2877 5498 Dominicam
2925 5440 3142 5498 eadem
3181 5441 3482 5514 Scriptura
3525 5441 3673 5496 sive
3703 5439 3953 5511 utrique

2254 5524 2354 5580 Dei
2393 5525 2642 5597 populo,
2672 5525 2882 5582 Judaso
2939 5526 3162 5584 scilicet
3207 5531 3267 5582 et
3319 5523 3526 5595 gentili
3597 5519 3957 5580 committi-

2257 5618 2371 5685 tur,
2430 5614 2560 5672 sive
2624 5615 2981 5689 evangelici:
3041 5615 3225 5689 plena
3283 5613 3494 5686 figuris
3549 5614 3940 5672 ostenditur
