  <div class='ocr_page' id='page_1' title='image "/cluster/home/n/w/nwhite01/storage/ocr_20150623/115/hvd.32044054759790/232.png"; bbox 0 0 4102 6184; ppageno 0'>
   <div class='ocr_carea' id='block_1_1' title="bbox 245 159 3664 234">
    <p class='ocr_par' dir='ltr' id='par_1_1' title="bbox 245 159 3664 234">
     <span class='ocr_line' id='line_1_1' title="bbox 245 159 3664 234; baseline 0.005 -21"><span class='ocrx_word' id='word_1_1' title='bbox 245 180 356 234; x_wconf 56' lang='grc' dir='ltr'>,εδδ</span> <span class='ocrx_word' id='word_1_2' title='bbox 1218 165 1474 221; x_wconf 64' lang='lat' dir='ltr'>manu.</span> <span class='ocrx_word' id='word_1_3' title='bbox 1515 163 1581 219; x_wconf 80' lang='lat' dir='ltr'>IN</span> <span class='ocrx_word' id='word_1_4' title='bbox 1625 159 1873 216; x_wconf 77' lang='lat' dir='ltr'>uanos</span> <span class='ocrx_word' id='word_1_5' title='bbox 1911 161 2168 218; x_wconf 70' lang='lat' dir='ltr'>unum.</span> <span class='ocrx_word' id='word_1_6' title='bbox 2211 193 2282 202; x_wconf 90' lang='lat'><strong>—</strong></span> <span class='ocrx_word' id='word_1_7' title='bbox 2321 166 2390 220; x_wconf 65' lang='grc' dir='ltr'>ια</span> <span class='ocrx_word' id='word_1_8' title='bbox 2432 164 2560 221; x_wconf 86' lang='lat' dir='ltr'>LIB.</span> <span class='ocrx_word' id='word_1_9' title='bbox 2612 167 2704 221; x_wconf 91' lang='lat' dir='ltr'>IIl.</span> <span class='ocrx_word' id='word_1_10' title='bbox 3557 163 3664 230; x_wconf 58' lang='lat' dir='ltr'>ita</span> 
     </span>
    </p>
   </div>
   <div class='ocr_carea' id='block_1_2' title="bbox 250 285 3667 371">
    <p class='ocr_par' dir='ltr' id='par_1_2' title="bbox 250 285 3667 371">
     <span class='ocr_line' id='line_1_2' title="bbox 250 285 3667 371; baseline 0 -19"><span class='ocrx_word' id='word_1_11' title='bbox 250 314 388 371; x_wconf 66' lang='lat' dir='ltr'>quis</span> <span class='ocrx_word' id='word_1_12' title='bbox 417 291 738 368; x_wconf 87' lang='lat' dir='ltr'>quondam</span> <span class='ocrx_word' id='word_1_13' title='bbox 767 289 1016 362; x_wconf 88' lang='lat' dir='ltr'>antiquo</span> <span class='ocrx_word' id='word_1_14' title='bbox 1055 288 1155 344; x_wconf 87' lang='lat' dir='ltr'><strong>Dei</strong></span> <span class='ocrx_word' id='word_1_15' title='bbox 1184 286 1410 360; x_wconf 90' lang='lat' dir='ltr'>populo</span> <span class='ocrx_word' id='word_1_16' title='bbox 1436 287 1606 357; x_wconf 77' lang='lat' dir='ltr'>juxta</span> <span class='ocrx_word' id='word_1_17' title='bbox 1652 285 1908 342; x_wconf 81' lang='lat' dir='ltr'>litteram</span> <span class='ocrx_word' id='word_1_18' title='bbox 1939 289 1984 338; x_wconf 78' lang='grc' dir='ltr'>Α</span> <span class='ocrx_word' id='word_1_19' title='bbox 2019 290 2197 344; x_wconf 86' lang='lat' dir='ltr'>etiam</span> <span class='ocrx_word' id='word_1_20' title='bbox 2217 291 2296 346; x_wconf 89' lang='lat' dir='ltr'>ita</span> <span class='ocrx_word' id='word_1_21' title='bbox 2317 291 2621 363; x_wconf 79' lang='lat' dir='ltr'>aptissime</span> <span class='ocrx_word' id='word_1_22' title='bbox 2637 292 3000 366; x_wconf 85' lang='lat' dir='ltr'>dicere,qui&#39;a</span> <span class='ocrx_word' id='word_1_23' title='bbox 3020 294 3278 351; x_wconf 73' lang='lat' dir='ltr'>lucernis</span> <span class='ocrx_word' id='word_1_24' title='bbox 3297 295 3502 352; x_wconf 83' lang='lat' dir='ltr'>divina</span> <span class='ocrx_word' id='word_1_25' title='bbox 3525 298 3667 351; x_wconf 87' lang='lat' dir='ltr'>sunt</span> 
     </span>
    </p>
   </div>
   <div class='ocr_carea' id='block_1_3' title="bbox 251 377 3665 458">
    <p class='ocr_par' dir='ltr' id='par_1_3' title="bbox 251 377 3665 458">
     <span class='ocr_line' id='line_1_3' title="bbox 251 377 3665 458; baseline -0.001 -16"><span class='ocrx_word' id='word_1_26' title='bbox 251 386 450 443; x_wconf 92' lang='lat' dir='ltr'>solum</span> <span class='ocrx_word' id='word_1_27' title='bbox 481 380 873 448; x_wconf 81' lang='lat' dir='ltr'>intelligenda</span> <span class='ocrx_word' id='word_1_28' title='bbox 902 395 1031 435; x_wconf 90' lang='lat' dir='ltr'>esse</span> <span class='ocrx_word' id='word_1_29' title='bbox 1057 378 1403 451; x_wconf 77' lang='lat' dir='ltr'>putabatur.</span> <span class='ocrx_word' id='word_1_30' title='bbox 2019 377 2278 450; x_wconf 72' lang='lat' dir='ltr'>eloquia,</span> <span class='ocrx_word' id='word_1_31' title='bbox 2291 381 2462 450; x_wconf 82' lang='lat' dir='ltr'>juxta</span> <span class='ocrx_word' id='word_1_32' title='bbox 2483 381 2628 436; x_wconf 90' lang='lat' dir='ltr'>illud</span> <span class='ocrx_word' id='word_1_33' title='bbox 2647 381 3169 455; x_wconf 65' lang='lat' dir='ltr'>l’salmistie,quod</span> <span class='ocrx_word' id='word_1_34' title='bbox 3193 388 3249 439; x_wconf 90' lang='lat' dir='ltr'>et</span> <span class='ocrx_word' id='word_1_35' title='bbox 3267 391 3450 456; x_wconf 82' lang='lat' dir='ltr'>stipra</span> <span class='ocrx_word' id='word_1_36' title='bbox 3466 384 3665 458; x_wconf 81' lang='lat' dir='ltr'>posui-</span> 
     </span>
    </p>
   </div>
   <div class='ocr_carea' id='block_1_4' title="bbox 320 465 3666 542">
    <p class='ocr_par' dir='ltr' id='par_1_4' title="bbox 320 465 3666 542">
     <span class='ocr_line' id='line_1_4' title="bbox 320 465 3666 542; baseline 0 -14"><span class='ocrx_word' id='word_1_37' title='bbox 320 495 351 528; x_wconf 83' lang='grc'>‹</span> <span class='ocrx_word' id='word_1_38' title='bbox 387 473 542 530; x_wconf 76' lang='lat' dir='ltr'>Fecit</span> <span class='ocrx_word' id='word_1_39' title='bbox 566 477 623 526; x_wconf 91' lang='lat' dir='ltr'>et</span> <span class='ocrx_word' id='word_1_40' title='bbox 648 468 898 541; x_wconf 84' lang='lat' dir='ltr'>hydrias</span> <span class='ocrx_word' id='word_1_41' title='bbox 919 474 975 524; x_wconf 91' lang='lat' dir='ltr'>et</span> <span class='ocrx_word' id='word_1_42' title='bbox 999 467 1327 523; x_wconf 84' lang='lat' dir='ltr'>fuscinulas</span> <span class='ocrx_word' id='word_1_43' title='bbox 1348 471 1405 521; x_wconf 89' lang='lat' dir='ltr'>et</span> <span class='ocrx_word' id='word_1_44' title='bbox 1430 465 1666 538; x_wconf 97' lang='lat' dir='ltr'>phialas</span> <span class='ocrx_word' id='word_1_45' title='bbox 1681 470 1737 518; x_wconf 88' lang='lat' dir='ltr'>et</span> <span class='ocrx_word' id='word_1_46' title='bbox 1759 479 1910 518; x_wconf 86' lang='lat' dir='ltr'>mor-</span> <span class='ocrx_word' id='word_1_47' title='bbox 2020 483 2188 523; x_wconf 84' lang='lat' dir='ltr'>mus:</span> <span class='ocrx_word' id='word_1_48' title='bbox 2218 493 2242 517; x_wconf 79' lang='grc' dir='ltr'>α</span> <span class='ocrx_word' id='word_1_49' title='bbox 2268 472 2530 526; x_wconf 80' lang='lat' dir='ltr'>Lucerna</span> <span class='ocrx_word' id='word_1_50' title='bbox 2551 469 2807 542; x_wconf 86' lang='lat' dir='ltr'>pedibus</span> <span class='ocrx_word' id='word_1_51' title='bbox 2827 471 2976 526; x_wconf 83' lang='lat' dir='ltr'>meis</span> <span class='ocrx_word' id='word_1_52' title='bbox 2992 472 3245 527; x_wconf 80' lang='lat' dir='ltr'>verbum</span> <span class='ocrx_word' id='word_1_53' title='bbox 3265 475 3457 539; x_wconf 85' lang='lat' dir='ltr'>tuum,</span> <span class='ocrx_word' id='word_1_54' title='bbox 3474 474 3666 529; x_wconf 90' lang='lat' dir='ltr'>Domi-</span> 
     </span>
    </p>
   </div>
   <div class='ocr_carea' id='block_1_5' title="bbox 246 553 3666 630">
    <p class='ocr_par' dir='ltr' id='par_1_5' title="bbox 246 553 3666 630">
     <span class='ocr_line' id='line_1_5' title="bbox 246 553 3666 630; baseline 0.001 -15"><span class='ocrx_word' id='word_1_55' title='bbox 246 589 277 615; x_wconf 79' lang='grc'>‹‹</span> <span class='ocrx_word' id='word_1_56' title='bbox 314 562 531 620; x_wconf 87' lang='lat' dir='ltr'>tariola</span> <span class='ocrx_word' id='word_1_57' title='bbox 569 561 642 616; x_wconf 87' lang='lat' dir='ltr'>de</span> <span class='ocrx_word' id='word_1_58' title='bbox 676 575 825 614; x_wconf 88' lang='lat' dir='ltr'>auro</span> <span class='ocrx_word' id='word_1_59' title='bbox 853 558 1200 630; x_wconf 85' lang='lat' dir='ltr'>purissimo.</span> <span class='ocrx_word' id='word_1_60' title='bbox 1235 580 1262 606; x_wconf 83' lang='lat'><em>»</em></span> <span class='ocrx_word' id='word_1_61' title='bbox 1299 555 1536 627; x_wconf 65' lang='lat' dir='ltr'>Hydriae</span> <span class='ocrx_word' id='word_1_62' title='bbox 1568 553 1730 610; x_wconf 89' lang='lat' dir='ltr'>enim</span> <span class='ocrx_word' id='word_1_63' title='bbox 1762 569 1910 625; x_wconf 69' lang='lat' dir='ltr'>prae-</span> <span class='ocrx_word' id='word_1_64' title='bbox 2024 573 2116 622; x_wconf 89' lang='lat' dir='ltr'>ne,</span> <span class='ocrx_word' id='word_1_65' title='bbox 2141 562 2197 612; x_wconf 90' lang='lat' dir='ltr'>et</span> <span class='ocrx_word' id='word_1_66' title='bbox 2223 557 2426 613; x_wconf 82' lang='lat' dir='ltr'>lumen</span> <span class='ocrx_word' id='word_1_67' title='bbox 2449 559 2671 614; x_wconf 80' lang='lat' dir='ltr'>semitis</span> <span class='ocrx_word' id='word_1_68' title='bbox 2695 560 2859 615; x_wconf 84' lang='lat' dir='ltr'>meis.</span> <span class='ocrx_word' id='word_1_69' title='bbox 2892 581 2920 606; x_wconf 84' lang='lat'><strong>»</strong></span> <span class='ocrx_word' id='word_1_70' title='bbox 2951 560 3321 616; x_wconf 82' lang='lat' dir='ltr'>Candelabra</span> <span class='ocrx_word' id='word_1_71' title='bbox 3339 565 3542 618; x_wconf 85' lang='lat' dir='ltr'>autem</span> <span class='ocrx_word' id='word_1_72' title='bbox 3565 563 3666 618; x_wconf 74' lang='lat' dir='ltr'>ha-</span> 
     </span>
    </p>
   </div>
   <div class='ocr_carea' id='block_1_6' title="bbox 250 643 3670 723">
    <p class='ocr_par' dir='ltr' id='par_1_6' title="bbox 250 643 3670 723">
     <span class='ocr_line' id='line_1_6' title="bbox 250 643 3670 723; baseline -0.001 -13"><span class='ocrx_word' id='word_1_73' title='bbox 250 653 468 710; x_wconf 88' lang='lat' dir='ltr'>cordia</span> <span class='ocrx_word' id='word_1_74' title='bbox 493 654 836 706; x_wconf 87' lang='lat' dir='ltr'>sanctorum</span> <span class='ocrx_word' id='word_1_75' title='bbox 863 647 1125 717; x_wconf 77' lang='lat' dir='ltr'>signant,</span> <span class='ocrx_word' id='word_1_76' title='bbox 1161 661 1324 717; x_wconf 87' lang='lat' dir='ltr'>aqua</span> <span class='ocrx_word' id='word_1_77' title='bbox 1355 643 1662 716; x_wconf 71' lang='lat' dir='ltr'>sapientiae</span> <span class='ocrx_word' id='word_1_78' title='bbox 1695 649 1748 698; x_wconf 91' lang='lat' dir='ltr'>et</span> <span class='ocrx_word' id='word_1_79' title='bbox 1775 643 1913 697; x_wconf 91' lang='lat' dir='ltr'>vino</span> <span class='ocrx_word' id='word_1_80' title='bbox 2022 661 2155 700; x_wconf 90' lang='lat' dir='ltr'>rum</span> <span class='ocrx_word' id='word_1_81' title='bbox 2197 647 2577 703; x_wconf 88' lang='lat' dir='ltr'>lucernarum</span> <span class='ocrx_word' id='word_1_82' title='bbox 2619 649 2810 703; x_wconf 83' lang='lat' dir='ltr'>sancti</span> <span class='ocrx_word' id='word_1_83' title='bbox 2854 653 2993 705; x_wconf 86' lang='lat' dir='ltr'>sunt</span> <span class='ocrx_word' id='word_1_84' title='bbox 3033 659 3266 716; x_wconf 81' lang='lat' dir='ltr'>omnes,</span> <span class='ocrx_word' id='word_1_85' title='bbox 3308 651 3412 723; x_wconf 88' lang='lat' dir='ltr'>qui</span> <span class='ocrx_word' id='word_1_86' title='bbox 3459 661 3568 706; x_wconf 81' lang='lat' dir='ltr'>sna</span> <span class='ocrx_word' id='word_1_87' title='bbox 3613 655 3670 706; x_wconf 89' lang='lat' dir='ltr'>et</span> 
     </span>
    </p>
   </div>
   <div class='ocr_carea' id='block_1_7' title="bbox 254 731 3668 812">
    <p class='ocr_par' dir='ltr' id='par_1_7' title="bbox 254 731 3668 812">
     <span class='ocr_line' id='line_1_7' title="bbox 254 731 3668 812; baseline -0.001 -14"><span class='ocrx_word' id='word_1_88' title='bbox 254 737 739 812; x_wconf 85' lang='lat' dir='ltr'>compunctionis</span> <span class='ocrx_word' id='word_1_89' title='bbox 765 736 988 808; x_wconf 87' lang='lat' dir='ltr'>repleta</span> <span class='ocrx_word' id='word_1_90' title='bbox 1014 754 1026 802; x_wconf 87' lang='lat'><strong>;</strong></span> <span class='ocrx_word' id='word_1_91' title='bbox 1081 733 1391 790; x_wconf 73' lang='lat' dir='ltr'>fuscinulae</span> <span class='ocrx_word' id='word_1_92' title='bbox 1424 749 1668 805; x_wconf 89' lang='lat' dir='ltr'>quoque</span> <span class='ocrx_word' id='word_1_93' title='bbox 1695 731 1915 803; x_wconf 86' lang='lat' dir='ltr'>quibus</span> <span class='ocrx_word' id='word_1_94' title='bbox 2023 734 2207 789; x_wconf 85' lang='lat' dir='ltr'>corda</span> <span class='ocrx_word' id='word_1_95' title='bbox 2235 740 2289 789; x_wconf 79' lang='lat' dir='ltr'>et</span> <span class='ocrx_word' id='word_1_96' title='bbox 2309 751 2563 807; x_wconf 89' lang='lat' dir='ltr'>corpora</span> <span class='ocrx_word' id='word_1_97' title='bbox 2583 736 2840 791; x_wconf 81' lang='lat' dir='ltr'>ferendis</span> <span class='ocrx_word' id='word_1_98' title='bbox 2860 738 3091 792; x_wconf 85' lang='lat' dir='ltr'>Domini</span> <span class='ocrx_word' id='word_1_99' title='bbox 3118 738 3437 807; x_wconf 85' lang='lat' dir='ltr'>mandatis,</span> <span class='ocrx_word' id='word_1_100' title='bbox 3457 739 3668 795; x_wconf 85' lang='lat' dir='ltr'>humili</span> 
     </span>
    </p>
   </div>
   <div class='ocr_carea' id='block_1_8' title="bbox 259 824 3670 901">
    <p class='ocr_par' dir='ltr' id='par_1_8' title="bbox 259 824 3670 901">
     <span class='ocr_line' id='line_1_8' title="bbox 259 824 3670 901; baseline -0.001 -14"><span class='ocrx_word' id='word_1_101' title='bbox 259 847 482 887; x_wconf 88' lang='lat' dir='ltr'>carnes</span> <span class='ocrx_word' id='word_1_102' title='bbox 508 831 938 901; x_wconf 73' lang='lat' dir='ltr'>praeparantur,</span> <span class='ocrx_word' id='word_1_103' title='bbox 967 825 1150 880; x_wconf 88' lang='lat' dir='ltr'>iidem</span> <span class='ocrx_word' id='word_1_104' title='bbox 1180 824 1622 896; x_wconf 57' lang='lat' dir='ltr'>praedicatores,</span> <span class='ocrx_word' id='word_1_105' title='bbox 1654 837 1914 892; x_wconf 88' lang='lat' dir='ltr'>quorum</span> <span class='ocrx_word' id='word_1_106' title='bbox 2025 839 2261 894; x_wconf 77' lang='lat' dir='ltr'>semper</span> <span class='ocrx_word' id='word_1_107' title='bbox 2298 825 2619 880; x_wconf 73' lang='lat' dir='ltr'>intentione</span> <span class='ocrx_word' id='word_1_108' title='bbox 2660 831 3027 898; x_wconf 83' lang='lat' dir='ltr'>supponunt.</span> <span class='ocrx_word' id='word_1_109' title='bbox 3076 827 3354 900; x_wconf 76' lang='lat' dir='ltr'>Quisquis</span> <span class='ocrx_word' id='word_1_110' title='bbox 3405 828 3566 883; x_wconf 89' lang='lat' dir='ltr'>enim</span> <span class='ocrx_word' id='word_1_111' title='bbox 3608 829 3670 884; x_wconf 87' lang='lat' dir='ltr'>in</span> 
     </span>
    </p>
   </div>
   <div class='ocr_carea' id='block_1_9' title="bbox 262 910 3670 986">
    <p class='ocr_par' dir='ltr' id='par_1_9' title="bbox 262 910 3670 986">
     <span class='ocr_line' id='line_1_9' title="bbox 262 910 3670 986; baseline -0.001 -9"><span class='ocrx_word' id='word_1_112' title='bbox 262 920 458 977; x_wconf 85' lang='lat' dir='ltr'>verba</span> <span class='ocrx_word' id='word_1_113' title='bbox 485 923 622 973; x_wconf 88' lang='lat' dir='ltr'>sunt</span> <span class='ocrx_word' id='word_1_114' title='bbox 649 921 709 971; x_wconf 90' lang='lat' dir='ltr'>ut</span> <span class='ocrx_word' id='word_1_115' title='bbox 736 915 978 984; x_wconf 84' lang='lat' dir='ltr'>stimuli,</span> <span class='ocrx_word' id='word_1_116' title='bbox 1029 918 1085 970; x_wconf 85' lang='lat' dir='ltr'>et</span> <span class='ocrx_word' id='word_1_117' title='bbox 1132 913 1292 968; x_wconf 89' lang='lat' dir='ltr'>velut</span> <span class='ocrx_word' id='word_1_118' title='bbox 1321 911 1470 968; x_wconf 85' lang='lat' dir='ltr'>clavi</span> <span class='ocrx_word' id='word_1_119' title='bbox 1504 913 1563 965; x_wconf 88' lang='lat' dir='ltr'>in</span> <span class='ocrx_word' id='word_1_120' title='bbox 1593 911 1780 966; x_wconf 88' lang='lat' dir='ltr'>altum</span> <span class='ocrx_word' id='word_1_121' title='bbox 1812 910 1915 963; x_wconf 88' lang='lat' dir='ltr'>de-</span> <span class='ocrx_word' id='word_1_122' title='bbox 2027 912 2190 967; x_wconf 91' lang='lat' dir='ltr'>nullo</span> <span class='ocrx_word' id='word_1_123' title='bbox 2221 915 2528 984; x_wconf 79' lang='lat' dir='ltr'>propriam</span> <span class='ocrx_word' id='word_1_124' title='bbox 2562 915 2731 986; x_wconf 84' lang='lat' dir='ltr'>sequi</span> <span class='ocrx_word' id='word_1_125' title='bbox 2764 921 2933 970; x_wconf 83' lang='lat' dir='ltr'>curat</span> <span class='ocrx_word' id='word_1_126' title='bbox 2963 915 3354 986; x_wconf 81' lang='lat' dir='ltr'>voluntatem,</span> <span class='ocrx_word' id='word_1_127' title='bbox 3379 924 3589 972; x_wconf 76' lang='lat' dir='ltr'>verum</span> <span class='ocrx_word' id='word_1_128' title='bbox 3608 917 3670 972; x_wconf 90' lang='lat' dir='ltr'>in</span> 
     </span>
    </p>
   </div>
   <div class='ocr_carea' id='block_1_10' title="bbox 264 998 3671 1080">
    <p class='ocr_par' dir='ltr' id='par_1_10' title="bbox 264 998 3671 1080">
     <span class='ocr_line' id='line_1_10' title="bbox 264 998 3671 1080; baseline -0.001 -15"><span class='ocrx_word' id='word_1_129' title='bbox 264 1010 411 1065; x_wconf 79' lang='lat' dir='ltr'>ﬁxi:</span> <span class='ocrx_word' id='word_1_130' title='bbox 446 1009 548 1080; x_wconf 86' lang='lat' dir='ltr'>qui</span> <span class='ocrx_word' id='word_1_131' title='bbox 579 1005 696 1060; x_wconf 86' lang='lat' dir='ltr'>suis</span> <span class='ocrx_word' id='word_1_132' title='bbox 720 1003 1094 1060; x_wconf 85' lang='lat' dir='ltr'>auditoribus</span> <span class='ocrx_word' id='word_1_133' title='bbox 1126 1002 1328 1057; x_wconf 86' lang='lat' dir='ltr'>cibum</span> <span class='ocrx_word' id='word_1_134' title='bbox 1371 999 1654 1073; x_wconf 78' lang='lat' dir='ltr'>spiritalis</span> <span class='ocrx_word' id='word_1_135' title='bbox 1703 998 1916 1054; x_wconf 86' lang='lat' dir='ltr'>intelli-</span> <span class='ocrx_word' id='word_1_136' title='bbox 2026 1002 2308 1056; x_wconf 88' lang='lat' dir='ltr'>omnibus</span> <span class='ocrx_word' id='word_1_137' title='bbox 2335 1017 2469 1074; x_wconf 68' lang='lat' dir='ltr'>quas</span> <span class='ocrx_word' id='word_1_138' title='bbox 2497 1003 2796 1075; x_wconf 84' lang='lat' dir='ltr'>Scriptura</span> <span class='ocrx_word' id='word_1_139' title='bbox 2822 1009 3028 1059; x_wconf 87' lang='lat' dir='ltr'>sancta</span> <span class='ocrx_word' id='word_1_140' title='bbox 3053 1005 3494 1068; x_wconf 85' lang='lat' dir='ltr'>dicatattendit,</span> <span class='ocrx_word' id='word_1_141' title='bbox 3515 1007 3671 1077; x_wconf 88' lang='lat' dir='ltr'>ejus—</span> 
     </span>
    </p>
   </div>
   <div class='ocr_carea' id='block_1_11' title="bbox 269 1087 3672 1170">
    <p class='ocr_par' dir='ltr' id='par_1_11' title="bbox 269 1087 3672 1170">
     <span class='ocr_line' id='line_1_11' title="bbox 269 1087 3672 1170; baseline -0.001 -16"><span class='ocrx_word' id='word_1_142' title='bbox 269 1098 486 1170; x_wconf 69' lang='lat' dir='ltr'>gentiaa</span> <span class='ocrx_word' id='word_1_143' title='bbox 515 1095 948 1159; x_wconf 86' lang='lat' dir='ltr'>administrant,</span> <span class='ocrx_word' id='word_1_144' title='bbox 983 1091 1449 1164; x_wconf 66' lang='lat' dir='ltr'>prmfigurantur</span> <span class='ocrx_word' id='word_1_145' title='bbox 1477 1107 1490 1144; x_wconf 89' lang='lat'>:</span> <span class='ocrx_word' id='word_1_146' title='bbox 1538 1103 1801 1161; x_wconf 90' lang='lat' dir='ltr'>quorum</span> <span class='ocrx_word' id='word_1_147' title='bbox 1837 1087 1918 1142; x_wconf 89' lang='lat' dir='ltr'>vi—</span> <span class='ocrx_word' id='word_1_148' title='bbox 2027 1107 2145 1161; x_wconf 91' lang='lat' dir='ltr'>que</span> <span class='ocrx_word' id='word_1_149' title='bbox 2171 1105 2233 1144; x_wconf 89' lang='lat' dir='ltr'>se</span> <span class='ocrx_word' id='word_1_150' title='bbox 2264 1091 2556 1160; x_wconf 82' lang='lat' dir='ltr'>subjicere</span> <span class='ocrx_word' id='word_1_151' title='bbox 2586 1092 2906 1160; x_wconf 76' lang='lat' dir='ltr'>mandatis,</span> <span class='ocrx_word' id='word_1_152' title='bbox 2931 1093 3060 1162; x_wconf 84' lang='lat' dir='ltr'>ejus</span> <span class='ocrx_word' id='word_1_153' title='bbox 3091 1095 3305 1162; x_wconf 76' lang='lat' dir='ltr'>satagit</span> <span class='ocrx_word' id='word_1_154' title='bbox 3333 1095 3672 1151; x_wconf 78' lang='lat' dir='ltr'>auscultare</span> 
     </span>
    </p>
   </div>
   <div class='ocr_carea' id='block_1_12' title="bbox 264 1177 3673 1254">
    <p class='ocr_par' dir='ltr' id='par_1_12' title="bbox 264 1177 3673 1254">
     <span class='ocr_line' id='line_1_12' title="bbox 264 1177 3673 1254; baseline -0.002 -10"><span class='ocrx_word' id='word_1_155' title='bbox 264 1188 483 1244; x_wconf 79' lang='lat' dir='ltr'>delicat</span> <span class='ocrx_word' id='word_1_156' title='bbox 509 1184 771 1241; x_wconf 83' lang='lat' dir='ltr'>otﬁcium</span> <span class='ocrx_word' id='word_1_157' title='bbox 801 1189 892 1237; x_wconf 90' lang='lat' dir='ltr'>est</span> <span class='ocrx_word' id='word_1_158' title='bbox 919 1197 1140 1254; x_wconf 84' lang='lat' dir='ltr'>corpus</span> <span class='ocrx_word' id='word_1_159' title='bbox 1189 1186 1246 1236; x_wconf 90' lang='lat' dir='ltr'>et</span> <span class='ocrx_word' id='word_1_160' title='bbox 1293 1180 1652 1250; x_wconf 87' lang='lat' dir='ltr'>sanguinem</span> <span class='ocrx_word' id='word_1_161' title='bbox 1687 1177 1920 1232; x_wconf 90' lang='lat' dir='ltr'>Domini</span> <span class='ocrx_word' id='word_1_162' title='bbox 2029 1179 2343 1250; x_wconf 84' lang='lat' dir='ltr'>promissis</span> <span class='ocrx_word' id='word_1_163' title='bbox 2380 1181 2551 1251; x_wconf 74' lang='lat' dir='ltr'>quasi</span> <span class='ocrx_word' id='word_1_164' title='bbox 2582 1180 3014 1236; x_wconf 81' lang='lat' dir='ltr'>candelabrum</span> <span class='ocrx_word' id='word_1_165' title='bbox 3045 1181 3264 1236; x_wconf 90' lang='lat' dir='ltr'>domus</span> <span class='ocrx_word' id='word_1_166' title='bbox 3292 1183 3390 1237; x_wconf 88' lang='lat' dir='ltr'>Dei</span> <span class='ocrx_word' id='word_1_167' title='bbox 3421 1189 3673 1238; x_wconf 81' lang='lat' dir='ltr'>aureum</span> 
     </span>
    </p>
   </div>
   <div class='ocr_carea' id='block_1_13' title="bbox 257 1265 3676 1343">
    <p class='ocr_par' dir='ltr' id='par_1_13' title="bbox 257 1265 3676 1343">
     <span class='ocr_line' id='line_1_13' title="bbox 257 1265 3676 1343; baseline -0.001 -11"><span class='ocrx_word' id='word_1_168' title='bbox 257 1273 644 1332; x_wconf 86' lang='lat' dir='ltr'>credentibus</span> <span class='ocrx_word' id='word_1_169' title='bbox 677 1270 1052 1338; x_wconf 87' lang='lat' dir='ltr'>distribuere,</span> <span class='ocrx_word' id='word_1_170' title='bbox 1087 1269 1430 1324; x_wconf 87' lang='lat' dir='ltr'>inﬁdelibus</span> <span class='ocrx_word' id='word_1_171' title='bbox 1470 1269 1794 1337; x_wconf 88' lang='lat' dir='ltr'>abnegare,</span> <span class='ocrx_word' id='word_1_172' title='bbox 1845 1265 1920 1320; x_wconf 88' lang='lat' dir='ltr'>de</span> <span class='ocrx_word' id='word_1_173' title='bbox 2030 1282 2242 1322; x_wconf 88' lang='lat' dir='ltr'>aureas</span> <span class='ocrx_word' id='word_1_174' title='bbox 2265 1268 2397 1337; x_wconf 85' lang='lat' dir='ltr'>ejus</span> <span class='ocrx_word' id='word_1_175' title='bbox 2426 1266 2950 1339; x_wconf 23' lang='lat' dir='ltr'>gestatjlucernask</span> <span class='ocrx_word' id='word_1_176' title='bbox 3001 1271 3146 1342; x_wconf 87' lang='lat' dir='ltr'>quia</span> <span class='ocrx_word' id='word_1_177' title='bbox 3195 1276 3362 1326; x_wconf 86' lang='lat' dir='ltr'>casta</span> <span class='ocrx_word' id='word_1_178' title='bbox 3409 1273 3676 1343; x_wconf 80' lang='lat' dir='ltr'>corporis</span> 
     </span>
    </p>
   </div>
   <div class='ocr_carea' id='block_1_14' title="bbox 255 1356 3676 1438">
    <p class='ocr_par' dir='ltr' id='par_1_14' title="bbox 255 1356 3676 1438">
     <span class='ocr_line' id='line_1_14' title="bbox 255 1356 3676 1438; baseline -0.001 -18"><span class='ocrx_word' id='word_1_179' title='bbox 255 1365 490 1438; x_wconf 82' lang='lat' dir='ltr'>quibus</span> <span class='ocrx_word' id='word_1_180' title='bbox 528 1364 591 1418; x_wconf 88' lang='lat' dir='ltr'>in</span> <span class='ocrx_word' id='word_1_181' title='bbox 632 1360 1023 1433; x_wconf 90' lang='lat' dir='ltr'>sequentibus</span> <span class='ocrx_word' id='word_1_182' title='bbox 1074 1358 1320 1414; x_wconf 88' lang='lat' dir='ltr'>dicetur.</span> <span class='ocrx_word' id='word_1_183' title='bbox 1380 1357 1600 1413; x_wconf 71' lang='lat' dir='ltr'>Phialaa</span> <span class='ocrx_word' id='word_1_184' title='bbox 1654 1371 1920 1428; x_wconf 88' lang='lat' dir='ltr'>namque</span> <span class='ocrx_word' id='word_1_185' title='bbox 2031 1356 2123 1410; x_wconf 89' lang='lat' dir='ltr'>sui</span> <span class='ocrx_word' id='word_1_186' title='bbox 2148 1357 2440 1423; x_wconf 88' lang='lat' dir='ltr'>membra,</span> <span class='ocrx_word' id='word_1_187' title='bbox 2470 1363 2665 1412; x_wconf 87' lang='lat' dir='ltr'>castas</span> <span class='ocrx_word' id='word_1_188' title='bbox 2693 1359 2905 1413; x_wconf 79' lang='lat' dir='ltr'>mentis</span> <span class='ocrx_word' id='word_1_189' title='bbox 2929 1359 3336 1427; x_wconf 76' lang='lat' dir='ltr'>cogitationes,</span> <span class='ocrx_word' id='word_1_190' title='bbox 3361 1359 3441 1415; x_wconf 81' lang='lat' dir='ltr'>ad</span> <span class='ocrx_word' id='word_1_191' title='bbox 3460 1360 3676 1415; x_wconf 79' lang='lat' dir='ltr'>facien-</span> 
     </span>
    </p>
   </div>
   <div class='ocr_carea' id='block_1_15' title="bbox 258 1446 3678 1526">
    <p class='ocr_par' dir='ltr' id='par_1_15' title="bbox 258 1446 3678 1526">
     <span class='ocr_line' id='line_1_15' title="bbox 258 1446 3678 1526; baseline -0.001 -17"><span class='ocrx_word' id='word_1_192' title='bbox 258 1452 521 1526; x_wconf 86' lang='lat' dir='ltr'>apostoli</span> <span class='ocrx_word' id='word_1_193' title='bbox 551 1457 611 1506; x_wconf 92' lang='lat' dir='ltr'>et</span> <span class='ocrx_word' id='word_1_194' title='bbox 637 1450 912 1505; x_wconf 86' lang='lat' dir='ltr'>doctores</span> <span class='ocrx_word' id='word_1_195' title='bbox 943 1447 1101 1520; x_wconf 88' lang='lat' dir='ltr'>pleni</span> <span class='ocrx_word' id='word_1_196' title='bbox 1146 1447 1426 1503; x_wconf 85' lang='lat' dir='ltr'>vitalibus</span> <span class='ocrx_word' id='word_1_197' title='bbox 1463 1446 1656 1518; x_wconf 87' lang='lat' dir='ltr'>aquis.</span> <span class='ocrx_word' id='word_1_198' title='bbox 1712 1449 1920 1500; x_wconf 75' lang='lat' dir='ltr'>Morta-</span> <span class='ocrx_word' id='word_1_199' title='bbox 2031 1446 2112 1501; x_wconf 90' lang='lat' dir='ltr'>da</span> <span class='ocrx_word' id='word_1_200' title='bbox 2136 1461 2272 1517; x_wconf 74' lang='lat' dir='ltr'>quia</span> <span class='ocrx_word' id='word_1_201' title='bbox 2305 1448 2458 1501; x_wconf 87' lang='lat' dir='ltr'>Deus</span> <span class='ocrx_word' id='word_1_202' title='bbox 2497 1447 2666 1517; x_wconf 80' lang='lat' dir='ltr'>jubet</span> <span class='ocrx_word' id='word_1_203' title='bbox 2704 1463 3042 1520; x_wconf 83' lang='lat' dir='ltr'>supponere</span> <span class='ocrx_word' id='word_1_204' title='bbox 3085 1449 3408 1515; x_wconf 85' lang='lat' dir='ltr'>contendit,</span> <span class='ocrx_word' id='word_1_205' title='bbox 3455 1453 3514 1504; x_wconf 85' lang='lat' dir='ltr'>et</span> <span class='ocrx_word' id='word_1_206' title='bbox 3563 1449 3678 1504; x_wconf 83' lang='lat' dir='ltr'>hoc</span> 
     </span>
    </p>
   </div>
   <div class='ocr_carea' id='block_1_16' title="bbox 256 1535 3679 1614">
    <p class='ocr_par' dir='ltr' id='par_1_16' title="bbox 256 1535 3679 1614">
     <span class='ocr_line' id='line_1_16' title="bbox 256 1535 3679 1614; baseline -0.001 -17"><span class='ocrx_word' id='word_1_207' title='bbox 256 1543 414 1598; x_wconf 78' lang='lat' dir='ltr'>riola</span> <span class='ocrx_word' id='word_1_208' title='bbox 456 1540 684 1614; x_wconf 90' lang='lat' dir='ltr'>quippe</span> <span class='ocrx_word' id='word_1_209' title='bbox 728 1543 1073 1594; x_wconf 87' lang='lat' dir='ltr'>sanctorum</span> <span class='ocrx_word' id='word_1_210' title='bbox 1127 1536 1540 1608; x_wconf 72' lang='lat' dir='ltr'>paenitentiam</span> <span class='ocrx_word' id='word_1_211' title='bbox 1581 1535 1755 1590; x_wconf 86' lang='lat' dir='ltr'>labor</span> <span class='ocrx_word' id='word_1_212' title='bbox 1783 1550 1922 1606; x_wconf 89' lang='lat' dir='ltr'>pas-</span> <span class='ocrx_word' id='word_1_213' title='bbox 2031 1541 2154 1591; x_wconf 90' lang='lat' dir='ltr'>tam</span> <span class='ocrx_word' id='word_1_214' title='bbox 2181 1536 2301 1590; x_wconf 77' lang='lat' dir='ltr'>ﬁxa</span> <span class='ocrx_word' id='word_1_215' title='bbox 2329 1535 2652 1591; x_wconf 82' lang='lat' dir='ltr'>intentione</span> <span class='ocrx_word' id='word_1_216' title='bbox 2693 1553 2878 1610; x_wconf 88' lang='lat' dir='ltr'>quam</span> <span class='ocrx_word' id='word_1_217' title='bbox 2927 1538 3380 1594; x_wconf 88' lang='lat' dir='ltr'>candelabrum.</span> <span class='ocrx_word' id='word_1_218' title='bbox 3434 1541 3679 1594; x_wconf 78' lang='lat' dir='ltr'>Necesse</span> 
     </span>
    </p>
   </div>
   <div class='ocr_carea' id='block_1_17' title="bbox 263 1623 3678 1702">
    <p class='ocr_par' dir='ltr' id='par_1_17' title="bbox 263 1623 3678 1702">
     <span class='ocr_line' id='line_1_17' title="bbox 263 1623 3678 1702; baseline -0.001 -16"><span class='ocrx_word' id='word_1_219' title='bbox 263 1632 477 1702; x_wconf 75' lang='lat' dir='ltr'>sicque</span> <span class='ocrx_word' id='word_1_220' title='bbox 509 1627 859 1695; x_wconf 67' lang='lat' dir='ltr'>tolerantiae,</span> <span class='ocrx_word' id='word_1_221' title='bbox 899 1625 1121 1699; x_wconf 87' lang='lat' dir='ltr'>quibus</span> <span class='ocrx_word' id='word_1_222' title='bbox 1171 1625 1605 1680; x_wconf 85' lang='lat' dir='ltr'>mortiﬁcantur</span> <span class='ocrx_word' id='word_1_223' title='bbox 1650 1623 1924 1678; x_wconf 86' lang='lat' dir='ltr'>membra</span> <span class='ocrx_word' id='word_1_224' title='bbox 1955 1644 1994 1697; x_wconf 74' lang='grc' dir='ltr'>Β</span> <span class='ocrx_word' id='word_1_225' title='bbox 2031 1629 2120 1678; x_wconf 76' lang='lat' dir='ltr'>est</span> <span class='ocrx_word' id='word_1_226' title='bbox 2149 1625 2309 1678; x_wconf 88' lang='lat' dir='ltr'>enim</span> <span class='ocrx_word' id='word_1_227' title='bbox 2341 1625 2585 1680; x_wconf 83' lang='lat' dir='ltr'>ﬁrmiter</span> <span class='ocrx_word' id='word_1_228' title='bbox 2627 1627 2704 1682; x_wconf 89' lang='lat' dir='ltr'>ad</span> <span class='ocrx_word' id='word_1_229' title='bbox 2753 1641 3015 1698; x_wconf 85' lang='lat' dir='ltr'>superna</span> <span class='ocrx_word' id='word_1_230' title='bbox 3053 1633 3316 1682; x_wconf 85' lang='lat' dir='ltr'>erectum</span> <span class='ocrx_word' id='word_1_231' title='bbox 3365 1627 3678 1699; x_wconf 74' lang='lat' dir='ltr'>impositas</span> 
     </span>
    </p>
   </div>
   <div class='ocr_carea' id='block_1_18' title="bbox 270 1712 3681 1791">
    <p class='ocr_par' dir='ltr' id='par_1_18' title="bbox 270 1712 3681 1791">
     <span class='ocr_line' id='line_1_18' title="bbox 270 1712 3681 1791; baseline -0.001 -16"><span class='ocrx_word' id='word_1_232' title='bbox 270 1736 479 1776; x_wconf 86' lang='lat' dir='ltr'>eorum</span> <span class='ocrx_word' id='word_1_233' title='bbox 511 1733 696 1791; x_wconf 87' lang='lat' dir='ltr'>super</span> <span class='ocrx_word' id='word_1_234' title='bbox 727 1722 964 1773; x_wconf 88' lang='lat' dir='ltr'>terram.</span> <span class='ocrx_word' id='word_1_235' title='bbox 996 1715 1327 1771; x_wconf 90' lang='lat' dir='ltr'>Thuribula</span> <span class='ocrx_word' id='word_1_236' title='bbox 1355 1719 1558 1770; x_wconf 88' lang='lat' dir='ltr'>autem</span> <span class='ocrx_word' id='word_1_237' title='bbox 1589 1714 1925 1783; x_wconf 87' lang='lat' dir='ltr'>ﬁgurantur</span> <span class='ocrx_word' id='word_1_238' title='bbox 2034 1714 2145 1767; x_wconf 88' lang='lat' dir='ltr'>sibi</span> <span class='ocrx_word' id='word_1_239' title='bbox 2203 1712 2498 1782; x_wconf 84' lang='lat' dir='ltr'>lucernas,</span> <span class='ocrx_word' id='word_1_240' title='bbox 2573 1727 2695 1770; x_wconf 86' lang='lat' dir='ltr'>non</span> <span class='ocrx_word' id='word_1_241' title='bbox 2757 1715 2952 1771; x_wconf 90' lang='lat' dir='ltr'>solum</span> <span class='ocrx_word' id='word_1_242' title='bbox 3011 1716 3241 1788; x_wconf 86' lang='lat' dir='ltr'>absque</span> <span class='ocrx_word' id='word_1_243' title='bbox 3301 1717 3494 1783; x_wconf 84' lang='lat' dir='ltr'>ruina,</span> <span class='ocrx_word' id='word_1_244' title='bbox 3573 1715 3681 1771; x_wconf 81' lang='lat' dir='ltr'>sed</span> 
     </span>
    </p>
   </div>
   <div class='ocr_carea' id='block_1_19' title="bbox 277 1803 3678 1880">
    <p class='ocr_par' dir='ltr' id='par_1_19' title="bbox 277 1803 3678 1880">
     <span class='ocr_line' id='line_1_19' title="bbox 277 1803 3678 1880; baseline -0.001 -17"><span class='ocrx_word' id='word_1_245' title='bbox 277 1810 516 1866; x_wconf 87' lang='lat' dir='ltr'>virtutes</span> <span class='ocrx_word' id='word_1_246' title='bbox 545 1823 819 1880; x_wconf 88' lang='lat' dir='ltr'>operum,</span> <span class='ocrx_word' id='word_1_247' title='bbox 856 1805 944 1860; x_wconf 88' lang='lat' dir='ltr'>vel</span> <span class='ocrx_word' id='word_1_248' title='bbox 973 1804 1195 1860; x_wconf 88' lang='lat' dir='ltr'>scilicet</span> <span class='ocrx_word' id='word_1_249' title='bbox 1219 1805 1520 1860; x_wconf 88' lang='lat' dir='ltr'>orationes</span> <span class='ocrx_word' id='word_1_250' title='bbox 1550 1807 1922 1864; x_wconf 88' lang='lat' dir='ltr'>sanctorum,</span> <span class='ocrx_word' id='word_1_251' title='bbox 2034 1803 2210 1858; x_wconf 89' lang='lat' dir='ltr'>etiam</span> <span class='ocrx_word' id='word_1_252' title='bbox 2262 1803 2495 1874; x_wconf 85' lang='lat' dir='ltr'>absque</span> <span class='ocrx_word' id='word_1_253' title='bbox 2553 1804 2672 1860; x_wconf 84' lang='lat' dir='ltr'>ulla</span> <span class='ocrx_word' id='word_1_254' title='bbox 2727 1810 2912 1860; x_wconf 87' lang='lat' dir='ltr'>status</span> <span class='ocrx_word' id='word_1_255' title='bbox 2967 1806 3058 1860; x_wconf 91' lang='lat' dir='ltr'>sui</span> <span class='ocrx_word' id='word_1_256' title='bbox 3103 1806 3366 1861; x_wconf 88' lang='lat' dir='ltr'>motione</span> <span class='ocrx_word' id='word_1_257' title='bbox 3417 1819 3678 1861; x_wconf 84' lang='lat' dir='ltr'>servare.</span> 
     </span>
    </p>
   </div>
   <div class='ocr_carea' id='block_1_20' title="bbox 263 1892 3684 1971">
    <p class='ocr_par' dir='ltr' id='par_1_20' title="bbox 263 1892 3684 1971">
     <span class='ocr_line' id='line_1_20' title="bbox 263 1892 3684 1971; baseline -0.001 -17"><span class='ocrx_word' id='word_1_258' title='bbox 263 1898 493 1971; x_wconf 83' lang='lat' dir='ltr'>quibus</span> <span class='ocrx_word' id='word_1_259' title='bbox 512 1897 666 1953; x_wconf 90' lang='lat' dir='ltr'>odor</span> <span class='ocrx_word' id='word_1_260' title='bbox 685 1895 996 1951; x_wconf 86' lang='lat' dir='ltr'>suavitatis</span> <span class='ocrx_word' id='word_1_261' title='bbox 1017 1894 1286 1950; x_wconf 84' lang='lat' dir='ltr'>ascendit</span> <span class='ocrx_word' id='word_1_262' title='bbox 1310 1893 1387 1948; x_wconf 90' lang='lat' dir='ltr'>ad</span> <span class='ocrx_word' id='word_1_263' title='bbox 1415 1895 1717 1959; x_wconf 81' lang='lat' dir='ltr'>l)eum,ex</span> <span class='ocrx_word' id='word_1_264' title='bbox 1745 1905 1926 1946; x_wconf 89' lang='lat' dir='ltr'>cons-</span> <span class='ocrx_word' id='word_1_265' title='bbox 2037 1892 2208 1957; x_wconf 85' lang='lat' dir='ltr'>Quod</span> <span class='ocrx_word' id='word_1_266' title='bbox 2233 1907 2369 1946; x_wconf 86' lang='lat' dir='ltr'>vero</span> <span class='ocrx_word' id='word_1_267' title='bbox 2411 1907 2549 1947; x_wconf 87' lang='lat' dir='ltr'>cum</span> <span class='ocrx_word' id='word_1_268' title='bbox 2595 1894 2839 1949; x_wconf 84' lang='lat' dir='ltr'>dixisset</span> <span class='ocrx_word' id='word_1_269' title='bbox 2891 1917 2918 1943; x_wconf 85' lang='grc'><em>‹‹</em></span> <span class='ocrx_word' id='word_1_270' title='bbox 2978 1901 3036 1951; x_wconf 91' lang='lat' dir='ltr'>et</span> <span class='ocrx_word' id='word_1_271' title='bbox 3087 1895 3452 1951; x_wconf 85' lang='lat' dir='ltr'>candelabra</span> <span class='ocrx_word' id='word_1_272' title='bbox 3499 1901 3684 1950; x_wconf 79' lang='lat' dir='ltr'>aurea</span> 
     </span>
    </p>
   </div>
   <div class='ocr_carea' id='block_1_21' title="bbox 263 1981 3685 2060">
    <p class='ocr_par' dir='ltr' id='par_1_21' title="bbox 263 1981 3685 2060">
     <span class='ocr_line' id='line_1_21' title="bbox 263 1981 3685 2060; baseline -0.001 -16"><span class='ocrx_word' id='word_1_273' title='bbox 263 1987 490 2045; x_wconf 88' lang='lat' dir='ltr'>cientia</span> <span class='ocrx_word' id='word_1_274' title='bbox 518 2003 674 2060; x_wconf 89' lang='lat' dir='ltr'>pura</span> <span class='ocrx_word' id='word_1_275' title='bbox 700 1991 758 2041; x_wconf 89' lang='lat' dir='ltr'>et</span> <span class='ocrx_word' id='word_1_276' title='bbox 786 1986 906 2040; x_wconf 89' lang='lat' dir='ltr'>ﬁde</span> <span class='ocrx_word' id='word_1_277' title='bbox 937 2001 1059 2040; x_wconf 92' lang='lat' dir='ltr'>non</span> <span class='ocrx_word' id='word_1_278' title='bbox 1089 1985 1246 2040; x_wconf 88' lang='lat' dir='ltr'>ﬁcta.</span> <span class='ocrx_word' id='word_1_279' title='bbox 2036 1983 2304 2054; x_wconf 87' lang='lat' dir='ltr'>quinque</span> <span class='ocrx_word' id='word_1_280' title='bbox 2326 1981 2402 2036; x_wconf 89' lang='lat' dir='ltr'>ad</span> <span class='ocrx_word' id='word_1_281' title='bbox 2426 1982 2755 2049; x_wconf 80' lang='lat' dir='ltr'>dexteram,</span> <span class='ocrx_word' id='word_1_282' title='bbox 2774 1989 2830 2039; x_wconf 87' lang='lat' dir='ltr'>et</span> <span class='ocrx_word' id='word_1_283' title='bbox 2852 1985 3121 2056; x_wconf 89' lang='lat' dir='ltr'>quinque</span> <span class='ocrx_word' id='word_1_284' title='bbox 3142 1986 3218 2040; x_wconf 87' lang='lat' dir='ltr'>ad</span> <span class='ocrx_word' id='word_1_285' title='bbox 3235 1985 3533 2040; x_wconf 84' lang='lat' dir='ltr'>sinistram</span> <span class='ocrx_word' id='word_1_286' title='bbox 3553 1997 3685 2040; x_wconf 83' lang='lat' dir='ltr'>ora-</span> 
     </span>
    </p>
   </div>
   <div class='ocr_carea' id='block_1_22' title="bbox 349 2070 3682 2146">
    <p class='ocr_par' dir='ltr' id='par_1_22' title="bbox 349 2070 3682 2146">
     <span class='ocr_line' id='line_1_22' title="bbox 349 2070 3682 2146; baseline -0.002 -14"><span class='ocrx_word' id='word_1_287' title='bbox 349 2096 380 2131; x_wconf 79' lang='grc'><strong>«</strong></span> <span class='ocrx_word' id='word_1_288' title='bbox 411 2081 479 2132; x_wconf 84' lang='lat' dir='ltr'>Et</span> <span class='ocrx_word' id='word_1_289' title='bbox 530 2074 896 2132; x_wconf 84' lang='lat' dir='ltr'>candelabra</span> <span class='ocrx_word' id='word_1_290' title='bbox 950 2089 1132 2130; x_wconf 89' lang='lat' dir='ltr'>aurea</span> <span class='ocrx_word' id='word_1_291' title='bbox 1189 2073 1460 2145; x_wconf 91' lang='lat' dir='ltr'>quinque</span> <span class='ocrx_word' id='word_1_292' title='bbox 1503 2071 1581 2128; x_wconf 87' lang='lat' dir='ltr'>ad</span> <span class='ocrx_word' id='word_1_293' title='bbox 1621 2071 1926 2125; x_wconf 83' lang='lat' dir='ltr'>dexteram</span> <span class='ocrx_word' id='word_1_294' title='bbox 2037 2070 2239 2127; x_wconf 88' lang='lat' dir='ltr'>culum</span> <span class='ocrx_word' id='word_1_295' title='bbox 2270 2085 2340 2125; x_wconf 86' lang='lat' dir='ltr'>ex</span> <span class='ocrx_word' id='word_1_296' title='bbox 2371 2073 2712 2143; x_wconf 74' lang='lat' dir='ltr'>aurofpuro,</span> <span class='ocrx_word' id='word_1_297' title='bbox 2741 2095 2768 2123; x_wconf 86' lang='lat'><strong>»</strong></span> <span class='ocrx_word' id='word_1_298' title='bbox 2789 2073 3022 2130; x_wconf 86' lang='lat' dir='ltr'>addidit</span> <span class='ocrx_word' id='word_1_299' title='bbox 3041 2096 3068 2122; x_wconf 90' lang='grc'>‹‹</span> <span class='ocrx_word' id='word_1_300' title='bbox 3097 2079 3154 2129; x_wconf 91' lang='lat' dir='ltr'>et</span> <span class='ocrx_word' id='word_1_301' title='bbox 3181 2073 3358 2146; x_wconf 85' lang='lat' dir='ltr'>quasi</span> <span class='ocrx_word' id='word_1_302' title='bbox 3380 2073 3484 2128; x_wconf 89' lang='lat' dir='ltr'>lilii</span> <span class='ocrx_word' id='word_1_303' title='bbox 3508 2073 3682 2128; x_wconf 88' lang='lat' dir='ltr'>ﬂores</span> 
     </span>
    </p>
   </div>
   <div class='ocr_carea' id='block_1_23' title="bbox 271 2159 3681 2238">
    <p class='ocr_par' dir='ltr' id='par_1_23' title="bbox 271 2159 3681 2238">
     <span class='ocr_line' id='line_1_23' title="bbox 271 2159 3681 2238; baseline 0 -23"><span class='ocrx_word' id='word_1_304' title='bbox 271 2190 306 2216; x_wconf 85' lang='grc'><strong>‹‹</strong></span> <span class='ocrx_word' id='word_1_305' title='bbox 351 2171 410 2222; x_wconf 88' lang='lat' dir='ltr'>et</span> <span class='ocrx_word' id='word_1_306' title='bbox 436 2166 708 2238; x_wconf 87' lang='lat' dir='ltr'>quinque</span> <span class='ocrx_word' id='word_1_307' title='bbox 758 2164 836 2219; x_wconf 86' lang='lat' dir='ltr'>ad</span> <span class='ocrx_word' id='word_1_308' title='bbox 877 2162 1182 2218; x_wconf 84' lang='lat' dir='ltr'>sinistram</span> <span class='ocrx_word' id='word_1_309' title='bbox 1232 2167 1440 2217; x_wconf 89' lang='lat' dir='ltr'>contra</span> <span class='ocrx_word' id='word_1_310' title='bbox 1494 2159 1802 2215; x_wconf 85' lang='lat' dir='ltr'>oraculum</span> <span class='ocrx_word' id='word_1_311' title='bbox 1853 2174 1929 2212; x_wconf 83' lang='lat' dir='ltr'>ex</span> <span class='ocrx_word' id='word_1_312' title='bbox 2034 2160 3681 2232; x_wconf 76' lang='lat' dir='ltr'>etlucernasdesuperaureas,.videturjuxtalitteram,</span> 
     </span>
    </p>
   </div>
   <div class='ocr_carea' id='block_1_24' title="bbox 278 2248 3685 2324">
    <p class='ocr_par' dir='ltr' id='par_1_24' title="bbox 278 2248 3685 2324">
     <span class='ocr_line' id='line_1_24' title="bbox 278 2248 3685 2324; baseline -0 -20"><span class='ocrx_word' id='word_1_313' title='bbox 278 2278 314 2304; x_wconf 72' lang='grc' dir='ltr'><strong>ιι</strong></span> <span class='ocrx_word' id='word_1_314' title='bbox 357 2265 508 2309; x_wconf 87' lang='lat' dir='ltr'>auro</span> <span class='ocrx_word' id='word_1_315' title='bbox 536 2267 693 2324; x_wconf 86' lang='lat' dir='ltr'>puro</span> <span class='ocrx_word' id='word_1_316' title='bbox 731 2257 787 2306; x_wconf 87' lang='lat' dir='ltr'>et</span> <span class='ocrx_word' id='word_1_317' title='bbox 812 2252 989 2323; x_wconf 87' lang='lat' dir='ltr'>quasi</span> <span class='ocrx_word' id='word_1_318' title='bbox 1017 2251 1122 2306; x_wconf 87' lang='lat' dir='ltr'>lilii</span> <span class='ocrx_word' id='word_1_319' title='bbox 1149 2251 1353 2316; x_wconf 84' lang='lat' dir='ltr'>ﬂores,</span> <span class='ocrx_word' id='word_1_320' title='bbox 1398 2255 1454 2304; x_wconf 91' lang='lat' dir='ltr'>et</span> <span class='ocrx_word' id='word_1_321' title='bbox 1500 2249 1778 2303; x_wconf 88' lang='lat' dir='ltr'>lucernas</span> <span class='ocrx_word' id='word_1_322' title='bbox 1827 2248 1927 2302; x_wconf 90' lang='lat' dir='ltr'>de-</span> <span class='ocrx_word' id='word_1_323' title='bbox 2034 2250 2180 2321; x_wconf 89' lang='lat' dir='ltr'>quia</span> <span class='ocrx_word' id='word_1_324' title='bbox 2209 2263 2493 2318; x_wconf 88' lang='lat' dir='ltr'>suprema</span> <span class='ocrx_word' id='word_1_325' title='bbox 2521 2265 2661 2320; x_wconf 85' lang='lat' dir='ltr'>pars</span> <span class='ocrx_word' id='word_1_326' title='bbox 2685 2250 3209 2318; x_wconf 67' lang='lat' dir='ltr'>candelabrm-um,</span> <span class='ocrx_word' id='word_1_327' title='bbox 3235 2251 3295 2304; x_wconf 85' lang='lat' dir='ltr'>in</span> <span class='ocrx_word' id='word_1_328' title='bbox 3326 2249 3578 2304; x_wconf 83' lang='lat' dir='ltr'>modum</span> <span class='ocrx_word' id='word_1_329' title='bbox 3612 2248 3685 2303; x_wconf 88' lang='lat' dir='ltr'>sit</span> 
     </span>
    </p>
   </div>
   <div class='ocr_carea' id='block_1_25' title="bbox 282 2335 3685 2413">
    <p class='ocr_par' dir='ltr' id='par_1_25' title="bbox 282 2335 3685 2413">
     <span class='ocr_line' id='line_1_25' title="bbox 282 2335 3685 2413; baseline 0.001 -22"><span class='ocrx_word' id='word_1_330' title='bbox 282 2364 317 2391; x_wconf 78' lang='grc' dir='ltr'>(ι</span> <span class='ocrx_word' id='word_1_331' title='bbox 361 2357 545 2413; x_wconf 86' lang='lat' dir='ltr'>super</span> <span class='ocrx_word' id='word_1_332' title='bbox 601 2355 832 2395; x_wconf 90' lang='lat' dir='ltr'>aureas.</span> <span class='ocrx_word' id='word_1_333' title='bbox 886 2361 912 2387; x_wconf 90' lang='grc'><strong>››</strong></span> <span class='ocrx_word' id='word_1_334' title='bbox 973 2339 1135 2395; x_wconf 84' lang='lat' dir='ltr'>Sicut</span> <span class='ocrx_word' id='word_1_335' title='bbox 1185 2340 1350 2393; x_wconf 88' lang='lat' dir='ltr'>enim</span> <span class='ocrx_word' id='word_1_336' title='bbox 1403 2353 1626 2393; x_wconf 67' lang='lat' dir='ltr'>mensa:</span> <span class='ocrx_word' id='word_1_337' title='bbox 1681 2336 1740 2391; x_wconf 89' lang='lat' dir='ltr'>in</span> <span class='ocrx_word' id='word_1_338' title='bbox 1789 2340 1928 2408; x_wconf 84' lang='lat' dir='ltr'>typo</span> <span class='ocrx_word' id='word_1_339' title='bbox 2035 2338 2139 2393; x_wconf 88' lang='lat' dir='ltr'>lilii</span> <span class='ocrx_word' id='word_1_340' title='bbox 2164 2335 2413 2407; x_wconf 82' lang='lat' dir='ltr'>repandi</span> <span class='ocrx_word' id='word_1_341' title='bbox 2450 2337 2805 2405; x_wconf 83' lang='lat' dir='ltr'>deformata,</span> <span class='ocrx_word' id='word_1_342' title='bbox 2848 2339 3160 2412; x_wconf 86' lang='lat' dir='ltr'>quomodo</span> <span class='ocrx_word' id='word_1_343' title='bbox 3212 2340 3272 2394; x_wconf 85' lang='lat' dir='ltr'>in</span> <span class='ocrx_word' id='word_1_344' title='bbox 3319 2337 3685 2394; x_wconf 81' lang='lat' dir='ltr'>candelabro</span> 
     </span>
    </p>
   </div>
   <div class='ocr_carea' id='block_1_26' title="bbox 271 2425 3686 2499">
    <p class='ocr_par' dir='ltr' id='par_1_26' title="bbox 271 2425 3686 2499">
     <span class='ocr_line' id='line_1_26' title="bbox 271 2425 3686 2499; baseline -0.001 -15"><span class='ocrx_word' id='word_1_345' title='bbox 271 2435 514 2485; x_wconf 68' lang='lat' dir='ltr'>sanctae</span> <span class='ocrx_word' id='word_1_346' title='bbox 567 2429 882 2499; x_wconf 63' lang='lat' dir='ltr'>Scriptura:</span> <span class='ocrx_word' id='word_1_347' title='bbox 942 2434 1098 2482; x_wconf 87' lang='lat' dir='ltr'>recte</span> <span class='ocrx_word' id='word_1_348' title='bbox 1148 2432 1471 2499; x_wconf 88' lang='lat' dir='ltr'>ponuntur,</span> <span class='ocrx_word' id='word_1_349' title='bbox 1520 2426 1663 2498; x_wconf 86' lang='lat' dir='ltr'>quia</span> <span class='ocrx_word' id='word_1_350' title='bbox 1708 2431 1762 2480; x_wconf 91' lang='lat' dir='ltr'>et</span> <span class='ocrx_word' id='word_1_351' title='bbox 1803 2441 1930 2480; x_wconf 56' lang='lat' dir='ltr'>esu-</span> <span class='ocrx_word' id='word_1_352' title='bbox 2037 2425 2406 2483; x_wconf 86' lang='lat' dir='ltr'>tabernaculi</span> <span class='ocrx_word' id='word_1_353' title='bbox 2434 2426 2656 2482; x_wconf 83' lang='lat' dir='ltr'>factum</span> <span class='ocrx_word' id='word_1_354' title='bbox 2689 2443 2817 2484; x_wconf 88' lang='lat' dir='ltr'>esse</span> <span class='ocrx_word' id='word_1_355' title='bbox 2841 2428 3119 2496; x_wconf 81' lang='lat' dir='ltr'>legimus,</span> <span class='ocrx_word' id='word_1_356' title='bbox 3150 2428 3324 2498; x_wconf 90' lang='lat' dir='ltr'>cujus</span> <span class='ocrx_word' id='word_1_357' title='bbox 3369 2433 3460 2482; x_wconf 88' lang='lat' dir='ltr'>est</span> <span class='ocrx_word' id='word_1_358' title='bbox 3502 2427 3686 2499; x_wconf 84' lang='lat' dir='ltr'>stipes</span> 
     </span>
    </p>
   </div>
   <div class='ocr_carea' id='block_1_27' title="bbox 265 2514 3687 2590">
    <p class='ocr_par' dir='ltr' id='par_1_27' title="bbox 265 2514 3687 2590">
     <span class='ocr_line' id='line_1_27' title="bbox 265 2514 3687 2590; baseline -0.001 -17"><span class='ocrx_word' id='word_1_359' title='bbox 265 2517 575 2574; x_wconf 82' lang='lat' dir='ltr'>rientibus</span> <span class='ocrx_word' id='word_1_360' title='bbox 602 2516 897 2586; x_wconf 84' lang='lat' dir='ltr'>justitiam</span> <span class='ocrx_word' id='word_1_361' title='bbox 949 2531 1170 2587; x_wconf 88' lang='lat' dir='ltr'>panem</span> <span class='ocrx_word' id='word_1_362' title='bbox 1215 2515 1381 2571; x_wconf 85' lang='lat' dir='ltr'>verbi</span> <span class='ocrx_word' id='word_1_363' title='bbox 1426 2516 1525 2569; x_wconf 85' lang='lat' dir='ltr'>Dei</span> <span class='ocrx_word' id='word_1_364' title='bbox 1569 2514 1924 2581; x_wconf 86' lang='lat' dir='ltr'>ministrant,</span> <span class='ocrx_word' id='word_1_365' title='bbox 2037 2515 2834 2589; x_wconf 79' lang='lat' dir='ltr'>medius,etcalamiexipso</span> <span class='ocrx_word' id='word_1_366' title='bbox 2854 2519 3266 2590; x_wconf 85' lang='lat' dir='ltr'>procedentes,</span> <span class='ocrx_word' id='word_1_367' title='bbox 3285 2533 3424 2572; x_wconf 86' lang='lat' dir='ltr'>cum</span> <span class='ocrx_word' id='word_1_368' title='bbox 3443 2516 3687 2588; x_wconf 83' lang='lat' dir='ltr'>scyphis</span> 
     </span>
    </p>
   </div>
   <div class='ocr_carea' id='block_1_28' title="bbox 260 2603 3684 2679">
    <p class='ocr_par' dir='ltr' id='par_1_28' title="bbox 260 2603 3684 2679">
     <span class='ocr_line' id='line_1_28' title="bbox 260 2603 3684 2679; baseline -0.001 -17"><span class='ocrx_word' id='word_1_369' title='bbox 260 2613 334 2663; x_wconf 86' lang='lat' dir='ltr'>et</span> <span class='ocrx_word' id='word_1_370' title='bbox 364 2622 514 2661; x_wconf 88' lang='lat' dir='ltr'>vasa</span> <span class='ocrx_word' id='word_1_371' title='bbox 544 2605 787 2660; x_wconf 86' lang='lat' dir='ltr'>fuerunt</span> <span class='ocrx_word' id='word_1_372' title='bbox 833 2605 1141 2660; x_wconf 84' lang='lat' dir='ltr'>ministerii</span> <span class='ocrx_word' id='word_1_373' title='bbox 1189 2605 1460 2674; x_wconf 76' lang='lat' dir='ltr'>caelestis,</span> <span class='ocrx_word' id='word_1_374' title='bbox 1500 2603 1563 2659; x_wconf 91' lang='lat' dir='ltr'>id</span> <span class='ocrx_word' id='word_1_375' title='bbox 1607 2609 1694 2658; x_wconf 89' lang='lat' dir='ltr'>est</span> <span class='ocrx_word' id='word_1_376' title='bbox 1735 2605 1926 2673; x_wconf 89' lang='lat' dir='ltr'>justo-</span> <span class='ocrx_word' id='word_1_377' title='bbox 2034 2614 2094 2664; x_wconf 87' lang='lat' dir='ltr'>et</span> <span class='ocrx_word' id='word_1_378' title='bbox 2137 2606 2387 2679; x_wconf 87' lang='lat' dir='ltr'>sperulis</span> <span class='ocrx_word' id='word_1_379' title='bbox 2427 2606 2548 2661; x_wconf 88' lang='lat' dir='ltr'>lilia</span> <span class='ocrx_word' id='word_1_380' title='bbox 2599 2607 2940 2662; x_wconf 88' lang='lat' dir='ltr'>scribuntur</span> <span class='ocrx_word' id='word_1_381' title='bbox 2984 2607 3268 2662; x_wconf 84' lang='lat' dir='ltr'>habuisse</span> <span class='ocrx_word' id='word_1_382' title='bbox 3295 2605 3684 2679; x_wconf 67' lang='lat' dir='ltr'>perplurima.</span> 
     </span>
    </p>
   </div>
   <div class='ocr_carea' id='block_1_29' title="bbox 264 2693 3690 2769">
    <p class='ocr_par' dir='ltr' id='par_1_29' title="bbox 264 2693 3690 2769">
     <span class='ocr_line' id='line_1_29' title="bbox 264 2693 3690 2769; baseline -0.001 -18"><span class='ocrx_word' id='word_1_383' title='bbox 264 2711 412 2751; x_wconf 90' lang='lat' dir='ltr'>rum</span> <span class='ocrx_word' id='word_1_384' title='bbox 454 2695 633 2750; x_wconf 88' lang='lat' dir='ltr'>nobis</span> <span class='ocrx_word' id='word_1_385' title='bbox 682 2709 850 2749; x_wconf 76' lang='lat' dir='ltr'>actus</span> <span class='ocrx_word' id='word_1_386' title='bbox 903 2696 963 2749; x_wconf 88' lang='lat' dir='ltr'>in</span> <span class='ocrx_word' id='word_1_387' title='bbox 1013 2693 1356 2765; x_wconf 80' lang='lat' dir='ltr'>exemplum</span> <span class='ocrx_word' id='word_1_388' title='bbox 1411 2699 1790 2765; x_wconf 87' lang='lat' dir='ltr'>proponunt:</span> <span class='ocrx_word' id='word_1_389' title='bbox 1848 2694 1932 2748; x_wconf 87' lang='lat' dir='ltr'>ita</span> <span class='ocrx_word' id='word_1_390' title='bbox 2043 2697 2234 2753; x_wconf 75' lang='lat' dir='ltr'>Floras</span> <span class='ocrx_word' id='word_1_391' title='bbox 2260 2700 2457 2752; x_wconf 87' lang='lat' dir='ltr'>autem</span> <span class='ocrx_word' id='word_1_392' title='bbox 2488 2695 2610 2765; x_wconf 84' lang='lat' dir='ltr'>lilii,</span> <span class='ocrx_word' id='word_1_393' title='bbox 2641 2700 2704 2752; x_wconf 89' lang='lat' dir='ltr'>ut</span> <span class='ocrx_word' id='word_1_394' title='bbox 2725 2712 2881 2769; x_wconf 64' lang='lat' dir='ltr'>saepe</span> <span class='ocrx_word' id='word_1_395' title='bbox 2899 2697 3256 2767; x_wconf 80' lang='lat' dir='ltr'>dictumest,</span> <span class='ocrx_word' id='word_1_396' title='bbox 3281 2696 3690 2752; x_wconf 74' lang='lat' dir='ltr'>amoenitatem</span> 
     </span>
    </p>
   </div>
   <div class='ocr_carea' id='block_1_30' title="bbox 267 2782 3692 2860">
    <p class='ocr_par' dir='ltr' id='par_1_30' title="bbox 267 2782 3692 2860">
     <span class='ocr_line' id='line_1_30' title="bbox 267 2782 3692 2860; baseline -0.001 -18"><span class='ocrx_word' id='word_1_397' title='bbox 267 2786 456 2842; x_wconf 86' lang='lat' dir='ltr'>etiam</span> <span class='ocrx_word' id='word_1_398' title='bbox 515 2783 828 2855; x_wconf 87' lang='lat' dir='ltr'>aptissime</span> <span class='ocrx_word' id='word_1_399' title='bbox 883 2797 991 2855; x_wconf 88' lang='lat' dir='ltr'>per</span> <span class='ocrx_word' id='word_1_400' title='bbox 1046 2782 1407 2838; x_wconf 88' lang='lat' dir='ltr'>candelabra</span> <span class='ocrx_word' id='word_1_401' title='bbox 1460 2783 1673 2838; x_wconf 88' lang='lat' dir='ltr'>eadem</span> <span class='ocrx_word' id='word_1_402' title='bbox 1723 2782 1933 2837; x_wconf 89' lang='lat' dir='ltr'>divina</span> <span class='ocrx_word' id='word_1_403' title='bbox 2041 2800 2278 2860; x_wconf 81' lang='lat' dir='ltr'>semper</span> <span class='ocrx_word' id='word_1_404' title='bbox 2301 2787 2542 2843; x_wconf 86' lang='lat' dir='ltr'>virentis</span> <span class='ocrx_word' id='word_1_405' title='bbox 2567 2792 2730 2842; x_wconf 82' lang='lat' dir='ltr'>terrae</span> <span class='ocrx_word' id='word_1_406' title='bbox 2753 2787 3074 2843; x_wconf 82' lang='lat' dir='ltr'>viventium</span> <span class='ocrx_word' id='word_1_407' title='bbox 3095 2786 3692 2858; x_wconf 77' lang='lat' dir='ltr'>designantzdequa</span> 
     </span>
    </p>
   </div>
   <div class='ocr_carea' id='block_1_31' title="bbox 269 2871 3692 2946">
    <p class='ocr_par' dir='ltr' id='par_1_31' title="bbox 269 2871 3692 2946">
     <span class='ocr_line' id='line_1_31' title="bbox 269 2871 3692 2946; baseline -0.001 -15"><span class='ocrx_word' id='word_1_408' title='bbox 269 2874 522 2946; x_wconf 88' lang='lat' dir='ltr'>eloquia</span> <span class='ocrx_word' id='word_1_409' title='bbox 551 2872 907 2941; x_wconf 87' lang='lat' dir='ltr'>ﬁgurantur,</span> <span class='ocrx_word' id='word_1_410' title='bbox 960 2871 1228 2927; x_wconf 89' lang='lat' dir='ltr'>videlicet</span> <span class='ocrx_word' id='word_1_411' title='bbox 1272 2873 1416 2944; x_wconf 87' lang='lat' dir='ltr'>quia</span> <span class='ocrx_word' id='word_1_412' title='bbox 1458 2871 1656 2928; x_wconf 87' lang='lat' dir='ltr'>lucem</span> <span class='ocrx_word' id='word_1_413' title='bbox 1698 2872 1932 2943; x_wconf 90' lang='lat' dir='ltr'>sapien-</span> <span class='ocrx_word' id='word_1_414' title='bbox 2041 2878 2182 2933; x_wconf 88' lang='lat' dir='ltr'>dicit</span> <span class='ocrx_word' id='word_1_415' title='bbox 2210 2877 2419 2932; x_wconf 83' lang='lat' dir='ltr'>beatus</span> <span class='ocrx_word' id='word_1_416' title='bbox 2451 2880 2652 2932; x_wconf 82' lang='lat' dir='ltr'>Petrus</span> <span class='ocrx_word' id='word_1_417' title='bbox 2681 2882 3059 2946; x_wconf 82' lang='lat' dir='ltr'>regeneratos</span> <span class='ocrx_word' id='word_1_418' title='bbox 3105 2893 3217 2932; x_wconf 88' lang='lat' dir='ltr'>nos</span> <span class='ocrx_word' id='word_1_419' title='bbox 3268 2893 3304 2932; x_wconf 90' lang='lat' dir='ltr'>a</span> <span class='ocrx_word' id='word_1_420' title='bbox 3344 2876 3598 2932; x_wconf 79' lang='lat' dir='ltr'>Domino</span> <span class='ocrx_word' id='word_1_421' title='bbox 3629 2874 3692 2929; x_wconf 79' lang='lat' dir='ltr'>in</span> 
     </span>
    </p>
   </div>
   <div class='ocr_carea' id='block_1_32' title="bbox 270 2960 3696 3051">
    <p class='ocr_par' dir='ltr' id='par_1_32' title="bbox 270 2960 3696 3051">
     <span class='ocr_line' id='line_1_32' title="bbox 270 2960 3696 3051; baseline -0.001 -32"><span class='ocrx_word' id='word_1_422' title='bbox 270 2965 370 3020; x_wconf 70' lang='lat' dir='ltr'>tiae</span> <span class='ocrx_word' id='word_1_423' title='bbox 397 2961 738 3018; x_wconf 70' lang='lat' dir='ltr'>errantibus</span> <span class='ocrx_word' id='word_1_424' title='bbox 769 2960 1094 3051; x_wconf 86' lang='lat' dir='ltr'>proferunt.</span> <span class='ocrx_word' id='word_1_425' title='bbox 1141 2960 1284 3016; x_wconf 83' lang='lat' dir='ltr'>Hinc</span> <span class='ocrx_word' id='word_1_426' title='bbox 1321 2962 1538 3016; x_wconf 87' lang='lat' dir='ltr'>etenim</span> <span class='ocrx_word' id='word_1_427' title='bbox 1573 2962 1929 3017; x_wconf 82' lang='lat' dir='ltr'>Psalmista:</span> <span class='ocrx_word' id='word_1_428' title='bbox 1965 2997 2004 3051; x_wconf 65' lang='grc' dir='ltr'><strong>Ο</strong></span> <span class='ocrx_word' id='word_1_429' title='bbox 2044 2984 2212 3040; x_wconf 83' lang='lat' dir='ltr'>spem</span> <span class='ocrx_word' id='word_1_430' title='bbox 2242 2967 2463 3037; x_wconf 75' lang='lat' dir='ltr'>vivam,</span> <span class='ocrx_word' id='word_1_431' title='bbox 2515 2967 2573 3021; x_wconf 84' lang='lat' dir='ltr'>in</span> <span class='ocrx_word' id='word_1_432' title='bbox 2611 2967 3020 3022; x_wconf 65' lang='lat' dir='ltr'>haereditatem</span> <span class='ocrx_word' id='word_1_433' title='bbox 3051 2966 3587 3038; x_wconf 68' lang='lat' dir='ltr'>inmrruptibilem,</span> <span class='ocrx_word' id='word_1_434' title='bbox 3635 2967 3696 3018; x_wconf 84' lang='lat' dir='ltr'>et</span> 
     </span>
    </p>
   </div>
   <div class='ocr_carea' id='block_1_33' title="bbox 274 3050 3694 3123">
    <p class='ocr_par' dir='ltr' id='par_1_33' title="bbox 274 3050 3694 3123">
     <span class='ocr_line' id='line_1_33' title="bbox 274 3050 3694 3123; baseline -0.003 -7"><span class='ocrx_word' id='word_1_435' title='bbox 274 3076 305 3102; x_wconf 74' lang='grc' dir='ltr'>α</span> <span class='ocrx_word' id='word_1_436' title='bbox 342 3055 631 3119; x_wconf 73' lang='lat' dir='ltr'>Lucerna,</span> <span class='ocrx_word' id='word_1_437' title='bbox 674 3051 882 3122; x_wconf 71' lang='lat' dir='ltr'>inquit.</span> <span class='ocrx_word' id='word_1_438' title='bbox 934 3050 1190 3123; x_wconf 69' lang='lat' dir='ltr'>Pedibus</span> <span class='ocrx_word' id='word_1_439' title='bbox 1239 3051 1389 3106; x_wconf 74' lang='lat' dir='ltr'>meis</span> <span class='ocrx_word' id='word_1_440' title='bbox 1437 3051 1689 3106; x_wconf 73' lang='lat' dir='ltr'>verbum</span> <span class='ocrx_word' id='word_1_441' title='bbox 1741 3056 1931 3115; x_wconf 77' lang='lat' dir='ltr'>tuum,</span> <span class='ocrx_word' id='word_1_442' title='bbox 2043 3055 2576 3111; x_wconf 81' lang='lat' dir='ltr'>incontaminatam</span> <span class='ocrx_word' id='word_1_443' title='bbox 2593 3061 2650 3110; x_wconf 91' lang='lat' dir='ltr'>et</span> <span class='ocrx_word' id='word_1_444' title='bbox 2670 3054 3249 3122; x_wconf 82' lang='lat' dir='ltr'>immarcescibilem,</span> <span class='ocrx_word' id='word_1_445' title='bbox 3275 3056 3694 3108; x_wconf 77' lang='lat' dir='ltr'>conservatam</span> 
     </span>
    </p>
   </div>
   <div class='ocr_carea' id='block_1_34' title="bbox 277 3138 1897 3213">
    <p class='ocr_par' dir='ltr' id='par_1_34' title="bbox 277 3139 1862 3210">
     <span class='ocr_line' id='line_1_34' title="bbox 277 3139 1862 3210; baseline -0.003 -12"><span class='ocrx_word' id='word_1_446' title='bbox 277 3142 550 3208; x_wconf 78' lang='lat' dir='ltr'>Domine,</span> <span class='ocrx_word' id='word_1_447' title='bbox 602 3144 661 3194; x_wconf 90' lang='lat' dir='ltr'>et</span> <span class='ocrx_word' id='word_1_448' title='bbox 701 3139 905 3194; x_wconf 89' lang='lat' dir='ltr'>lumen</span> <span class='ocrx_word' id='word_1_449' title='bbox 957 3140 1179 3194; x_wconf 87' lang='lat' dir='ltr'>semitis</span> <span class='ocrx_word' id='word_1_450' title='bbox 1209 3140 1360 3195; x_wconf 90' lang='lat' dir='ltr'>meis</span> <span class='ocrx_word' id='word_1_451' title='bbox 1425 3141 1610 3210; x_wconf 79' lang='lat' dir='ltr'>(Psal.</span> <span class='ocrx_word' id='word_1_452' title='bbox 1645 3139 1862 3210; x_wconf 81' lang='lat' dir='ltr'>cxvni).</span> 
     </span>
    </p>
   </div>
   <div class='ocr_carea' id='block_1_35' title="bbox 2067 3138 3687 3213">
    <p class='ocr_par' dir='ltr' id='par_1_35' title="bbox 2067 3138 3687 3213">
     <span class='ocr_line' id='line_1_35' title="bbox 2067 3138 3687 3213; baseline -0.004 -13"><span class='ocrx_word' id='word_1_453' title='bbox 2067 3161 2104 3200; x_wconf 89' lang='lat' dir='ltr'>n</span> <span class='ocrx_word' id='word_1_454' title='bbox 2139 3145 2302 3200; x_wconf 74' lang='lat' dir='ltr'>caelis</span> <span class='ocrx_word' id='word_1_455' title='bbox 2336 3149 2375 3211; x_wconf 91' lang='grc'>(1</span> <span class='ocrx_word' id='word_1_456' title='bbox 2413 3146 2574 3199; x_wconf 82' lang='lat' dir='ltr'>Petr.</span> <span class='ocrx_word' id='word_1_457' title='bbox 2606 3144 2670 3213; x_wconf 88' lang='lat'>1).</span> <span class='ocrx_word' id='word_1_458' title='bbox 2725 3145 2790 3198; x_wconf 85' lang='lat' dir='ltr'>Et</span> <span class='ocrx_word' id='word_1_459' title='bbox 2841 3143 2994 3197; x_wconf 88' lang='lat' dir='ltr'>bene</span> <span class='ocrx_word' id='word_1_460' title='bbox 3048 3141 3149 3196; x_wconf 90' lang='lat' dir='ltr'>lilii</span> <span class='ocrx_word' id='word_1_461' title='bbox 3197 3142 3374 3196; x_wconf 85' lang='lat' dir='ltr'>flores</span> <span class='ocrx_word' id='word_1_462' title='bbox 3419 3139 3584 3196; x_wconf 88' lang='lat' dir='ltr'>aurei</span> <span class='ocrx_word' id='word_1_463' title='bbox 3630 3138 3687 3192; x_wconf 82' lang='lat' dir='ltr'>in</span> 
     </span>
    </p>
   </div>
   <div class='ocr_carea' id='block_1_36' title="bbox 279 3227 3693 3301">
    <p class='ocr_par' dir='ltr' id='par_1_36' title="bbox 279 3227 3693 3301">
     <span class='ocr_line' id='line_1_36' title="bbox 279 3227 3693 3301; baseline -0.003 -8"><span class='ocrx_word' id='word_1_464' title='bbox 279 3231 421 3286; x_wconf 83' lang='lat' dir='ltr'>Hinc</span> <span class='ocrx_word' id='word_1_465' title='bbox 446 3230 631 3286; x_wconf 79' lang='lat' dir='ltr'>etiam</span> <span class='ocrx_word' id='word_1_466' title='bbox 661 3228 946 3284; x_wconf 81' lang='lat' dir='ltr'>Salomon</span> <span class='ocrx_word' id='word_1_467' title='bbox 972 3229 1090 3284; x_wconf 80' lang='lat' dir='ltr'>ait:</span> <span class='ocrx_word' id='word_1_468' title='bbox 1126 3251 1154 3277; x_wconf 76' lang='grc' dir='ltr'>«ι</span> <span class='ocrx_word' id='word_1_469' title='bbox 1185 3228 1339 3292; x_wconf 84' lang='lat' dir='ltr'>Quia</span> <span class='ocrx_word' id='word_1_470' title='bbox 1366 3229 1724 3283; x_wconf 84' lang='lat' dir='ltr'>mandatum</span> <span class='ocrx_word' id='word_1_471' title='bbox 1751 3228 1937 3282; x_wconf 81' lang='lat' dir='ltr'>lucer-</span> <span class='ocrx_word' id='word_1_472' title='bbox 2046 3234 2409 3291; x_wconf 85' lang='lat' dir='ltr'>candelabro</span> <span class='ocrx_word' id='word_1_473' title='bbox 2432 3238 2569 3288; x_wconf 90' lang='lat' dir='ltr'>sunt</span> <span class='ocrx_word' id='word_1_474' title='bbox 2588 3233 2725 3287; x_wconf 86' lang='lat' dir='ltr'>facti</span> <span class='ocrx_word' id='word_1_475' title='bbox 2745 3231 2964 3286; x_wconf 85' lang='lat' dir='ltr'>domus</span> <span class='ocrx_word' id='word_1_476' title='bbox 2985 3231 3236 3296; x_wconf 83' lang='lat' dir='ltr'>Domini,</span> <span class='ocrx_word' id='word_1_477' title='bbox 3264 3229 3408 3301; x_wconf 86' lang='lat' dir='ltr'>quia</span> <span class='ocrx_word' id='word_1_478' title='bbox 3433 3227 3693 3300; x_wconf 77' lang='lat' dir='ltr'>Scriptu-</span> 
     </span>
    </p>
   </div>
   <div class='ocr_carea' id='block_1_37' title="bbox 289 3317 3692 3394">
    <p class='ocr_par' dir='ltr' id='par_1_37' title="bbox 289 3317 3692 3394">
     <span class='ocr_line' id='line_1_37' title="bbox 289 3317 3692 3394; baseline -0.004 -7"><span class='ocrx_word' id='word_1_479' title='bbox 289 3334 366 3374; x_wconf 73' lang='grc' dir='ltr'>Πθι</span> <span class='ocrx_word' id='word_1_480' title='bbox 392 3324 496 3388; x_wconf 65' lang='lat' dir='ltr'>est.</span> <span class='ocrx_word' id='word_1_481' title='bbox 515 3324 575 3374; x_wconf 66' lang='lat' dir='ltr'>et</span> <span class='ocrx_word' id='word_1_482' title='bbox 601 3318 698 3373; x_wconf 71' lang='lat' dir='ltr'>16X</span> <span class='ocrx_word' id='word_1_483' title='bbox 727 3317 828 3372; x_wconf 67' lang='lat' dir='ltr'>lux</span> <span class='ocrx_word' id='word_1_484' title='bbox 857 3318 1059 3387; x_wconf 82' lang='grc' dir='ltr'>(Ρνου-</span> <span class='ocrx_word' id='word_1_485' title='bbox 1087 3322 1227 3382; x_wconf 65' lang='lat' dir='ltr'>3W!)-</span> <span class='ocrx_word' id='word_1_486' title='bbox 1260 3339 1286 3364; x_wconf 62' lang='grc' dir='ltr'>’θ</span> <span class='ocrx_word' id='word_1_487' title='bbox 1321 3318 1515 3380; x_wconf 79' lang='lat' dir='ltr'>Quare</span> <span class='ocrx_word' id='word_1_488' title='bbox 1543 3321 1743 3371; x_wconf 82' lang='lat' dir='ltr'>autem</span> <span class='ocrx_word' id='word_1_489' title='bbox 1769 3317 1939 3387; x_wconf 87' lang='lat' dir='ltr'>quin—</span> <span class='ocrx_word' id='word_1_490' title='bbox 2045 3341 2112 3379; x_wconf 84' lang='lat' dir='ltr'>ra</span> <span class='ocrx_word' id='word_1_491' title='bbox 2140 3325 2343 3378; x_wconf 84' lang='lat' dir='ltr'>divina</span> <span class='ocrx_word' id='word_1_492' title='bbox 2374 3323 2585 3394; x_wconf 89' lang='lat' dir='ltr'>spretis</span> <span class='ocrx_word' id='word_1_493' title='bbox 2616 3319 3046 3393; x_wconf 81' lang='lat' dir='ltr'>temporalibus</span> <span class='ocrx_word' id='word_1_494' title='bbox 3077 3318 3336 3390; x_wconf 74' lang='lat' dir='ltr'>gaudiis,</span> <span class='ocrx_word' id='word_1_495' title='bbox 3383 3317 3463 3374; x_wconf 78' lang='lat' dir='ltr'>ad</span> <span class='ocrx_word' id='word_1_496' title='bbox 3507 3331 3692 3391; x_wconf 78' lang='lat' dir='ltr'>appe-</span> 
     </span>
    </p>
   </div>
   <div class='ocr_carea' id='block_1_38' title="bbox 293 3405 3698 3483">
    <p class='ocr_par' dir='ltr' id='par_1_38' title="bbox 293 3405 3698 3483">
     <span class='ocr_line' id='line_1_38' title="bbox 293 3405 3698 3483; baseline 0 -22"><span class='ocrx_word' id='word_1_497' title='bbox 293 3424 407 3480; x_wconf 89' lang='lat' dir='ltr'>que</span> <span class='ocrx_word' id='word_1_498' title='bbox 436 3425 467 3464; x_wconf 87' lang='lat' dir='ltr'>a</span> <span class='ocrx_word' id='word_1_499' title='bbox 491 3407 742 3475; x_wconf 78' lang='lat' dir='ltr'>dextris,</span> <span class='ocrx_word' id='word_1_500' title='bbox 783 3411 841 3462; x_wconf 89' lang='lat' dir='ltr'>et</span> <span class='ocrx_word' id='word_1_501' title='bbox 883 3405 1155 3478; x_wconf 89' lang='lat' dir='ltr'>quinque</span> <span class='ocrx_word' id='word_1_502' title='bbox 1201 3421 1236 3460; x_wconf 87' lang='lat' dir='ltr'>a</span> <span class='ocrx_word' id='word_1_503' title='bbox 1286 3405 1535 3460; x_wconf 89' lang='lat' dir='ltr'>sinistris</span> <span class='ocrx_word' id='word_1_504' title='bbox 1585 3405 1702 3460; x_wconf 89' lang='lat' dir='ltr'>sint</span> <span class='ocrx_word' id='word_1_505' title='bbox 1742 3405 1939 3477; x_wconf 86' lang='lat' dir='ltr'>posita</span> <span class='ocrx_word' id='word_1_506' title='bbox 2045 3413 2230 3469; x_wconf 80' lang='lat' dir='ltr'>tenda</span> <span class='ocrx_word' id='word_1_507' title='bbox 2259 3428 2372 3468; x_wconf 84' lang='lat' dir='ltr'>nos</span> <span class='ocrx_word' id='word_1_508' title='bbox 2406 3412 2566 3468; x_wconf 87' lang='lat' dir='ltr'>bona</span> <span class='ocrx_word' id='word_1_509' title='bbox 2593 3411 2797 3483; x_wconf 68' lang='lat' dir='ltr'>patriae</span> <span class='ocrx_word' id='word_1_510' title='bbox 2823 3409 3078 3466; x_wconf 76' lang='lat' dir='ltr'>ccelestis</span> <span class='ocrx_word' id='word_1_511' title='bbox 3099 3423 3429 3482; x_wconf 79' lang='lat' dir='ltr'>provocare</span> <span class='ocrx_word' id='word_1_512' title='bbox 3444 3421 3698 3464; x_wconf 84' lang='lat' dir='ltr'>consue-</span> 
     </span>
    </p>
   </div>
   <div class='ocr_carea' id='block_1_39' title="bbox 293 3494 3692 3574">
    <p class='ocr_par' dir='ltr' id='par_1_39' title="bbox 293 3494 3692 3574">
     <span class='ocr_line' id='line_1_39' title="bbox 293 3494 3692 3574; baseline 0 -22"><span class='ocrx_word' id='word_1_513' title='bbox 293 3497 670 3556; x_wconf 86' lang='lat' dir='ltr'>candelabra,</span> <span class='ocrx_word' id='word_1_514' title='bbox 726 3513 799 3552; x_wconf 82' lang='lat' dir='ltr'>ex</span> <span class='ocrx_word' id='word_1_515' title='bbox 833 3496 926 3550; x_wconf 88' lang='lat' dir='ltr'>his</span> <span class='ocrx_word' id='word_1_516' title='bbox 969 3512 1107 3567; x_wconf 67' lang='lat' dir='ltr'>qua:</span> <span class='ocrx_word' id='word_1_517' title='bbox 1161 3494 1234 3550; x_wconf 89' lang='lat' dir='ltr'>de</span> <span class='ocrx_word' id='word_1_518' title='bbox 1285 3495 1509 3551; x_wconf 89' lang='lat' dir='ltr'>mensis</span> <span class='ocrx_word' id='word_1_519' title='bbox 1555 3497 1938 3551; x_wconf 82' lang='lat' dir='ltr'>tractavimus</span> <span class='ocrx_word' id='word_1_520' title='bbox 2047 3503 2221 3557; x_wconf 86' lang='lat' dir='ltr'>vit.Et</span> <span class='ocrx_word' id='word_1_521' title='bbox 2240 3499 2550 3574; x_wconf 90' lang='lat' dir='ltr'>quomodo</span> <span class='ocrx_word' id='word_1_522' title='bbox 2571 3503 2832 3556; x_wconf 80' lang='lat' dir='ltr'>erectum</span> <span class='ocrx_word' id='word_1_523' title='bbox 2855 3500 2914 3554; x_wconf 92' lang='lat' dir='ltr'>in</span> <span class='ocrx_word' id='word_1_524' title='bbox 2933 3497 3692 3555; x_wconf 73' lang='lat' dir='ltr'>altitudine-candelabrum</span> 
     </span>
    </p>
   </div>
   <div class='ocr_carea' id='block_1_40' title="bbox 289 3585 3702 3661">
    <p class='ocr_par' dir='ltr' id='par_1_40' title="bbox 289 3585 3702 3661">
     <span class='ocr_line' id='line_1_40' title="bbox 289 3585 3702 3661; baseline -0.001 -19"><span class='ocrx_word' id='word_1_525' title='bbox 289 3586 568 3644; x_wconf 84' lang='lat' dir='ltr'>facillime</span> <span class='ocrx_word' id='word_1_526' title='bbox 604 3591 788 3660; x_wconf 87' lang='lat' dir='ltr'>patet.</span> <span class='ocrx_word' id='word_1_527' title='bbox 825 3586 970 3640; x_wconf 86' lang='lat' dir='ltr'>Cum</span> <span class='ocrx_word' id='word_1_528' title='bbox 1022 3602 1163 3640; x_wconf 87' lang='lat' dir='ltr'>vero</span> <span class='ocrx_word' id='word_1_529' title='bbox 1201 3585 1471 3654; x_wconf 75' lang='lat' dir='ltr'>dixisset,</span> <span class='ocrx_word' id='word_1_530' title='bbox 1529 3607 1558 3633; x_wconf 86' lang='lat'>«</span> <span class='ocrx_word' id='word_1_531' title='bbox 1606 3585 1874 3657; x_wconf 83' lang='lat' dir='ltr'>quinque</span> <span class='ocrx_word' id='word_1_532' title='bbox 1904 3600 1942 3642; x_wconf 77' lang='grc' dir='ltr'>θ.</span> <span class='ocrx_word' id='word_1_533' title='bbox 2050 3593 2148 3647; x_wconf 89' lang='lat' dir='ltr'>lilii</span> <span class='ocrx_word' id='word_1_534' title='bbox 2184 3591 2359 3647; x_wconf 83' lang='lat' dir='ltr'>ﬂores</span> <span class='ocrx_word' id='word_1_535' title='bbox 2394 3597 2447 3646; x_wconf 91' lang='lat' dir='ltr'>et</span> <span class='ocrx_word' id='word_1_536' title='bbox 2477 3591 2752 3645; x_wconf 83' lang='lat' dir='ltr'>lucernas</span> <span class='ocrx_word' id='word_1_537' title='bbox 2793 3589 2973 3645; x_wconf 90' lang='lat' dir='ltr'>habet</span> <span class='ocrx_word' id='word_1_538' title='bbox 3007 3604 3224 3644; x_wconf 85' lang='lat' dir='ltr'>aureas</span> <span class='ocrx_word' id='word_1_539' title='bbox 3264 3589 3322 3644; x_wconf 90' lang='lat' dir='ltr'>in</span> <span class='ocrx_word' id='word_1_540' title='bbox 3364 3587 3578 3661; x_wconf 88' lang='lat' dir='ltr'>capite,</span> <span class='ocrx_word' id='word_1_541' title='bbox 3613 3585 3702 3641; x_wconf 84' lang='lat' dir='ltr'>ita</span> 
     </span>
    </p>
   </div>
   <div class='ocr_carea' id='block_1_41' title="bbox 279 3674 3702 3752">
    <p class='ocr_par' dir='ltr' id='par_1_41' title="bbox 279 3674 3702 3752">
     <span class='ocr_line' id='line_1_41' title="bbox 279 3674 3702 3752; baseline -0.001 -20"><span class='ocrx_word' id='word_1_542' title='bbox 279 3676 513 3732; x_wconf 80' lang='lat' dir='ltr'>dextris</span> <span class='ocrx_word' id='word_1_543' title='bbox 540 3682 595 3730; x_wconf 88' lang='lat' dir='ltr'>et</span> <span class='ocrx_word' id='word_1_544' title='bbox 617 3676 884 3747; x_wconf 89' lang='lat' dir='ltr'>quinque</span> <span class='ocrx_word' id='word_1_545' title='bbox 915 3690 952 3729; x_wconf 90' lang='lat' dir='ltr'>a</span> <span class='ocrx_word' id='word_1_546' title='bbox 979 3674 1254 3741; x_wconf 88' lang='lat' dir='ltr'>sinistris,</span> <span class='ocrx_word' id='word_1_547' title='bbox 1304 3695 1332 3723; x_wconf 83' lang='grc'>››</span> <span class='ocrx_word' id='word_1_548' title='bbox 1383 3675 1802 3730; x_wconf 87' lang='lat' dir='ltr'>convenienter</span> <span class='ocrx_word' id='word_1_549' title='bbox 1832 3675 1940 3730; x_wconf 88' lang='lat' dir='ltr'>ad-</span> <span class='ocrx_word' id='word_1_550' title='bbox 2049 3681 2216 3738; x_wconf 79' lang='lat' dir='ltr'>electi</span> <span class='ocrx_word' id='word_1_551' title='bbox 2251 3695 2463 3736; x_wconf 82' lang='lat' dir='ltr'>omnes</span> <span class='ocrx_word' id='word_1_552' title='bbox 2502 3679 2607 3752; x_wconf 85' lang='lat' dir='ltr'>qui</span> <span class='ocrx_word' id='word_1_553' title='bbox 2644 3679 2707 3733; x_wconf 89' lang='lat' dir='ltr'>in</span> <span class='ocrx_word' id='word_1_554' title='bbox 2735 3678 2949 3734; x_wconf 86' lang='lat' dir='ltr'>eadem</span> <span class='ocrx_word' id='word_1_555' title='bbox 2981 3677 3285 3750; x_wconf 88' lang='lat' dir='ltr'>Scriptura</span> <span class='ocrx_word' id='word_1_556' title='bbox 3313 3691 3485 3734; x_wconf 83' lang='lat' dir='ltr'>sacra</span> <span class='ocrx_word' id='word_1_557' title='bbox 3511 3674 3702 3732; x_wconf 86' lang='lat' dir='ltr'>conti-</span> 
     </span>
    </p>
   </div>
   <div class='ocr_carea' id='block_1_42' title="bbox 288 3763 3705 3839">
    <p class='ocr_par' dir='ltr' id='par_1_42' title="bbox 288 3763 3705 3839">
     <span class='ocr_line' id='line_1_42' title="bbox 288 3763 3705 3839; baseline -0.001 -15"><span class='ocrx_word' id='word_1_558' title='bbox 288 3764 474 3832; x_wconf 65' lang='lat' dir='ltr'>didit,</span> <span class='ocrx_word' id='word_1_559' title='bbox 501 3785 530 3810; x_wconf 79' lang='grc' dir='ltr'>α</span> <span class='ocrx_word' id='word_1_560' title='bbox 561 3768 755 3820; x_wconf 70' lang='lat' dir='ltr'>contra</span> <span class='ocrx_word' id='word_1_561' title='bbox 781 3763 1117 3819; x_wconf 76' lang='lat' dir='ltr'>oraculum.</span> <span class='ocrx_word' id='word_1_562' title='bbox 1143 3783 1172 3812; x_wconf 82' lang='lat'>»</span> <span class='ocrx_word' id='word_1_563' title='bbox 1201 3763 1524 3821; x_wconf 75' lang='lat' dir='ltr'>Graculum</span> <span class='ocrx_word' id='word_1_564' title='bbox 1549 3779 1814 3835; x_wconf 84' lang='lat' dir='ltr'>namque</span> <span class='ocrx_word' id='word_1_565' title='bbox 1837 3763 1942 3818; x_wconf 85' lang='lat' dir='ltr'>ubi</span> <span class='ocrx_word' id='word_1_566' title='bbox 2049 3775 2284 3839; x_wconf 85' lang='lat' dir='ltr'>nentur,</span> <span class='ocrx_word' id='word_1_567' title='bbox 2321 3774 2515 3824; x_wconf 89' lang='lat' dir='ltr'>erecto</span> <span class='ocrx_word' id='word_1_568' title='bbox 2546 3767 2622 3822; x_wconf 89' lang='lat' dir='ltr'>ad</span> <span class='ocrx_word' id='word_1_569' title='bbox 2655 3782 2917 3838; x_wconf 88' lang='lat' dir='ltr'>superna</span> <span class='ocrx_word' id='word_1_570' title='bbox 2949 3781 3152 3834; x_wconf 86' lang='lat' dir='ltr'>sensu,</span> <span class='ocrx_word' id='word_1_571' title='bbox 3177 3765 3445 3821; x_wconf 77' lang='lat' dir='ltr'>ccelestia</span> <span class='ocrx_word' id='word_1_572' title='bbox 3474 3765 3637 3820; x_wconf 89' lang='lat' dir='ltr'>bona</span> <span class='ocrx_word' id='word_1_573' title='bbox 3667 3777 3705 3818; x_wconf 88' lang='lat' dir='ltr'>a</span> 
     </span>
    </p>
   </div>
   <div class='ocr_carea' id='block_1_43' title="bbox 294 3851 3703 3929">
    <p class='ocr_par' dir='ltr' id='par_1_43' title="bbox 294 3851 3703 3929">
     <span class='ocr_line' id='line_1_43' title="bbox 294 3851 3703 3929; baseline -0.001 -22"><span class='ocrx_word' id='word_1_574' title='bbox 294 3856 430 3908; x_wconf 87' lang='lat' dir='ltr'>erat</span> <span class='ocrx_word' id='word_1_575' title='bbox 459 3866 615 3917; x_wconf 89' lang='lat' dir='ltr'>arca,</span> <span class='ocrx_word' id='word_1_576' title='bbox 648 3857 702 3906; x_wconf 87' lang='lat' dir='ltr'>ut</span> <span class='ocrx_word' id='word_1_577' title='bbox 719 3868 872 3925; x_wconf 80' lang='lat' dir='ltr'>saepe</span> <span class='ocrx_word' id='word_1_578' title='bbox 899 3851 1128 3908; x_wconf 88' lang='lat' dir='ltr'>dictum</span> <span class='ocrx_word' id='word_1_579' title='bbox 1149 3857 1255 3920; x_wconf 89' lang='lat' dir='ltr'>est,</span> <span class='ocrx_word' id='word_1_580' title='bbox 1277 3852 1509 3908; x_wconf 87' lang='lat' dir='ltr'>aditum</span> <span class='ocrx_word' id='word_1_581' title='bbox 1536 3851 1817 3922; x_wconf 79' lang='lat' dir='ltr'>designat</span> <span class='ocrx_word' id='word_1_582' title='bbox 1836 3867 1941 3924; x_wconf 89' lang='lat' dir='ltr'>pa-</span> <span class='ocrx_word' id='word_1_583' title='bbox 2051 3859 2305 3914; x_wconf 84' lang='lat' dir='ltr'>Domino</span> <span class='ocrx_word' id='word_1_584' title='bbox 2325 3856 2612 3929; x_wconf 80' lang='lat' dir='ltr'>quaesisse</span> <span class='ocrx_word' id='word_1_585' title='bbox 2633 3859 2690 3910; x_wconf 88' lang='lat' dir='ltr'>et</span> <span class='ocrx_word' id='word_1_586' title='bbox 2710 3855 3046 3926; x_wconf 83' lang='lat' dir='ltr'>percepisse</span> <span class='ocrx_word' id='word_1_587' title='bbox 3069 3854 3419 3926; x_wconf 81' lang='lat' dir='ltr'>probantur.</span> <span class='ocrx_word' id='word_1_588' title='bbox 3437 3874 3467 3900; x_wconf 84' lang='lat'>«</span> <span class='ocrx_word' id='word_1_589' title='bbox 3491 3854 3555 3906; x_wconf 88' lang='lat' dir='ltr'>Et</span> <span class='ocrx_word' id='word_1_590' title='bbox 3573 3863 3703 3905; x_wconf 87' lang='lat' dir='ltr'>car-</span> 
     </span>
    </p>
   </div>
   <div class='ocr_carea' id='block_1_44' title="bbox 291 3940 3706 4015">
    <p class='ocr_par' dir='ltr' id='par_1_44' title="bbox 291 3940 3706 4015">
     <span class='ocr_line' id='line_1_44' title="bbox 291 3940 3706 4015; baseline -0.002 -16"><span class='ocrx_word' id='word_1_591' title='bbox 291 3941 422 3999; x_wconf 72' lang='lat' dir='ltr'>triae</span> <span class='ocrx_word' id='word_1_592' title='bbox 452 3940 720 4010; x_wconf 71' lang='lat' dir='ltr'>caelestis,</span> <span class='ocrx_word' id='word_1_593' title='bbox 751 3942 855 3997; x_wconf 91' lang='lat' dir='ltr'>ubi</span> <span class='ocrx_word' id='word_1_594' title='bbox 894 3941 1158 3998; x_wconf 80' lang='lat' dir='ltr'>Christus</span> <span class='ocrx_word' id='word_1_595' title='bbox 1186 3942 1247 3997; x_wconf 89' lang='lat' dir='ltr'>in</span> <span class='ocrx_word' id='word_1_596' title='bbox 1275 3942 1518 3997; x_wconf 84' lang='lat' dir='ltr'>dextera</span> <span class='ocrx_word' id='word_1_597' title='bbox 1565 3942 1662 3996; x_wconf 90' lang='lat' dir='ltr'>Dei</span> <span class='ocrx_word' id='word_1_598' title='bbox 1703 3942 1941 4009; x_wconf 88' lang='lat' dir='ltr'>sedens,</span> <span class='ocrx_word' id='word_1_599' title='bbox 2051 3948 2221 4002; x_wconf 89' lang='lat' dir='ltr'>dines</span> <span class='ocrx_word' id='word_1_600' title='bbox 2243 3947 2532 4002; x_wconf 87' lang='lat' dir='ltr'>ostiorum</span> <span class='ocrx_word' id='word_1_601' title='bbox 2549 3945 2768 4000; x_wconf 90' lang='lat' dir='ltr'>domus</span> <span class='ocrx_word' id='word_1_602' title='bbox 2787 3943 2991 4015; x_wconf 86' lang='lat' dir='ltr'>templi</span> <span class='ocrx_word' id='word_1_603' title='bbox 3009 3942 3303 3998; x_wconf 87' lang='lat' dir='ltr'>interioris</span> <span class='ocrx_word' id='word_1_604' title='bbox 3321 3940 3517 3998; x_wconf 84' lang='lat' dir='ltr'>Sancti</span> <span class='ocrx_word' id='word_1_605' title='bbox 3535 3955 3706 3995; x_wconf 84' lang='lat' dir='ltr'>sanc-</span> 
     </span>
    </p>
   </div>
   <div class='ocr_carea' id='block_1_45' title="bbox 283 4019 3702 4104">
    <p class='ocr_par' dir='ltr' id='par_1_45' title="bbox 283 4019 3702 4104">
     <span class='ocr_line' id='line_1_45' title="bbox 283 4019 3702 4104; baseline -0.003 -16"><span class='ocrx_word' id='word_1_606' title='bbox 283 4036 676 4104; x_wconf 76' lang='lat' dir='ltr'>paternorum</span> <span class='ocrx_word' id='word_1_607' title='bbox 704 4031 910 4103; x_wconf 87' lang='lat' dir='ltr'>utique</span> <span class='ocrx_word' id='word_1_608' title='bbox 932 4031 1209 4086; x_wconf 90' lang='lat' dir='ltr'>conscius</span> <span class='ocrx_word' id='word_1_609' title='bbox 1233 4019 1613 4087; x_wconf 70' lang='lat' dir='ltr'>arcanorum.</span> <span class='ocrx_word' id='word_1_610' title='bbox 1639 4034 1706 4085; x_wconf 87' lang='lat' dir='ltr'>Et</span> <span class='ocrx_word' id='word_1_611' title='bbox 1729 4029 1947 4085; x_wconf 88' lang='lat' dir='ltr'>cande-</span> <span class='ocrx_word' id='word_1_612' title='bbox 2051 4042 2269 4104; x_wconf 68' lang='lat' dir='ltr'>torum,</span> <span class='ocrx_word' id='word_1_613' title='bbox 2291 4040 2348 4091; x_wconf 76' lang='lat' dir='ltr'>et</span> <span class='ocrx_word' id='word_1_614' title='bbox 2373 4035 2663 4090; x_wconf 73' lang='lat' dir='ltr'>ostiorum</span> <span class='ocrx_word' id='word_1_615' title='bbox 2693 4032 2914 4088; x_wconf 84' lang='lat' dir='ltr'>domus</span> <span class='ocrx_word' id='word_1_616' title='bbox 2944 4031 3150 4104; x_wconf 83' lang='lat' dir='ltr'>templi</span> <span class='ocrx_word' id='word_1_617' title='bbox 3175 4047 3248 4087; x_wconf 76' lang='lat' dir='ltr'>ex</span> <span class='ocrx_word' id='word_1_618' title='bbox 3275 4045 3423 4087; x_wconf 75' lang='lat' dir='ltr'>auro</span> <span class='ocrx_word' id='word_1_619' title='bbox 3453 4032 3641 4085; x_wconf 72' lang='lat' dir='ltr'>erant,</span> <span class='ocrx_word' id='word_1_620' title='bbox 3675 4045 3702 4077; x_wconf 68' lang='grc' dir='ltr'><strong><em>ι</em></strong></span> 
     </span>
    </p>
   </div>
   <div class='ocr_carea' id='block_1_46' title="bbox 277 4119 3704 4192">
    <p class='ocr_par' dir='ltr' id='par_1_46' title="bbox 277 4119 3704 4192">
     <span class='ocr_line' id='line_1_46' title="bbox 277 4119 3704 4192; baseline 0 -19"><span class='ocrx_word' id='word_1_621' title='bbox 277 4120 458 4177; x_wconf 83' lang='lat' dir='ltr'>labra</span> <span class='ocrx_word' id='word_1_622' title='bbox 491 4119 697 4192; x_wconf 88' lang='lat' dir='ltr'>templi</span> <span class='ocrx_word' id='word_1_623' title='bbox 719 4135 926 4184; x_wconf 87' lang='lat' dir='ltr'>aurea,</span> <span class='ocrx_word' id='word_1_624' title='bbox 955 4124 1164 4176; x_wconf 86' lang='lat' dir='ltr'>contra</span> <span class='ocrx_word' id='word_1_625' title='bbox 1189 4119 1501 4176; x_wconf 89' lang='lat' dir='ltr'>oraculum</span> <span class='ocrx_word' id='word_1_626' title='bbox 1541 4123 1684 4175; x_wconf 88' lang='lat' dir='ltr'>sunt</span> <span class='ocrx_word' id='word_1_627' title='bbox 1727 4119 1942 4191; x_wconf 78' lang='lat' dir='ltr'>posita,</span> <span class='ocrx_word' id='word_1_628' title='bbox 2053 4127 2214 4182; x_wconf 87' lang='lat' dir='ltr'>Ostia</span> <span class='ocrx_word' id='word_1_629' title='bbox 2261 4124 2421 4181; x_wconf 83' lang='lat' dir='ltr'>enim</span> <span class='ocrx_word' id='word_1_630' title='bbox 2451 4123 2673 4179; x_wconf 88' lang='lat' dir='ltr'>domus</span> <span class='ocrx_word' id='word_1_631' title='bbox 2723 4121 3038 4189; x_wconf 88' lang='lat' dir='ltr'>interioris,</span> <span class='ocrx_word' id='word_1_632' title='bbox 3091 4122 3290 4177; x_wconf 82' lang='lat' dir='ltr'>Sancti</span> <span class='ocrx_word' id='word_1_633' title='bbox 3327 4125 3704 4190; x_wconf 84' lang='lat' dir='ltr'>sanctorum,</span> 
     </span>
    </p>
   </div>
   <div class='ocr_carea' id='block_1_47' title="bbox 277 4207 3707 4285">
    <p class='ocr_par' dir='ltr' id='par_1_47' title="bbox 277 4207 3707 4285">
     <span class='ocr_line' id='line_1_47' title="bbox 277 4207 3707 4285; baseline 0 -20"><span class='ocrx_word' id='word_1_634' title='bbox 277 4211 426 4283; x_wconf 88' lang='lat' dir='ltr'>quia</span> <span class='ocrx_word' id='word_1_635' title='bbox 441 4209 651 4264; x_wconf 88' lang='lat' dir='ltr'>divina</span> <span class='ocrx_word' id='word_1_636' title='bbox 671 4207 910 4281; x_wconf 78' lang='lat' dir='ltr'>eloquia</span> <span class='ocrx_word' id='word_1_637' title='bbox 934 4225 1172 4281; x_wconf 89' lang='lat' dir='ltr'>semper</span> <span class='ocrx_word' id='word_1_638' title='bbox 1193 4210 1271 4265; x_wconf 89' lang='lat' dir='ltr'>ad</span> <span class='ocrx_word' id='word_1_639' title='bbox 1291 4209 1720 4264; x_wconf 86' lang='lat' dir='ltr'>habitationem</span> <span class='ocrx_word' id='word_1_640' title='bbox 1742 4223 1945 4280; x_wconf 88' lang='lat' dir='ltr'>super-</span> <span class='ocrx_word' id='word_1_641' title='bbox 2053 4216 2324 4285; x_wconf 78' lang='lat' dir='ltr'>angelica</span> <span class='ocrx_word' id='word_1_642' title='bbox 2373 4218 2511 4270; x_wconf 80' lang='lat' dir='ltr'>sunt</span> <span class='ocrx_word' id='word_1_643' title='bbox 2562 4212 2908 4282; x_wconf 86' lang='lat' dir='ltr'>ministeria,</span> <span class='ocrx_word' id='word_1_644' title='bbox 2957 4227 3092 4285; x_wconf 80' lang='lat' dir='ltr'>quae</span> <span class='ocrx_word' id='word_1_645' title='bbox 3130 4211 3308 4268; x_wconf 89' lang='lat' dir='ltr'>nobis</span> <span class='ocrx_word' id='word_1_646' title='bbox 3345 4211 3420 4267; x_wconf 92' lang='lat' dir='ltr'>de</span> <span class='ocrx_word' id='word_1_647' title='bbox 3459 4221 3707 4282; x_wconf 76' lang='lat' dir='ltr'>corpore</span> 
     </span>
    </p>
   </div>
   <div class='ocr_carea' id='block_1_48' title="bbox 278 4298 3709 4404">
    <p class='ocr_par' dir='ltr' id='par_1_48' title="bbox 278 4298 3709 4404">
     <span class='ocr_line' id='line_1_48' title="bbox 278 4298 3709 4404; baseline -0.001 -49"><span class='ocrx_word' id='word_1_648' title='bbox 278 4315 374 4404; x_wconf 50' lang='lat' dir='ltr'>na?</span> <span class='ocrx_word' id='word_1_649' title='bbox 405 4298 664 4397; x_wconf 71' lang='lat' dir='ltr'>civitatis</span> <span class='ocrx_word' id='word_1_650' title='bbox 695 4303 1022 4404; x_wconf 63' lang='lat' dir='ltr'>aspectant,</span> <span class='ocrx_word' id='word_1_651' title='bbox 1053 4304 1117 4354; x_wconf 90' lang='lat' dir='ltr'>ut</span> <span class='ocrx_word' id='word_1_652' title='bbox 1144 4298 1723 4404; x_wconf 43' lang='lat' dir='ltr'>hujus’agnitionem</span> <span class='ocrx_word' id='word_1_653' title='bbox 1751 4299 1828 4396; x_wconf 81' lang='lat' dir='ltr'>ad</span> <span class='ocrx_word' id='word_1_654' title='bbox 1849 4298 1948 4396; x_wconf 81' lang='lat' dir='ltr'>de-</span> <span class='ocrx_word' id='word_1_655' title='bbox 1979 4351 2020 4404; x_wconf 67' lang='grc' dir='ltr'>Β</span> <span class='ocrx_word' id='word_1_656' title='bbox 2053 4305 2306 4374; x_wconf 88' lang='lat' dir='ltr'>egressis</span> <span class='ocrx_word' id='word_1_657' title='bbox 2335 4303 2644 4360; x_wconf 84' lang='lat' dir='ltr'>introitum</span> <span class='ocrx_word' id='word_1_658' title='bbox 2673 4303 2799 4358; x_wconf 80' lang='lat' dir='ltr'>vitae</span> <span class='ocrx_word' id='word_1_659' title='bbox 2831 4302 3083 4358; x_wconf 78' lang='lat' dir='ltr'>caelestis</span> <span class='ocrx_word' id='word_1_660' title='bbox 3109 4306 3396 4359; x_wconf 87' lang='lat' dir='ltr'>reserant.</span> <span class='ocrx_word' id='word_1_661' title='bbox 3442 4301 3513 4356; x_wconf 74' lang='lat' dir='ltr'>Et</span> <span class='ocrx_word' id='word_1_662' title='bbox 3549 4298 3709 4355; x_wconf 83' lang='lat' dir='ltr'>ostia</span> 
     </span>
    </p>
   </div>
   <div class='ocr_carea' id='block_1_49' title="bbox 280 4386 3706 4467">
    <p class='ocr_par' dir='ltr' id='par_1_49' title="bbox 280 4386 3706 4467">
     <span class='ocr_line' id='line_1_49' title="bbox 280 4386 3706 4467; baseline -0.001 -23"><span class='ocrx_word' id='word_1_663' title='bbox 280 4388 577 4444; x_wconf 87' lang='lat' dir='ltr'>siderium</span> <span class='ocrx_word' id='word_1_664' title='bbox 598 4387 821 4443; x_wconf 86' lang='lat' dir='ltr'>nostris</span> <span class='ocrx_word' id='word_1_665' title='bbox 837 4387 1120 4442; x_wconf 89' lang='lat' dir='ltr'>cordibus</span> <span class='ocrx_word' id='word_1_666' title='bbox 1138 4387 1486 4444; x_wconf 85' lang='lat' dir='ltr'>infundant:</span> <span class='ocrx_word' id='word_1_667' title='bbox 1511 4392 1568 4443; x_wconf 90' lang='lat' dir='ltr'>et</span> <span class='ocrx_word' id='word_1_668' title='bbox 1586 4403 1690 4443; x_wconf 91' lang='lat' dir='ltr'>eos</span> <span class='ocrx_word' id='word_1_669' title='bbox 1707 4387 1814 4460; x_wconf 88' lang='lat' dir='ltr'>qui</span> <span class='ocrx_word' id='word_1_670' title='bbox 1833 4386 1948 4442; x_wconf 91' lang='lat' dir='ltr'>ori-</span> <span class='ocrx_word' id='word_1_671' title='bbox 1979 4386 2020 4404; x_wconf 83' lang='lat'>”</span> <span class='ocrx_word' id='word_1_672' title='bbox 2053 4394 2274 4450; x_wconf 77' lang='lat' dir='ltr'>domus</span> <span class='ocrx_word' id='word_1_673' title='bbox 2303 4393 2510 4467; x_wconf 73' lang='lat' dir='ltr'>templi</span> <span class='ocrx_word' id='word_1_674' title='bbox 2545 4392 2824 4448; x_wconf 68' lang='lat' dir='ltr'>doctores</span> <span class='ocrx_word' id='word_1_675' title='bbox 2855 4396 2997 4448; x_wconf 83' lang='lat' dir='ltr'>sunt</span> <span class='ocrx_word' id='word_1_676' title='bbox 3027 4392 3216 4447; x_wconf 75' lang='lat' dir='ltr'>sancti</span> <span class='ocrx_word' id='word_1_677' title='bbox 3247 4403 3318 4448; x_wconf 70' lang='lat' dir='ltr'>ac</span> <span class='ocrx_word' id='word_1_678' title='bbox 3347 4388 3706 4451; x_wconf 79' lang='lat' dir='ltr'>sacerdotes,</span> 
     </span>
    </p>
   </div>
   <div class='ocr_carea' id='block_1_50' title="bbox 279 4475 3712 4556">
    <p class='ocr_par' dir='ltr' id='par_1_50' title="bbox 279 4475 3712 4556">
     <span class='ocr_line' id='line_1_50' title="bbox 279 4475 3712 4556; baseline -0.002 -22"><span class='ocrx_word' id='word_1_679' title='bbox 279 4478 490 4550; x_wconf 88' lang='lat' dir='ltr'>ginem</span> <span class='ocrx_word' id='word_1_680' title='bbox 510 4477 710 4534; x_wconf 86' lang='lat' dir='ltr'>carnis</span> <span class='ocrx_word' id='word_1_681' title='bbox 733 4481 1016 4533; x_wconf 59' lang='lat' dir='ltr'>aeternam</span> <span class='ocrx_word' id='word_1_682' title='bbox 1036 4478 1277 4546; x_wconf 86' lang='lat' dir='ltr'>habent,</span> <span class='ocrx_word' id='word_1_683' title='bbox 1298 4479 1376 4534; x_wconf 88' lang='lat' dir='ltr'>ad</span> <span class='ocrx_word' id='word_1_684' title='bbox 1395 4477 1800 4551; x_wconf 82' lang='lat' dir='ltr'>appetendam</span> <span class='ocrx_word' id='word_1_685' title='bbox 1815 4493 1949 4550; x_wconf 85' lang='lat' dir='ltr'>pro-</span> <span class='ocrx_word' id='word_1_686' title='bbox 2003 4505 2006 4508; x_wconf 56' lang='grc' dir='ltr'>λ</span> <span class='ocrx_word' id='word_1_687' title='bbox 2051 4483 2158 4556; x_wconf 86' lang='lat' dir='ltr'>qui</span> <span class='ocrx_word' id='word_1_688' title='bbox 2196 4483 2570 4549; x_wconf 87' lang='lat' dir='ltr'>i—nstruendo,</span> <span class='ocrx_word' id='word_1_689' title='bbox 2609 4481 2995 4553; x_wconf 86' lang='lat' dir='ltr'>baptizando,</span> <span class='ocrx_word' id='word_1_690' title='bbox 3053 4480 3287 4534; x_wconf 81' lang='lat' dir='ltr'>Domini</span> <span class='ocrx_word' id='word_1_691' title='bbox 3336 4475 3602 4547; x_wconf 84' lang='lat' dir='ltr'>corporis</span> <span class='ocrx_word' id='word_1_692' title='bbox 3653 4477 3712 4529; x_wconf 73' lang='lat' dir='ltr'>et</span> 
     </span>
    </p>
   </div>
   <div class='ocr_carea' id='block_1_51' title="bbox 280 4560 3709 4644">
    <p class='ocr_par' dir='ltr' id='par_1_51' title="bbox 280 4560 3709 4644">
     <span class='ocr_line' id='line_1_51' title="bbox 280 4560 3709 4644; baseline -0.001 -20"><span class='ocrx_word' id='word_1_693' title='bbox 280 4567 764 4639; x_wconf 86' lang='lat' dir='ltr'>merendamque</span> <span class='ocrx_word' id='word_1_694' title='bbox 786 4566 846 4621; x_wconf 90' lang='lat' dir='ltr'>in</span> <span class='ocrx_word' id='word_1_695' title='bbox 871 4566 1208 4623; x_wconf 71' lang='lat' dir='ltr'>coelestibus</span> <span class='ocrx_word' id='word_1_696' title='bbox 1231 4567 1436 4624; x_wconf 89' lang='lat' dir='ltr'>sedem</span> <span class='ocrx_word' id='word_1_697' title='bbox 1459 4573 1761 4639; x_wconf 65' lang='lat' dir='ltr'>perpetua:</span> <span class='ocrx_word' id='word_1_698' title='bbox 1779 4581 1948 4622; x_wconf 88' lang='lat' dir='ltr'>man—</span> <span class='ocrx_word' id='word_1_699' title='bbox 2055 4572 2364 4644; x_wconf 67' lang='lat' dir='ltr'>sanguinis</span> <span class='ocrx_word' id='word_1_700' title='bbox 2405 4570 2688 4643; x_wconf 81' lang='lat' dir='ltr'>mysteria</span> <span class='ocrx_word' id='word_1_701' title='bbox 2715 4568 3242 4635; x_wconf 83' lang='lat' dir='ltr'>communicando,</span> <span class='ocrx_word' id='word_1_702' title='bbox 3291 4565 3490 4636; x_wconf 77' lang='lat' dir='ltr'>prima</span> <span class='ocrx_word' id='word_1_703' title='bbox 3531 4560 3709 4615; x_wconf 75' lang='lat' dir='ltr'>nobis</span> 
     </span>
    </p>
   </div>
   <div class='ocr_carea' id='block_1_52' title="bbox 279 4648 3709 4733">
    <p class='ocr_par' dir='ltr' id='par_1_52' title="bbox 279 4648 3709 4733">
     <span class='ocr_line' id='line_1_52' title="bbox 279 4648 3709 4733; baseline -0.003 -20"><span class='ocrx_word' id='word_1_704' title='bbox 279 4657 471 4713; x_wconf 86' lang='lat' dir='ltr'>sionis</span> <span class='ocrx_word' id='word_1_705' title='bbox 495 4655 917 4714; x_wconf 86' lang='lat' dir='ltr'>accendant.Si</span> <span class='ocrx_word' id='word_1_706' title='bbox 932 4660 1132 4711; x_wconf 89' lang='lat' dir='ltr'>autem</span> <span class='ocrx_word' id='word_1_707' title='bbox 1149 4657 1372 4729; x_wconf 67' lang='lat' dir='ltr'>qureris</span> <span class='ocrx_word' id='word_1_708' title='bbox 1395 4656 1544 4729; x_wconf 89' lang='lat' dir='ltr'>quid</span> <span class='ocrx_word' id='word_1_709' title='bbox 1563 4657 1714 4712; x_wconf 90' lang='lat' dir='ltr'>inter</span> <span class='ocrx_word' id='word_1_710' title='bbox 1735 4657 1949 4712; x_wconf 86' lang='lat' dir='ltr'>cande-</span> <span class='ocrx_word' id='word_1_711' title='bbox 2057 4661 2327 4717; x_wconf 64' lang='lat' dir='ltr'>Ecclesiae</span> <span class='ocrx_word' id='word_1_712' title='bbox 2351 4659 2664 4733; x_wconf 72' lang='lat' dir='ltr'>praesentis</span> <span class='ocrx_word' id='word_1_713' title='bbox 2690 4658 2900 4712; x_wconf 86' lang='lat' dir='ltr'>limina</span> <span class='ocrx_word' id='word_1_714' title='bbox 2923 4655 3220 4728; x_wconf 75' lang='lat' dir='ltr'>pandunt.</span> <span class='ocrx_word' id='word_1_715' title='bbox 3251 4650 3406 4716; x_wconf 76' lang='lat' dir='ltr'>Quid</span> <span class='ocrx_word' id='word_1_716' title='bbox 3434 4648 3709 4704; x_wconf 81' lang='lat' dir='ltr'>cardines</span> 
     </span>
    </p>
   </div>
   <div class='ocr_carea' id='block_1_53' title="bbox 285 4737 3712 4820">
    <p class='ocr_par' dir='ltr' id='par_1_53' title="bbox 285 4737 3712 4820">
     <span class='ocr_line' id='line_1_53' title="bbox 285 4737 3712 4820; baseline -0 -18"><span class='ocrx_word' id='word_1_717' title='bbox 285 4746 460 4802; x_wconf 82' lang='lat' dir='ltr'>labra</span> <span class='ocrx_word' id='word_1_718' title='bbox 491 4752 550 4801; x_wconf 91' lang='lat' dir='ltr'>et</span> <span class='ocrx_word' id='word_1_719' title='bbox 581 4746 860 4801; x_wconf 89' lang='lat' dir='ltr'>lucernas</span> <span class='ocrx_word' id='word_1_720' title='bbox 887 4760 1099 4800; x_wconf 89' lang='lat' dir='ltr'>eorum</span> <span class='ocrx_word' id='word_1_721' title='bbox 1135 4747 1334 4818; x_wconf 85' lang='lat' dir='ltr'>typice</span> <span class='ocrx_word' id='word_1_722' title='bbox 1363 4745 1590 4800; x_wconf 82' lang='lat' dir='ltr'>distet?</span> <span class='ocrx_word' id='word_1_723' title='bbox 1620 4758 1945 4818; x_wconf 87' lang='lat' dir='ltr'>possumus</span> <span class='ocrx_word' id='word_1_724' title='bbox 2053 4756 2447 4820; x_wconf 83' lang='lat' dir='ltr'>utrorumque</span> <span class='ocrx_word' id='word_1_725' title='bbox 2477 4750 2766 4803; x_wconf 87' lang='lat' dir='ltr'>ostiorum</span> <span class='ocrx_word' id='word_1_726' title='bbox 2812 4745 2924 4800; x_wconf 82' lang='lat' dir='ltr'>nisi</span> <span class='ocrx_word' id='word_1_727' title='bbox 2971 4757 3182 4796; x_wconf 68' lang='lat' dir='ltr'>sensus</span> <span class='ocrx_word' id='word_1_728' title='bbox 3229 4746 3288 4796; x_wconf 81' lang='lat' dir='ltr'>et</span> <span class='ocrx_word' id='word_1_729' title='bbox 3335 4737 3520 4794; x_wconf 72' lang='lat' dir='ltr'>Corda</span> <span class='ocrx_word' id='word_1_730' title='bbox 3563 4741 3712 4794; x_wconf 53' lang='lat' dir='ltr'>sunt</span> 
     </span>
    </p>
   </div>
   <div class='ocr_carea' id='block_1_54' title="bbox 279 4829 3709 4906">
    <p class='ocr_par' dir='ltr' id='par_1_54' title="bbox 279 4829 3709 4906">
     <span class='ocr_line' id='line_1_54' title="bbox 279 4829 3709 4906; baseline -0.003 -14"><span class='ocrx_word' id='word_1_731' title='bbox 279 4842 443 4892; x_wconf 77' lang='lat' dir='ltr'>recte</span> <span class='ocrx_word' id='word_1_732' title='bbox 472 4835 798 4904; x_wconf 84' lang='lat' dir='ltr'>intelligere</span> <span class='ocrx_word' id='word_1_733' title='bbox 830 4835 1105 4891; x_wconf 89' lang='lat' dir='ltr'>lucernas</span> <span class='ocrx_word' id='word_1_734' title='bbox 1143 4850 1272 4890; x_wconf 88' lang='lat' dir='ltr'>esse</span> <span class='ocrx_word' id='word_1_735' title='bbox 1319 4835 1481 4890; x_wconf 86' lang='lat' dir='ltr'>viros</span> <span class='ocrx_word' id='word_1_736' title='bbox 1538 4839 1799 4905; x_wconf 86' lang='lat' dir='ltr'>sanctos,</span> <span class='ocrx_word' id='word_1_737' title='bbox 1843 4833 1947 4906; x_wconf 90' lang='lat' dir='ltr'>qui</span> <span class='ocrx_word' id='word_1_738' title='bbox 2055 4836 2408 4894; x_wconf 88' lang='lat' dir='ltr'>eorumdem</span> <span class='ocrx_word' id='word_1_739' title='bbox 2455 4835 2808 4905; x_wconf 85' lang='lat' dir='ltr'>angelorum</span> <span class='ocrx_word' id='word_1_740' title='bbox 2840 4832 2961 4887; x_wconf 89' lang='lat' dir='ltr'>sive</span> <span class='ocrx_word' id='word_1_741' title='bbox 2991 4829 3309 4885; x_wconf 87' lang='lat' dir='ltr'>hominum</span> <span class='ocrx_word' id='word_1_742' title='bbox 3329 4832 3709 4898; x_wconf 85' lang='lat' dir='ltr'>sanctorum,</span> 
     </span>
    </p>
   </div>
   <div class='ocr_carea' id='block_1_55' title="bbox 286 4917 3713 5000">
    <p class='ocr_par' dir='ltr' id='par_1_55' title="bbox 286 4917 3713 5000">
     <span class='ocr_line' id='line_1_55' title="bbox 286 4917 3713 5000; baseline -0.002 -20"><span class='ocrx_word' id='word_1_743' title='bbox 286 4925 426 4980; x_wconf 72' lang='lat' dir='ltr'>oleo</span> <span class='ocrx_word' id='word_1_744' title='bbox 456 4927 706 4997; x_wconf 83' lang='lat' dir='ltr'>Spiritus</span> <span class='ocrx_word' id='word_1_745' title='bbox 735 4925 930 4980; x_wconf 87' lang='lat' dir='ltr'>sancti</span> <span class='ocrx_word' id='word_1_746' title='bbox 959 4924 1162 4996; x_wconf 85' lang='lat' dir='ltr'>infusi,</span> <span class='ocrx_word' id='word_1_747' title='bbox 1212 4928 1269 4980; x_wconf 89' lang='lat' dir='ltr'>et</span> <span class='ocrx_word' id='word_1_748' title='bbox 1313 4924 1426 4996; x_wconf 90' lang='lat' dir='ltr'>ipsi</span> <span class='ocrx_word' id='word_1_749' title='bbox 1455 4924 1591 4995; x_wconf 89' lang='lat' dir='ltr'>igne</span> <span class='ocrx_word' id='word_1_750' title='bbox 1617 4923 1947 4980; x_wconf 86' lang='lat' dir='ltr'>dilectionis</span> <span class='ocrx_word' id='word_1_751' title='bbox 2056 4925 2276 5000; x_wconf 86' lang='lat' dir='ltr'>quibus</span> <span class='ocrx_word' id='word_1_752' title='bbox 2300 4922 2749 4978; x_wconf 86' lang='lat' dir='ltr'>immutabiliter</span> <span class='ocrx_word' id='word_1_753' title='bbox 2777 4919 3264 4993; x_wconf 84' lang='lat' dir='ltr'>contemplationi</span> <span class='ocrx_word' id='word_1_754' title='bbox 3306 4936 3376 4976; x_wconf 90' lang='lat' dir='ltr'>ac</span> <span class='ocrx_word' id='word_1_755' title='bbox 3408 4917 3713 4975; x_wconf 78' lang='lat' dir='ltr'>dilectioni</span> 
     </span>
    </p>
   </div>
   <div class='ocr_carea' id='block_1_56' title="bbox 289 5008 3712 5087">
    <p class='ocr_par' dir='ltr' id='par_1_56' title="bbox 289 5008 3712 5087">
     <span class='ocr_line' id='line_1_56' title="bbox 289 5008 3712 5087; baseline -0.001 -20"><span class='ocrx_word' id='word_1_756' title='bbox 289 5013 585 5070; x_wconf 75' lang='lat' dir='ltr'>ardentm</span> <span class='ocrx_word' id='word_1_757' title='bbox 610 5013 815 5083; x_wconf 74' lang='lat' dir='ltr'>corde,</span> <span class='ocrx_word' id='word_1_758' title='bbox 845 5019 904 5070; x_wconf 87' lang='lat' dir='ltr'>et</span> <span class='ocrx_word' id='word_1_759' title='bbox 929 5014 1217 5087; x_wconf 84' lang='lat' dir='ltr'>proximis</span> <span class='ocrx_word' id='word_1_760' title='bbox 1241 5014 1438 5070; x_wconf 91' lang='lat' dir='ltr'>lucem</span> <span class='ocrx_word' id='word_1_761' title='bbox 1467 5014 1723 5070; x_wconf 79' lang='lat' dir='ltr'>scientiae</span> <span class='ocrx_word' id='word_1_762' title='bbox 1743 5013 1947 5085; x_wconf 68' lang='lat' dir='ltr'>praefe—</span> <span class='ocrx_word' id='word_1_763' title='bbox 2051 5015 2152 5071; x_wconf 83' lang='lat' dir='ltr'>sui</span> <span class='ocrx_word' id='word_1_764' title='bbox 2173 5012 2506 5072; x_wconf 87' lang='lat' dir='ltr'>Conditoris</span> <span class='ocrx_word' id='word_1_765' title='bbox 2536 5012 2862 5078; x_wconf 65' lang='lat' dir='ltr'>adhaerent,</span> <span class='ocrx_word' id='word_1_766' title='bbox 2893 5015 2957 5067; x_wconf 87' lang='lat' dir='ltr'>ut</span> <span class='ocrx_word' id='word_1_767' title='bbox 2985 5025 3056 5066; x_wconf 88' lang='lat' dir='ltr'>eo</span> <span class='ocrx_word' id='word_1_768' title='bbox 3076 5009 3471 5067; x_wconf 67' lang='lat' dir='ltr'>ministerium</span> <span class='ocrx_word' id='word_1_769' title='bbox 3494 5008 3712 5065; x_wconf 45' lang='lat' dir='ltr'>divini:-</span> 
     </span>
    </p>
   </div>
   <div class='ocr_carea' id='block_1_57' title="bbox 295 5098 3711 5176">
    <p class='ocr_par' dir='ltr' id='par_1_57' title="bbox 295 5098 3711 5176">
     <span class='ocr_line' id='line_1_57' title="bbox 295 5098 3711 5176; baseline -0.002 -14"><span class='ocrx_word' id='word_1_770' title='bbox 295 5102 447 5156; x_wconf 71' lang='lat' dir='ltr'>run!</span> <span class='ocrx_word' id='word_1_771' title='bbox 463 5102 521 5157; x_wconf 82' lang='lat' dir='ltr'>in</span> <span class='ocrx_word' id='word_1_772' title='bbox 538 5103 759 5176; x_wconf 85' lang='lat' dir='ltr'>lingua.</span> <span class='ocrx_word' id='word_1_773' title='bbox 777 5103 1150 5161; x_wconf 81' lang='lat' dir='ltr'>Candelabra</span> <span class='ocrx_word' id='word_1_774' title='bbox 1171 5108 1372 5160; x_wconf 87' lang='lat' dir='ltr'>autem</span> <span class='ocrx_word' id='word_1_775' title='bbox 1387 5119 1526 5176; x_wconf 80' lang='lat' dir='ltr'>quae</span> <span class='ocrx_word' id='word_1_776' title='bbox 1545 5104 1657 5160; x_wconf 87' lang='lat' dir='ltr'>has</span> <span class='ocrx_word' id='word_1_777' title='bbox 1671 5103 1947 5159; x_wconf 88' lang='lat' dir='ltr'>lucernas</span> <span class='ocrx_word' id='word_1_778' title='bbox 2053 5111 2150 5164; x_wconf 79' lang='lat' dir='ltr'>tus</span> <span class='ocrx_word' id='word_1_779' title='bbox 2183 5103 2294 5160; x_wconf 90' lang='lat' dir='ltr'>sibi</span> <span class='ocrx_word' id='word_1_780' title='bbox 2319 5101 2662 5173; x_wconf 88' lang='lat' dir='ltr'>delegatum</span> <span class='ocrx_word' id='word_1_781' title='bbox 2691 5105 2847 5158; x_wconf 87' lang='lat' dir='ltr'>recte</span> <span class='ocrx_word' id='word_1_782' title='bbox 2875 5100 3241 5174; x_wconf 88' lang='lat' dir='ltr'>compleant,</span> <span class='ocrx_word' id='word_1_783' title='bbox 3286 5115 3410 5174; x_wconf 85' lang='lat' dir='ltr'>quo</span> <span class='ocrx_word' id='word_1_784' title='bbox 3428 5111 3473 5156; x_wconf 26' lang='lat' dir='ltr'>ra</span> <span class='ocrx_word' id='word_1_785' title='bbox 3497 5098 3711 5155; x_wconf 62' lang='lat' dir='ltr'>volun»</span> 
     </span>
    </p>
   </div>
   <div class='ocr_carea' id='block_1_58' title="bbox 298 5191 3710 5266">
    <p class='ocr_par' dir='ltr' id='par_1_58' title="bbox 298 5191 3710 5266">
     <span class='ocr_line' id='line_1_58' title="bbox 298 5191 3710 5266; baseline -0.001 -20"><span class='ocrx_word' id='word_1_786' title='bbox 298 5191 367 5246; x_wconf 77' lang='lat' dir='ltr'>in</span> <span class='ocrx_word' id='word_1_787' title='bbox 391 5191 634 5249; x_wconf 85' lang='lat' dir='ltr'>sublime</span> <span class='ocrx_word' id='word_1_788' title='bbox 657 5193 877 5250; x_wconf 85' lang='lat' dir='ltr'>tollunt</span> <span class='ocrx_word' id='word_1_789' title='bbox 921 5196 988 5249; x_wconf 88' lang='lat' dir='ltr'>ut</span> <span class='ocrx_word' id='word_1_790' title='bbox 1032 5192 1210 5263; x_wconf 88' lang='lat' dir='ltr'>longe</span> <span class='ocrx_word' id='word_1_791' title='bbox 1238 5193 1474 5265; x_wconf 86' lang='lat' dir='ltr'>lateque</span> <span class='ocrx_word' id='word_1_792' title='bbox 1503 5193 1692 5249; x_wconf 90' lang='lat' dir='ltr'>videri</span> <span class='ocrx_word' id='word_1_793' title='bbox 1719 5193 1950 5266; x_wconf 87' lang='lat' dir='ltr'>possint</span> <span class='ocrx_word' id='word_1_794' title='bbox 2054 5201 2173 5253; x_wconf 87' lang='lat' dir='ltr'>tate</span> <span class='ocrx_word' id='word_1_795' title='bbox 2191 5195 2346 5252; x_wconf 81' lang='lat' dir='ltr'>illius</span> <span class='ocrx_word' id='word_1_796' title='bbox 2363 5193 2458 5249; x_wconf 92' lang='lat' dir='ltr'>cui</span> <span class='ocrx_word' id='word_1_797' title='bbox 2481 5192 3167 5265; x_wconf 86' lang='lat' dir='ltr'>ministrant,nunquam</span> <span class='ocrx_word' id='word_1_798' title='bbox 3183 5191 3390 5248; x_wconf 87' lang='lat' dir='ltr'>oculos</span> <span class='ocrx_word' id='word_1_799' title='bbox 3405 5194 3710 5246; x_wconf 67' lang='lat' dir='ltr'>avertunt:</span> 
     </span>
    </p>
   </div>
   <div class='ocr_carea' id='block_1_59' title="bbox 295 5280 3712 5359">
    <p class='ocr_par' dir='ltr' id='par_1_59' title="bbox 295 5280 3712 5359">
     <span class='ocr_line' id='line_1_59' title="bbox 295 5280 3712 5359; baseline -0.001 -22"><span class='ocrx_word' id='word_1_800' title='bbox 295 5280 361 5337; x_wconf 87' lang='lat' dir='ltr'>in</span> <span class='ocrx_word' id='word_1_801' title='bbox 380 5281 636 5339; x_wconf 83' lang='lat' dir='ltr'>Ecclesia</span> <span class='ocrx_word' id='word_1_802' title='bbox 662 5283 1032 5356; x_wconf 81' lang='lat' dir='ltr'>Scripturam</span> <span class='ocrx_word' id='word_1_803' title='bbox 1061 5299 1194 5338; x_wconf 90' lang='lat' dir='ltr'>esse</span> <span class='ocrx_word' id='word_1_804' title='bbox 1222 5299 1478 5346; x_wconf 86' lang='lat' dir='ltr'>sacram,</span> <span class='ocrx_word' id='word_1_805' title='bbox 1525 5299 1661 5355; x_wconf 76' lang='lat' dir='ltr'>quae</span> <span class='ocrx_word' id='word_1_806' title='bbox 1712 5287 1946 5339; x_wconf 75' lang='lat' dir='ltr'>sancto-</span> <span class='ocrx_word' id='word_1_807' title='bbox 2057 5286 2406 5359; x_wconf 87' lang='lat' dir='ltr'>aperiuntur</span> <span class='ocrx_word' id='word_1_808' title='bbox 2435 5283 2594 5340; x_wconf 88' lang='lat' dir='ltr'>enim</span> <span class='ocrx_word' id='word_1_809' title='bbox 2623 5287 2682 5339; x_wconf 89' lang='lat' dir='ltr'>et</span> <span class='ocrx_word' id='word_1_810' title='bbox 2707 5282 3071 5338; x_wconf 83' lang='lat' dir='ltr'>clauduntur</span> <span class='ocrx_word' id='word_1_811' title='bbox 3097 5282 3250 5337; x_wconf 86' lang='lat' dir='ltr'>ostia</span> <span class='ocrx_word' id='word_1_812' title='bbox 3272 5285 3542 5353; x_wconf 65' lang='lat' dir='ltr'>tempore</span> <span class='ocrx_word' id='word_1_813' title='bbox 3569 5289 3712 5335; x_wconf 81' lang='lat' dir='ltr'>con-</span> 
     </span>
    </p>
   </div>
   <div class='ocr_carea' id='block_1_60' title="bbox 285 5369 3705 5446">
    <p class='ocr_par' dir='ltr' id='par_1_60' title="bbox 285 5369 3705 5446">
     <span class='ocr_line' id='line_1_60' title="bbox 285 5369 3705 5446; baseline -0.002 -18"><span class='ocrx_word' id='word_1_814' title='bbox 285 5388 425 5428; x_wconf 75' lang='lat' dir='ltr'>tum</span> <span class='ocrx_word' id='word_1_815' title='bbox 454 5374 633 5429; x_wconf 85' lang='lat' dir='ltr'>nobis</span> <span class='ocrx_word' id='word_1_816' title='bbox 663 5372 912 5430; x_wconf 81' lang='lat' dir='ltr'>virtutes</span> <span class='ocrx_word' id='word_1_817' title='bbox 963 5377 1020 5428; x_wconf 89' lang='lat' dir='ltr'>et</span> <span class='ocrx_word' id='word_1_818' title='bbox 1057 5372 1392 5430; x_wconf 89' lang='lat' dir='ltr'>doctrinam</span> <span class='ocrx_word' id='word_1_819' title='bbox 1425 5389 1534 5428; x_wconf 88' lang='lat' dir='ltr'>sua</span> <span class='ocrx_word' id='word_1_820' title='bbox 1563 5371 1813 5427; x_wconf 84' lang='lat' dir='ltr'>lectione</span> <span class='ocrx_word' id='word_1_821' title='bbox 1843 5373 1946 5427; x_wconf 88' lang='lat' dir='ltr'>de-</span> <span class='ocrx_word' id='word_1_822' title='bbox 2058 5391 2227 5446; x_wconf 83' lang='lat' dir='ltr'>gruo,</span> <span class='ocrx_word' id='word_1_823' title='bbox 2254 5375 2359 5430; x_wconf 89' lang='lat' dir='ltr'>sed</span> <span class='ocrx_word' id='word_1_824' title='bbox 2383 5373 2550 5430; x_wconf 89' lang='lat' dir='ltr'>nullo</span> <span class='ocrx_word' id='word_1_825' title='bbox 2571 5389 2747 5428; x_wconf 87' lang='lat' dir='ltr'>suum</span> <span class='ocrx_word' id='word_1_826' title='bbox 2769 5373 3077 5428; x_wconf 88' lang='lat' dir='ltr'>cardinem</span> <span class='ocrx_word' id='word_1_827' title='bbox 3094 5375 3368 5443; x_wconf 77' lang='lat' dir='ltr'>tempore</span> <span class='ocrx_word' id='word_1_828' title='bbox 3388 5369 3705 5425; x_wconf 65' lang='lat' dir='ltr'>desemnt‘:</span> 
     </span>
    </p>
   </div>
   <div class='ocr_carea' id='block_1_61' title="bbox 281 5456 3711 5536">
    <p class='ocr_par' dir='ltr' id='par_1_61' title="bbox 281 5456 3711 5536">
     <span class='ocr_line' id='line_1_61' title="bbox 281 5456 3711 5536; baseline -0.002 -18"><span class='ocrx_word' id='word_1_829' title='bbox 281 5467 652 5520; x_wconf 82' lang='lat' dir='ltr'>monstrant.</span> <span class='ocrx_word' id='word_1_830' title='bbox 727 5463 832 5517; x_wconf 92' lang='lat' dir='ltr'>Cui</span> <span class='ocrx_word' id='word_1_831' title='bbox 886 5461 1158 5518; x_wconf 89' lang='lat' dir='ltr'>videlicet</span> <span class='ocrx_word' id='word_1_832' title='bbox 1209 5461 1683 5534; x_wconf 85' lang='lat' dir='ltr'>interpretationi</span> <span class='ocrx_word' id='word_1_833' title='bbox 1740 5463 1950 5519; x_wconf 88' lang='lat' dir='ltr'>annuit</span> <span class='ocrx_word' id='word_1_834' title='bbox 2060 5464 2203 5536; x_wconf 90' lang='lat' dir='ltr'>quia</span> <span class='ocrx_word' id='word_1_835' title='bbox 2233 5467 2289 5520; x_wconf 92' lang='lat' dir='ltr'>et</span> <span class='ocrx_word' id='word_1_836' title='bbox 2318 5463 2513 5534; x_wconf 86' lang='lat' dir='ltr'>angeli</span> <span class='ocrx_word' id='word_1_837' title='bbox 2557 5467 2614 5518; x_wconf 91' lang='lat' dir='ltr'>et</span> <span class='ocrx_word' id='word_1_838' title='bbox 2649 5477 2859 5518; x_wconf 90' lang='lat' dir='ltr'>omnes</span> <span class='ocrx_word' id='word_1_839' title='bbox 2897 5459 3105 5530; x_wconf 90' lang='lat' dir='ltr'>sancti,</span> <span class='ocrx_word' id='word_1_840' title='bbox 3159 5459 3278 5515; x_wconf 91' lang='lat' dir='ltr'>sive</span> <span class='ocrx_word' id='word_1_841' title='bbox 3326 5459 3386 5514; x_wconf 90' lang='lat' dir='ltr'>in</span> <span class='ocrx_word' id='word_1_842' title='bbox 3434 5457 3548 5513; x_wconf 92' lang='lat' dir='ltr'>hac</span> <span class='ocrx_word' id='word_1_843' title='bbox 3592 5456 3711 5510; x_wconf 89' lang='lat' dir='ltr'>vita</span> 
     </span>
    </p>
   </div>
   <div class='ocr_carea' id='block_1_62' title="bbox 279 5541 3706 5624">
    <p class='ocr_par' dir='ltr' id='par_1_62' title="bbox 279 5541 3706 5624">
     <span class='ocr_line' id='line_1_62' title="bbox 279 5541 3706 5624; baseline -0.004 -15"><span class='ocrx_word' id='word_1_844' title='bbox 279 5569 489 5609; x_wconf 76' lang='lat' dir='ltr'>sermo</span> <span class='ocrx_word' id='word_1_845' title='bbox 515 5551 782 5620; x_wconf 82' lang='lat' dir='ltr'>Domini,</span> <span class='ocrx_word' id='word_1_846' title='bbox 813 5567 938 5624; x_wconf 74' lang='lat' dir='ltr'>quo</span> <span class='ocrx_word' id='word_1_847' title='bbox 966 5551 1182 5607; x_wconf 89' lang='lat' dir='ltr'>dicitur</span> <span class='ocrx_word' id='word_1_848' title='bbox 1203 5552 1280 5606; x_wconf 88' lang='lat' dir='ltr'>de</span> <span class='ocrx_word' id='word_1_849' title='bbox 1301 5555 1564 5607; x_wconf 82' lang='lat' dir='ltr'>Joanne:</span> <span class='ocrx_word' id='word_1_850' title='bbox 1619 5573 1648 5600; x_wconf 85' lang='lat'><strong><em>«</em></strong></span> <span class='ocrx_word' id='word_1_851' title='bbox 1697 5551 1795 5608; x_wconf 78' lang='lat' dir='ltr'>Ille</span> <span class='ocrx_word' id='word_1_852' title='bbox 1825 5555 1951 5608; x_wconf 85' lang='lat' dir='ltr'>erat</span> <span class='ocrx_word' id='word_1_853' title='bbox 2057 5552 2218 5618; x_wconf 88' lang='lat' dir='ltr'>ﬁdei,</span> <span class='ocrx_word' id='word_1_854' title='bbox 2271 5569 2374 5608; x_wconf 90' lang='lat' dir='ltr'>seu</span> <span class='ocrx_word' id='word_1_855' title='bbox 2404 5552 2465 5607; x_wconf 91' lang='lat' dir='ltr'>in</span> <span class='ocrx_word' id='word_1_856' title='bbox 2495 5552 2596 5608; x_wconf 91' lang='lat' dir='ltr'>illa</span> <span class='ocrx_word' id='word_1_857' title='bbox 2628 5551 2754 5624; x_wconf 90' lang='lat' dir='ltr'>spei</span> <span class='ocrx_word' id='word_1_858' title='bbox 2791 5550 2994 5606; x_wconf 90' lang='lat' dir='ltr'>ﬁdeles</span> <span class='ocrx_word' id='word_1_859' title='bbox 3034 5553 3212 5621; x_wconf 88' lang='lat' dir='ltr'>atque</span> <span class='ocrx_word' id='word_1_860' title='bbox 3248 5548 3465 5603; x_wconf 91' lang='lat' dir='ltr'>electos</span> <span class='ocrx_word' id='word_1_861' title='bbox 3517 5541 3706 5598; x_wconf 90' lang='lat' dir='ltr'>susci-</span> 
     </span>
    </p>
   </div>
   <div class='ocr_carea' id='block_1_63' title="bbox 277 5627 3712 5714">
    <p class='ocr_par' dir='ltr' id='par_1_63' title="bbox 277 5627 3712 5714">
     <span class='ocr_line' id='line_1_63' title="bbox 277 5627 3712 5714; baseline -0.005 -15"><span class='ocrx_word' id='word_1_862' title='bbox 277 5642 538 5701; x_wconf 54' lang='grc' dir='ltr'>και-αθ.</span> <span class='ocrx_word' id='word_1_863' title='bbox 566 5641 792 5699; x_wconf 73' lang='lat' dir='ltr'>ardens</span> <span class='ocrx_word' id='word_1_864' title='bbox 832 5645 897 5697; x_wconf 84' lang='lat' dir='ltr'>et</span> <span class='ocrx_word' id='word_1_865' title='bbox 926 5640 1138 5698; x_wconf 77' lang='lat' dir='ltr'>lucens</span> <span class='ocrx_word' id='word_1_866' title='bbox 1177 5643 1380 5714; x_wconf 78' lang='lat' dir='ltr'>(Joan.</span> <span class='ocrx_word' id='word_1_867' title='bbox 1410 5642 1492 5713; x_wconf 71' lang='grc' dir='ltr'>ν).</span> <span class='ocrx_word' id='word_1_868' title='bbox 1541 5661 1576 5692; x_wconf 65' lang='grc' dir='ltr'>π</span> <span class='ocrx_word' id='word_1_869' title='bbox 1618 5644 1948 5700; x_wconf 59' lang='lat' dir='ltr'>Possumus</span> <span class='ocrx_word' id='word_1_870' title='bbox 2055 5627 3712 5712; x_wconf 48' lang='lat' dir='ltr'>pinna-temperauimminrads’eemwonis</span> 
     </span>
    </p>
   </div>
  </div>
