4102 6184
451 127 557 180 455

1579 125 1935 181 ANGELOMI
1979 119 2427 178 LUXOVlENSlS
2465 119 2780 175 MONACHI

3773 120 3882 173 L56

453 244 648 304 ﬁxum
682 252 896 305 tenent.
933 247 1096 302 Unde
1121 245 1276 302 bene
1303 245 1486 302 iidem
1532 246 1806 303 cardines
1845 262 1919 302 ex
1961 261 2107 302 auro
2139 248 2185 299 A
2226 261 2244 294 ι
2289 242 2350 298 in
2381 240 2580 297 locum
2608 257 2808 310 suum,
2831 241 2891 296 in
2913 239 3227 296 oraculum
3255 238 3482 311 templi,
3509 239 3570 296 in
3589 243 3882 298 Sanctum

455 352 589 393 esse
621 338 757 392 facti
785 334 1192 408 perhibentur,
1225 339 1469 407 propter
1495 335 1766 392 videlicet
1795 335 1886 392 vel
1940 335 2110 391 meri-

454 428 578 480 tum
612 422 866 494 propriae
895 421 1198 488 claritatis,
1233 422 1328 478 vel
1369 423 1524 479 illius
1563 439 1752 497 quam
1797 423 2023 481 habent
2047 422 2108 478 in

451 513 638 567 Deum
662 510 985 566 charitatis.

523 623 550 652 ‹‹
599 603 666 657 Et
688 599 933 673 perfecit
955 614 1134 655 omne
1165 615 1321 673 opus
1351 601 1518 673 quod
1538 601 1794 658 faciebat
1821 617 1923 657 rex
1953 600 2109 658 Salo-

453 710 484 744 (
523 706 668 746 mon
711 689 772 744 in
802 688 986 744 domo
1023 688 1281 746 Domini.
1320 709 1344 738 ›
1373 690 1616 747 Perfecit
1647 690 1929 748 Salomon
1953 705 2109 762 opus

449 778 618 851 quod
643 776 900 833 faciebat
928 777 990 832 in
1020 777 1205 834 domo
1238 779 1492 845 Domini,
1519 796 1657 835 cum
1690 796 1792 836 rex
1822 779 2109 853 paciﬁcus

451 872 656 923 noster
705 867 766 922 in
816 867 911 922 die
963 867 1294 923 novissima
1323 885 1535 925 omnes
1566 869 1784 926 electos
1813 885 2108 925 resurrec-

451 956 626 1012 tionis
673 956 1115 1012 immortalitate
1166 957 1477 1027 gloriﬁcat.
1506 959 1783 1031 Alioquin
1836 957 2110 1031 quandiu

451 1048 640 1100 status
669 1045 854 1115 hujus
876 1046 1078 1102 saeculi
1108 1047 1352 1117 geritur,
1377 1046 1512 1102 fecit
1550 1047 1798 1119 quidem
1827 1062 1982 1120 opus
2005 1046 2110 1102 do-

449 1150 586 1189 mus
642 1133 878 1190 Domini
907 1134 1210 1206 Salomon,
1245 1135 1349 1191 sed
1379 1121 1668 1191 nondum.
1689 1135 1936 1208 perﬁcit,
1963 1134 2110 1207 quia

449 1222 636 1279 corda
679 1221 1003 1278 electorum
1054 1223 1342 1279 Dominus
1374 1228 1438 1278 ut
1462 1222 1625 1279 bona
1649 1227 1971 1296 operentur
2015 1222 2107 1278 in-

451 1311 639 1385 spirat
669 1315 726 1367 et
757 1311 1022 1382 adjuvat.
1054 1311 1292 1367 Nullum
1339 1316 1540 1368 tamen
1570 1312 1630 1368 in
1671 1312 1785 1368 hac
1813 1312 2109 1368 duntaxat

448 1402 570 1457 vita
595 1405 1071 1457 commorantem
1104 1400 1335 1473 absque
1385 1405 1632 1473 peccato
1662 1417 1794 1458 esse
1853 1400 2058 1457 tribuit
2089 1417 2102 1455 :

449 1505 716 1562 namque
757 1490 871 1546 hoc
902 1489 1137 1545 donum
1166 1489 1376 1546 futurae
1425 1490 1558 1546 vitae
1588 1489 1972 1546 beatitudinis
2020 1506 2105 1545 re-

2217 355 2245 381 ‹‹
2288 336 2635 387 sanctorum
2666 331 2869 386 subter
2899 329 3025 386 alas
3046 329 3378 385 cherubim.
3403 329 3712 402 Siquidem
3740 333 3883 388 che-

2217 443 2246 472 ‹‹
2286 421 2486 477 rubim
2517 419 2945 492 expandebant
2970 419 3098 474 alas
3129 434 3310 490 super
3362 418 3566 475 locum
3615 436 3794 489 arcae,
3827 428 3886 478 et

2219 533 2247 561 «
2286 509 2680 583 protegebant
2702 524 2923 579 arcam,
2954 513 3009 564 et
3036 512 3233 563 vectes
3255 508 3384 578 ejus
3404 507 3887 581 desuper.Cum-

2219 622 2247 651 ‹‹
2287 616 2406 673 que
2437 598 2766 655 eminerent
2794 602 2990 654 vectes
3019 602 3077 654 et
3107 602 3470 670 apparerent
3501 599 3884 656 summitates

2218 710 2247 739 ‹‹
2288 704 2498 744 eorum
2549 687 2692 744 foris
2740 687 3150 744 sanctuarium
3199 691 3336 742 ante
3383 687 3725 758 oraculum,
3758 706 3882 747 non

2219 799 2248 827 ‹‹
2289 776 2666 850 apparebant
2687 776 2840 832 ultra
2871 776 3256 843 extrinsecus,
3285 776 3430 849 quia
3448 782 3505 834 et
3535 777 3885 834 fueruntibi

2218 883 2247 911 «
2289 877 2479 934 usque
2508 862 2568 916 in
2616 866 2971 934 praesentem
3020 859 3200 916 diem.
3236 865 3299 916 In
3339 877 3481 918 arca
3509 867 3716 918 autem
3758 879 3882 920 non

2219 973 2248 1000 ‹‹
2289 956 2414 1008 erat
2444 950 2610 1007 aliud
2637 951 2750 1006 nisi
2782 950 2918 1005 dua:
2943 949 3163 1006 tabula:
3194 949 3446 1023 lapideae
3477 967 3634 1024 quas
3663 968 3885 1025 posue-

2219 1063 2248 1091 ‹‹
2288 1044 2380 1096 rat
2399 1041 2460 1096 in
2483 1057 2554 1096 ea
2580 1043 2807 1112 Moyses
2832 1041 2893 1094 in
2923 1038 3139 1105 Horeb,
3163 1039 3411 1112 quando
3431 1041 3661 1114 pepigit
3683 1041 3884 1098 foedus

2218 1151 2246 1178 ‹‹
2289 1128 2579 1184 Dominus
2619 1144 2758 1184 cum
2809 1127 2945 1183 ﬁliis
2985 1127 3152 1194 Irael,
3185 1144 3325 1183 cum
3351 1129 3781 1198 egrederentur
3802 1130 3882 1187 de

2219 1241 2246 1266 «
2292 1223 2445 1275 terra
2476 1217 2731 1291 Egypti,
2767 1241 2795 1268 »
2825 1223 2934 1274 etc.
2969 1217 3143 1283 Quod
3171 1217 3332 1274 illata
3358 1234 3501 1274 arca
3552 1219 3613 1274 in
3655 1221 3876 1276 Sancta

2217 1312 2561 1365 sanctorum
2592 1307 2848 1375 ducitur,
2881 1323 3141 1381 cumque
3187 1308 3521 1364 eminerent
3569 1314 3777 1376 vectes,
3809 1314 3873 1366 et

2215 1401 2576 1472 apparerent
2601 1396 2976 1452 summitates
3007 1412 3217 1452 eorum
3265 1396 3406 1453 foris
3435 1399 3874 1469 sanctuarium,

2214 1503 2336 1544 non
2368 1487 2742 1560 apparebant
2769 1485 2925 1543 ultra
2945 1485 3330 1553 extrinsecus,
3354 1487 3469 1543 hoc
3500 1489 3876 1545 manifestius

450 1583 665 1635 servat.
691 1578 921 1634 Perﬁcit
946 1594 1086 1634 vero
1129 1594 1310 1634 omne
1339 1595 1496 1652 opus
1527 1578 1734 1651 templi
1763 1578 1874 1646 sui,
1907 1583 1964 1634 et
1990 1579 2105 1634 hoc
2146 1601 2186 1655 Β
2215 1577 2276 1632 in
2307 1575 2808 1649 Paralipomenon
2840 1574 3144 1631 volumine
3175 1575 3453 1632 scribitur
3480 1577 3571 1648 (ΙΙ
3596 1579 3745 1634 Par.
3775 1583 3832 1646 v)
3857 1597 3871 1634 :

449 1667 810 1723 dedicationi
837 1672 1045 1740 aptum
1091 1667 1304 1738 reddit,
1347 1685 1486 1724 cum
1537 1667 1858 1725 translatos
1889 1666 1964 1723 de
1990 1665 2104 1723 hac

449 1755 570 1812 vita
614 1755 831 1812 electos
887 1773 1028 1812 suos
1077 1761 1366 1812 aeternum
1395 1756 1667 1829 perducit
1717 1755 1797 1812 ad
1823 1771 2100 1826 regnum,

449 1844 616 1918 quod
640 1845 793 1901 bene
821 1845 1189 1916 signiﬁcatur
1213 1845 1392 1902 etiam
1424 1845 1485 1902 in
1511 1863 1582 1902 eo
1623 1845 1790 1920 quod
1817 1845 2102 1918 templum

449 1940 708 2008 quatuor
734 1935 908 1990 annis
939 1934 1297 1991 aediﬁcatum
1324 1940 1431 2003 est,
1455 1940 1666 1991 octavo
1689 1941 1888 1992 autem
1916 1934 2102 2007 perfe-

449 2028 610 2079 ctum
640 2040 711 2080 ac
761 2024 1104 2081 dedicatum
1157 2030 1264 2095 est,
1297 2029 1526 2097 septem
1576 2041 1840 2098 namque
1889 2024 2103 2080 diebus

449 2129 626 2168 omne
651 2113 766 2170 hoc
798 2119 1035 2186 tempus
1060 2113 1328 2170 volvitur.
1351 2117 1572 2171 Octava
1601 2120 1689 2170 est
1717 2114 1865 2182 dies,
1897 2118 1985 2170 est
2009 2114 2104 2183 ju-

451 2203 588 2259 dicii
609 2209 666 2260 et
685 2204 1132 2260 resurrectionis
1161 2205 1372 2260 futurae
1403 2204 1514 2260 :de
1566 2221 1691 2278 qua
1719 2203 1938 2276 psalmi
1969 2219 2100 2259 sex-

449 2296 542 2348 tus
563 2297 618 2349 et
646 2293 1001 2349 undecimus
1022 2293 1296 2349 attitulati
1331 2298 1488 2350 sunt.
1513 2293 1616 2348 Cui
1661 2293 1928 2349 videlicet
1958 2297 2100 2348 tem-

446 2383 579 2454 pori
609 2383 887 2439 convenit
917 2388 1054 2455 apte
1083 2383 1250 2455 quod
1281 2383 1582 2456 sequitur:
1610 2403 1640 2436 ‹
1662 2386 1729 2438 Et
1750 2382 2098 2453 intulitquae

445 2471 916 2527 sanctiﬁcaverat
937 2470 1123 2526 David
1153 2475 1322 2543 pater
1351 2488 1517 2538 suus,
1547 2476 1884 2542 argentum,
1916 2475 1972 2525 et
1998 2485 2102 2524 au-

446 2574 582 2613 rum
613 2564 670 2614 et
699 2575 861 2625 vasa,
893 2559 1277 2631 reposuitque
1308 2559 1368 2614 in
1412 2560 1702 2615 thesauris
1739 2559 1960 2615 domus
1991 2560 2102 2616 Do-

452 2646 620 2702 mini.
642 2670 672 2696 »
689 2651 1014 2715 Argentum
1045 2663 1311 2719 namque
1339 2649 1418 2704 ad
1445 2647 1700 2704 nitorem
1728 2647 2097 2720 eloquentiae,

447 2751 664 2791 aurum
695 2734 774 2792 ad
805 2734 1188 2806 splendorem
1214 2735 1536 2809 sapientiae.
1578 2739 1729 2794 Vasa
1754 2736 2103 2806 generaliter

447 2823 526 2880 ad
551 2823 903 2880 rationalem
930 2823 1602 2896 pertinentcreaturam.
1638 2825 2100 2898 Sanctiﬁcatque

446 2913 658 2985 David,
692 2917 875 3010 pater
931 2911 1289 2986 Salomonis,
1341 2918 1695 2985 argentum;
1748 2931 1888 2971 cum
1944 2917 2100 3010 Deus
2134 2955 2174 3010 Ο

444 3005 611 3058 Pater
657 3001 1007 3074 eloquentes
1062 3018 1339 3076 quosque
1383 3005 1572 3073 gratia
1605 3003 1698 3059 sui
1747 3003 1994 3076 Spiritus
2023 3002 2101 3058 ad

442 3091 816 3164 loquendum
847 3090 1100 3147 verbum
1154 3091 1450 3162 Evangelii
1483 3089 1794 3149 confortat.
1831 3091 2100 3149 Sanctifi-

444 3186 539 3236 cat
565 3197 805 3252 aurum,
837 3197 977 3236 cum
1010 3181 1268 3238 naturali
1297 3181 1540 3252 ingenio
1572 3181 1839 3254 perditos
1868 3199 1979 3238 suo
2009 3198 2101 3238 re-

443 3271 615 3344 plens
637 3271 856 3343 Spiritu
886 3270 966 3326 ad
996 3271 1504 3328 considerandum
1532 3271 1594 3326 in
1618 3271 1747 3342 lege
1779 3287 1889 3328 sua
1919 3271 2100 3328 mira-

442 3359 587 3414 bilia
635 3358 946 3413 illuminat.
980 3359 1319 3415 Sanctiﬁcat
1346 3364 1402 3415 et
1440 3377 1613 3427 vasa,
1648 3377 1788 3416 cum
1816 3360 2100 3416 omnibus

445 3445 795 3516 generaliter
819 3445 1091 3500 Ecclesiae
1123 3445 1256 3500 ﬁliis
1287 3447 1560 3516 ejusdem
1611 3448 1860 3519 Spiritus
1912 3449 2103 3518 gratia

444 3532 712 3602 largitur,
747 3537 925 3603 [quae]
961 3532 1038 3587 ad
1057 3533 1323 3589 amanda
1349 3533 1504 3602 illos,
1523 3540 1582 3591 et
1609 3535 1954 3608 appetenda
1974 3553 2102 3608 per-

445 3624 638 3694 petuae
671 3620 877 3677 salutis
904 3621 1106 3696 [dona]
1138 3621 1494 3679 inﬂammat.
1525 3626 1645 3679 Hoc
1668 3629 1870 3680 autem
1893 3639 2102 3694 argen-

446 3714 594 3779 tum,
621 3710 734 3766 hoc
765 3726 1006 3777 aurum,
1036 3711 1166 3767 haec
1211 3710 1579 3768 sanctiﬁcata
1620 3729 1767 3769 vasa
1819 3713 2100 3770 Salomon

443 3798 618 3855 infert
662 3799 721 3854 in
755 3799 1046 3872 templum
1103 3816 1243 3857 cum
1297 3800 1586 3857 Dominus
1627 3806 1830 3858 noster
1857 3806 2099 3876 peracto

443 3888 762 3945 universali
777 3889 1006 3960 judicio
1026 3905 1240 3946 omnes
1262 3889 1500 3955 electos,
1522 3896 1577 3946 et
1597 3890 1914 3948 doctorum
1939 3891 2100 3947 vide-

441 3976 595 4042 licet,
627 3981 685 4032 et
712 3982 1062 4034 caeterorum
1111 3979 1378 4035 fidelium
1424 3984 1668 4048 coetum,
1697 3979 1757 4036 in
1807 3980 2098 4052 gaudium

442 4064 610 4133 regni
640 4064 890 4120 caelestis
918 4067 1257 4123 introducit.
1284 4068 1652 4141 Reponitque
1712 4085 1859 4126 vasa
1883 4068 2099 4124 diversi

443 4152 697 4224 generis,
730 4159 1012 4222 argentea
1057 4155 1178 4211 sive
1209 4171 1393 4212 aurea
1421 4157 1482 4213 in
1529 4157 1822 4213 thesauris
1875 4157 2096 4212 domus

443 4241 696 4309 Domini,
712 4243 960 4314 quando
976 4259 1078 4299 eos
1096 4244 1200 4314 qui
1218 4244 1594 4301 multitudine
1614 4245 1948 4302 dulcedinis
1967 4246 2096 4317 ejus

441 4329 554 4385 frui
605 4329 927 4387 meruerint
977 4330 1291 4388 abscondit
1316 4332 1378 4388 in
1430 4332 1638 4390 abdito
1685 4333 1886 4390 vultus
1915 4333 2028 4398 sui,
2060 4350 2097 4391 a

440 4419 896 4478 conturbatione
937 4419 1276 4478 hominum.
1309 4424 1375 4478 Et
1403 4425 1540 4495 apte
1594 4421 1765 4478 multi
1817 4428 1956 4480 sunt
1979 4424 2099 4478 the-

440 4511 620 4579 sauri,
654 4511 715 4569 in
767 4512 990 4586 quibus
1016 4527 1166 4570 vasa
1195 4511 1499 4568 electionis
1530 4512 1958 4581 reconduntur,
1991 4513 2098 4570 sed

439 4618 563 4660 una
581 4601 801 4660 donius
817 4602 1052 4660 Domini
1075 4603 1134 4659 in
1155 4617 1278 4675 qua
1298 4601 1458 4658 idem
1481 4606 1620 4658 sunt
1651 4601 1791 4658 facti
1812 4602 2093 4670 thesauri,

439 4693 584 4764 quia
612 4699 668 4749 et
716 4710 840 4750 una
871 4691 1130 4750 Ecclesia
1176 4691 1236 4748 in
1285 4709 1409 4766 qua
1457 4707 1671 4748 omnes
1717 4691 2098 4749 continentur

441 4780 629 4847 electi,
650 4783 1094 4851 quantumlibet
1123 4783 1347 4840 meritis
1377 4782 1614 4840 distent.
1639 4783 1711 4840 Et
1730 4799 1853 4840 una
1883 4799 1952 4840 ac
1971 4798 2096 4840 non

440 4864 678 4921 diversa
695 4875 783 4924 est
811 4871 1004 4940 patria
1032 4870 1133 4926 illa
1165 4871 1588 4946 coelestis,quze
1619 4873 1816 4930 electis
1845 4871 2094 4946 promit-

441 4955 580 5009 titur
605 4955 907 5022 omnibus,
939 4960 1220 5029 quamvis
1252 4963 1402 5019 sicut
1431 4963 1600 5019 stella
1640 4981 1677 5020 a
1706 4963 1876 5020 stella
1900 4962 2094 5019 differt

439 5042 502 5098 in
531 5041 817 5105 claritate,
857 5044 938 5100 ita
995 5053 1052 5100 et
1075 5052 1428 5106 resurrectio
1475 5057 1872 5108 mortuorum.
1921 5050 2094 5115 Quod

441 5136 642 5188 utrum
663 5131 853 5204 judex
867 5132 995 5204 ipse
1022 5149 1093 5190 ac
1119 5134 1464 5194 distributor
1484 5141 1870 5211 praemiorum
1895 5139 2092 5192 Domi-

440 5237 576 5290 nus,
610 5237 733 5278 una
755 5223 1046 5278 sententia
1075 5223 1523 5296 demonstravit,
1544 5245 1682 5284 cum
1712 5227 1818 5286 ait:
1846 5249 1874 5275 «
1898 5231 1960 5282 1n
1982 5227 2091 5283 do-

441 5327 543 5370 mo
559 5311 748 5368 Patris
777 5310 894 5367 mei
925 5311 1274 5369 mansiones
1298 5315 1500 5372 multae
1523 5320 1660 5371 sunt
1687 5316 2040 5387 (Joan.x1v).
2063 5335 2088 5364 ιι

2124 4305 2169 4357 D

1043 5456 1266 5512 CAPUT
1313 5459 1450 5513 Vill.

517 5604 545 5632 α
576 5585 642 5643 Et
667 5580 1344 5642 intuleruntsacerdotes
1367 5599 1572 5643 arcam
1591 5583 1828 5644 foederis
1848 5584 2086 5646 Domini

2218 1689 2245 1716 «
2279 1667 2568 1735 Vectium,
2591 1666 2804 1738 inquit,
2831 1665 3054 1738 quibus
3091 1665 3416 1738 portabant
3458 1683 3689 1734 arcam,
3731 1669 3875 1742 quia

2213 1754 2527 1828 paululum
2542 1753 2841 1824 longiores
2860 1753 3250 1827 erant,capita
3264 1754 3560 1828 parebant
3572 1761 3714 1813 ante
3741 1773 3872 1814 ora-

2215 1844 2475 1900 culum.»
2503 1843 2558 1897 Si
2581 1858 2722 1898 vero
2744 1842 2879 1915 quis
2899 1842 3213 1914 paululum
3243 1843 3450 1900 fuisset
3480 1846 3870 1910 extrinsecus,

2214 1949 2317 1989 eos
2346 1932 2545 1988 videre
2576 1947 2698 1987 non
2747 1935 3000 2004 poterat.
3061 1931 3169 1987 Ubi
3199 1932 3558 2004 notandum,
3591 1934 3741 2007 quia
3769 1935 3874 1992 etsi

2213 2022 2471 2078 vectium
2495 2021 2692 2094 capita
2719 2019 3142 2077 accedentibus
3171 2022 3422 2094 propius
3439 2039 3510 2079 ac
3529 2023 3874 2094 diligentius

2213 2111 2585 2168 intuentibus
2635 2109 2928 2182 parebant
2963 2115 3100 2166 ante
3151 2112 3486 2183 oraculum,
3515 2129 3638 2170 non
3668 2120 3873 2171 tamen

2215 2201 2565 2257 eminerent.
2602 2200 2751 2266 Quia
2780 2200 3066 2255 nimirum
3094 2216 3340 2257 necesse
3388 2209 3513 2258 erat
3561 2209 3624 2259 ut
3662 2203 3873 2260 clauso

2216 2289 2460 2346 oraculo
2491 2294 2548 2345 et
2575 2305 2849 2362 appenso
2900 2294 3037 2345 ante
3087 2290 3240 2346 ostia
3286 2291 3438 2362 velo,
3470 2292 3582 2366 ipsi
3621 2309 3871 2366 quoque

2217 2383 2414 2434 vectes
2443 2378 2546 2434 toti
2577 2395 2715 2434 eum
2745 2393 2884 2434 arca
2907 2382 2964 2434 et
2988 2379 3298 2436 cherubim
3319 2379 3757 2436 abducerentur
3771 2381 3863 2434 in-

2219 2467 2424 2523 terius:
2454 2467 2619 2539 quod
2644 2466 2771 2522 ﬁeri
2797 2482 2919 2522 non
2947 2467 3262 2538 poterat,si
3290 2466 3688 2539 prominentes
3710 2465 3852 2520 ulte-

2216 2555 2342 2610 rius
2392 2559 2586 2610 vectes
2634 2554 3022 2627 producentis
3049 2555 3126 2611 ad
3153 2552 3546 2611 claudendum
3575 2551 3740 2609 ostiis
3771 2552 3857 2608 lo-

2217 2659 2351 2698 cum
2408 2658 2531 2699 non
2583 2643 2811 2699 darent.
2873 2645 3132 2710 Quorum
3194 2641 3546 2715 positionem
3592 2641 3862 2698 vectium

2219 2732 2540 2805 Scriptura,
2558 2747 2683 2788 non
2713 2731 2839 2787 sine
2861 2749 3065 2802 causa,
3090 2731 3191 2788 sed
3214 2731 3403 2801 magis
3432 2731 3651 2787 intuitu
3668 2747 3870 2787 sacra-

2213 2822 2398 2877 menti
2451 2827 2573 2877 tam
2627 2821 2940 2893 diligenter
2995 2822 3272 2895 expedire
3323 2822 3572 2877 curavit.
3625 2823 3871 2878 Constat

2213 2910 2373 2968 enim
2398 2911 2540 2982 quia
2566 2911 2785 2966 domus
2807 2911 3011 2984 templi
3033 2911 3286 2967 exterior
3303 2911 3787 2983 peregrinantem
3809 2909 3868 2965 in

2215 3000 2380 3055 terris
2401 2999 2742 3069 Ecclesiam,
2759 3002 2975 3056 Sancta
2995 3005 3195 3056 autem
3215 3004 3556 3056 sanctorum
3574 3001 3866 3055 internam

2215 3105 2489 3163 supernae
2520 3089 2725 3162 patriae
2777 3089 3114 3145 felicitatem
3144 3089 3482 3159 designant.
3517 3093 3661 3144 Item
3711 3088 3868 3144 illata

2211 3179 2273 3234 in
2308 3182 2522 3237 Sancta
2552 3184 2896 3234 sanctorum
2919 3194 3080 3247 arca,
3114 3183 3494 3251 assumptam
3524 3178 3736 3234 Christi
3763 3179 3868 3232 hu-

2213 3269 2615 3334 militatem,et
2646 3267 2799 3323 intra
2819 3267 3016 3323 velum
3048 3267 3227 3338 regiae
3258 3267 3510 3323 caelestis
3534 3267 3864 3323 inductam.

2211 3359 2419 3414 Vectes
2449 3373 2592 3413 vero
2624 3356 2845 3429 quibus
2876 3357 3089 3413 eadem
3123 3373 3263 3412 arca
3315 3355 3689 3429 portabatur,
3719 3373 3872 3430 pree-

2209 3448 2504 3503 dicatores
2554 3447 2721 3503 verbi
2773 3447 2899 3518 (per
2946 3463 3100 3519 quos
3153 3447 3281 3519 ipse
3326 3446 3556 3502 mundo
3586 3446 3866 3517 innotuit)

2209 3537 2405 3609 typice
2460 3541 2752 3592 nuntiant.
2812 3541 2945 3592 Erat
2993 3543 3191 3592 autem
3225 3537 3286 3592 in
3318 3552 3458 3592 arca
3505 3552 3647 3590 urna
3673 3551 3865 3592 aurea

2208 3624 2438 3681 habens
2473 3641 2719 3694 manna,
2769 3629 2912 3699 quia
2960 3627 3022 3682 in
3070 3625 3315 3682 homine
3363 3626 3581 3681 Christo
3625 3623 3856 3679 habitat

2207 3716 2404 3770 omnis
2435 3713 2744 3786 plenitudo
2766 3715 3093 3771 divinitatis
3122 3714 3670 3787 eorporaliter.Erat
3688 3711 3869 3782 virga

2207 3805 2409 3859 Aaron
2439 3819 2574 3875 qua:
2603 3804 2802 3860 excisa
2830 3803 3032 3860 denuo
3062 3803 3364 3866 floruerat,
3404 3804 3546 3876 quia
3599 3806 3878 3875 potestas

2207 3891 2403 3948 omnis
2429 3891 2740 3962 judicandi
2772 3908 2953 3964 penes
2980 3909 3120 3949 eum
3150 3897 3258 3956 est,
3291 3893 3462 3962 cujus
3487 3891 3785 3962 judicium
3807 3891 3883 3948 in

2206 3981 2540 4038 humilitate
2556 3981 2858 4054 passionis
2873 3981 3188 4037 videbatur
3203 3997 3331 4037 esse
3347 3980 3674 4036 sublatum.
3692 3983 3888 4038 Erant

2207 4075 2264 4127 et
2292 4071 2511 4126 tabulae
2559 4070 2914 4136 testamenti,
2947 4071 3092 4144 quia
3141 4071 3202 4126 in
3243 4070 3344 4126 illo
3373 4093 3400 4120 ‹‹
3435 4074 3576 4125 sunt
3603 4069 3892 4127 thesauri

2207 4160 2514 4232 sapientiae
2541 4159 2877 4216 absconditi
2895 4161 3044 4231 (Col.
3071 4165 3152 4227 ιι).
3179 4183 3206 4210 ››
3229 4159 3633 4216 Αᾱὴωρθὺαηι
3661 4159 3716 4215 ei
3736 4176 3894 4217 vec—

2209 4253 2293 4306 tes
2321 4249 2542 4321 quibus
2564 4248 2937 4321 portabatur,
2963 4249 3108 4322 quia
3130 4249 3405 4306 doctores
3425 4249 3528 4322 qui
3549 4249 3896 4321 quondam

2205 4337 2556 4394 laborarunt
2582 4338 2644 4393 in
2673 4337 2856 4394 verbo
2883 4338 3112 4402 Christi,
3138 4355 3299 4394 nunc
3323 4338 3601 4411 praesenti
3631 4337 3899 4397 visione

2206 4426 2591 4496 congaudent
2615 4425 2815 4498 gloriae
2837 4427 3068 4484 Christi.
3095 4427 3269 4493 Quod
3285 4427 3445 4484 enim
3471 4443 3629 4483 unus
3653 4442 3902 4487 eorum

2204 4515 2279 4572 de
2311 4531 2372 4571 se
2402 4515 2549 4571 dixit
2579 4535 2592 4572 :
2625 4538 2653 4565 ‹‹
2685 4517 2862 4588 cupio
2891 4515 3140 4572 dissolvi
3169 4522 3228 4572 et
3273 4532 3412 4572 eum
3460 4515 3690 4572 Christo
3751 4535 3906 4576 esse

2204 4606 2498 4676 (Philipp.
2525 4605 2587 4676 ι),
2620 4626 2647 4655 ››
2678 4604 2754 4660 de
2781 4604 3064 4661 omnibus
3115 4605 3318 4677 utique
3363 4604 3455 4660 sui
3493 4604 3694 4676 operis
3735 4625 3912 4667 con-

2205 4693 2464 4750 sortibus
2477 4693 2930 4764 intelligendum
2949 4693 3202 4767 reliquit.
3215 4693 3604 4766 Apparebant
3617 4709 3778 4753 sum
3787 4699 3911 4755 mi.

2203 4787 2354 4840 tates
2383 4784 2642 4840 vectium
2696 4783 2840 4840 foris
2891 4786 3028 4840 ante
3059 4782 3395 4854 oraculum,
3426 4797 3550 4838 non
3600 4797 3907 4862 semper,

2203 4873 2308 4930 sed
2331 4890 2468 4930 cum
2494 4875 2647 4930 ostia
2677 4872 2949 4944 ejusdem
2976 4871 3202 4928 oraculi
3224 4871 3439 4944 aperiri
3468 4871 3909 4943 contingeret.

2202 4966 2400 5036 Neque
2419 4964 2532 5018 hoc
2545 4963 2848 5032 omnibus,
2863 4961 2964 5018 sed
2986 4961 3077 5017 his
3099 4959 3482 5017 solummodo
3494 4960 3597 5033 qui
3609 4967 3913 5039 propius

2201 5051 2551 5107 accedentes
2573 5051 2852 5106 attentius
2873 5067 2944 5106 ea
2963 5067 3100 5122 quae
3121 5050 3280 5106 intus
3309 5054 3479 5106 erant
3504 5054 3917 5120 satagebant

2200 5125 2431 5194 intueri.
2461 5140 2600 5209 Ipsa
2625 5144 2826 5194 autem
2860 5155 3001 5196 arca
3025 5139 3222 5213 qualis
3253 5143 3309 5196 et
3355 5138 3678 5212 quomodo
3719 5154 3916 5206 esset

2200 5227 2412 5300 posita,
2438 5226 2580 5282 solis
2608 5227 2692 5282 eis
2717 5228 2822 5300 qui
2851 5229 3164 5285 oraculum
3191 5229 3530 5296 intrassent,
3568 5228 3810 5293 videre
3843 5239 3918 5296 Β.

2199 5316 2391 5373 cebat.
2407 5317 2558 5383 Quia
2578 5316 2778 5373 nullus
2796 5324 3144 5375 sanctorum
3162 5319 3225 5376 in
3244 5321 3357 5376 hac
3379 5318 3581 5376 adhuc
3606 5319 3757 5380 vita
3789 5343 3917 5401 po-

2199 5407 2345 5462 situs
2378 5408 2611 5464 tametsi
2639 5407 2701 5464 in
2750 5407 3059 5466 altitudine
3092 5425 3154 5466 se
3181 5409 3399 5465 mentis
3426 5407 3749 5482 attollens,
3784 5422 3914 5478 sed

2199 5495 2309 5551 soli
2329 5495 2484 5552 illius
2510 5497 2715 5570 patriae
2745 5497 2900 5554 cives
2925 5498 3180 5570 gloriam
3205 5499 3354 5556 inibi
3383 5497 3474 5554 sui
3502 5497 3921 5580 Redempgo.

2198 5582 2280 5640 ris
2306 5583 2482 5658 plene
2511 5591 2887 5647 contuentur.
2920 5591 3068 5646 Sunt
3107 5593 3166 5647 et
3192 5593 3386 5647 vectes
3427 5603 3566 5646 cum
3619 5603 3808 5658 arca,
3841 5601 3917 5660 in
