4092 6178
190 167 297 224 457

1125 167 1378 222 ENARR.
1412 169 1478 223 ΙΝ
1509 163 1758 221 LIBROS
1788 161 2045 216 REGUM.
2079 194 2146 203 —
2175 167 2243 222 IN
2267 166 2398 225 LIB.
2429 167 2520 224 IlI.

3495 177 3603 232 458

188 287 436 344 oraculo
467 287 709 357 conditi,
743 288 884 362 quia
913 288 1250 346 absconditi
1273 295 1587 346 suntnunc
1614 287 1839 362 perfece
1881 286 1930 338 A
1961 287 2121 343 enim
2155 306 2363 347 sumus
2412 293 2735 364 adjutores,
2794 293 2892 350 Dei
2924 294 3286 363 agricultura
3311 297 3470 370 estis,
3503 300 3605 356 Dei

188 377 230 432 ti
268 377 496 449 quique
527 377 712 443 electi,
746 378 848 449 qui
877 394 986 434 nos
1032 385 1452 450 processerunt
1473 380 1548 436 de
1586 377 1837 443 mundo,

187 465 249 520 in
270 465 481 521 abdito
512 466 708 521 vultus
763 466 860 523 Dei
914 482 950 522 a
999 467 1455 524 conturbatione
1500 467 1837 523 hominum.

189 556 462 620 Quorum
514 559 712 610 tamen
756 556 1128 611 summitates
1186 557 1445 612 vectium
1471 561 1677 628 aperto
1716 569 1844 610 ora-

187 646 324 699 culo
345 644 440 700 his
470 645 576 716 qui
601 645 960 718 appropiant
997 645 1294 711 visuntur,
1329 662 1468 701 cum
1489 643 1844 718 perfectiori-

186 733 304 788 bus
329 733 676 805 quibusque
719 734 960 790 oculum
1010 735 1101 789 sui
1126 734 1324 790 cordis
1351 739 1473 790 tota
1518 733 1844 789 intentione

185 822 669 894 puriﬁcantibus.
701 823 903 878 divina
935 824 1123 892 gratia
1153 823 1379 895 aliquid
1409 827 1742 878 extremum
1771 820 1847 876 de

185 927 591 985 supernorum
621 913 842 968 civium
864 913 1630 986 gaudiocontemplandum
1657 911 1848 968 dona-

186 1001 356 1067 verit,
383 1001 536 1073 quia
564 1001 851 1058 nimirum
901 1003 1328 1075 contemplatio
1370 1002 1463 1057 his
1507 1001 1614 1074 qui
1664 1000 1848 1073 paulo

187 1091 429 1159 longius
510 1092 861 1146 recesserint
933 1092 1181 1147 minime
1257 1090 1620 1146 conceditur.
1700 1089 1850 1154 Quia

193 1185 416 1252 quanto
445 1179 706 1235 exterius
735 1185 932 1236 mente
973 1196 1132 1250 vaga
1161 1183 1496 1248 remanent,
1537 1183 1704 1235 tanto
1735 1179 1846 1233 mi-

189 1285 306 1324 nus
333 1284 474 1340 qua;
505 1268 626 1324 sint
653 1269 885 1325 interna
913 1270 1138 1338 gaudia
1167 1269 1392 1325 vident.

259 1379 286 1405 ιι
325 1360 573 1413 Factum
605 1362 695 1414 est
724 1363 924 1414 autem
951 1375 1091 1414 cum
1121 1358 1385 1414 exissent
1410 1350 1748 1413 sacerdotes
1771 1355 1845 1411 de

187 1470 216 1496 «ί
248 1448 617 1513 sanctuario,
652 1447 872 1504 nebula
902 1448 1173 1520 implevit
1201 1448 1456 1504 domum
1479 1446 1733 1513 Domini,
1791 1449 1848 1502 et

184 1560 214 1585 «
240 1553 370 1593 non
402 1543 682 1609 poterant
707 1537 1045 1594 sacerdotes
1073 1542 1228 1594 stare
1249 1543 1305 1594 et
1333 1537 1674 1593 ministrare
1712 1551 1846 1608 pro-

1957 376 2444 440 zediﬁcatioestis
2472 384 2692 454 (ΗΜΛ),
2737 403 2763 434 ιο
2795 387 2904 438 etc.
2938 383 3117 452 Igitur
3164 384 3290 456 ipse
3349 388 3607 444 sanctiﬁ-

1951 471 2047 520 cat
2078 484 2254 526 suum
2291 472 2592 544 templum
2622 473 2800 546 quasi
2837 474 2993 528 Deus
3021 478 3079 529 et
3125 475 3410 532 Dominus
3438 477 3607 536 inha-

1950 552 2201 614 bitando
2221 576 2332 616 nos
2363 566 2563 618 autem
2598 562 2764 634 digni
2793 562 3175 619 habitationis
3207 565 3335 636 ejus
3364 581 3606 636 consert

1951 646 2174 702 vando.
2194 650 2496 721 Sequitur:

2026 755 2054 781 «
2083 735 2148 790 In
2168 736 2263 793 die
2292 737 2394 794 illa
2417 740 2810 796 sanctiﬁcavit
2829 756 2928 795 rex
2959 740 3229 796 medium
3259 742 3411 813 atrii,
3435 744 3600 816 quod

1958 844 1986 872 «
2009 829 2134 879 erat
2163 831 2300 881 ante
2329 827 2580 884 domum
2615 829 2865 884 Domini.
2892 830 3046 885 Fecit
3074 831 3298 903 quippe
3328 832 3409 889 ibi
3440 832 3604 890 holo-

1957 918 2278 969 «caustum
2297 920 2353 971 et
2395 917 2754 973 sacriﬁcium
2800 924 2856 974 et
2899 917 3140 991 adipem
3184 919 3598 992 paciﬁcorum,

1957 1022 1987 1051 «
2018 1003 2162 1074 quia
2190 1004 2372 1061 altare
2401 1023 2624 1062 aereum
2640 1007 2806 1079 quod
2835 1013 2962 1063 erat
2991 1024 3192 1064 coram
3209 1009 3458 1066 Domino
3489 1011 3601 1067 mi-

1958 1113 1986 1142 «
2018 1108 2133 1147 nus
2159 1099 2304 1164 erat,
2335 1100 2392 1151 et
2420 1111 2634 1169 capere
2667 1112 2788 1152 non
2819 1102 3051 1169 poterat
3079 1098 3499 1156 holocaustum
3544 1103 3602 1156 et

1957 1204 1985 1232 «
2015 1182 2372 1240 sacriﬁcium
2400 1190 2457 1241 et
2486 1185 2727 1258 adipem
2760 1186 3173 1259 paciﬁcorum.
3207 1209 3235 1236 »
3271 1189 3424 1254 Quid
3454 1205 3596 1259 ergo

1955 1276 2040 1327 est
2089 1273 2254 1344 quod
2320 1274 2625 1343 Salomon,
2682 1275 3077 1332 sanctiﬁcavit
3129 1277 3397 1333 medium
3445 1279 3597 1346 atrii,

1955 1361 2210 1418 offerens
2239 1363 2320 1419 ibi
2349 1363 2766 1421 holocaustum
2790 1370 2845 1422 et
2861 1367 3253 1423 sacriﬁcium:
3288 1373 3604 1441 propterea

1954 1451 2057 1522 qui
2089 1451 2271 1507 altare
2295 1469 2528 1509 aeneum
2558 1455 2720 1526 quod
2748 1456 2920 1526 juxta
2949 1456 3434 1513 constitutionem
3455 1457 3602 1527 legis

1955 1545 2090 1596 ante
2121 1540 2276 1596 fores
2300 1543 2502 1615 templi
2533 1544 2815 1615 positum,
2850 1549 2992 1610 erat,
3007 1561 3130 1600 non
3153 1550 3383 1617 poterat
3415 1551 3603 1602 totum

181 1650 210 1677 ‹‹
244 1631 380 1698 pter
407 1625 720 1682 nebulam.
755 1626 1108 1699 Impleverat
1157 1626 1318 1682 enim
1367 1625 1558 1695 gloria
1612 1624 1842 1681 Domini
1871 1640 1914 1696 Β
1955 1645 2188 1702 capere,
2220 1631 2332 1687 nisi
2356 1632 2518 1704 quod
2542 1633 2805 1688 Christus
2835 1650 2908 1689 ea
2936 1651 3073 1706 quae
3104 1634 3164 1689 in
3193 1634 3324 1704 lege
3358 1640 3604 1707 propter

183 1740 212 1764 ι(
241 1715 504 1771 domum
536 1716 792 1781 Domini,
811 1738 838 1765 ››
870 1721 927 1773 et
953 1716 1204 1789 reliqua.
1238 1716 1413 1782 Quod
1429 1720 1631 1772 autem
1660 1714 1844 1771 nebu-

180 1805 240 1862 la
265 1805 540 1878 implevit
558 1805 810 1861 domum
840 1805 1095 1876 Domini,
1121 1810 1177 1862 et
1195 1821 1319 1860 non
1347 1810 1626 1878 poterant
1654 1820 1843 1860 sacer-

180 1894 356 1950 dotes
385 1899 549 1950 stare
599 1899 656 1950 et
710 1894 1042 1950 ministrare
1101 1898 1346 1966 propter
1375 1893 1687 1954 nebulam,
1715 1893 1844 1948 haec

180 1984 478 2039 sententia
509 1983 806 2055 superbos
833 1983 1175 2040 Iudaeorum
1200 1983 1513 2056 pontiﬁces
1541 1998 1611 2037 ac
1641 1982 1845 2037 docto-

180 2089 280 2127 res
307 2073 593 2143 insinuat,
624 2073 727 2145 qui
748 2072 895 2128 dum
921 2072 1238 2129 nativitatis
1267 2071 1481 2127 Christi
1507 2086 1844 2127 sacramen-

184 2167 249 2216 ta
277 2162 636 2230 investigare
693 2161 1052 2233 despiciunt.
1091 2160 1363 2217 debitum
1401 2160 1541 2216 ﬁdei
1583 2176 1706 2216 suae
1739 2159 1844 2214 mi-

180 2251 500 2306 nisterium
522 2266 630 2322 per
660 2249 875 2306 erroris
902 2249 1188 2306 nebulam
1215 2249 1623 2322 perdiderunt.
1651 2253 1736 2304 Ita
1752 2259 1847 2303 eo‘

190 2355 336 2394 rum
366 2343 585 2394 mentes
611 2338 977 2394 inﬁdelitatis
997 2337 1191 2408 caligo
1217 2337 1483 2410 replevit,
1517 2343 1581 2393 ut
1609 2337 1845 2406 exigen-

180 2426 353 2483 tibus
391 2427 641 2499 propriis
672 2427 897 2482 meritis
926 2442 1048 2483 non
1078 2431 1415 2497 agnoscant
1465 2426 1691 2482 cultum
1724 2441 1843 2481 cre-

175 2516 471 2571 dulitatis.
502 2515 728 2572 Nebula
757 2531 898 2586 ergo
943 2518 1351 2588 Synagogam,
1381 2515 1442 2571 id
1471 2519 1562 2571 est
1590 2515 1842 2571 domum

176 2605 420 2661 Domini
453 2603 742 2677 implevit,
785 2609 841 2660 et
869 2605 1207 2661 sacerdotes
1256 2609 1500 2677 propter
1556 2603 1843 2659 nebulam

178 2695 522 2750 ministrare
542 2709 667 2749 non
696 2698 990 2766 poterant,
1019 2693 1164 2766 quia
1189 2693 1338 2750 dum
1367 2694 1427 2748 in
1467 2696 1842 2749 Testamento

180 2784 375 2839 V’eteri
405 2799 619 2839 sensus
641 2783 926 2854 mysticos
954 2782 1160 2839 litterae
1188 2782 1483 2839 velamine
1505 2787 1838 2854 coopertos,

183 2872 342 2928 inter
365 2871 654 2927 obscuras
674 2871 1112 2941 'allegoriarum
1142 2871 1428 2942 caligines
1480 2870 1836 2940 investigare

181 2961 539 3033 despiciunt,
575 2959 845 3016 debitum
899 2960 1039 3016 ﬁdei
1081 2977 1204 3016 suae
1253 2960 1670 3026 ministerium,
1702 2975 1838 3031 pro-

179 3056 311 3122 pter
337 3050 631 3106 nebulam
660 3048 1068 3122 perdiderunt.
1101 3048 1329 3114 Quibus
1365 3053 1420 3104 et
1465 3053 1604 3104 tunc
1652 3048 1712 3103 in
1737 3063 1838 3103 ne-

179 3138 324 3195 bula
344 3139 634 3194 doctrinm
665 3155 807 3205 suae,
835 3153 1045 3195 vocem
1078 3138 1366 3194 Dominus
1406 3136 1666 3210 protulit,
1699 3152 1838 3192 cum

180 3228 256 3284 de
286 3244 349 3283 se
379 3228 566 3284 etiam
612 3232 817 3300 aperta
851 3227 1131 3282 narravit.
1182 3225 1333 3292 Quid
1364 3230 1451 3281 est
1475 3226 1637 3281 enim
1667 3240 1838 3298 aper-

181 3319 303 3372 tius
326 3333 520 3388 quam
535 3341 564 3366 u
590 3320 704 3386 Ego
726 3321 782 3372 et
807 3320 972 3373 Pater
986 3332 1176 3372 unum
1208 3330 1420 3370 sumus
1439 3315 1714 3385 (Joan.x)
1745 3314 1774 3368 ?
1807 3333 1836 3362 ››

188 3405 348 3471 Quid
359 3406 618 3476 apertius
632 3423 810 3477 quam
825 3428 852 3455 ‹‹
868 3410 1016 3462 Ante
1033 3405 1336 3462 Abraham
1349 3420 1460 3474 ego
1473 3419 1608 3458 sum
1634 3403 1835 3472 (Joan.

195 3493 479 3558 vm)?Sed
500 3494 637 3565 quia
665 3496 999 3551 auditorum
1020 3498 1250 3550 mentes
1265 3491 1626 3549 inﬁdelitatis
1643 3491 1836 3561 caligo

194 3583 613 3656 compleverat,
643 3587 814 3656 quasi
843 3584 1131 3641 emissum
1173 3583 1316 3638 solis
1345 3582 1584 3638 radium
1615 3581 1839 3638 nebula

188 3674 541 3745 iuterjacens
567 3674 996 3730 abscondebat.
1032 3697 1059 3724 ‹‹
1094 3677 1159 3729 Et
1206 3672 1637 3728 dedicaverunt
1695 3676 1836 3728 tem-

197 3763 361 3834 plum
390 3764 644 3826 Domini,
692 3780 795 3819 rex
849 3768 905 3819 et
933 3763 1034 3818 ﬁlii
1067 3762 1267 3818 Israel.
1298 3784 1325 3812 ››
1366 3761 1680 3835 Templum
1729 3762 1835 3816 Do-

206 3852 338 3907 mini
367 3859 568 3910 sancta
611 3857 704 3908 est
755 3852 1042 3919 Ecclosia,
1091 3851 1244 3908 sicut
1291 3867 1478 3924 supra
1529 3855 1838 3906 ostensum

203 3947 321 3997 est:
363 3942 522 3998 hanc
569 3941 866 3998 dedicavit
909 3957 1010 3996 rex
1057 3940 1344 4005 Christus,
1396 3939 1644 4011 quando
1701 3955 1837 3994 eam

191 4034 473 4102 sanguine
505 4049 620 4088 suo
650 4031 982 4096 mundavit,
1031 4036 1088 4086 et
1130 4029 1380 4102 Spiritus
1423 4028 1612 4084 sancti
1644 4028 1836 4097 gratia

182 4122 595 4189 sanctiﬁcavit,
627 4137 699 4177 ac
721 4119 973 4176 diversis
1003 4120 1285 4175 virtutum
1326 4117 1503 4172 donis
1551 4116 1834 4189 multipli-

178 4213 346 4268 cavit.
380 4211 552 4266 Hanc
578 4209 862 4265 dedicant
886 4213 943 4265 et
965 4207 1070 4263 ﬁlii
1115 4206 1295 4264 Israel
1322 4222 1547 4270 secum,
1585 4206 1834 4277 quando

177 4301 601 4373 unusquisque
629 4297 917 4365 ﬁdelium,
951 4296 1285 4353 secundum
1317 4295 1426 4350 sibi
1458 4295 1686 4350 donum
1720 4294 1835 4350 col-

168 4388 360 4446 latum
395 4405 435 4445 a
465 4389 610 4454 Deo,
639 4387 822 4443 verbo
843 4384 1282 4460 praedicationis
1309 4388 1366 4440 et
1386 4384 1666 4439 virtutum
1696 4400 1836 4456 ope—

163 4478 326 4535 ribus
367 4477 686 4550 proximos
711 4492 856 4532 suos
878 4489 1276 4548 quoscunque
1298 4473 1453 4528 valet
1481 4473 1559 4529 ad
1589 4473 1835 4529 meliora

164 4573 216 4623 et
233 4567 612 4640 perfectiora
631 4569 992 4631 convertere,
1015 4563 1250 4633 satagit.
1283 4585 1310 4610 «
1335 4561 1652 4634 Templum
1674 4563 1832 4618 enim

165 4658 436 4720 Domini.
471 4658 556 4712 ait
578 4655 918 4728 Apostolus,
979 4658 1257 4710 sanctum
1310 4656 1420 4718 est,
1477 4651 1642 4724 quod
1693 4652 1832 4707 estis

159 4763 267 4804 vos
295 4750 358 4818 (Ι
387 4748 536 4804 Cor.
585 4748 695 4816 ιιι).
730 4768 758 4794 ››
783 4743 896 4799 Sed
926 4744 1082 4799 hanc
1127 4741 1679 4808 sanctiﬁcationem,
1732 4757 1834 4795 rex

161 4843 216 4894 et
243 4837 555 4912 populus,
589 4837 772 4906 caput
795 4836 853 4888 et
898 4831 1191 4898 membra,
1219 4847 1342 4886 non
1373 4829 1678 4903 aequaliter
1699 4845 1832 4901 per-

158 4927 393 4994 ﬁciunt,
423 4923 581 4998 quia
611 4923 686 4977 de
736 4921 968 4978 Christo
993 4923 1252 4976 Joannes
1283 4919 1393 4974 ait:
1428 4941 1455 4969 «
1481 4922 1558 4975 De
1587 4917 1833 4989 plenitu-

158 5015 298 5072 dine
328 5017 479 5087 ejus
510 5027 626 5068 nos
657 5026 874 5067 omnos
900 5010 1265 5081 accepimus,
1316 5013 1372 5064 et
1424 5009 1676 5078 gratiam
1725 5023 1835 5079 pro

159 5107 352 5175 gratia
381 5104 604 5176 (Joan.
640 5101 704 5171 1).
739 5123 767 5150 ››
785 5100 933 5155 Hinc
964 5097 1179 5154 Paulus
1205 5098 1378 5154 dicit:
1409 5120 1436 5146 «
1480 5101 1681 5169 Itaque
1735 5111 1834 5152 ne-

161 5209 276 5266 que
305 5194 422 5267 qui
444 5191 705 5266 plantat,
737 5194 824 5246 est
851 5187 1101 5260 aliquid,
1132 5202 1329 5258 neque
1355 5186 1460 5259 qui
1489 5187 1642 5256 rigat
1671 5205 1684 5253 ;
1728 5185 1835 5242 sed

161 5284 262 5355 qui
288 5283 753 5340 incrementum
780 5277 900 5344 dat,
935 5277 1085 5333 deus
1115 5275 1175 5347 (Ι
1190 5275 1325 5332 Cor.
1346 5276 1485 5346 nt).»
1520 5275 1632 5332 Sed
1649 5290 1836 5347 quan-

159 5375 286 5429 tum
315 5372 535 5429 valeat
548 5367 814 5425 hominis
831 5365 1151 5436 dedicatio,
1168 5364 1492 5437 pnedictus
1515 5363 1836 5436 Apostolus

157 5462 619 5535 subsequenter
639 5455 883 5529 exponit
908 5455 1116 5511 dicens
1142 5473 1154 5510 :
1189 5476 1217 5504 «
1250 5453 1358 5520 Qui
1375 5453 1605 5525 plantat
1635 5457 1835 5508 autem

159 5555 212 5606 et
233 5552 405 5620 rigat
429 5563 630 5603 unum
657 5549 812 5601 sunt.
844 5543 1269 5616 Unusquisque
1300 5546 1500 5598 autem
1531 5540 1835 5613 propriam

157 5639 524 5708 mercedem
554 5634 828 5707 accipiet,
852 5632 1191 5690 secundum
1213 5647 1393 5688 suum
1417 5630 1711 5687 laborem.
1737 5629 1837 5686 Dei

615 5727 859 5782 Pauor.
901 5723 1038 5780 CXV

1953 1718 2356 1776 inﬁrmitatem
2395 1722 2526 1792 ejus
2580 1722 2782 1794 perﬁci
2816 1739 2937 1778 non
2983 1728 3278 1795 poterant,
3334 1740 3497 1780 nunc
3540 1725 3602 1780 in

1956 1808 2218 1865 Ecclesia
2256 1810 2544 1866 catholica
2601 1811 2851 1884 pleniter
2901 1811 3068 1881 gerit.
3124 1814 3256 1884 Ipse
3304 1818 3391 1869 est
3443 1813 3604 1869 enim

1953 1893 2168 1949 atrium
2191 1895 2409 1950 domus
2446 1896 2680 1951 Domini
2714 1913 2725 1950 :
2753 1912 2860 1968 per
2889 1897 3089 1969 ipsum
3104 1897 3412 1966 ingressus
3442 1902 3605 1970 patet

1951 1981 2011 2036 in
2037 1982 2220 2038 domo
2254 1984 2485 2038 Domini
2517 1983 2578 2038 in
2615 1984 2943 2040 Jerusalem
2973 1985 3246 2041 videlicet
3277 1985 3597 2041 caelestem.

1954 2071 2102 2136 Quia
2141 2088 2282 2139 ergo
2309 2073 2664 2128 holocausta
2695 2078 2750 2128 et
2779 2074 3070 2130 sacriﬁcia
3099 2075 3304 2129 omnia
3329 2075 3390 2128 in
3434 2073 3604 2129 altari

1955 2161 2151 2233 typico
2179 2161 2405 2217 Veteris
2437 2163 2799 2218 Testamenti
2830 2178 2953 2218 non
2983 2167 3257 2235 poterant
3283 2163 3502 2230 otierri,
3530 2179 3602 2218 eo

1951 2249 2117 2322 quod
2146 2250 2351 2306 omnia
2378 2251 2458 2306 ibi
2491 2250 2815 2321 ﬁguraliter
2845 2251 3089 2318 ﬁebant,
3141 2267 3242 2306 rex
3289 2256 3494 2306 noster
3547 2256 3603 2306 et

1951 2339 2231 2395 sacerdos
2261 2342 2446 2395 erexit
2486 2339 2670 2396 altare
2699 2339 2840 2395 ﬁdei
2869 2341 2932 2395 in
2968 2339 3228 2395 Ecclesia
3287 2339 3598 2408 catholica,

1948 2428 2009 2482 in
2032 2443 2152 2499 quo
2182 2427 2430 2499 pinguia
2450 2428 2802 2484 holocausta
2822 2433 2878 2483 et
2899 2427 3190 2484 sacrificia
3208 2429 3604 2500 acceptabilia

1949 2515 2214 2588 quotidie
2242 2517 2578 2588 spiritaliter
2597 2519 2716 2572 Deo
2747 2516 3096 2573 offeruntur.
3146 2517 3293 2572 Hinc
3321 2521 3409 2572 est
3435 2517 3604 2589 quod

1954 2605 2239 2660 Dominus
2263 2605 2596 2677 reprobans
2626 2611 2796 2661 vetus
2815 2605 3170 2660 sacriﬁcium
3203 2621 3309 2677 per
3337 2607 3601 2677 Prophe-

1950 2698 2074 2749 tam
2103 2694 2219 2750 ait:
2284 2718 2311 2744 ‹‹
2343 2695 2702 2751 IIolocausta
2732 2700 2789 2750 et
2817 2695 3175 2764 sanguinem
3221 2693 3603 2750 victimarum

1949 2783 2116 2839 nolui
2143 2786 2314 2854 (Psal
2343 2802 2535 2852 xxxxx,
2571 2785 2748 2841 Hebr.
2785 2787 2862 2854 χ).
2890 2806 2918 2833 ››
2963 2787 3026 2840 Et
3056 2784 3196 2839 item
3225 2783 3284 2838 in
3316 2782 3598 2838 Psalmis:

1950 2894 1977 2921 «
2014 2873 2379 2930 Sacrificium
2441 2874 2640 2930 laudis
2717 2872 3138 2929 honoriﬁcabit
3185 2888 3326 2928 me:
3388 2877 3446 2928 et
3489 2873 3603 2928 illic

1948 2961 2075 3032 iter,
2150 2979 2272 3034 quo
2351 2963 2666 3019 ostendam
2745 2962 2829 3018 illi
2911 2962 3168 3019 salutare
3253 2963 3355 3017 Dei
3414 2963 3599 3033 (Psal.

1947 3052 2125 3112 xux).
2156 3071 2184 3098 »

2019 3162 2045 3189 ‹‹
2074 3137 2226 3194 Fecit
2277 3155 2418 3208 ergo
2475 3139 2758 3196 Salomon
2815 3139 3190 3194 festivitatem
3238 3139 3300 3193 in
3331 3143 3599 3210 tempore

1948 3250 1974 3278 ς(
2007 3228 2108 3283 illo
2138 3227 2458 3294 celebrem,
2483 3233 2540 3284 et
2569 3229 2769 3284 omnis
2798 3229 2977 3284 Israel
3013 3244 3150 3282 cum
3179 3244 3249 3283 eo
3281 3228 3600 3284 multitudo

1949 3340 1977 3368 «
2000 3333 2225 3388 magna
2252 3317 2330 3374 ab
2360 3317 2601 3373 introitu
2623 3319 2835 3373 Emath
2874 3334 3064 3390 usque
3087 3318 3164 3373 ad
3186 3318 3381 3373 rivum
3413 3318 3598 3389 zEgy-

1947 3431 1976 3459 α
2007 3409 2094 3481 pti
2124 3423 2330 3463 coram
2370 3407 2622 3463 Domino
2655 3411 2772 3463 Deo
2820 3412 3046 3462 nostro.
3077 3430 3105 3457 »
3139 3407 3310 3473 Quod
3363 3406 3597 3471 dicitur,

1944 3498 2087 3570 quia
2100 3496 2532 3553 fecitSalomon
2564 3496 2945 3552 festivitatem
2970 3496 3286 3563 celebrem,
3322 3501 3375 3551 et
3403 3496 3599 3551 omnis

1945 3587 2123 3642 Israel
2143 3603 2282 3643 cum
2314 3603 2384 3642 eo
2410 3585 2730 3642 multitudo
2761 3601 2984 3655 magna
3005 3585 3084 3641 ab
3113 3586 3356 3642 introitu
3387 3585 3599 3640 Emath

1944 3691 2137 3748 usque
2185 3676 2265 3730 ad
2293 3676 2486 3731 rivum
2526 3675 2761 3747 Egypti
2790 3691 2992 3730 coram
3026 3676 3315 3730 Domino:
3349 3690 3456 3746 per
3506 3674 3597 3730 in-

1945 3765 2187 3821 troitum
2221 3766 2450 3832 Emath,
2480 3763 3003 3836 septentrionalem
3061 3768 3227 3819 terrae
3281 3763 3597 3836 repromis-

1946 3854 2130 3909 sionis
2149 3853 2394 3925 plagam
2427 3870 2531 3925 per
2561 3853 2758 3908 rivum
2804 3853 2928 3907 sive
2988 3856 3312 3907 torrentem
3359 3851 3596 3922 Egypti

1945 3953 2151 3994 coram
2185 3937 2434 3992 Domino
2466 3953 2479 3991 :
2513 3941 2578 3992 ut
2622 3936 2809 3991 verba
2839 3935 3072 3991 dierum
3124 3934 3460 4001 nominant,
3491 3934 3597 3990 de-

1945 4026 2138 4096 signat
2169 4024 2515 4081 australem.
2551 4024 2630 4080 De
2656 4025 2882 4097 quibus
2913 4023 3117 4096 aliqua
3147 4023 3322 4079 latius
3361 4039 3435 4079 ex
3470 4039 3595 4078 ver-

1941 4115 2035 4170 bis
2066 4114 2255 4171 sancti
2288 4113 2636 4186 Hieronymi
2692 4129 2918 4187 ponere
2967 4117 3204 4184 gratum
3263 4117 3409 4186 puto
3466 4128 3594 4168 esse

1941 4203 2166 4260 lectori.
2215 4205 2509 4276 Scriptum
2549 4208 2637 4260 est
2661 4203 2723 4259 in
2752 4203 2905 4259 libro
2962 4219 3354 4260 numerorum
3387 4203 3591 4270 (Num.

1941 4295 2153 4364 xxxrv),
2184 4293 2247 4348 in
2270 4309 2393 4365 quo
2405 4292 2601 4349 omnis
2632 4297 2788 4349 terra
2813 4292 3295 4364 repromissionis
3315 4307 3423 4366 per
3441 4307 3594 4364 qua-

1944 4386 2079 4440 tuor
2107 4383 2319 4455 plagas
2345 4381 2512 4438 brevi
2545 4397 2819 4438 sermone
2850 4381 3134 4438 dividitur
3166 4399 3180 4437 :
3226 4382 3372 4438 Pars
3417 4381 3594 4436 meri-

1942 4473 2124 4529 diana
2143 4472 2384 4544 incipiet
2412 4488 2448 4528 a
2471 4471 2790 4528 solitudine
2811 4471 2909 4526 Sin
2933 4488 3068 4543 quae
3083 4475 3173 4528 est
3191 4472 3364 4542 juxta
3383 4471 3591 4536 Edom,

1941 4566 1998 4617 et
2021 4561 2266 4618 habebit
2286 4561 2571 4616 terminos
2601 4564 2810 4616 contra
2839 4559 3128 4616 orientem
3156 4574 3321 4614 mare
3344 4556 3596 4612 salsissi-

1942 4667 2132 4716 mum,
2154 4650 2258 4722 qui
2274 4649 2481 4706 circuit
2500 4647 2828 4705 australem
2855 4648 3099 4720 plagam
3125 4662 3232 4718 per
3273 4660 3596 4700 ascensum

1943 4739 2294 4810 scorpionis,
2322 4738 2402 4794 ita
2427 4743 2490 4793 ut
2521 4742 2826 4794 transeant
2849 4737 2910 4791 in
2932 4738 3130 4790 Senna
3163 4739 3220 4790 et
3243 4733 3600 4807 proveniant

1941 4826 2004 4882 in
2034 4825 2344 4881 meridiem
2366 4842 2556 4898 usque
2580 4824 2659 4881 ad
2690 4823 3089 4891 Cadesbarne,
3114 4822 3276 4879 unde
3297 4821 3600 4894 egredien-

1943 4920 2036 4972 tur
2059 4913 2319 4970 conﬁnia
2341 4912 2421 4969 ad
2441 4913 2644 4970 villam
2665 4913 2909 4969 nomine
2931 4912 3112 4977 Adar,
3142 4918 3198 4970 et
3227 4912 3472 4969 tendent
3497 4929 3599 4968 us-

1943 5021 2060 5078 que
2081 5004 2160 5060 ad
2177 5005 2499 5060 Asemona.
2530 5003 2757 5076 Ibitque
2779 5019 2886 5076 per
2925 5019 3143 5076 gyrum
3188 5002 3474 5059 terminus
3520 5001 3600 5059 ab

1941 5098 2246 5151 Asemona
2270 5110 2461 5166 usque
2478 5093 2557 5149 ad
2577 5097 2896 5149 torrentem
2914 5092 3179 5165 IEgypti,
3194 5097 3250 5150 et
3271 5092 3456 5149 maris
3485 5095 3600 5150 Ma-

1945 5186 2046 5254 gni
2065 5185 2258 5240 littore
2281 5183 2541 5240 ﬁnietur.
2569 5187 2676 5240 Pro
2701 5199 2823 5255 quo
2852 5183 2914 5238 in
2945 5182 3154 5238 ultima
3184 5183 3414 5239 visione
3460 5197 3600 5254 pro-

1944 5275 2137 5346 phetae
2167 5273 2478 5330 Ezechielis
2500 5273 2583 5330 ita
2610 5272 2825 5328 dicitur
2857 5290 2870 5327 :
2896 5295 2923 5322 ‹‹
2951 5273 3130 5342 Plaga
3151 5277 3352 5328 autem
3377 5276 3605 5328 austra-

1942 5363 2015 5420 lis
2049 5364 2382 5422 meridiana
2404 5379 2440 5420 a
2468 5363 2744 5430 Thamar,
2767 5379 2957 5435 usque
2983 5362 3062 5418 ad
3091 5379 3283 5435 aquas
3315 5362 3604 5419 Mariboth

1945 5453 2184 5520 (Ezech.
2204 5453 2417 5524 XLVIII).
2441 5471 2472 5504 »
2493 5457 2696 5524 Aquas
2719 5451 3031 5518 Mariboth,
3056 5450 3116 5506 id
3147 5456 3235 5508 est
3265 5450 3604 5508 contradic-

1948 5542 2146 5598 tionis.
2178 5543 2366 5598 Cades
2398 5558 2642 5615 quoque
2673 5546 2729 5597 et
2749 5545 3040 5598 torrentes
3093 5558 3279 5614 usque
3308 5542 3387 5596 ad
3440 5553 3604 5595 mare

1954 5633 2254 5700 Magnum,
2287 5630 2455 5702 quod
2483 5630 2779 5701 Signiﬁcat
2808 5629 3164 5687 latissimam
3222 5627 3604 5685 solitudinem

3225 5717 3286 5770 l5
