4102 6184
509 150 616 215 450

1530 150 1960 213 ΑΝϐΕιΟΙΙΝΙ
1999 151 2459 211 LUXOVIENSIS
2495 158 2809 215 MONACHI

3803 167 3896 222 4δο

509 283 632 355 Sin,
658 297 796 356 quae
818 284 909 337 est
930 279 1093 351 justa
1116 277 1325 334 Edom.
1360 281 1427 335 Et
1454 278 1514 334 in
1546 278 1698 334 mari
1728 277 1928 335 Rubro
1955 275 2156 333 termi-
2186 274 2236 332 Α
2265 292 2402 333 rum
2459 280 2765 352 appellant
2820 281 3031 337 maria.
3094 284 3161 337 Et
3188 282 3453 356 tendent,
3486 284 3700 359 inquit,
3730 302 3902 361 usque

508 376 658 432 num
689 369 1021 438 circumire,
1055 370 1115 423 et
1134 381 1243 440 per
1270 378 1588 425 ascensum
1605 367 1934 441 scorpionis
1950 372 2004 423 et
2015 368 2156 423 Sen-

507 474 589 520 na
634 464 690 515 et
713 455 1095 514 Cadesbarne
1120 458 1178 512 et
1202 456 1420 513 atrium
1448 457 1574 513 sive
1598 455 1802 512 villam
1833 455 2007 521 Adar,
2042 459 2097 511 et
2122 471 2159 511 a

504 554 768 607 Semona
792 544 1101 621 pervenire
1152 561 1349 619 usque
1405 544 1481 603 ad
1538 550 1858 602 torrentem
1892 544 2154 618 Egypti,

390 676 399 679 -
504 640 609 716 qui
629 640 805 712 juxta
826 636 1038 693 urbem
1067 636 1497 694 Rinocoruram
1525 636 1676 694 mari
1712 636 1922 692 inﬂuit.
1943 635 2047 690 Hic
2062 650 2158 690 ve-

503 747 572 789 ro
591 727 880 787 terminus
915 725 1112 799 plagas
1135 726 1409 783 australis
1429 726 1653 801 incipit,
1680 743 1716 782 a
1736 722 1999 782 Thamar
2019 742 2155 798 quae

504 818 649 877 urbs
679 817 742 872 in
800 814 1117 871 solitudine
1168 821 1275 883 est,
1324 830 1514 889 quam
1544 820 1602 872 et
1648 814 1934 871 Salomon
1990 813 2155 869 miris

504 905 788 982 operibus
813 904 1114 971 exstruxit,
1147 907 1204 962 et
1239 906 1419 962 hodie
1442 905 1698 962 Palmira
1727 909 2110 977 nuncupatur
2138 920 2153 972 ;

505 996 914 1069 Hebraicoque
942 1009 1220 1051 sermone
1247 996 1510 1052 Thamar
1536 995 1770 1061 dicitur,
1794 1006 1928 1067 quae
1957 994 2017 1049 in
2048 993 2156 1049 lin-

504 1096 625 1159 gua
660 1088 871 1143 nostra
897 1083 1166 1157 palmam
1225 1089 1421 1152 sonat,
1455 1099 1644 1157 usque
1677 1083 1756 1139 ad
1796 1096 1987 1155 aquas
2016 1098 2156 1138 con-

503 1173 873 1236 tradictionis
924 1172 1114 1228 Gades
1163 1182 1350 1245 quam
1381 1174 1441 1229 in
1469 1173 1701 1229 deserto
1744 1187 2017 1227 essenon
2050 1170 2157 1225 du-

501 1266 673 1325 bium
698 1267 805 1331 est,
831 1266 888 1319 et
906 1266 1137 1318 torrens
1153 1262 1495 1332 ingrediens
1523 1278 1688 1318 mare
1713 1264 2012 1331 Magnum,
2041 1261 2155 1316 hoc

503 1353 669 1431 quod
696 1352 937 1424 Egypti
966 1349 1410 1424 Palmstinreque
1431 1351 1816 1424 praetenditur
1839 1350 2152 1406 littoribus.

505 1442 783 1516 Sequitur
829 1441 887 1497 in
911 1440 1064 1497 libro
1096 1444 1489 1497 Numerorum
1515 1458 1527 1496 :
1564 1462 1590 1490 «
1624 1441 1802 1506 Plaga
1824 1444 2022 1495 autem
2054 1455 2154 1494 oc-

505 1530 839 1597 cidentalis,
871 1547 907 1587 a
932 1530 1085 1586 mari
1112 1532 1324 1600 Magno
1348 1531 1574 1603 incipit,
1608 1530 1815 1602 etipso
1846 1530 1963 1585 fine
1995 1528 2154 1584 clau-

504 1621 683 1692 ditur,
707 1640 737 1674 ›
763 1621 879 1677 hoc
912 1621 1000 1677 est
1030 1634 1067 1676 a
1094 1621 1246 1676 mari
1275 1636 1466 1693 usque
1498 1619 1577 1676 ad
1615 1635 1802 1688 mare,
1859 1634 1894 1674 a
1926 1623 2151 1674 torren-
2183 1622 2225 1684 υ

501 1715 558 1768 te
586 1709 857 1767 videlicet
875 1708 1182 1778 Rinocore,
1223 1709 1327 1782 qui
1354 1709 1413 1763 in
1444 1722 1608 1765 mare
1637 1707 1829 1763 inﬂuit
1856 1722 2045 1779 usque
2075 1706 2152 1762 ad

503 1814 643 1858 eum
662 1799 864 1856 locum
895 1799 998 1854 ubi
1023 1801 1112 1855 est
1141 1797 1353 1854 Emath
1377 1797 1518 1853 urbs
1540 1797 1741 1870 Syriae,
1765 1797 1937 1867 cujus
1956 1796 2017 1851 in
2039 1797 2153 1851 hac

502 1889 687 1964 plaga
715 1892 773 1944 et
804 1894 1029 1944 nomen
1058 1887 1301 1960 ponitur
1328 1888 1389 1942 in
1418 1886 1712 1943 Ezechiele
1746 1903 1758 1941 :
1794 1906 1820 1934 «
1857 1889 1920 1941 Et
1974 1885 2157 1958 plaga

501 1977 821 2052 (inquiens)
852 1992 1014 2033 mare
1043 1979 1322 2047 Magnum
1353 1993 1388 2032 a
1420 1976 1679 2032 conﬁnio
1710 1991 1816 2048 per
1839 1975 2155 2043 directum,

501 2066 697 2125 donec
720 2066 927 2123 venias
954 2065 1221 2133 Emath,»
1252 2081 1388 2138 quae
1411 2080 1570 2120 nunc
1612 2065 1941 2137 Epiphania
1964 2062 2155 2119 nomi-

500 2162 698 2229 natur,
729 2155 808 2212 ab
837 2155 1127 2211 Antiocho
1152 2154 1572 2210 crudelissimo
1627 2156 2017 2225 tyrannorum
2050 2168 2154 2207 no-

500 2247 662 2303 mine
687 2244 1075 2301 commutato.
1102 2245 1249 2298 Nam
1275 2246 1741 2311 cognomentum
1786 2240 1995 2297 habuit
2027 2239 2154 2312 Epi-

500 2334 752 2409 phanes.
785 2333 969 2388 Porro
1000 2331 1079 2387 ad
1105 2331 1629 2404 septentrionalem
1661 2330 1894 2403 (inquit)
1925 2333 2157 2401 partem

502 2438 538 2481 a.
565 2423 718 2481 mari
747 2422 957 2490 Magno
1006 2419 1241 2477 termini
1286 2420 1571 2492 incipient
1622 2419 2029 2491 pervenientes
2061 2432 2156 2472 us-

501 2528 620 2585 que
649 2508 727 2566 ad
748 2508 1014 2565 montem
1042 2508 1419 2573 altissimum,
1452 2523 1573 2580 quo
1599 2508 1840 2563 veniens
1864 2508 1917 2561 in
1945 2508 2154 2562 Emath

502 2606 696 2670 usque
729 2595 806 2652 ad
835 2595 1121 2651 terminos
1147 2594 1411 2662 sedebat,
1444 2596 1735 2667 ibuntque
1763 2593 2023 2649 conﬁnia
2053 2606 2154 2650 us-

501 2701 622 2760 que
638 2683 718 2742 ad
745 2683 1056 2756 Sephrona
1085 2684 1143 2739 et
1170 2682 1374 2739 villam
1401 2687 1588 2750 Enan,
1618 2684 1676 2738 hi
1707 2687 1881 2739 erunt
1920 2684 2155 2739 termini

500 2775 563 2833 in
593 2776 761 2848 parte
791 2768 1110 2845 aquilonis.
1135 2772 1348 2829 Dicunt
1377 2772 1597 2829 Hebl’wl
1632 2771 2153 2843 septentrionalem

502 2862 751 2939 plagam
787 2859 1048 2934 incipere
1080 2876 1118 2917 a
1145 2861 1299 2917 mari
1332 2863 1563 2931 Magno,
1595 2861 1757 2933 quod
1804 2860 2152 2928 Palaestinae,

499 2950 793 3010 Phoenicis
822 2955 879 3007 et
907 2950 1087 3024 Syrias
1116 2966 1252 3025 quas
1274 2950 1607 3024 appellatur
1639 2950 1787 3017 Cele,
1822 2950 2153 3023 Ciliciaeque
2189 2979 2228 3032 ε

499 3040 892 3117 praetenditur
914 3039 1232 3107 littoribus,
1264 3045 1321 3096 et
1349 3056 1458 3112 per
1488 3044 1806 3111 Aigyptum
1864 3039 2049 3096 tendit
2073 3039 2150 3097 ad

497 3126 776 3204 Libyam.
805 3129 975 3195 Quod
1006 3133 1209 3187 autem
1237 3127 1483 3185 dicitur:
1519 3129 1929 3202 pervenientes
1950 3130 2149 3185 termi-

498 3236 614 3279 nos
652 3232 847 3295 usque
878 3218 957 3276 ad
995 3221 1264 3276 mentem
1315 3218 1691 3285 altissimum,
1738 3220 2016 3275 eumdem
2054 3222 2157 3277 lie-

496 3306 645 3369 brmi
693 3313 1010 3367 autumant
1048 3309 1145 3365 vel
1192 3312 1424 3365 Imahm
1484 3312 1749 3365 montem
1795 3308 2149 3379 signiﬁcare,

495 3397 593 3455 vel
619 3400 908 3454 Taurum:
932 3396 1099 3467 quod
1127 3396 1302 3452 nobis
1331 3394 1564 3452 videtur
1589 3397 1800 3453 verius.
1836 3397 2150 3469 lbuntque,

496 3483 708 3555 inquit,
741 3482 1003 3539 conﬁnia
1032 3497 1225 3553 usque
1252 3483 1330 3538 ad
1363 3484 1693 3556 Sophrona,
1718 3490 1903 3556 quam
1925 3486 2151 3542 Hebraei

496 3570 675 3628 hodie
727 3569 1033 3643 Zephuim,
1089 3568 1382 3642 oppidum
1438 3571 1670 3635 Cilicize,
1704 3578 1942 3627 vocant.
1977 3573 2151 3639 Quod

498 3664 699 3718 autem
739 3658 1040 3731 sequitur:
1083 3660 1150 3715 Et
1206 3658 1403 3714 villam
1438 3661 1625 3728 Euan,
1669 3676 1776 3733 pro
1806 3677 1928 3733 quo
1958 3661 2019 3717 in
2042 3663 2152 3719 He-

497 3749 659 3808 brmo
689 3749 977 3821 scriptum
1003 3753 1091 3805 est
1115 3749 1469 3817 Aserenam,
1511 3749 1675 3821 quod
1730 3749 2151 3823 interpretatur

496 3842 721 3899 atrium
750 3840 960 3911 fontis,
992 3838 1284 3895 terminus
1329 3841 1422 3895 est
1468 3838 1763 3896 Damasci.
1811 3838 1976 3897 Unde
2001 3839 2147 3897 dici-

496 3934 591 3987 tur
616 3930 677 3986 in
708 3926 1036 3985 Ezechiele:
1071 3930 1137 3984 Et
1165 3928 1271 3984 erit
1289 3927 1579 3984 terminus
1608 3944 1644 3984 a
1674 3928 1825 3985 mari
1854 3942 2043 4002 usque
2069 3930 2148 3986 ad

495 4017 713 4075 atrium
736 4021 923 4084 Euan,
943 4017 1062 4073 sive
1085 4017 1251 4074 Aser.
1296 4020 1464 4074 Euan
1486 4018 1774 4074 terminus
1793 4019 2072 4075 Damasci
2092 4023 2149 4076 et

490 4105 571 4164 ab
587 4102 867 4179 aquilone
895 4104 973 4162 ad
1003 4106 1348 4180 aquilonem
1370 4108 1552 4180 plaga
1573 4107 2049 4180 septentrionalis
2071 4110 2146 4166 de

491 4192 633 4250 villa
662 4196 826 4250 Euan
883 4194 1206 4265 Sephama,
1238 4197 1295 4250 et
1319 4193 1394 4250 de
1427 4194 1729 4267 Sephama
1776 4194 2147 4254 descendent

490 4280 727 4339 termini
746 4279 808 4336 in
838 4278 1020 4337 Rebla
1040 4283 1252 4336 contra
1269 4281 1515 4337 fontem.
1540 4282 1681 4338 Inde
1707 4284 1975 4355 pervenit
2005 4299 2145 4340 con-

488 4374 582 4428 tra
606 4370 893 4427 orientem
915 4368 994 4426 ad
1012 4384 1179 4425 mare
1203 4370 1579 4437 Genezareth,
1604 4374 1661 4427 et
1681 4370 1926 4427 tendent
1949 4382 2139 4445 usqtie

502 4460 826 4519 Iordanem
854 4463 911 4516 et
949 4458 1028 4515 ad
1087 4457 1364 4514 ultimum
1414 4457 1744 4516 salsissimo
1791 4460 2145 4519 claudentur

489 4551 666 4609 mari.
691 4552 733 4606 Α
755 4548 875 4606 ﬁne
905 4547 1084 4622 igitur
1108 4547 1589 4621 septentrionalis
1640 4548 1853 4621 plagae,
1888 4550 2005 4607 hoc
2034 4554 2140 4622 est,

488 4640 641 4698 atrio
668 4640 833 4697 Euan
859 4638 1113 4696 tendunt
1124 4635 1275 4694 ﬁnes
1299 4650 1490 4711 usque
1506 4637 1586 4693 ad
1608 4638 1929 4711 Sephama,
1953 4656 2141 4714 quam

485 4728 718 4786 Hebraei
749 4729 1114 4802 Aphamiam
1138 4728 1477 4786 ndminant.
1494 4729 1563 4784 Et
1591 4728 1666 4784 de
1693 4728 1991 4802 Aphamia
2004 4730 2143 4786 des-

491 4817 762 4872 cendunt
789 4818 1022 4875 termini
1048 4818 1107 4874 in
1131 4817 1397 4887 Reblata,
1447 4832 1584 4891 quae
1613 4833 1775 4875 nunc
1804 4820 1988 4894 Syriae
2036 4838 2143 4878 vo-

496 4904 665 4955 catur
690 4900 1023 4961 Antiochia.
1056 4906 1125 4961 Et
1153 4912 1219 4963 ut
1237 4906 1391 4963 scias
1412 4906 1595 4964 Rebla
1615 4907 1774 4966 hanc
1804 4909 2143 4980 signiﬁcare

485 4986 725 5053 urbem,
755 4996 892 5061 quae
914 5006 1076 5048 nunc
1122 4993 1184 5048 in
1209 4996 1382 5065 Syria
1416 4992 1581 5052 Celes
1620 4996 2001 5055 nobilissima
2031 5002 2140 5070 est,

489 5074 795 5146 sequitur:
828 5078 1047 5133 Contra
1091 5077 1340 5153 fontem,
1367 5083 1463 5137 cui
1489 5085 1800 5156 proprium
1826 5088 1915 5141 est
1958 5084 2142 5157 signi-

483 5161 656 5219 ﬁcari
683 5163 991 5236 Daphne‘m
1026 5182 1039 5234 ;
1072 5164 1148 5221 de
1203 5181 1327 5239 quo
1382 5167 1545 5225 fonte
1598 5171 1949 5242 supradicta
1999 5174 2142 5231 urbs

488 5251 664 5325 aquis
747 5251 1282 5310 abundantissimis
1365 5255 1600 5312 fruitur.
1686 5258 1851 5331 Inde,
1927 5260 2139 5334 inquit,

488 5341 836 5415 pervenient
864 5341 1101 5398 termini
1146 5346 1354 5400 contra
1382 5340 1673 5401 orientem
1702 5345 1781 5402 ad
1826 5356 1992 5405 mare
2039 5353 2144 5408 Ge-

479 5430 779 5497 nezareth,
832 5428 894 5486 id
958 5434 1046 5486 est
1102 5429 1181 5487 ad
1233 5434 1514 5501 stagnum
1578 5433 1922 5493 Tiberiadis.
1986 5441 2141 5497 Mare

490 5523 691 5578 autem
717 5519 950 5588 dicitur,
985 5536 1124 5575 cum
1171 5519 1394 5575 habeat
1442 5519 1649 5577 dulces
1704 5538 1916 5596 aquas,
1967 5528 2141 5599 juxta

486 5607 758 5669 mamma
783 5609 1242 5684 Scripturarum,
1262 5614 1403 5682 quae
1417 5612 1918 5683 congregationes
1951 5632 2139 5693 aqua-

2264 368 2587 425 Jordanem
2626 375 2683 425 et
2724 371 2801 425 ad
2861 370 3136 426 ultimum
3190 372 3547 430 claudentur
3603 376 3775 446 mari,
3818 379 3902 435 vel

2265 458 2508 524 Mortuo,
2541 458 2655 527 vel,
2679 464 2744 514 ut
2770 459 2871 514 alii
2902 464 3133 531 putant,
3168 461 3376 532 lingua
3417 464 3602 519 maris
3634 467 3822 533 Rubri,
3848 468 3900 525 in

2264 546 2436 616 cujus
2460 545 2649 601 littore
2678 546 2849 602 Abila
2865 547 3059 620 posita
3079 554 3187 604 est.

2342 631 2510 698 Quod
2538 640 2739 690 autem
2772 635 3040 707 sequitur
3067 637 3128 692 in
3159 637 3311 693 libro
3336 641 3589 709 Regum,
3609 642 3774 714 quod
3788 659 3903 717 sep-

2264 725 2384 777 tem
2406 722 2618 778 diebus
2647 728 2704 779 et
2734 729 2963 796 septem
2994 724 3228 793 diebus,
3260 726 3321 782 id
3352 734 3441 783 est
3463 731 3903 801 quatuordecim

2264 810 2500 878 diebus,
2551 812 2837 884 praedicta
2887 813 3171 871 festivitas
3221 833 3256 871 a
3294 816 3617 875 Salomone
3677 826 3737 877 et
3781 822 3902 878 ﬁliis

2264 900 2441 955 Israel
2469 900 2885 969 celebraretur,
2919 902 3049 959 etin
3079 903 3174 959 die
3190 910 3447 977 poctavo
3476 907 3708 966 dimisit
3730 926 3904 985 popu-

2261 987 2777 1055 los;intuendum
2819 995 2905 1045 est
2935 992 3246 1063 quomodo
3296 994 3357 1049 in
3413 997 3628 1052 Verbis
3683 999 3903 1056 dierum

2263 1076 2338 1131 de
2376 1077 2585 1133 eadem
2616 1094 2678 1134 re
2695 1079 2983 1150 scriptum
3015 1081 3104 1135 sit.
3141 1082 3293 1137 Fecit.
3321 1098 3465 1151 ergo
3494 1085 3778 1144 Salomon
3801 1088 3902 1144 fes-

2267 1164 2552 1221 tivitatem
2582 1166 2641 1221 in
2673 1172 2942 1237 tempore
2969 1168 3073 1224 illo
3105 1174 3333 1241 septem
3358 1172 3597 1237 diebus,
3629 1181 3686 1231 et
3713 1178 3897 1233 omnis

2266 1256 2446 1311 Israel
2470 1273 2609 1312 cum
2631 1272 2722 1323 eo,
2758 1256 3014 1313 Ecclesia
3056 1275 3286 1329 magna
3333 1262 3509 1318 valde
3550 1265 3625 1320 ab
3669 1266 3901 1324 introitu

2275 1346 2484 1401 Emath
2525 1332 2719 1419 usque
2746 1347 2826 1402 ad
2888 1352 3206 1404 torrentem
3245 1353 3500 1424 Aigypti,
3529 1354 3770 1429 fecitque
3807 1356 3901 1413 die

2274 1440 2486 1491 octavo
2512 1436 2816 1492 collectam
2857 1451 2929 1492 eo
2972 1438 3138 1509 quod
3166 1438 3505 1497 dedicasset
3551 1444 3731 1501 altare
3781 1461 3905 1519 sep-

2264 1528 2385 1579 tem
2414 1525 2648 1591 diebus,
2709 1529 2766 1580 et
2822 1525 3261 1583 solemnitatem
3308 1529 3670 1588 celebrasset
3705 1534 3905 1591 diebus

2264 1619 2512 1686 septem.
2566 1614 2749 1683 Igitur
2775 1614 3061 1670 vicesimo
3120 1618 3288 1673 tertio
3318 1621 3537 1675 mentis
3567 1622 3800 1694 septimi
3827 1625 3903 1680 di-

2263 1703 2421 1759 misit
2445 1704 2704 1776 populos
2737 1703 2812 1759 ad
2846 1704 3234 1761 tabernacula
3257 1723 3386 1770 sua.
3451 1709 3559 1765 sed
3616 1718 3763 1784 puto
3792 1731 3902 1770 non

2263 1791 2424 1848 aliud
2444 1792 2539 1847 hic
2560 1792 2707 1848 velle
2735 1791 2982 1862 intelligi
3017 1794 3134 1848 nisi
3182 1797 3348 1868 quod
3398 1799 3648 1871 expletis
3699 1801 3897 1859 diebus

2264 1886 2493 1953 septem
2551 1882 2941 1937 dedicationis
2972 1884 3198 1956 templi,
3238 1886 3548 1943 subsecuti
3604 1897 3743 1947 sunt
3792 1893 3899 1949 dies

2264 1972 2655 2043 scenopegiee,
2688 1984 2822 2043 quas
2854 1988 2890 2028 a
2913 1971 3148 2028 decimo
3179 1975 3391 2045 quinto
3422 1977 3516 2033 die
3540 1981 3767 2037 'uensis
3794 1998 3910 2055 sep-

2263 2060 2391 2116 timi
2423 2060 2755 2115 secundum
2784 2060 2978 2131 legem
3003 2063 3468 2134 inchoabantur,
3508 2074 3566 2123 et
3594 2070 3655 2124 in
3684 2071 3780 2126 die
3826 2073 3908 2127 vi-

2264 2149 2495 2220 gecimo
2526 2150 2853 2205 secundum
2869 2150 3253 2209 ﬁniebantur.
3287 2155 3556 2229 Utrisque
3579 2173 3723 2228 ergo
3746 2159 3898 2216 festi—

2261 2237 2543 2294 vitatibus
2561 2238 2668 2294 rite
2698 2239 2969 2310 peractis,
3001 2246 3057 2294 et
3080 2244 3575 2315 scenopegiarum
3590 2252 3801 2304 octava
3817 2250 3909 2305 die

2266 2326 2453 2397 ﬁnita,
2497 2326 2723 2382 dimisit
2748 2344 2849 2382 rex
2891 2328 3172 2385 Salomon
3206 2333 3463 2403 populos
3492 2335 3567 2390 ad
3600 2351 3728 2401 sua,
3762 2359 3788 2385 ‹‹
3819 2336 3911 2392 lae-

2274 2422 2465 2473 tantes
2493 2420 2670 2488 atque
2711 2417 3039 2486 gaudentes
3078 2434 3262 2491 super
3311 2423 3470 2479 bona
3507 2439 3640 2495 quea
3689 2424 3905 2480 iecerat

2261 2504 2551 2558 Dominus
2570 2504 2751 2560 David
2778 2510 2836 2561 et
2866 2505 3172 2561 Salomoni
3200 2514 3257 2564 et
3284 2510 3451 2564 Israel
3480 2509 3701 2579 populo
3722 2524 3888 2564 suo.»

2263 2592 2366 2649 Cui
2393 2592 2594 2647 sensui
2624 2592 2856 2648 videtur
2885 2594 3182 2667 Josephus
3207 2596 3510 2666 suffragari
3538 2596 3621 2651 ita
3651 2597 3886 2653 dicens:

2264 2681 2489 2737 Dimisit
2517 2696 2659 2750 ergo
2692 2681 2973 2738 Salomon
2993 2684 3319 2747 Ecclesium.
3337 2700 3474 2740 cum
3495 2685 3792 2743 sacriﬁcia
3810 2702 3907 2743 ee-

2263 2769 2555 2826 lebrasset
2601 2785 2712 2843 pro
2742 2786 2804 2827 se
2852 2776 2910 2827 et
2938 2788 3049 2844 pro
3076 2773 3358 2829 universis
3404 2774 3689 2844 Hebraeis,
3719 2775 3785 2831 id
3817 2781 3912 2833 est

2261 2858 2482 2915 vitulos
2540 2861 2787 2932 quidem
2817 2861 3028 2930 viginti
3076 2863 3247 2925 duos,
3280 2879 3419 2919 oves
3444 2869 3651 2919 autem
3704 2865 3916 2936 viginti

2261 2953 2522 3012 centum,
2555 2953 2716 3005 Tunc
2738 2950 2897 3005 enim
2919 2952 3085 3024 prius
3112 2951 3171 3007 in
3195 2952 3414 3025 templo
3445 2954 3739 3011 sacriﬁcia
3759 2955 3912 3011 cele-

2258 3037 2431 3093 brata
2455 3042 2611 3106 sunt,
2645 3043 2703 3094 et
2743 3039 2803 3095 in
2860 3054 2932 3096 eo
2974 3040 3198 3113 epulati
3229 3048 3367 3097 sunt
3412 3057 3626 3099 omnes
3681 3043 3915 3099 Hebraei

2259 3142 2396 3181 cum
2427 3127 2715 3183 uxoribus
2742 3128 2866 3184 suis
2891 3135 2947 3185 ct
2970 3129 3126 3185 ﬁliis.
3170 3131 3421 3203 Insuper
3443 3132 3623 3188 etiam
3653 3136 3710 3188 et
3762 3133 3915 3189 festi-

2256 3215 2499 3272 vitatem
2542 3233 2676 3290 quae
2743 3225 2993 3275 vocatur
3055 3222 3438 3294 soenopegia,
3509 3222 3736 3278 faciens
3778 3227 3915 3280 ante

2259 3306 2553 3379 templum
2577 3307 2732 3364 clare
2760 3308 2939 3365 nimis
2966 3314 3023 3365 et
3038 3310 3360 3381 magniﬁce
3387 3311 3603 3368 diebus
3630 3318 3914 3385 quatuor-

2257 3395 2475 3459 decim,
2504 3400 2561 3451 et
2580 3412 2683 3452 rex
2708 3412 2846 3452 cum
2862 3398 3027 3453 omni
3051 3400 3279 3471 populo
3303 3416 3416 3456 suo
3458 3401 3678 3473 pariter
3706 3402 3913 3475 epula-

2259 3486 2352 3537 tus
2373 3488 2478 3538 est.
2503 3484 2771 3556 Cumque
2802 3484 2929 3541 ὴωο
2954 3485 3204 3543 fuissent
3240 3488 3598 3546 sufﬁcienter
3624 3490 3913 3559 exhibita,

2258 3569 2526 3643 nihilque
2555 3572 2788 3629 deesset
2812 3574 2969 3631 circa
3022 3575 3262 3647 pietatis
3322 3578 3534 3634 divinas
3583 3578 3909 3646 culturam,

2257 3657 2487 3713 dimissi
2517 3674 2553 3714 a
2583 3676 2721 3730 rege
2738 3662 2955 3733 singuli
2976 3664 3056 3720 ad
3076 3667 3322 3738 propria
3341 3671 3687 3736 remearunt,
3715 3681 3907 3736 agen-

2255 3750 2342 3801 tes
2357 3747 2581 3816 gratias
2598 3750 2990 3825 regi,propter
3004 3754 3444 3825 providentiam
3466 3770 3646 3829 quam
3656 3754 3915 3811 habuis-

2262 3837 2350 3890 set
2376 3839 2432 3891 et
2458 3851 2642 3909 opera
2672 3852 2808 3912 quae
2838 3839 3088 3910 fecisset,
3121 3848 3179 3900 et
3201 3850 3443 3902 orantes
3489 3846 3698 3911 Deum,
3724 3849 3797 3901 ut
3828 3844 3920 3901 eis

2256 3938 2464 3993 regem
2494 3926 2788 4000 praeberet
2840 3928 3119 4001 longaevo
3174 3938 3443 4007 tempore
3501 3934 3916 3991 Salomonem.

2254 4013 2527 4083 Agebant
2573 4031 2712 4071 cum
2758 4018 2980 4087 gaudio
3027 4025 3387 4079 revertentes
3443 4023 3805 4091 sublimiter,
3864 4026 3922 4078 et

2255 4112 2391 4158 eum
2413 4103 2802 4162 delectatione
2830 4107 3094 4178 hymnos
3116 4108 3529 4177 decantantes,
3559 4113 3643 4170 ita
3665 4117 3728 4170 ut
3750 4114 3818 4169 in
3846 4126 3926 4169 ea.

2248 4192 2621 4262 jucunditate
2643 4194 2987 4253 sinelabore
3002 4198 3082 4255 ad
3106 4201 3352 4273 propria
3376 4208 3739 4259 remearent.
3763 4206 3927 4276 lys-

2253 4279 2362 4335 tice
2378 4284 2578 4336 autem
2598 4282 2713 4338 hoc
2733 4286 2900 4356 quod
2919 4286 3203 4344 Salomon
3230 4290 3528 4363 completo
3547 4307 3733 4364 opere
3762 4299 3925 4348 tem-

2249 4366 2333 4440 pli
2360 4366 2736 4426 festivitatem
2781 4373 3077 4432 celebrem
3134 4376 3289 4445 fecit,
3340 4380 3493 4436 sicut
3536 4380 3933 4452 quibusdam

2250 4457 2502 4528 videtur,
2522 4463 2580 4515 et
2598 4461 2794 4517 omnis
2826 4464 3003 4520 Israel
3032 4480 3171 4522 cum
3201 4482 3274 4523 eo
3304 4469 3627 4526 multitudo
3679 4486 3936 4541 magna

2251 4545 2329 4603 ab
2349 4546 2591 4603 introitu
2620 4551 2831 4606 Emath
2855 4565 3047 4626 usque
3065 4554 3145 4610 ad
3173 4556 3371 4613 rivum
3401 4559 3650 4632 Egypti
3701 4575 3937 4617 coram

2252 4633 2508 4691 Domino
2538 4638 2677 4707 Deo,
2701 4637 2999 4709 signiﬁcat
3017 4641 3321 4700 internum
3351 4646 3644 4717 gaudium
3676 4653 3941 4705 sancto-

2248 4742 2407 4792 rum.
2429 4732 2594 4804 quod
2623 4749 2763 4790 cum
2807 4744 2947 4807 rege
2997 4750 3107 4796 suo
3137 4740 3368 4798 Christo
3422 4756 3565 4800 vero
3624 4745 3942 4803 videlicet

2250 4820 2524 4894 paciﬁco,
2549 4826 2970 4896 perpetualiter
2996 4828 3240 4899 habent;
3272 4845 3511 4889 necnon
3535 4839 3591 4890 et
3616 4833 3760 4891 loca
3780 4835 3944 4908 ipsa

2250 4910 2475 4983 quibus
2508 4914 2743 4969 termini
2761 4918 2930 4972 terrae
2967 4918 3147 4975 lsrael
3197 4921 3480 4996 descripti
3510 4928 3953 4989 sunt,Emath

2247 4999 2522 5057 videlicet
2545 5005 2601 5057 et
2627 5004 2786 5059 rivus
2837 5005 3100 5079 zEgypﬁ,
3155 5008 3296 5065 huic
3329 5011 3765 5081 signiﬁcationi
3794 5024 3954 5073 non

2251 5088 2687 5160 contradicunt,
2748 5095 2961 5151 Emath
3007 5096 3168 5153 enim
3220 5097 3646 5172 interpretatur
3670 5105 3963 5162 Domini

2250 5177 2473 5266 veritas
2494 5193 2511 5243 ;-
2541 5182 2598 5234 et
2625 5182 2938 5251 perrivum
2964 5184 3087 5243 sive
3115 5190 3445 5245 torrentem
3466 5193 3707 5265 Egypt-i
3730 5208 3959 5266 quem

2249 5264 2469 5358 melius
2488 5266 2810 5358 intelligere
2825 5289 3177 5347 possumus,
3195 5292 3383 5351 quam
3410 5286 3669 5338 mortem
3680 5264 3965 5358 tempo-

2247 5353 2437 5410 ralem
2466 5355 2611 5428 quia
2662 5359 2819 5418 hanc
2867 5363 2929 5418 in
2970 5365 3254 5440 Egypto,
3307 5368 3370 5424 id
3402 5375 3493 5426 est
3538 5371 3599 5427 in
3647 5353 3965 5431 teneﬁris

2246 5444 2420 5534 istius
2435 5446 2647 5503 mundi
2672 5453 3023 5521 consistens,
3044 5456 3245 5512 nullus
3268 5460 3520 5516 evadere
3538 5466 3765 5534 potest,
3789 5466 3967 5521 Pro-

2247 5532 2772 5608 phetaattestante,
2804 5543 2910 5615 qui
2930 5543 3041 5601 ait:
3063 5566 3091 5595 ‹‹
3118 5546 3259 5611 Quis
3278 5532 3574 5606 est-homo
3603 5552 3716 5623 qui
3752 5554 3965 5617 vivit,

2251 5623 2311 5678 et
2336 5636 2463 5680 non
2492 5626 2715 5686 videbit
2734 5636 2993 5690 mortem
3015 5635 3188 5707 (Psal
3235 5640 3602 5712 mex)?»
3636 5640 3831 5700 [inde
3872 5644 3971 5701 de
