4102 6184
199 157 302 216 401

1181 156 1427 212 ΕΝΑΗΗ.
1467 155 1537 209 ΙΝ
1576 151 1823 208 Limes
1861 149 2118 210 REGUM.
2160 183 2228 194 —-
2267 157 2335 210 ΙΝ
2375 155 2506 211 LIB.
2549 155 2643 212 III.

202 281 336 354 ipso
365 279 681 336 Mediatore
717 279 819 333 Dei
857 282 915 334 et
941 278 1276 344 hominum,
1308 279 1370 334 in
1410 277 1644 350 psalmo
1676 275 1862 348 scrip-
1893 277 1940 330 Λ
1973 275 2087 332 hoc
2125 293 2346 334 nomen
2391 281 2707 350 displicere
2744 280 3054 352 signiﬁcet,
3097 298 3221 340 non
3259 285 3622 363 invenimus,

199 373 590 426 tumest:¢

199 455 487 513 exaltabit
525 460 712 528 caput
744 456 927 524 (Psal.
975 456 1103 524 crx).
1139 477 1166 505 ››
1214 455 1474 511 Torrens
1522 454 1633 510 fuit
1669 453 1869 509 turbu-

198 550 363 606 lenta
423 548 772 604 Judreoruin
826 549 1181 620 persecutio,
1247 548 1324 603 de
1386 564 1510 620 qua
1574 545 1868 601 Dominus

204 639 476 695 Christus
524 637 674 692 bibit
723 637 786 691 in
835 637 949 705 via,
1000 637 1060 691 in
1112 642 1199 692 est
1244 636 1306 691 in
1361 636 1476 691 hac
1520 637 1662 703 vita,
1723 633 1872 688 dum

207 729 468 799 corpore
513 725 764 798 pertulit.
816 725 929 781 Sed
979 725 1132 780 dum
1172 725 1232 779 in
1277 724 1379 780 via-
1423 724 1660 793 dicitur,
1704 721 1875 777 labor

212 815 486 871 iinterius
515 814 856 877 ostenditur,
889 818 945 870 et
969 813 1383 869 Velocissimus
1411 811 1697 869 transitus
1719 809 1875 865 indi-

647 371 725 422 De
773 372 1024 422 torrente
1069 367 1129 422 in
1174 367 1273 422 via
1317 366 1498 433 bibet,
1551 370 1868 438 propterea
1976 367 2092 422 nisi
2124 367 2270 425 forte
2318 386 2426 442 per
2463 371 2718 428 ironiam
2761 372 2989 428 dictum
3033 372 3104 429 sit
3140 375 3314 446 quasi
3359 391 3624 446 germen,

1977 471 2116 511 cum
2146 457 2577 529 plenitudinem
2608 463 2912 518 fructuum
2946 477 3070 517 non
3096 460 3351 519 afferret.

2049 567 2076 592 «
2119 545 2446 604 Ediﬁcavit
2486 564 2629 618 ergo
2675 549 2959 607 Salomon
3007 551 3188 606 Gazer
3235 554 3294 608 et
3338 553 3633 609 Betharon

1982 655 2010 682 ‹‹
2050 633 2390 691 inferiorem
2417 641 2474 693 et
2501 637 2762 705 Baalath,
2787 644 2844 695 et
2873 638 3192 695 Palmiram
3217 640 3277 695 in
3312 644 3466 698 terra
3495 641 3634 698 soli-

1984 745 2011 772 ‹‹
2054 722 2294 778 tudinis.
2330 728 2394 780 Et
2421 742 2632 782 omnes
2664 727 2846 792 vicos,
2877 727 2982 800 qui
3012 728 3090 783 ad
3121 743 3186 784 se
3235 730 3633 801 pertinebant,

1984 829 2015 864 ‹
2054 816 2111 866 et
2137 812 2240 883 qui
2277 818 2446 869 erant
2484 815 2718 888 absque
2746 832 2922 872 muro
2950 816 3225 887 munivit,
3253 837 3282 867 »
3313 822 3426 874 etc.
3455 818 3638 876 Urbes

217 911 396 961 catur
425 916 530 977 per
555 917 737 976 quam
785 903 1131 959 itinerantes
1175 903 1312 957 vehi
1359 902 1553 958 solent
1585 902 1662 956 ad
1695 899 1875 956 aliam
1983 915 2122 955 vero
2183 915 2337 972 quas
2383 902 2713 960 aadiﬁcassc
2765 905 3049 961 Salomon
3102 905 3336 978 dicitur,
3393 908 3508 964 hoc
3553 911 3642 965 est

221 992 604 1049 mansionem
633 1010 646 1047 :
681 992 907 1048 Christo
936 992 1096 1047 enim
1122 995 1366 1064 propter
1393 990 1666 1061 gloriosae
1700 987 1878 1044 meri-

1987 988 2172 1054 Mello,
2221 995 2278 1045 et
2332 1007 2575 1046 murum
2621 993 2970 1063 Jerusalem,
3017 994 3199 1050 Heser
3235 995 3547 1068 Mageddo,
3586 999 3644 1052 et

221 1087 356 1138 tum
383 1081 693 1154 passionis,
730 1101 758 1130 ε
782 1081 990 1136 datum
1015 1085 1366 1145 estnomen,
1407 1078 1574 1151 quod
1595 1082 1681 1132 est
1702 1091 1882 1149 super
1989 1079 2188 1141 Gazer,
2246 1079 2558 1150 Bethoron,
2609 1081 2878 1152 Baalath,
2927 1088 2985 1138 et
3025 1082 3370 1148 Palmiram,
3421 1090 3642 1142 sanctas

221 1185 408 1227 omne
431 1185 670 1237 nomen;
703 1176 766 1226 ut
806 1170 863 1225 in
906 1170 1150 1225 nomine
1182 1171 1311 1240 ejus
1345 1184 1524 1225 omne
1557 1182 1714 1236 genu
1749 1166 1883 1220 flec-

1992 1166 2259 1221 Ecclesias
2297 1168 2576 1225 decorem
2602 1169 2941 1240 signiﬁcant
2981 1190 2994 1226 τ
3036 1187 3223 1244 quam
3264 1189 3436 1229 verus
3478 1173 3644 1231 Salo-

220 1265 399 1323 tatur,
476 1259 829 1325 caelestium,
907 1259 1302 1324 terrestrium,
1381 1262 1438 1314 et
1509 1256 1882 1311 infernorum
1994 1271 2136 1311 mon
2164 1255 2222 1310 in
2244 1257 2618 1326 jucunditate
2649 1260 2816 1330 regni
2855 1259 2947 1316 sui
2974 1261 3053 1316 ad
3078 1260 3321 1318 laudem
3349 1268 3406 1319 et
3425 1263 3646 1337 sempi-

211 1349 408 1419 (Phil.
434 1350 516 1419 ii).
547 1371 576 1398 »
601 1348 808 1404 Omnis
837 1363 977 1417 ergo
1008 1346 1187 1403 Israel
1209 1362 1244 1402 a
1265 1347 1393 1401 rivo
1425 1344 1660 1417 Egypti
1690 1356 1883 1415 usque
1993 1349 2223 1401 ternam
2242 1346 2502 1404 laetitiam
2522 1348 2634 1404 sibi
2648 1350 3430 1424 preparavit.lnterpretetur
3445 1357 3648 1408 autem

215 1437 452 1503 Emath,
513 1436 735 1492 festum
795 1435 1024 1491 celebre
1077 1452 1212 1490 cum
1271 1435 1586 1491 Salomone
1639 1431 1882 1495 faciunt,

215 1526 473 1600 quando
504 1526 694 1580 sancti
729 1529 865 1596 post
896 1523 1080 1580 ﬁnem
1111 1523 1424 1596 praesentis
1447 1523 1578 1577 vitae
1603 1518 1889 1575 veraciter

1995 1433 2160 1490 Mello
2181 1435 2527 1505 adimpletio
2546 1453 2570 1492 .·
2597 1440 2790 1499 Hezer,
2822 1444 3158 1507 separatus,
3185 1438 3282 1494 vel
3314 1440 3650 1508 sanctiﬁca-

1998 1528 2110 1577 τηε.
2145 1523 2451 1593 Mageddo,
2496 1529 2870 1583 czenaculum
2901 1529 3070 1597 ejus:
3111 1531 3315 1598 Gazer,
3342 1529 3650 1597 praesa-icio

219 1615 458 1673 aeternis
491 1613 730 1684 gaudiis
761 1629 898 1668 cum
937 1613 1187 1669 Domino
1216 1613 1448 1668 Christo
1477 1610 1885 1683 perfruuntur.
1921 1629 1960 1682 Β
1998 1611 2087 1666 vel
2116 1612 2327 1667 divisio
2356 1629 2377 1668 .·
2408 1615 2721 1686 Bethoron,
2746 1617 2953 1672 domus
2974 1618 3286 1686 montium,
3308 1621 3364 1673 et
3386 1617 3650 1688 Baalath,

231 1704 400 1769 Quod
461 1707 665 1759 autem
717 1709 948 1774 septem
1005 1702 1220 1757 diebus
1277 1706 1335 1758 et
1391 1705 1621 1772 septem
1673 1695 1888 1753 diebus

235 1793 514 1848 eamdem
571 1791 946 1847 festivitatem
983 1791 1387 1857 celebrabant,
1419 1789 1739 1860 signiﬁcari
1788 1805 1893 1861 po-

228 1886 344 1937 test
381 1880 552 1953 quod
593 1879 758 1936 electi
800 1896 906 1951 per
949 1880 1355 1952 septiformem
1402 1879 1650 1952 Spiritus
1700 1878 1894 1934 sancti

226 1971 494 2040 gratiam
514 1968 856 2035 illuminati,
881 1969 1062 2024 modo
1086 1970 1145 2024 in
1163 1969 1276 2024 hac
1294 1968 1415 2023 vita
1447 1976 1603 2040 (quae
1627 1971 1896 2039 septena-

226 2059 326 2114 rio
360 2074 617 2112 numero
658 2058 892 2113 dierum
931 2057 1223 2127 discurrit)
1270 2056 1532 2125 gaudent
1566 2057 1628 2110 in
1673 2073 1802 2128 spe,
1841 2059 1898 2111 et

229 2153 390 2203 tunc
410 2147 475 2200 in
505 2145 756 2202 sabbato
784 2162 948 2214 vero,
979 2147 1094 2200 hoc
1125 2149 1214 2201 est
1245 2146 1308 2200 in
1337 2144 1537 2200 futura
1561 2143 1900 2199 animarum

232 2235 476 2305 requie,
507 2234 856 2302 gaudebunt
883 2234 945 2288 in
973 2234 1165 2305 ipsius
1201 2233 1462 2288 veritatis
1501 2232 1896 2305 perceptione.

247 2322 434 2388 Quod
480 2326 678 2376 autem
725 2321 1013 2392 sequitur,
1044 2322 1104 2376 in
1146 2322 1241 2377 die
1271 2326 1480 2377 octavo
1522 2320 1901 2377 Salomonem

239 2410 559 2465 dimisisse
588 2410 882 2482 populum
912 2411 1011 2482 qui
1052 2409 1468 2466 benedicentes
1498 2412 1621 2478 regi
1659 2409 1902 2481 profecti

229 2503 391 2554 sunt
438 2497 660 2567 singuli
696 2515 755 2553 in
803 2497 1189 2554 tabernacula
1231 2514 1362 2562 sua,
1409 2497 1672 2553 laetantes
1721 2497 1902 2554 alacri

227 2585 428 2658 corde
455 2601 638 2657 super
669 2587 952 2641 omnibus
989 2587 1163 2641 bonis
1193 2602 1327 2658 quae
1365 2586 1580 2642 fecerat
1614 2587 1904 2642 Dominus

231 2673 429 2731 David
463 2690 636 2729 servo
679 2691 811 2744 suo,
844 2680 901 2730 et
946 2674 1122 2730 Israel
1153 2673 1374 2746 populo
1405 2691 1534 2742 suo,
1569 2674 1906 2744 signiﬁcare

231 2767 439 2837 potest
465 2763 649 2818 ﬁnem
672 2762 838 2818 istius
869 2762 1014 2828 vitae,
1038 2763 1141 2834 qui
1170 2763 1276 2818 erit
1305 2767 1439 2836 post
1468 2763 1906 2819 sabbatismum

233 2853 592 2909 animarum
624 2856 988 2917 sanctarum,
1038 2869 1158 2924 quo
1205 2868 1365 2907 nunc
1408 2854 1731 2924 quiescunt
1771 2857 1908 2908 ante

236 2941 404 2997 diem
427 2941 662 3012 judicii.
705 2941 767 2996 In
815 2947 1026 2997 octava
1062 2946 1253 3010 aetate,
1286 2941 1401 2997 hoc
1443 2946 1534 2997 est
1578 2941 1640 2996 in
1685 2941 1781 2997 die
1824 2956 1912 2996 re-

243 3029 637 3085 surrectionis
689 3034 926 3084 sanctos
975 3033 1320 3102 recepturos
1367 3045 1623 3102 corpora
1668 3031 1913 3085 immor-

243 3118 410 3184 talia,
442 3123 500 3174 et
544 3119 607 3174 in
651 3117 1069 3173 mansionibus
1114 3117 1457 3173 ccelestibus
1508 3133 1784 3190 quosque
1827 3133 1913 3173 se-

249 3207 521 3262 cundum
581 3207 930 3261 meritorum
983 3206 1304 3278 qualitates
1357 3205 1761 3268 collocandos,
1808 3203 1914 3261 ubi

256 3311 488 3367 semper
532 3295 716 3351 alacri
751 3294 929 3351 corde
975 3295 1268 3361 laetentur,
1312 3294 1641 3362 gaudentes
1685 3298 1741 3348 et
1789 3293 1913 3349 lau-

265 3383 462 3440 dantes
489 3387 677 3440 Deum
704 3400 884 3456 super
901 3383 1188 3438 omnibus
1209 3382 1404 3449 bonis,
1425 3397 1562 3454 quae
1581 3382 1639 3436 in
1665 3382 1914 3440 Domino

267 3472 487 3528 Christo
531 3476 702 3529 Pater
749 3472 1134 3545 omnipotens
1184 3467 1432 3527 contulit
1479 3470 1643 3526 omni
1689 3471 1915 3545 populo

265 3561 623 3618 Christiano.

902 3717 1129 3773 CAPUT
1186 3715 1268 3773 IX.

349 3858 381 3893 ς
421 3838 589 3894 Dedit
632 3856 726 3897 rex
761 3841 1048 3899 Salomon
1100 3842 1299 3898 Hiram
1346 3842 1557 3912 viginti
1587 3843 1813 3916 oppida
1859 3842 1921 3899 in

269 3953 300 3980 «
345 3933 501 3986 terra
539 3928 799 3987 Galilieae.
848 3934 1257 4004 Egressusque
1306 3936 1394 3987 est
1439 3931 1633 3988 Hiram
1663 3932 1738 3988 de
1767 3935 1921 4004 Tyro

259 4042 291 4069 ‹‹
335 4022 403 4074 ut
427 4017 652 4074 videret
693 4019 918 4092 oppida
966 4036 1102 4092 quae
1151 4019 1399 4076 dederat
1440 4021 1492 4076 ei
1530 4020 1834 4086 Salomon,
1867 4024 1923 4076 et

255 4133 285 4160 ‹‹
325 4123 456 4165 non
486 4107 845 4180 placuerunt
869 4108 940 4173 ei,
971 4114 1027 4165 et
1057 4109 1140 4165 ait
1165 4126 1178 4163 :
1209 4109 1472 4165 Haeccine
1492 4114 1630 4164 sunt
1661 4108 1923 4164 civitates

252 4221 282 4248 (ι
326 4213 487 4270 quas
509 4196 729 4252 dedisti
752 4197 900 4253 mihi
915 4197 1132 4253 frater?
1154 4199 1224 4252 Et
1246 4197 1567 4271 appellavit
1581 4213 1682 4254 eas
1705 4202 1923 4254 terram

255 4311 284 4338 α
327 4285 568 4342 Chabnl
591 4301 784 4358 usque
813 4287 875 4342 in
898 4286 1059 4342 diem
1090 4287 1269 4343 hanc.
1305 4310 1333 4337 »
1364 4288 1443 4342 De
1477 4287 1593 4342 hoc
1630 4287 1924 4359 Josephus

252 4380 466 4433 narrat
500 4393 515 4431 ε
551 4375 797 4432 Multum
828 4391 1043 4431 aurum
1090 4380 1146 4431 et
1176 4380 1492 4445 argentum
1531 4375 1664 4447 Tyri
1705 4391 1809 4431 rex
1847 4375 1926 4432 ad

253 4464 587 4522 aediﬁcium
642 4463 909 4531 contulit,
959 4464 1207 4537 insuper
1251 4470 1308 4521 et
1352 4465 1516 4535 ligna
1559 4464 1820 4532 cedrina,
1871 4468 1928 4522 et

254 4554 642 4628 cypressina,
677 4569 862 4626 quem
905 4553 1186 4610 Salomon
1215 4571 1461 4627 quoque
1498 4556 1738 4624 magnis
1769 4571 1928 4610 com-

255 4641 728 4716 pensationibus
757 4642 1086 4707 redonavit,
1116 4644 1480 4714 mittensque
1510 4643 1562 4698 ei
1592 4659 1698 4714 per
1735 4659 1926 4700 annos

260 4731 538 4803 singulos
566 4730 849 4797 triticum,
873 4731 1080 4786 vinum
1103 4736 1160 4786 et
1183 4731 1404 4802 oleum,
1422 4731 1644 4804 quibus
1665 4732 1927 4788 maxime

257 4821 447 4877 rebus
479 4821 578 4890 (eo
607 4819 776 4892 quod
804 4819 1100 4876 habitaret
1141 4820 1204 4875 in
1248 4819 1447 4875 insula
1491 4819 1644 4876 sicut
1672 4819 1928 4892 predixi-

263 4912 431 4978 mus)
457 4909 791 4979 indigebat.
815 4909 904 4964 Ad
925 4909 1052 4965 haec
1077 4913 1279 4966 autem
1301 4912 1357 4964 et
1379 4909 1645 4965 civitates
1675 4908 1927 4965 Galileeaa

265 4999 554 5067 regionis,
574 4998 784 5071 viginti
804 5014 1078 5062 numero,
1099 5014 1221 5054 non
1243 4997 1505 5071 procula
1525 5001 1678 5070 Tyro
1699 4997 1930 5070 positas

275 5082 653 5143 condonavit.
703 5089 865 5152 Quas
894 5087 1041 5142 dum
1091 5088 1397 5144 circuisset
1441 5092 1621 5160 atque
1665 5087 1932 5144 conside-

278 5176 486 5241 rasset,
508 5174 1026 5249 displicuissetque
1049 5177 1100 5233 ei
1130 5177 1383 5245 donum,
1401 5177 1638 5234 mittens
1656 5177 1734 5233 ad
1765 5177 1930 5234 Salo-

272 5277 540 5332 monem,
573 5265 724 5322 dixit
753 5282 815 5322 se
846 5266 1183 5322 civitatibus
1227 5282 1349 5323 non
1380 5282 1573 5338 egere,
1606 5269 1663 5322 et
1690 5281 1762 5321 ex
1791 5269 1933 5320 tunc

264 5352 365 5409 hae
395 5354 717 5426 appellatae
742 5359 879 5411 sunt
899 5359 1053 5412 terra
1080 5356 1364 5413 Gabalon.
1394 5356 1624 5412 Etenim
1652 5355 1936 5425 interpre-

259 5447 462 5499 tatum
494 5443 707 5514 lingua
756 5444 1071 5515 Phaenicia,
1112 5446 1425 5515 displicere
1465 5442 1776 5513 signiﬁcat.
1822 5441 1936 5496 Sed

259 5532 508 5588 Chabul
556 5548 731 5605 quas:
781 5549 1018 5604 germen
1065 5534 1502 5607 interpretatur,
1557 5537 1618 5587 ut
1666 5532 1728 5587 in
1782 5531 1934 5587 libro

263 5622 675 5681 Hebr-morum
689 5623 1005 5681 nominum
1022 5623 1385 5682 invenimus.
1401 5621 1718 5687 Quomodo
1735 5624 1936 5680 autem

2000 1701 2320 1756 ascendens
2341 1701 2776 1775 interpretatur.
2807 1706 3025 1762 Sancta
3053 1720 3196 1776 ergo
3221 1706 3655 1780 Ecclesia-dp”.

2001 1790 2207 1845 civitas
2239 1789 2339 1846 Dei
2368 1791 2483 1847 vivi
2523 1797 2631 1864 est,
2675 1794 2776 1850 ubi
2819 1794 3100 1868 impletur
3128 1796 3393 1868 quotidie
3422 1797 3525 1853 Dei
3551 1812 3656 1854 vo—

2002 1878 2218 1933 luntas.
2255 1881 2386 1934 Haec
2413 1886 2694 1953 superato
2731 1883 2896 1939 omni
2927 1899 3124 1940 errore
3154 1883 3486 1940 inﬁdelium
3514 1899 3656 1943 san-

2005 1967 2260 2025 ctiﬁcata
2293 1975 2381 2026 est
2415 1969 2478 2025 in
2511 1969 2630 2026 ﬁde
2663 1976 2720 2027 et
2756 1972 2933 2028 bonis
2964 1973 3267 2046 operibus.
3305 1973 3388 2030 lbi
3416 1975 3657 2032 refectio

2004 2057 2288 2114 virtutum
2311 2064 2417 2126 est,
2441 2060 2567 2116 haec
2591 2061 2872 2117 discernit
2896 2063 3196 2119 mundum
3217 2063 3295 2119 ab
3315 2063 3656 2133 immundo,

2005 2145 2252 2201 virtutes
2300 2162 2336 2202 a
2384 2145 2554 2203 vitiis.
2606 2151 2672 2204 Et
2716 2148 2935 2205 domus
2979 2154 3067 2206 est
3111 2150 3429 2221 montium,
3471 2150 3534 2206 id
3571 2153 3663 2209 est

2007 2230 2294 2286 habitatio
2317 2237 2681 2289 sanctorum.
2706 2235 2773 2288 Et
2791 2233 3016 2290 fructus
3032 2233 3274 2305 justitim
3292 2233 3444 2291 sicut
3456 2234 3666 2308 palum.

2008 2317 2249 2388 ﬂorens,
2275 2338 2306 2372 ‹
2325 2321 2599 2377 ascendit
2623 2323 2696 2378 de
2716 2327 2939 2378 virtute
2957 2323 3021 2378 in
3049 2323 3350 2391 virtutem,
3377 2327 3443 2379 ut
3465 2323 3668 2382 videat

2010 2409 2164 2463 Deus
2195 2410 2452 2465 Deorum
2498 2412 2561 2466 in
2607 2411 2753 2468 Sion
2793 2413 2980 2481 (Psal.
3025 2413 3277 2485 Lxxxm).
3314 2435 3342 2464 »
3384 2431 3412 2463 κ
3446 2415 3668 2470 Omnes

2010 2497 2174 2552 vicos
2221 2498 2327 2570 qui
2374 2499 2452 2554 ad
2482 2515 2543 2556 se
2574 2500 2953 2572 pertinebant
2989 2506 3045 2560 et
3086 2503 3191 2576 qui
3232 2507 3401 2559 erant
3436 2502 3669 2576 absque

2013 2595 2188 2640 mero
2236 2586 2490 2643 munivit
2545 2587 2850 2660 Salomon,
2899 2613 2928 2640 ››
2977 2593 3121 2663 quia
3163 2591 3425 2647 Christus
3482 2595 3670 2648 cretus

2013 2675 2282 2732 ﬁdelium
2314 2694 2562 2734 suorum
2593 2681 2794 2749 gratias
2826 2697 2950 2736 suae
2979 2682 3344 2754 proiectione
3364 2681 3448 2740 ita
3470 2682 3671 2739 muni-

2015 2766 2119 2835 vit,
2150 2770 2216 2822 ut
2241 2766 2514 2823 hostibus
2547 2768 2911 2842 spiritalibus
2952 2771 3389 2846 insuperabiles
3432 2781 3673 2845 semper

2021 2854 2359 2911 existerent.

2092 2967 2120 2994 ‹‹
2163 2945 2515 3002 Universum
2540 2947 2835 3020 populum
2861 2948 2966 3020 qui
2986 2953 3358 3007 remanserat
3378 2949 3454 3006 de
3469 2952 3677 3007 Amor-

2022 3054 2049 3080 «
2089 3032 2289 3101 rheeis,
2321 3037 2379 3090 et
2401 3034 2476 3089 de
2503 3035 2775 3106 Hethaais,
2802 3041 2859 3092 et
2888 3037 3228 3108 Pheresaais,
3257 3042 3314 3093 et
3341 3037 3592 3108 Hevmis,
3618 3040 3677 3094 et

2023 3146 2049 3174 ‹‹
2089 3123 2392 3192 Jebnsaais,
2433 3124 2538 3197 qui
2576 3141 2698 3181 non
2731 3131 2869 3182 sunt
2905 3126 2981 3182 de
3015 3126 3155 3182 ﬁliis
3198 3127 3417 3195 Israel;
3456 3126 3678 3184 horum

2025 3235 2054 3264 ‹‹
2091 3213 2244 3270 ﬁlios
2263 3215 2367 3286 qui
2395 3219 2811 3271 remanserant
2835 3215 2898 3270 in
2920 3219 3092 3280 terra,
3122 3230 3277 3287 quos
3306 3213 3528 3271 scilicet
3549 3229 3678 3271 non

2025 3326 2054 3354 «
2093 3307 2370 3375 poterant
2405 3303 2510 3358 ﬁlii
2547 3303 2727 3359 Israel
2763 3303 3178 3373 exterminare,
3219 3302 3356 3360 fecit
3395 3301 3681 3360 Salomon

2024 3413 2052 3441 ι(
2095 3391 2436 3448 tributarios
2461 3407 2654 3464 usque
2690 3391 2753 3448 in
2789 3391 2950 3449 diem
2979 3392 3156 3449 hanc.
3187 3394 3268 3449 De
3304 3391 3442 3449 ﬁliis
3476 3395 3682 3454 autem

2027 3503 2054 3531 ‹‹
2095 3482 2272 3538 Israel
2329 3498 2452 3538 non
2510 3483 2817 3540 constituit
2873 3483 3157 3543 Salomon
3197 3483 3420 3540 servire
3457 3498 3675 3556 quem-

2028 3591 2057 3624 ‹
2097 3587 2304 3644 quam,
2339 3572 2445 3628 sed
2476 3577 2646 3629 erant
2678 3573 2782 3629 viri
2809 3572 3127 3630 bellatores
3155 3577 3212 3631 et
3247 3573 3504 3630 ministri
3529 3572 3683 3646 ejus,

2028 3683 2057 3712 ‹‹
2097 3665 2154 3717 et
2201 3661 2502 3735 principes
2563 3666 2622 3719 et
2670 3662 2854 3720 duces
2906 3667 2962 3720 et
3012 3662 3274 3736 praefecti
3314 3679 3622 3731 curruum,
3652 3682 3686 3715 ιο

2027 3753 2085 3806 et
2121 3749 2370 3822 reliqua.
2422 3751 2779 3807 Universum
2830 3751 3126 3826 populum
3170 3753 3277 3824 qui
3319 3768 3442 3810 non
3493 3751 3688 3809 fuerat

2028 3838 2104 3894 de
2149 3838 2288 3894 ﬁliis
2335 3839 2532 3905 Israel,
2575 3839 2710 3895 fecit
2753 3839 3041 3912 paciﬁcus
3082 3845 3285 3896 noster
3321 3839 3685 3908 tributarios,

2030 3943 2169 3983 cum
2207 3943 2310 3982 eos
2339 3927 2444 3998 qui
2472 3943 2594 3982 non
2625 3933 2763 3984 sunt
2789 3929 2850 3983 in
2882 3928 3142 3984 ﬁliorum
3174 3943 3450 3995 numero,
3483 3926 3590 3982 sed
3622 3927 3688 3986 in

2033 4014 2231 4072 servili
2261 4014 2600 4072 conditione
2624 4017 2823 4089 positi,
2854 4017 2917 4072 in
2944 4021 3234 4090 potestate
3262 4033 3374 4074 sua
3403 4015 3686 4084 continet,

2032 4109 2089 4162 et
2143 4103 2391 4173 singulis
2441 4103 2623 4160 utitur
2671 4105 2750 4161 ad
2805 4106 3117 4178 proprium
3171 4106 3498 4164 servitium.
3559 4105 3689 4163 Sive

2032 4195 2192 4252 enim
2229 4193 2442 4264 Judaei,
2484 4194 2608 4251 sive
2657 4195 2924 4268 gentiles,
2968 4195 3090 4253 sive
3127 4196 3402 4264 haeretici,
3452 4197 3516 4254 in
3557 4195 3689 4268 ejus

2034 4284 2442 4341 dominatione
2491 4285 2840 4354 consistunt,
2889 4285 3034 4358 quia
3084 4285 3212 4359 ipse
3269 4287 3690 4344 universorum

2033 4374 2376 4431 dominator
2411 4378 2519 4444 est,
2564 4380 2621 4432 et
2655 4375 2740 4431 eis
2783 4375 2966 4432 utitur
3013 4375 3093 4432 ad
3136 4391 3312 4432 suam
3355 4376 3688 4444 utilitatem,

2033 4463 2096 4518 in
2133 4463 2305 4534 cujus
2333 4451 2704 4520 voluntatem
2739 4465 3019 4520 universa
3053 4468 3190 4520 sunt
3221 4464 3440 4536 posita,
3479 4468 3537 4518 et
3564 4476 3690 4517 non

2035 4553 2259 4624 estqui
2301 4554 2486 4625 possit
2523 4553 2794 4608 resistere
2836 4550 3128 4608 voluntati
3171 4551 3322 4619 ejus.
3362 4548 3527 4604 Tales
3553 4547 3691 4602 licet

2033 4641 2095 4696 in
2141 4640 2344 4696 multis
2391 4640 2804 4701 adversentur,
2845 4644 3048 4694 tamen
3090 4636 3428 4706 frequenter
3479 4633 3690 4690 usibus

2037 4730 2302 4784 serviunt
2345 4726 2637 4794 Ecclesiae,
2679 4741 2821 4782 cum
2861 4725 2922 4780 in
2967 4721 3244 4796 praesenti
3285 4725 3553 4794 tempore
3590 4736 3693 4778 ne-

2036 4816 2296 4871 cessaria
2320 4815 2603 4884 tribuunt,
2625 4820 2683 4871 et
2709 4813 2785 4870 de
2804 4813 2985 4868 rebus
3005 4811 3132 4868 suis
3156 4810 3367 4869 solatia
3397 4810 3688 4885 prmbent.

2037 4906 2117 4959 De
2137 4903 2274 4958 ﬁliis
2303 4907 2507 4960 autem
2537 4903 2735 4971 Israel,
2768 4903 2883 4959 hoc
2911 4907 3004 4960 est
3029 4902 3137 4976 qui
3164 4918 3289 4960 non
3327 4901 3558 4960 ancilla
3587 4900 3695 4960 ﬁlii

2039 4997 2200 5062 sunt,
2241 4993 2346 5049 sed
2386 4992 2608 5065 liberae,
2653 5009 2808 5066 quos
2844 4993 2973 5065 ipse
3017 4993 3198 5050 Filius
3243 4994 3345 5050 Dei
3396 4993 3695 5064 sanguine

2039 5100 2148 5141 suo
2170 5081 2460 5149 liberavit,
2485 5097 2609 5138 non
2631 5081 2932 5138 constituit
2955 5082 3240 5139 Salomon
3257 5087 3458 5140 noster
3473 5084 3694 5139 servire

2039 5173 2391 5248 quempiam
2413 5190 2425 5228 :
2445 5171 2590 5245 quia
2605 5172 2910 5229 neminem
2936 5173 3094 5244 cogit
3110 5172 3226 5229 ritu
3251 5172 3453 5243 gentili
3471 5173 3694 5243 vivere,

2040 5264 2346 5322 neminem
2397 5261 2786 5319 casremonias
2838 5262 3049 5319 veteris
3110 5261 3259 5333 legis
3323 5262 3697 5335 temporibus

2043 5353 2186 5411 Novi
2249 5351 2608 5410 Testamenti
2667 5367 2948 5421 servare;
3004 5351 3110 5408 sed
3161 5351 3320 5408 viros
3379 5350 3696 5427 bellatores

2043 5459 2190 5510 esse,
2220 5443 2322 5515 qui
2349 5446 2557 5498 contra
2586 5442 2878 5514 spiritales
2903 5441 3199 5514 nequitias
3239 5445 3406 5497 scuto
3434 5440 3595 5510 ﬁdei,
3641 5439 3702 5493 et

2045 5531 2244 5601 gladio
2267 5531 2506 5603 spiritus
2533 5531 2834 5591 dimicent.
2854 5535 2911 5586 et
2930 5530 3233 5586 ministros
3255 5545 3396 5585 suos
3415 5528 3563 5598 ﬁeri,
3581 5527 3700 5582 hoc

2045 5623 2134 5675 est
2160 5618 2419 5690 spiritale
2445 5619 2807 5692 obsequium
2833 5619 2894 5675 in
2916 5618 3094 5676 bonis
3115 5617 3400 5690 operibus
3421 5614 3533 5671 sibi
3553 5627 3702 5684 prae-
