4102 6184
549 154 654 208 463

1637 141 1990 199 ANGELOMI
2029 136 2479 197 LUXOYIENSIS
2516 144 2855 200 MONACHI.

3837 148 3923 202 414

531 274 706 341 bere;
741 279 803 329 et-
826 269 1121 344 principes
1164 271 1220 321 et
1261 266 1444 320 duces
1487 265 1723 333 scilicet,
1772 268 1836 319 ut
1876 262 2029 318 bene
2071 259 2182 315 sibi
2218 261 2560 320 Avirtutum
2583 267 2914 339 acquirere,
2941 266 3043 322 ubi
3071 271 3212 321 sunt
3235 265 3388 320 servi
3417 267 3618 348 Hiram
3642 267 3854 324 nautici
3875 274 3922 324 et

534 363 961 437 principentur,
995 361 1048 411 et
1081 353 1278 410 carnis
1320 353 1627 409 lasciviam
1677 354 1941 417 doment,
1975 350 2092 405 sive
2123 353 2187 406 ut

536 451 806 507 subditos
838 446 951 500 sibi
980 445 1132 499 bene
1157 448 1387 512 regant,
1419 447 1476 497 et
1495 443 1552 498 iil
1582 443 1792 498 semita
1808 439 2051 512 justitiae
2077 439 2184 493 du-

531 543 688 594 cant.
719 535 885 600 Quod
918 537 1119 588 autem
1151 531 1453 603 sequitur:

602 652 629 679 ‹‹
677 630 853 682 Erant
906 623 1204 695 principes
1265 637 1444 692 super
1501 621 1704 676 omnia
1770 636 1954 692 opera
2019 617 2182 675 Salo-

533 740 559 766 ‹‹
603 716 800 772 monis
853 710 1153 784 praepositi
1211 711 1518 781 quingenti
1571 708 2030 782 quinquaginta,
2081 707 2183 779 qui

529 829 556 854 ‹‹
598 803 904 858 habebant
942 800 1278 870 subjectum
1325 797 1640 870 populum,
1687 803 1743 853 et
1776 797 2009 853 statutis
2047 811 2183 868 ope-

527 915 555 941 ‹‹
597 891 760 946 ribus
795 889 1192 960 imperabant.
1239 911 1265 935 ››
1307 887 1460 952 Quid
1497 887 1792 956 signiﬁcat
1833 885 1969 952 nisi,
2013 883 2181 957 quod

523 981 583 1036 hi
628 979 731 1051 qui
778 978 1025 1050 Spiritus
1069 976 1260 1031 sancti
1295 976 1484 1044 gratia
1524 975 1671 1045 legis
1716 975 1953 1030 Domini
1996 976 2180 1029 scien-

525 1069 669 1124 tiam
729 1067 952 1122 habere
1018 1069 1340 1131 merentur,
1398 1078 1454 1120 et
1510 1064 1867 1135 semetipsos
1923 1068 1979 1118 et
2026 1062 2176 1117 alios

522 1158 674 1212 bene
732 1172 934 1220 regere
990 1158 1259 1226 possunt.
1319 1152 1827 1225 Quinquagesimo
1877 1167 2018 1221 ergo
2080 1150 2176 1206 die

521 1251 657 1318 post
699 1245 926 1316 pascha
970 1245 1030 1297 in
1074 1242 1251 1297 veteri
1294 1245 1691 1310 Testamento,
1729 1241 1822 1297 lex
1867 1241 1926 1296 in
1974 1244 2174 1296 monte

521 1335 662 1391 Sina
711 1333 926 1387 tributa
978 1335 1084 1386 est.
1143 1334 1207 1386 Et
1258 1331 1317 1385 in
1378 1332 1543 1386 Novo
1603 1347 1785 1404 super
1839 1328 2170 1402 apostolos,

519 1427 574 1479 et
620 1439 722 1478 eos
773 1422 875 1492 qui
917 1437 1058 1476 cum
1100 1419 1245 1493 ipsis
1299 1424 1487 1486 erant,
1549 1421 1797 1492 Spiritus
1834 1418 2172 1493 paracletus

517 1511 693 1566 venit.

589 1624 615 1650 ‹‹
661 1598 957 1655 Offerebat
997 1613 1238 1670 quoque
1269 1613 1372 1652 rex
1409 1597 1688 1653 Salomon
1728 1596 1914 1652 tribus
1941 1597 2168 1652 vicibus
2197 1607 2239 1658 Β

517 1712 545 1742 ‹‹
589 1706 694 1761 per
719 1704 912 1744 annos
943 1686 1209 1756 singulos
1239 1685 1589 1742 holocausta
1614 1691 1669 1741 et
1692 1685 1973 1757 paciﬁcas
2003 1685 2168 1740 victi-

515 1803 543 1829 «
585 1796 719 1834 mas
743 1793 921 1849 super
952 1777 1156 1841 altare,
1189 1776 1353 1848 quod
1385 1775 1782 1831 aediﬁcaverat
1809 1775 2083 1840 Domino,
2115 1780 2171 1832 et

514 1891 543 1918 «
586 1867 866 1924 adolebat
923 1865 1258 1937 thymiama
1305 1881 1507 1920 coram
1571 1865 1842 1920 Domino.
1900 1888 1926 1913 ››
1992 1865 2171 1921 Olfert

512 1972 754 2030 quoque
794 1955 1078 2028 paciﬁcus
1116 1959 1317 2010 noster
1351 1955 1538 2010 tribus
1571 1955 1798 2010 vicibus
1840 1971 1946 2026 per
1972 1971 2165 2010 annos

513 2046 782 2113 singulos
842 2045 1194 2100 holocausta
1238 2043 1492 2098 Domino
1543 2043 1604 2098 in
1661 2043 1968 2111 membris,
2027 2060 2162 2099 cum

515 2152 622 2208 per
652 2139 872 2190 sanctas
903 2133 1196 2188 Trinitatis
1225 2131 1408 2188 ﬁdem
1448 2132 1706 2188 hostiam
1738 2133 2165 2204 acceptabilem

509 2224 744 2280 exhibet
776 2224 912 2277 Deo.
939 2222 1122 2276 Olfert
1150 2221 1308 2276 enim
1336 2221 1751 2294 unusquisque
1778 2221 1971 2276 tidelis
1994 2221 2164 2277 holo-

507 2318 719 2370 causta
775 2312 1047 2377 Domino,
1109 2327 1248 2366 cum
1305 2327 1522 2382 corpus
1580 2327 1756 2366 suum
1807 2311 2164 2381 castigando

505 2406 790 2465 macerat,
853 2404 906 2456 et
957 2404 1083 2456 tota
1129 2399 1425 2455 desideria
1474 2399 1668 2456 carnis
1720 2399 1857 2468 igne
1911 2400 2160 2472 Spiritus

507 2491 696 2547 sancti
735 2505 1087 2545 consumere
1117 2488 1373 2544 festinat.
1405 2489 1584 2544 Offert
1613 2488 1894 2560 paciﬁeas
1939 2489 2162 2544 hostias

505 2597 640 2636 cum
702 2579 998 2634 bonorum
1055 2593 1310 2650 operum
1366 2593 1588 2631 munus
1656 2577 1912 2633 exhibet.
1981 2577 2160 2634 Oﬂ'ert

501 2671 796 2735 victimas,
837 2685 974 2723 cum
1025 2672 1165 2723 vota
1193 2666 1492 2721 labiorum
1545 2683 1789 2721 suorum
1823 2666 1884 2722 in
1913 2665 2156 2723 laudem

499 2759 736 2815 Domini
761 2757 1060 2829 expendit.
1087 2759 1150 2811 Et
1178 2756 1305 2811 hzee
1337 2754 1540 2810 omnia
1570 2770 1750 2826 super
1779 2754 1964 2811 altare
1990 2757 2154 2827 quod

499 2849 894 2904 mditieaverat
944 2845 1192 2901 Domino
1249 2843 1460 2900 offerre
1514 2843 1711 2911 debet,
1769 2844 1874 2916 qui
1930 2845 1990 2900 in
2049 2861 2154 2901 ara

483 2937 693 2993 .cordis
732 2937 835 2991 ubi
883 2935 1054 2991 decet
1089 2935 1291 3005 ignem
1330 2933 1603 2988 divinum
1647 2949 1884 3004 semper
1923 2935 2147 3000 ardere,
2184 2957 2224 3009 ο
2258 2963 2453 3032 beata,

495 3029 609 3084 hoc
638 3032 726 3083 est
755 3028 1066 3082 ﬂammam
1099 3024 1402 3080 charitatis
1433 3039 1669 3094 semper
1700 3024 1945 3090 fervere,
1977 3025 2148 3096 quid-

493 3119 638 3192 quid
669 3119 729 3173 in
761 3117 1139 3184 abstinentia,
1173 3115 1467 3188 quidquid
1497 3130 1556 3169 1n
1586 3114 1750 3170 bona
1779 3115 2146 3188 operatione,

491 3209 789 3282 quidquid
831 3209 893 3264 in
947 3208 1272 3278 gratiarum
1316 3206 1567 3270 actione,
1615 3205 1883 3262 elaborat
1916 3207 2146 3277 justum

492 3304 601 3364 est,
637 3305 702 3354 ut
730 3303 917 3354 totum
946 3298 1236 3352 suavitate
1271 3297 1518 3368 Spiritus
1547 3296 1733 3351 sancti
1765 3297 1974 3352 offerat
2003 3299 2142 3352 Deo.

494 3389 705 3458 Sicque
727 3385 988 3442 adolebit
1010 3386 1347 3456 thymiama
1371 3403 1572 3441 coram
1604 3387 1872 3453 Domino,
1899 3388 2142 3458 quando

487 3475 818 3530 orationem
848 3489 1066 3545 puram
1097 3475 1158 3527 in
1186 3474 1380 3528 cordis
1412 3479 1635 3530 secreto
1661 3483 1962 3548 praeparat
2001 3479 2138 3544 Deo,

471 3567 545 3617 .et
582 3578 653 3616 ea
698 3577 834 3632 quae
885 3565 1025 3614 sunt
1072 3562 1195 3615 Doo
1251 3560 1436 3630 digna
1491 3568 1546 3616 et
1591 3561 1809 3634 placita
1858 3565 2136 3635 postulat.

487 3655 778 3707 Caeterum
809 3649 910 3722 qui
955 3649 1293 3704 transitoria
1324 3649 1532 3720 poscit,
1571 3655 1627 3705 et
1656 3666 1791 3721 quae
1822 3653 1898 3706 ad
1929 3652 2135 3708 luxum

486 3739 685 3795 saeculi
748 3739 1068 3812 pertinent,
1137 3754 1259 3794 non
1321 3754 1525 3794 coram
1588 3740 1837 3795 Domino
1900 3741 2137 3798 adolere

485 3829 815 3901 thymiama
863 3828 1096 3894 dicitur,
1147 3827 1289 3899 quia
1327 3843 1449 3883 non
1493 3829 1553 3884 in
1584 3845 1737 3902 pura
1775 3831 2136 3888 conscientia

465 3935 650 3975 lorare
672 3919 1116 3992 comprobatur.

551 4031 577 4056 ‹‹
620 4010 881 4063 Classem
924 4024 1167 4080 quoque
1199 4008 1333 4064 fecit
1367 4025 1469 4064 rex
1501 4009 1784 4066 Salomon
1822 4011 1883 4066 in
1927 4012 2134 4068 Asion-

479 4121 504 4144 ις
551 4097 754 4164 gaber.
804 4114 939 4168 quae
978 4102 1065 4152 est
1095 4098 1265 4166 juxta
1309 4100 1556 4168 llaylam
1606 4100 1667 4155 in
1716 4101 1904 4157 littore
1948 4104 2130 4158 maris

477 4207 504 4233 ‹‹
547 4185 726 4240 Rubri
758 4186 817 4239 in
841 4190 994 4240 terra
1039 4186 1300 4241 ldumea.
1337 4188 1601 4260 Misitque
1627 4190 1822 4244 lliram
1856 4190 1912 4244 in
1940 4191 2126 4246 classe

2295 353 2463 421 gnari
2489 355 2671 410 maris
2701 372 2837 411 cum
2871 355 3051 410 servis
3097 355 3454 423 Salomonis,
3503 354 3656 411 dum
3704 357 3922 424 gentiles

2296 441 2566 498 saeculari
2613 444 2904 516 sapientia
2947 443 3180 511 eruditi,
3233 459 3372 498 cum
3419 443 3509 498 his
3555 443 3662 515 qui
3709 444 3767 498 in
3811 444 3919 514 lege

2293 531 2474 602 Moysi
2514 532 2680 603 periti
2727 537 2864 588 sunt
2907 533 2966 587 in
3011 532 3232 587 unitate
3277 531 3412 586 ﬁdei
3459 532 3780 588 sociantur.
3822 534 3918 588 Hos

2293 635 2434 688 ergo
2468 619 2749 676 Salomon
2786 626 2990 676 noster
3025 621 3087 675 in
3130 619 3332 692 Ophir,
3364 636 3501 692 quas
3526 620 3918 693 interpretatur

2291 709 2627 779 inﬁrmam,
2660 708 2854 774 mittit,
2892 713 2956 764 ut
2984 715 3294 780 sumptum
3325 707 3464 764 inde
3497 725 3713 765 aurum
3754 709 3824 765 ad
3867 727 3914 765 se

2289 797 2576 864 deferant,
2602 814 2741 853 cum
2766 797 2826 852 in
2849 797 3094 854 utilitate
3115 797 3318 853 littera:
3344 814 3592 854 sensum
3616 798 3910 870 pretiosum

2287 886 2470 942 habet
2497 903 2782 959 quaerere.
2811 890 2873 942 Et
2893 887 2977 942 sic
3008 891 3254 960 accepta
3276 903 3519 942 summa
3545 888 3912 960 quadringen-

2289 980 2484 1031 torum
2510 975 2714 1046 viginti
2742 975 3103 1032 talentorum
3138 976 3269 1031 auri
3299 976 3376 1030 ad
3405 991 3612 1044 regem
3648 975 3906 1043 deferunt,

2285 1079 2423 1119 cum
2457 1079 2702 1119 sensum
2734 1064 3061 1136 pretiosum
3098 1063 3358 1120 historiae
3395 1064 3710 1135 allegorice
3739 1073 3789 1121 et
3815 1071 3906 1120 tro-

2281 1151 2554 1224 pologice
2606 1158 2934 1225 exponunt,
2990 1158 3170 1225 atque
3223 1168 3547 1222 anagogen
3594 1153 3653 1209 in
3700 1153 3905 1209 duobus

2280 1242 2667 1296 Testamentis
2683 1241 3015 1305 inveniunt,
3034 1247 3090 1297 et
3110 1258 3248 1297 eum
3281 1241 3588 1314 sapientia)
3608 1248 3663 1298 et
3689 1241 3902 1299 consdio

2279 1330 2484 1386 divino
2516 1331 2884 1386 ascribentes
2915 1331 3206 1388 tribuunt.

2958 1437 3192 1495 CAPUT
3255 1441 3294 1494 X

2357 1550 2384 1579 ‹‹
2428 1527 2537 1584 Sed
2571 1533 2626 1584 et
2649 1529 2855 1598 regina
2880 1527 3057 1595 Saba,
3081 1527 3285 1584 audita
3301 1526 3468 1585 fama
3487 1528 3826 1598 Salomonis,
3852 1528 3898 1583 in

2284 1638 2311 1664 «
2353 1615 2596 1672 nomine
2631 1616 2882 1685 Domini,
2906 1616 3067 1672 venit
3096 1620 3319 1671 tentare
3349 1632 3485 1671 eum
3514 1616 3582 1672 in
3611 1617 3892 1686 aenigmati-

2281 1727 2308 1754 α
2349 1705 2484 1760 bus.
2517 1707 2580 1760 Et
2605 1705 2874 1774 ingressa
2899 1705 3259 1760 Hierusalem
3283 1721 3421 1760 cum
3447 1706 3637 1762 multo
3653 1706 3890 1762 comitatu

2278 1818 2305 1844 ‹‹
2349 1800 2405 1851 et
2419 1795 2661 1860 divitiis,
2681 1795 2923 1850 camelis
2939 1795 3316 1868 portantibus
3332 1803 3628 1864 aromata,
3647 1802 3698 1852 et
3711 1811 3884 1850 aurum

2279 1907 2306 1933 ‹‹
2347 1885 2645 1940 inﬁnitum
2686 1885 2884 1954 nimis,
2917 1890 2972 1940 et
3004 1899 3279 1950 gemmas
3321 1885 3633 1957 pretiosas,
3664 1886 3798 1941 venit
3817 1882 3878 1937 ad

2276 1995 2303 2023 «
2349 1973 2749 2040 Salomonem,
2775 1979 2830 2029 et
2859 1973 3057 2030 locuta
3082 1979 3168 2029 est
3193 1973 3246 2028 ei
3277 1974 3560 2031 universa
3587 1991 3712 2048 quae
3730 1972 3869 2030 habe-

2275 2085 2303 2111 ‹‹
2345 2062 2447 2118 bat
2477 2063 2535 2118 in
2563 2063 2740 2118 corde
2772 2079 2900 2118 suo.
2943 2085 2972 2113 »
3015 2062 3238 2132 Regina
3270 2067 3473 2119 autem
3504 2065 3686 2120 Austri
3712 2077 3822 2136 qua:
3847 2074 3874 2114 a

2259 2151 2494 2207 'ﬁnibus
2511 2153 2792 2207 extremis
2811 2152 3064 2207 excitata
3084 2151 3350 2219 veniens,
3370 2153 3689 2209 Salomonis
3702 2149 3874 2206 audire

2272 2242 2626 2314 sapientiam
2684 2242 3043 2314 concupivit,
3093 2242 3220 2313 jam
3284 2247 3424 2298 tunc
3476 2248 3760 2298 venturam
3811 2239 3872 2294 de

2271 2333 2546 2405 gentibus
2577 2333 2897 2389 Ecclesiam
2945 2333 3388 2389 desiderantem
3435 2334 3701 2390 Christum
3741 2331 3870 2400 ﬁgu-

2268 2424 2460 2491 rabat,
2511 2441 2647 2496 qua:
2695 2425 2865 2494 juxta
2907 2423 3263 2495 Prophetam
3315 2424 3488 2494 (Psal.
3529 2424 3663 2490 xuv)
3707 2420 3867 2474 circu-

2268 2514 2549 2570 mamicta
2571 2520 2658 2570 est
2675 2515 2964 2570 varietate
2981 2515 3041 2568 in
3066 2514 3276 2569 vestitu
3301 2515 3586 2576 deaurato,
3609 2513 3658 2563 et
3675 2504 3856 2579 populi

2267 2603 2358 2658 sui
2401 2609 2457 2659 et
2502 2615 2765 2676 paterna:
2818 2603 3037 2658 domus
3095 2603 3272 2659 oblita
3318 2601 3581 2657 currebat
3625 2597 3857 2652 barbara

2265 2698 2438 2764 gente
2469 2710 2588 2749 non
2622 2693 2846 2763 animo,
2902 2710 3036 2766 quae
3078 2693 3136 2748 in
3188 2697 3382 2766 aperto
3418 2689 3711 2764 peregrina
3745 2686 3861 2753 fuit,

2263 2784 2368 2839 sed
2412 2785 2470 2840 in
2509 2784 2641 2840 loco
2691 2784 2847 2840 culto
2892 2789 3236 2840 sanctorum
3275 2784 3399 2839 ﬁeri
3444 2783 3579 2839 civis
3624 2777 3866 2852 optabat.

2263 2877 2427 2931 Unde
2475 2891 2592 2931 non
2643 2879 2843 2931 solum
2895 2875 3118 2930 caelesti
3162 2875 3411 2947 praemio
3463 2869 3866 2929 resurrectionis

2496 2965 2603 3020 sed
2642 2965 2820 3020 etiam
2865 2969 3150 3037 potestate
3184 2964 3536 3036 apostolica,
3573 2961 3639 3017 de
3673 2957 3867 3014 Judzeis

2258 3053 2541 3110 adulteris
2554 3057 2572 3125 j
2587 3053 2917 3119 udicandis,
2947 3053 3134 3126 ipsius
3150 3051 3392 3123 judieiis
3414 3053 3591 3123 digna
3610 3052 3864 3113 censetur,

2255 3145 2398 3216 quia
2417 3144 2713 3200 Christum
2733 3144 2792 3198 in
2814 3142 3194 3199 Salomonem
3212 3142 3449 3206 mirata,
3466 3156 3662 3198 verum
3678 3137 3866 3208 reginae

2255 3233 2507 3290 cmlestis
2533 3233 2811 3289 affectum
2838 3231 3099 3301 imagine
3119 3231 3372 3304 mystica
3403 3231 3666 3287 Ecclesize
3695 3225 3865 3300 provi-

2252 3324 2446 3380 dentis
2494 3323 2860 3396 impleverat.
2915 3322 3056 3377 Hinc
3111 3321 3242 3394 ipsa
3295 3323 3504 3392 regina
3549 3319 3711 3385 Saba,
3760 3315 3867 3372 viso

2251 3413 2567 3468 Salomone
2588 3419 2644 3468 et
2664 3411 2848 3481 gloria
2869 3411 3018 3482 ejus,
3045 3417 3287 3483 stupens
3315 3428 3496 3484 super
3519 3405 3864 3484 prudentiam

2251 3497 2400 3567 ejus,
2429 3497 2576 3551 dixit
2607 3514 2618 3551 :

2321 3599 2348 3625 ‹‹
2391 3579 2572 3631 Verus
2587 3580 2676 3630 est
2691 3592 2887 3632 sermo
2903 3593 3083 3649 quem
3102 3575 3304 3632 audivi
3321 3577 3383 3631 in
3399 3580 3561 3634 terra
3577 3591 3696 3633 mea
3709 3585 3866 3643 super

2249 3685 2278 3716 ‹
2319 3665 2696 3721 sermonibus
2728 3665 2842 3720 tuis
2873 3671 2929 3722 et
2962 3682 3142 3739 super
3173 3667 3468 3739 sapientia
3511 3672 3624 3734 tua,
3663 3665 3712 3719 et
3751 3673 3856 3716 non

2248 3778 2274 3804 ‹‹
2317 3755 2635 3810 credebam
2667 3755 3050 3811 narrantibus
3080 3755 3242 3820 mihi,
3277 3756 3470 3811 donec
3499 3757 3634 3829 ipsa
3656 3751 3792 3813 veni,
3815 3749 3863 3804 et

2246 3867 2273 3894 ‹‹
2317 3844 2432 3900 vidi
2453 3844 2640 3900 oculis
2657 3845 2824 3911 meis,
2845 3850 2900 3900 et
2918 3845 3170 3918 probavi
3191 3845 3358 3918 quod
3373 3845 3580 3903 media
3595 3860 3724 3919 pars
3743 3837 3870 3897 mihi

2245 3958 2271 3984 ‹‹
2313 3934 2597 3991 nunciata
2640 3950 2761 3990 non
2807 3933 2998 3989 fuerit.
3031 3937 3212 4006 Major
3247 3941 3335 3991 est
3364 3935 3657 4009 sapientia
3685 3939 3796 3998 tua,
3825 3932 3873 3984 et

2243 4047 2270 4074 ‹‹
2313 4041 2497 4097 opera
2513 4029 2614 4080 tua
2629 4039 2812 4097 quam
2830 4039 3038 4079 rumor
3054 4040 3236 4096 quem
3255 4024 3474 4080 audivi.
3495 4048 3524 4074 ››
3547 4021 3711 4090 Quod
3734 4021 3870 4076 bene

2241 4114 2518 4171 convenit
2560 4118 2778 4169 sanctas
2820 4113 3089 4169 Ecclesiae
3133 4130 3292 4186 quae,
3335 4114 3561 4169 auditis
3595 4110 3872 4169 miraculis

2237 4203 2466 4269 Christi,
2513 4206 2838 4274 provocata
2881 4207 2970 4258 est
3010 4203 3089 4259 ad
3130 4203 3530 4276 quaerendum
3579 4219 3733 4261 eum.
3772 4195 3868 4256 Sed

473 4297 500 4323 (ι
544 4274 640 4328 illa
672 4289 874 4364 servos
905 4290 1049 4364 suos
1077 4275 1559 4364 virosnauticos,
1587 4283 1641 4333 et
1663 4294 1882 4346 gnaros
1915 4279 2119 4347 maris,
2151 4309 2198 4362 Ι)
2236 4295 2560 4363 postquam
2599 4289 2674 4346 ad
2719 4289 2919 4360 ipsum
2957 4274 3227 4364 pervenit
3268 4307 3376 4364 per
3411 4290 3782 4364 baptismum
3821 4289 3872 4342 et

471 4387 499 4413 ‹‹
542 4380 680 4418 cum
727 4361 910 4418 servis
961 4362 1313 4418 Salomonis.
1367 4366 1476 4429 Qui
1531 4382 1667 4421 cum
1716 4367 2013 4424 venissent
2061 4370 2122 4424 in

467 4477 492 4502 υ
541 4453 740 4518 Ophir,
774 4456 1079 4524 sumptum
1110 4451 1248 4505 inde
1290 4468 1503 4508 aurum
1545 4455 2120 4525 quadringentorum

465 4565 493 4592 ‹‹
539 4543 741 4612 viginti
801 4541 1154 4598 talentorum
1205 4539 1544 4598 detulerunt
1592 4543 1668 4598 ad
1708 4561 1908 4614 regem
1960 4547 2121 4602 Salo—
2174 4612 2177 4614 _

465 4654 492 4680 ‹‹
536 4649 800 4688 nionem.
845 4654 872 4682 »
919 4631 1290 4701 Asiougaber
1333 4631 1516 4687 fertur
1553 4649 1679 4688 esse
1719 4633 1913 4690 insula
1953 4636 2118 4691 haud

459 4723 668 4790 procul
733 4722 810 4777 ab
871 4721 1061 4793 Hayla
1120 4722 1180 4777 in
1249 4721 1446 4777 Rubro
1511 4723 1682 4788 mari,
1746 4723 1850 4778 ubi
1911 4724 2116 4780 classis

455 4809 740 4878 Josaphat
787 4811 840 4864 vi
900 4813 1265 4883 tempestatis
1315 4813 1509 4869 attrita
1547 4818 1652 4870 est.
1701 4815 1884 4886 Ophir
1913 4823 2112 4872 autem

455 4908 676 4948 nomen
722 4900 1042 4967 provinciae
1083 4921 1156 4956 ex
1188 4904 1371 4974 Ophir
1401 4921 1522 4960 uno
1559 4904 1632 4960 de
1669 4908 1921 4979 postetis
1964 4908 2112 4963 Eber

455 4982 851 5046 nominatam,
916 5002 984 5039 ex
1052 4991 1225 5056 cujus
1287 4993 1465 5063 stirpe
1528 4996 1771 5050 veniens
1833 5012 1868 5050 a
1925 4997 2108 5051 ﬂuvio

452 5069 715 5138 Cophne,
763 5087 946 5141 usque
979 5074 1054 5127 ad
1085 5076 1389 5142 regionem
1431 5082 1631 5147 Indiae,
1679 5099 1815 5153 quae
1858 5089 2107 5138 vocatur

452 5157 729 5216 Hieriam.
759 5159 1057 5214 habitasse
1081 5163 1433 5235 referuntur,
1467 5173 1531 5223 ut
1559 5170 1853 5241 Josephus
1875 5177 2098 5227 narrat.

449 5245 663 5303 Classis
693 5247 893 5319 itaque
923 5265 1110 5319 quam
1142 5252 1277 5308 fecit
1307 5255 1586 5312 Salomon
1614 5258 1672 5312 in
1703 5258 2096 5327 Asiongaber,

447 5350 582 5407 quae
607 5337 983 5403 festinantes,
1017 5343 1119 5394 aut
1143 5343 1353 5409 fortes,
1383 5342 1504 5398 sive
1529 5347 1788 5400 viriliter
1818 5345 2099 5420 interpre-

441 5425 618 5493 tatur,
649 5439 772 5479 non
799 5423 977 5479 aliam
1022 5442 1152 5483 esse
1187 5433 1331 5499 puto
1373 5445 1560 5501 quam
1606 5433 1925 5489 Ecclesiam
1957 5437 2096 5493 ﬁde-

437 5511 604 5580 lium,
646 5529 780 5584 quae
818 5513 878 5568 in
926 5514 1076 5569 mari
1119 5515 1286 5571 istius
1329 5517 1540 5573 mundi
1584 5521 1778 5592 posita
1827 5524 2090 5583 studium

434 5601 727 5674 impendit
750 5604 1062 5660 thesauros
1090 5605 1394 5679 sapientia:
1429 5611 1486 5664 et
1509 5610 1785 5676 scientiae,
1819 5628 2084 5690 opesque

2234 4380 2438 4449 ﬁdem,
2476 4379 2862 4437 consideratis
2907 4385 3125 4436 sanctae
3169 4381 3480 4452 Seripturae
3514 4376 3872 4446 testimoniis,

2230 4469 2552 4524 divinitatis
2595 4469 2724 4539 ejus
2781 4471 3108 4541 potentiam
3157 4485 3514 4540 agnoscens,
3573 4486 3786 4544 parum
3827 4463 3874 4521 ei

2227 4557 2461 4613 videtur
2490 4573 2617 4614 esse
2638 4574 2817 4614 omne
2839 4559 3004 4632 quod
3031 4559 3141 4614 sibi
3168 4565 3345 4615 antea
3365 4559 3439 4614 de
3470 4575 3546 4616 eo
3580 4563 3873 4616 narratum

2226 4651 2334 4713 est,
2364 4647 2424 4702 in
2459 4647 2970 4719 comparationem
3009 4655 3302 4721 perceptae
3339 4648 3568 4719 gratiee.
3626 4648 3789 4706 Unde
3829 4649 3879 4700 et

2225 4735 2583 4792 admirando
2613 4736 2672 4791 in
2703 4736 2945 4792 laudem
2973 4738 3102 4808 ejus
3131 4738 3407 4809 erumpit,
3441 4737 3662 4795 dicens
3697 4756 3710 4793 :

2295 4845 2322 4872 ‹‹
2365 4821 2526 4877 Beati
2555 4821 2663 4876 viri
2687 4822 2790 4890 tui,
2815 4827 2870 4876 et
2889 4821 3046 4877 beati
3069 4822 3223 4877 servi
3253 4822 3337 4877 tui
3358 4822 3461 4894 qui
3489 4829 3666 4879 stant
3686 4835 3879 4879 coram

2222 4933 2250 4960 «
2291 4915 2346 4967 te
2363 4927 2599 4985 semper
2620 4916 2674 4966 et
2695 4911 2946 4968 audiunt
2977 4911 3333 4984 sapientiam
3355 4915 3524 4967 tuam
3549 4913 3562 4969 !
3589 4913 3673 4969 Sit
3698 4909 3880 4968 Domi-

2219 5022 2246 5048 «
2290 5017 2404 5056 nus
2424 5005 2576 5057 Deus
2599 5005 2733 5056 tuus
2755 5000 3103 5056 benedictus
3125 5001 3220 5055 cui
3241 4999 3692 5072 complacuisti,
3708 5005 3766 5058 et
3784 5014 3881 5074 po-

2218 5111 2245 5136 ‹‹
2287 5090 2403 5144 suit
2425 5095 2476 5144 te
2495 5105 2673 5160 super
2689 5091 2971 5145 thronum
2993 5089 3193 5158 Israel,
3209 5107 3279 5146 eo
3296 5090 3462 5163 quod
3478 5090 3766 5146 dilexerit
3785 5093 3882 5146 Do-

2215 5198 2242 5226 ‹‹
2286 5176 2484 5232 minus
2517 5177 2694 5232 Israel
2722 5178 2782 5232 in
2810 5179 3261 5252 sempiternum,
3286 5185 3342 5234 et
3368 5180 3683 5236 constituit
3713 5186 3770 5237 te
3795 5194 3879 5236 re-

2213 5285 2241 5313 ‹‹
2283 5279 2438 5333 gem,
2464 5269 2528 5320 ut
2553 5265 2777 5321 faceres
2800 5267 3094 5338 judicium
3125 5273 3182 5324 et
3195 5268 3506 5340 justitiam.
3535 5293 3562 5319 »
3605 5271 3718 5326 His
3741 5284 3884 5342 quo-

2207 5369 2326 5426 que
2356 5354 2574 5411 similia
2601 5359 2657 5411 et
2673 5355 2992 5415 Psalmista
3017 5359 3078 5414 in
3099 5359 3399 5416 desiderio
3421 5359 3592 5429 regni
3617 5357 3881 5416 caelestis

2205 5441 2602 5500 exardescens
2645 5461 2716 5500 ex
2760 5462 3021 5518 persona
3060 5463 3270 5504 eorum
3311 5446 3576 5521 protulit,
3623 5449 3880 5505 dicens:

2204 5552 2231 5578 «
2260 5533 2450 5595 Quam
2472 5534 2755 5590 amabilia
2773 5540 2909 5591 sunt
2930 5536 3323 5594 tabernacula
3341 5538 3746 5603 tua,Domine
3770 5537 3881 5592 vir-

2206 5623 2424 5690 tutum,
2443 5622 2810 5696 concupiscit
2830 5629 2887 5681 et
2911 5624 3109 5682 deﬁcit
3127 5626 3334 5684 anima
3351 5643 3488 5684 mea
3506 5625 3566 5682 in
3591 5629 3763 5686 atria
3780 5629 3885 5682 Do-
