4102 6184
189 243 295 300 405

1074 230 1081 235 ’
1120 194 1377 294 amas;
1418 238 1486 294 IN
1540 235 1787 294 uanos
1835 233 2093 291 assum.
2142 265 2203 277 ης-
2258 238 2322 291 IN
2377 215 2527 291 LIB.
2572 234 2659 291 ιη.

3485 236 3590 290 466

400 364 517 420 Cor
564 377 772 419 meum
826 366 881 419 et
934 377 1077 419 caro
1124 377 1261 418 mea
1305 361 1755 418 exsultaverunt
1784 358 1846 414 in
1880 359 1929 412 A
1962 356 2026 413 in
2049 358 2235 415 verbo
2264 364 2367 416 aut
2392 375 2593 433 opere,
2623 359 2829 416 omnia
2859 358 2919 413 in
2951 356 3202 427 gloriam
3228 356 3598 417 Dei'faciunt.

182 455 375 510 Deum
434 452 645 508 vivum
692 451 884 518 (Psal.
938 451 1194 519 Lxxxm).
1231 471 1259 499 »
1313 453 1381 506 Et
1426 448 1610 522 paulo
1662 450 1843 520 post:

185 564 213 593 «
244 541 429 609 Beati,
464 539 568 610 ait,
596 539 705 612 qui
732 537 1006 595 habitant
1032 539 1095 594 in
1120 537 1309 595 domo
1329 541 1452 608 tua,
1482 537 1543 593 in
1563 534 1849 593 saculum

184 628 393 686 saeculi
421 627 760 685 laudabunt
788 631 842 683 te
869 627 1070 700 (Ibid).
1104 648 1134 677 »
1183 625 1271 682 Illi
1320 641 1461 682 vero
1502 623 1664 681 beati
1689 626 1848 691 sunt,

185 734 459 792 quorum
486 733 591 774 rex
621 722 707 774 est
733 716 1021 783 Christus,
1070 719 1128 772 et
1169 715 1316 788 quia
1357 720 1581 772 aeterna
1622 712 1850 770 visione

190 808 328 878 ejus
352 805 579 880 perfrui
605 810 907 863 merentur
936 809 993 860 et
1025 803 1282 874 gloriam
1310 804 1445 876 ejus
1461 818 1650 877 quam
1669 801 1852 858 habet

191 911 339 952 cum
367 898 537 951 Patre
568 898 626 950 et
645 894 860 967 Spiritu
890 899 1100 951 sancto
1130 892 1500 965 conspicere,
1524 895 1583 948 et
1615 892 1851 964 sapien-

190 983 344 1041 tiam
372 999 482 1057 per
504 998 687 1056 quam
711 983 838 1055 ipse
863 981 1131 1038 mundus
1146 980 1327 1038 corde
1347 981 1630 1051 dignatur
1658 996 1721 1036 se
1751 994 1849 1035 os-

192 1074 462 1144 tendere,
490 1071 910 1146 perpetualiter
936 1071 1246 1145 percipere
1274 1070 1572 1127 laetantur.
1632 1069 1847 1141 Sicque

189 1161 538 1235 probabunt
566 1177 774 1218 verum
800 1176 932 1217 esse
952 1160 1069 1216 hoc
1088 1159 1255 1233 quod
1282 1160 1573 1232 scriptum
1600 1174 1615 1213 :
1648 1180 1678 1207 «
1699 1156 1849 1221 Quia

183 1266 299 1307 nec
325 1249 541 1307 oculus
572 1249 743 1319 vidit,
777 1265 888 1305 nec
915 1249 1079 1305 auris
1103 1248 1353 1318 audivit,
1379 1263 1489 1304 nec
1516 1247 1581 1303 in
1612 1262 1713 1303 cor
1743 1246 1847 1302 ho-

182 1339 364 1395 minis
409 1338 685 1395 ascendit
723 1354 859 1411 quae
890 1338 1251 1411 praeparavit
1280 1340 1434 1393 Deus
1463 1334 1847 1407 diligentibus

186 1443 244 1484 se
267 1428 331 1496 (Ι
353 1428 496 1485 Cor.
528 1427 613 1499 ιι).
649 1449 678 1477 ››

252 1539 283 1567 ‹‹
325 1519 452 1573 Rex
483 1521 689 1573 autem
721 1515 1007 1572 Salomon
1030 1514 1194 1572 dedit
1218 1515 1437 1585 regina:
1463 1512 1670 1571 omnia
1706 1527 1844 1585 quae

188 1626 214 1655 α
252 1604 450 1662 voluit
476 1610 537 1660 et
580 1604 785 1677 petivit
826 1604 904 1660 ab
952 1620 1045 1675 eo,
1102 1603 1361 1677 exceptis
1405 1604 1501 1660 his
1527 1618 1663 1676 qua:
1690 1599 1843 1656 ultro

1960 449 2042 502 De
2065 447 2287 520 quibus
2316 465 2389 504 ex
2424 465 2683 522 persona
2731 447 2963 504 Domini
2997 463 3102 519 per
3133 447 3485 519 prophetam
3515 449 3601 505 di-

1960 535 2111 591 citur
2143 552 2156 590 :
2186 560 2212 585 α
2243 538 2431 609 Super
2470 552 2676 593 muros
2711 536 3039 593 Jerusalem
3069 535 3373 591 constituit
3403 543 3600 592 custo-

1958 624 2086 691 des,
2127 629 2251 681 tota
2297 625 2394 681 die
2442 630 2500 681 et
2545 629 2664 682 tota
2692 630 2866 681 nocte
2894 640 3015 680 non
3045 624 3326 681 tacebunt
3353 623 3601 681 laudare

1958 729 2180 769 nomen
2214 715 2447 770 Domini
2471 716 2607 786 (Isa.
2640 716 2793 786 Lxu).
2824 732 2855 765 ›

2031 824 2059 853 «ι
2094 802 2247 859 Fecit
2282 818 2527 875 quoque
2559 802 2841 860 Salomon
2872 803 3131 858 ducenta
3158 808 3327 857 scuta
3347 801 3421 856 de
3452 817 3600 858 auro

1958 912 1987 942 ο(
2018 906 2191 965 puro.
2212 894 2530 947 Sexcentos
2550 890 2682 947 auri
2710 890 2886 947 siclos
2916 890 3078 946 dedit
3106 891 3165 945 in
3188 890 3442 945 laminas
3469 906 3601 945 scu-

1960 1003 1988 1029 ‹‹
2020 980 2059 1035 ti
2088 981 2264 1036 unius
2294 985 2351 1036 et
2378 983 2671 1035 trecentas
2702 979 2890 1052 peltas
2912 995 2985 1034 ex
3006 995 3155 1035 auro
3180 979 3454 1051 probato.
3474 982 3603 1035 Tre-

1958 1091 1985 1119 κ
2015 1073 2199 1125 centze
2217 1068 2376 1125 enim
2404 1068 2581 1124 minae
2610 1068 2740 1124 auri
2775 1083 2955 1123 unam
2987 1068 3210 1140 peltam
3242 1067 3597 1133 vestiebant,

1959 1179 1987 1207 «
2014 1150 2333 1231 posuitque
2363 1173 2464 1214 eas
2492 1157 2672 1213 rexin
2700 1156 2882 1212 domo
2904 1156 3065 1211 silvae
3095 1155 3356 1211 Libani.»
3384 1156 3452 1211 ln
3470 1159 3601 1211 Ver-

1953 1246 2048 1302 bis
2077 1262 2321 1319 quoque
2351 1246 2584 1302 dierum
2605 1245 2688 1301 ita
2714 1244 3001 1318 scriptum
3023 1249 3110 1300 est
3141 1262 3154 1298 :
3193 1267 3221 1295 «
3248 1245 3399 1299 Fecit
3424 1244 3602 1314 igitur

1954 1351 2058 1391 rex
2089 1335 2373 1391 Salomon
2424 1335 2715 1391 ducentas
2753 1334 2958 1390 hastas
3003 1349 3218 1389 aureas
3248 1333 3323 1388 de
3364 1349 3603 1390 summa

1954 1430 2373 1481 sexcentorum
2403 1439 2747 1494 aureorum,
2808 1422 2912 1496 qui
2954 1423 3014 1478 in
3056 1422 3189 1479 altis
3220 1421 3469 1493 singulis
3503 1438 3599 1477 ex-

1952 1512 2394 1586 pendebantur.
2446 1515 2730 1568 Trecenta
2757 1527 3001 1585 quoque
3055 1517 3224 1568 scuta
3258 1526 3439 1567 aurea
3479 1514 3596 1566 tre-

1953 1605 2264 1657 centorum
2292 1616 2633 1668 aureorum,
2656 1600 2878 1673 quibus
2900 1601 3252 1670 tegebantur
3277 1604 3444 1655 scuta
3478 1600 3599 1655 sin-

194 1715 221 1745 ιι
254 1692 559 1751 obtulerat
574 1693 629 1750 ei
653 1707 903 1749 munere
922 1692 1106 1764 regio,
1143 1715 1170 1743 ››
1200 1693 1263 1749 id
1278 1697 1365 1749 est
1383 1692 1529 1765 quia
1551 1688 1841 1764 paciﬁcus
1877 1721 1919 1775 Β
1952 1688 2113 1759 gula.
2148 1689 2469 1761 Posuitque
2499 1704 2572 1745 ea
2599 1704 2703 1744 rex
2730 1689 2791 1744 in
2820 1689 3251 1745 armentarium
3275 1687 3441 1761 quod
3471 1690 3601 1743 erat

196 1788 407 1852 noster,
428 1798 589 1839 verae
617 1782 864 1853 reginae,
894 1781 1169 1838 Ecclesiae
1189 1780 1461 1839 videlicet
1484 1777 1844 1849 suaa,omnia

188 1885 320 1944 quas
354 1871 523 1944 petit,
549 1870 738 1927 dabit.
772 1872 852 1926 De
878 1887 1003 1943 quo
1033 1870 1321 1943 scriptum
1352 1875 1441 1926 est
1489 1886 1503 1923 :
1550 1891 1579 1919 ‹‹
1610 1865 1845 1922 Deside-

180 1958 343 2016 rium
372 1958 571 2015 cordis
599 1959 731 2030 ejus
764 1959 1016 2015 tribuisti
1038 1959 1184 2029 ei,et
1210 1958 1514 2015 voluntate
1542 1956 1843 2013 labiorum

179 2048 319 2118 ejus
341 2063 471 2104 non
498 2046 791 2103 fraudasti
818 2063 954 2102 eam
981 2048 1154 2113 (Psal
1200 2046 1347 2118 xx)»
1380 2050 1446 2101 Et
1480 2046 1544 2101 in
1574 2048 1842 2113 Evange-

175 2135 263 2192 lio
304 2137 438 2208 ipse
462 2135 607 2191 dicit
653 2152 667 2190 :
724 2157 751 2183 «
808 2138 1195 2207 Quaecunque
1224 2134 1509 2206 petieritis
1538 2130 1845 2188 I'atremin

177 2223 442 2279 nomine
461 2238 622 2293 meo,
651 2222 823 2277 dabit
849 2221 1023 2277 vobis
1050 2224 1251 2292 (Joan.
1280 2222 1422 2291 xxv).
1442 2238 1474 2273 ›
1500 2223 1630 2276 Non
1654 2216 1848 2273 solum

189 2314 406 2366 autem
431 2325 506 2366 ea
534 2326 670 2382 quae
692 2310 971 2382 petimus,
1002 2311 1125 2365 imo
1145 2310 1323 2366 etiam
1350 2310 1452 2366 illa
1478 2326 1615 2382 quae
1636 2309 1848 2363 huma-

178 2414 275 2454 na
310 2398 622 2469 fragilitas,
673 2403 775 2453 aut
802 2398 992 2455 nescit
1019 2404 1123 2455 aut
1148 2414 1269 2454 non
1299 2398 1606 2471 praesumit
1626 2401 1842 2470 petere,

175 2486 392 2557 gratui
410 2491 470 2542 to
494 2502 747 2543 munere
764 2486 1037 2558 largitur.

247 2597 288 2625 «
324 2574 608 2647 Fecitque
626 2591 733 2631 rex
752 2574 828 2631 de
856 2575 1034 2646 lignis
1056 2576 1271 2648 thyinis
1288 2575 1474 2632 fulcra
1494 2574 1712 2631 domus
1727 2575 1842 2631 Do-

176 2685 206 2719 e
236 2663 424 2733 mini,
455 2668 515 2720 et
551 2663 774 2720 domus
803 2663 981 2734 regiae
1011 2668 1068 2720 et
1089 2664 1343 2721 citharas
1374 2664 1656 2742 lyrasque
1697 2679 1841 2719 can-

176 2776 205 2803 «
239 2753 501 2809 toribus.
520 2755 649 2808 Non
669 2756 809 2808 sunt
840 2751 1022 2808 allata
1048 2752 1464 2824 hujuscemodi
1487 2752 1654 2823 ligna
1686 2752 1842 2824 thyi-

176 2866 203 2891 ‹‹
232 2857 345 2909 na,
376 2856 578 2914 neque
606 2842 736 2896 visa
765 2855 956 2913 usque
984 2840 1046 2896 in
1087 2845 1442 2913 praesentem
1471 2841 1654 2897 diem.
1692 2862 1719 2890 »
1761 2843 1842 2896 De

177 2947 308 3003 quo
335 2929 635 3003 Josephus
667 2929 750 2986 ita
772 2936 1012 2985 narrat:
1048 2929 1267 2985 Eodem
1292 2946 1436 2985 vero
1446 2934 1720 3003 tempore
1740 2929 1843 2984 de-

180 3020 282 3076 lati
312 3024 455 3074 sunt
484 3018 630 3089 regi,
676 3034 714 3074 a
747 3023 900 3073 terra
927 3034 1065 3090 quae
1090 3022 1340 3074 vocatur
1369 3034 1574 3083 aurea,
1603 3018 1840 3091 lapides

185 3108 447 3180 pretiosi,
482 3113 543 3163 et
582 3107 747 3176 ligna
778 3107 1005 3179 thyina,
1034 3106 1257 3179 quibus
1290 3123 1437 3162 usus
1462 3113 1550 3162 est
1578 3106 1657 3163 ad
1682 3106 1837 3162 forti-

189 3197 455 3252 tudinem
498 3194 704 3267 templi
732 3195 1147 3268 domuumque
1179 3194 1479 3266 regalium
1514 3199 1572 3251 et
1612 3195 1691 3250 ad
1720 3195 1841 3250 ins-

195 3289 484 3340 trumenta
515 3283 915 3353 musicorum,
940 3283 1200 3356 fecitque
1224 3283 1487 3338 citharas
1517 3287 1575 3338 et
1602 3282 1840 3354 uablas,

204 3375 266 3425 ut
287 3371 544 3428 dicerent
568 3373 870 3445 hymnum
890 3373 1012 3428 Deo
1034 3372 1247 3427 levitas.
1282 3372 1565 3428 Omnium
1587 3387 1725 3428 vero
1748 3387 1840 3428 re-

201 3474 330 3514 rum
354 3476 481 3532 quae
505 3460 746 3516 fuerunt
771 3477 1138 3533 quocunque
1175 3465 1441 3532 tempore
1473 3460 1596 3530 regi
1622 3460 1837 3530 delata,

199 3563 424 3622 eaquae
462 3549 565 3606 illo
609 3549 811 3606 delata
859 3555 1019 3611 sunt,
1080 3549 1559 3618 magnitudinem
1616 3555 1673 3606 et
1713 3550 1843 3624 pul-

192 3637 589 3694 chritudinem
636 3639 1076 3711 praecellebant.
1133 3638 1338 3694 Nullus
1376 3638 1555 3708 igitur
1591 3640 1836 3696 arbitre-

195 3732 271 3780 tux
289 3770 305 3795 ,
335 3727 493 3797 quia
528 3726 681 3794 ligna
723 3728 932 3799 thyina
957 3742 1095 3800 qua:
1121 3743 1283 3783 nunc
1309 3733 1553 3801 propter
1580 3728 1839 3800 pretium

194 3812 590 3868 vendentium
618 3814 694 3869 sic
718 3814 1117 3888 appellantur,
1158 3815 1273 3871 illis
1316 3815 1512 3871 vicina
1544 3816 1678 3873 sint.
1736 3816 1840 3875 llla

197 3900 500 3974 siquidem
535 3901 748 3959 visione
783 3904 1048 3960 rotunda
1089 3904 1268 3977 quasi
1319 3904 1496 3977 pinea
1544 3910 1701 3971 sunt,
1733 3906 1840 3962 sed

188 3991 382 4048 multo
415 3991 763 4049 candidiora
781 3999 839 4048 et
868 3992 1038 4048 valde
1059 3992 1369 4064 fulgentia.
1390 3996 1508 4049 Hoc
1535 3999 1735 4050 autem
1755 3994 1842 4051 di-

178 4080 261 4147 xi,
291 4087 359 4137 ut
381 4080 589 4136 nullus
615 4087 897 4137 naturam
918 4097 1072 4137 verae
1099 4083 1321 4154 pignus
1351 4082 1675 4152 ignoraret.
1694 4085 1842 4139 Sunt

178 4170 359 4243 enim,
392 4170 550 4225 sicut
575 4170 640 4225 in
691 4170 1010 4241 cujusdam
1065 4170 1368 4226 volumine
1404 4170 1542 4241 legi,
1574 4170 1841 4245 imputri-

179 4257 313 4315 bilia
341 4264 401 4315 et
434 4258 710 4331 spinosa,
768 4258 831 4313 in
868 4258 1317 4315 similitudinem
1348 4258 1501 4315 albas
1543 4260 1754 4333 spinas,
1784 4264 1841 4317 et

1951 1778 2248 1835 consitum
2277 1793 2582 1835 nemore.»
2614 1780 2791 1836 Scuta
2821 1794 2963 1848 ergo
2993 1778 3172 1834 simul
3192 1783 3247 1834 et
3277 1778 3463 1834 hastae
3498 1793 3599 1833 au-

1951 1883 2066 1923 reae
2095 1867 2318 1940 quibus
2350 1867 2687 1935 utebantur,
2713 1868 2864 1923 sicut
2891 1867 2954 1922 in
2984 1866 3373 1940 sequentibus
3401 1872 3595 1922 osten-

1953 1956 2131 2026 ditur,
2177 1956 2361 2012 duces
2391 1956 2495 2029 qui
2525 1955 2906 2012 excubabant
2936 1960 3071 2012 ante
3119 1956 3339 2011 ostium
3374 1955 3597 2010 domus

1951 2045 2127 2115 regis,
2150 2044 2299 2117 quid
2327 2044 2665 2114 significant
2701 2044 2817 2099 nisi
2837 2048 3208 2101 armaturam
3240 2043 3587 2117 spiritalem,

1952 2148 2140 2206 quam
2168 2132 2395 2189 habent
2419 2131 2837 2205 praedicatores
2868 2132 3080 2199 sancti,
3121 2132 3225 2205 qui
3256 2130 3600 2187 custodiunt

1953 2222 2206 2278 domum
2231 2220 2486 2291 Domini,
2510 2225 2568 2276 et
2586 2220 2886 2277 excubant
2914 2221 2993 2277 ad
3022 2221 3173 2276 ostia
3202 2221 3353 2290 ejus,
3387 2224 3451 2274 ut
3479 2218 3600 2274 cal-

1952 2309 2089 2366 lidis
2123 2309 2576 2365 insidiatoribus
2601 2309 3004 2365 intercludant
3049 2309 3299 2374 aditum,
3335 2324 3408 2363 ne
3437 2308 3601 2363 deci-

1952 2399 2123 2472 piant
2140 2398 2510 2469 innocentes,
2532 2397 2608 2453 de
2636 2397 2857 2470 quibus
2878 2397 2937 2453 in
2967 2397 3209 2455 Cantica
3230 2396 3602 2454 canticorum

1953 2487 2241 2559 scriptum
2285 2491 2372 2543 est
2419 2503 2433 2541 :
2484 2508 2510 2537 «
2547 2487 2849 2543 Lectulum
2896 2486 3236 2544 Salomonis
3283 2486 3598 2556 sexaginta

1952 2576 2135 2633 fortes
2164 2575 2442 2633 ambiunt
2468 2592 2542 2632 ex
2564 2576 2904 2633 fortissimis
2940 2575 3136 2639 lsrael,
3164 2592 3375 2633 omnes
3405 2582 3602 2631 tenen-

1956 2669 2041 2722 tes
2071 2664 2327 2737 gladios,
2355 2670 2412 2721 et
2435 2665 2515 2721 ad
2552 2665 2710 2721 bella
2727 2665 3057 2723 doctissimi
3085 2667 3283 2735 (Cant.
3310 2683 3429 2733 Ill,»
3455 2668 3602 2738 quia

1954 2758 2011 2809 et
2037 2758 2395 2826 praesentem
2426 2754 2697 2810 Ecclesiae
2735 2755 2995 2828 quietem
3024 2771 3117 2812 .ac
3145 2771 3360 2829 pacem
3387 2753 3602 2827 praedi-

1953 2845 2182 2898 catores
2212 2841 2402 2898 sancti
2444 2848 2656 2899 contra
2684 2843 3101 2917 hmreticorum
3144 2849 3381 2899 tuentur
3410 2845 3603 2899 incur-

1953 2946 2077 2993 sus,
2109 2933 2168 2985 et
2214 2930 2510 2986 internum
2555 2930 2812 2988 ccelestis
2852 2932 3058 3005 patrias
3085 2933 3351 3005 requiem
3379 2930 3602 3004 perfec-

1952 3019 2130 3076 tiores
2184 3035 2427 3092 quoque
2475 3021 2596 3077 ﬁxa
2643 3021 2967 3078 intentione
3005 3021 3409 3093 speculantur.
3445 3024 3600 3076 Bene

1952 3111 2155 3164 autem
2203 3108 2475 3164 iterando
2525 3109 2871 3180 adjungitur
2904 3126 2917 3162 :
2952 3133 2979 3159 ‹‹
3026 3113 3105 3164 Ex
3154 3109 3486 3163 fortissimis
3526 3112 3602 3161 ls-

1950 3195 2095 3255 rael.
2130 3218 2159 3247 »
2192 3196 2376 3252 Israel
2403 3197 2655 3269 quippe,
2686 3198 2781 3253 vir
2812 3198 3014 3253 videns
3046 3200 3234 3252 Deum
3254 3196 3604 3267 interpreta-

1949 3288 2065 3341 tur.
2107 3286 2329 3341 Omnes
2357 3283 2604 3357 quidem
2623 3284 2728 3357 qui
2749 3284 2829 3340 ad
2858 3284 3077 3340 divinae
3101 3283 3348 3338 visionis
3379 3282 3601 3352 gaudia

1952 3373 2222 3442 tendunt,
2273 3379 2428 3430 recte
2462 3374 2640 3431 lsrael
2667 3375 2911 3430 nomine
2960 3379 3298 3431 censentur.
3345 3374 3455 3428 Sed
3487 3373 3602 3428 for-

1950 3461 2184 3532 tissimi,
2220 3446 2434 3536 inquit,
2465 3462 2526 3518 in
2556 3462 2640 3519 eis
2683 3467 2823 3519 sunt
2850 3463 3049 3536 utique
3076 3463 3178 3531 illi,
3202 3463 3309 3535 qui
3339 3463 3457 3518 sive
3487 3478 3602 3517 coe-

1949 3548 2109 3605 lestis
2139 3550 2324 3606 domo
2348 3551 2772 3623 speculationis
2805 3551 3230 3622 sublimantur,
3262 3568 3368 3607 seu
3390 3550 3594 3623 przedi-

1950 3640 2203 3697 cationis
2222 3641 2618 3698 ministerium
2659 3644 2765 3699 rite
2788 3643 3204 3716 peragendum
3241 3644 3597 3715 suscipiunt.

1951 3729 2063 3795 Qui
2109 3734 2168 3786 et
2200 3735 2337 3802 apte
2362 3731 2752 3801 sexagenario
2806 3737 2947 3787 sunt
2984 3748 3239 3788 numero
3284 3732 3598 3802 designati,

1948 3818 2093 3889 quia
2119 3817 2265 3873 tales
2286 3818 2571 3874 nimirum
2595 3818 2909 3875 denarium
2940 3824 3177 3875 aeternae
3197 3818 3599 3875 retributionis

1948 3921 2061 3979 pro
2085 3905 2444 3976 perfectione
2463 3905 2642 3961 bona;
2662 3906 3026 3978 operationis
3054 3910 3457 3978 exspectant,«
3474 3921 3599 3959 om-

1947 4012 2058 4054 nes
2092 4001 2356 4052 tenentes
2390 3995 2623 4066 gladios
2671 4002 2729 4053 et
2756 3997 2835 4053 ad
2864 3997 3022 4054 bella
3051 3997 3436 4065 doctissimi,»
3468 3997 3600 4053 illos

1949 4089 2219 4143 tenentes
2250 4084 2504 4154 gladios,
2537 4086 2611 4142 de
2655 4086 2878 4160 quibus
2908 4087 3049 4144 dicit
3081 4087 3399 4160 Apostolus
3428 4106 3440 4143 :
3473 4111 3499 4137 α
3538 4090 3600 4144 Et

1949 4176 2187 4247 galeam
2218 4176 2425 4232 salutis
2445 4176 2753 4250 assumite,
2780 4183 2838 4234 et
2865 4177 3134 4249 gladium
3162 4176 3599 4251 spiritus,quod

1948 4269 2038 4321 est
2060 4264 2315 4322 verbum
2340 4264 2442 4322 Dei
2478 4265 2721 4337 (Ephes.
2750 4268 2879 4340 v1)»
2917 4267 3002 4323 Ad
3024 4267 3123 4324 illa
3147 4267 3304 4324 bella
3333 4267 3599 4323 doctissi-

181 4362 367 4420 usque
399 4347 587 4403 hodie
614 4347 834 4402 Judaeis
858 4347 1183 4417 incognita.
1208 4348 1363 4403 Bene
1394 4354 1596 4405 autem
1626 4348 1841 4405 dicitur
1872 4415 1910 4428 ἢ
1951 4353 2053 4422 mi,
2101 4353 2176 4410 de
2218 4354 2442 4428 quibus
2487 4354 2647 4412 idem
2691 4356 2994 4424 admonet,
3022 4358 3227 4414 dicens
3258 4375 3271 4412 :
3308 4380 3335 4406 ‹‹
3372 4356 3597 4411 Induite

177 4437 335 4507 quod
362 4453 474 4493 rex
507 4434 794 4492 Salomon
819 4435 894 4491 de
914 4436 1090 4506 lignis
1127 4436 1401 4508 pretiosis
1430 4438 1608 4493 nimis
1638 4437 1840 4494 fecerit
1870 4415 1915 4468 D
1949 4458 2058 4498 vos
2089 4415 2460 4501 armaturam
2491 4445 2613 4516 Dei,
2644 4451 2708 4502 ut
2734 4447 2983 4519 possitis
3013 4453 3167 4503 stare
3198 4446 3483 4501 adversus
3509 4444 3598 4497 in—

177 4522 359 4583 fulcra
389 4525 620 4581 domus
653 4524 887 4581 Domini
917 4530 974 4581 et
1000 4524 1220 4581 domus
1249 4525 1447 4595 regiae,
1493 4531 1550 4582 et
1578 4527 1836 4583 citharas

178 4610 461 4687 lyrasque
499 4612 848 4669 cantoribus
884 4631 898 4682 ;
950 4614 1096 4686 quia
1134 4614 1405 4670 conditor
1443 4620 1645 4671 noster
1671 4614 1835 4685 ligna

177 4704 461 4773 pretiosa,
492 4702 614 4758 hoc
642 4707 731 4758 est
759 4701 1034 4758 doctores
1059 4708 1427 4771 sanctorum,
1461 4720 1722 4776 quorum
1753 4705 1834 4761 vi-

177 4805 271 4846 ror
299 4807 625 4864 nunquam
657 4790 947 4847 decrescit
976 4790 1137 4861 ﬁdei,
1176 4807 1287 4847 nec
1327 4792 1464 4849 folia
1507 4793 1832 4850 verborum

175 4878 467 4936 decidunt
499 4899 513 4948 ;
548 4881 655 4937 sed
688 4880 793 4953 qui
807 4880 1068 4936 fructum
1098 4880 1398 4937 bonorum
1426 4898 1679 4955 operum
1705 4883 1832 4939 red-

176 4967 337 5023 dunt
358 4971 728 5041 temporibus
756 4969 901 5033 suis,
932 4968 1012 5024 ad
1040 4970 1353 5026 munimen
1384 4970 1605 5027 domus
1632 4972 1735 5028 Dei
1776 4977 1833 5029 et

178 5056 415 5111 domus
442 5059 627 5128 regite,
656 5060 773 5115 hoc
803 5064 891 5113 ust
909 5057 989 5113 ad
1014 5058 1528 5115 confirmationem
1558 5060 1830 5117 Ecclesia:

184 5159 317 5199 sum
346 5152 527 5217 ponit,
571 5153 633 5204 ut
659 5163 872 5203 eorum
904 5146 1170 5219 undique
1196 5146 1415 5204 vallata
1458 5149 1742 5205 doctrinis
1774 5155 1832 5207 et

178 5234 489 5307 exemplis,
526 5238 768 5292 ruinam
792 5252 1001 5291 eorum
1024 5234 1315 5292 scelerum
1336 5252 1456 5292 non
1479 5238 1830 5295 sentiat.Ta-

172 5324 386 5399 lesque
416 5327 526 5382 viri
562 5326 779 5383 merito
823 5330 889 5381 ut
916 5324 1155 5382 citharae
1196 5330 1252 5381 et
1291 5324 1436 5397 lyrae
1468 5328 1547 5383 ad
1574 5327 1828 5383 laudan-

169 5414 320 5472 dum
342 5417 674 5473 Dominum
703 5414 978 5472 fabricati
1025 5415 1325 5485 dicuntur,
1353 5416 1644 5488 quoniam
1666 5432 1827 5488 quas.

172 5521 411 5580 cunque
436 5506 691 5563 fecerint
716 5503 1251 5577 prosperabuntur,
1283 5510 1339 5560 et
1364 5504 1609 5560 laudem
1635 5507 1828 5564 Domi-

174 5595 229 5650 ni
260 5597 414 5653 inter
439 5597 706 5653 adversa
734 5599 793 5649 et
837 5608 1146 5665 prospera,
1178 5595 1381 5663 corde,
1409 5609 1533 5664 ore,
1565 5596 1743 5653 simul
1772 5606 1829 5658 et

173 5699 350 5757 opere
376 5684 779 5761 pronuntiare
808 5697 930 5738 non
957 5689 1209 5739 cessant.
1228 5682 1294 5737 Hi
1321 5683 1618 5756 quidquid
1640 5693 1831 5757 agunt

1947 4530 2129 4588 sidias
2156 4531 2386 4589 diaboli
2418 4550 2432 4601 ;
2468 4533 2614 4606 quia
2636 4550 2760 4590 non
2798 4540 2886 4592 est
2930 4534 3100 4591 nobis
3134 4531 3469 4588 colluctatio
3499 4528 3595 4582 ad-

1943 4637 2153 4677 versus
2180 4638 2425 4679 carnem
2453 4629 2511 4679 et
2532 4623 2911 4694 sanguinem,
2942 4621 3046 4677 sed
3067 4622 3355 4676 adversus
3380 4615 3596 4688 princi-

1943 4724 2050 4782 pes
2098 4714 2155 4765 et
2182 4713 2504 4783 potestates
2533 4712 2689 4781 (16.),
2744 4715 2854 4766 etc.
2914 4713 2981 4765 Et
3034 4712 3190 4763 recte
3239 4704 3591 4769 doctissimi,

1942 4797 2084 4870 quia
2127 4798 2396 4853 bellandi
2426 4814 2650 4868 magna
2679 4803 2802 4853 arte
2846 4797 3134 4867 indigent,
3165 4794 3269 4868 qui
3300 4810 3479 4851 carne
3508 4794 3594 4850 in-

1942 4886 2110 4949 clusi,
2137 4885 2199 4940 in
2227 4885 2398 4940 terris
2424 4886 2621 4957 positi,
2657 4890 2867 4943 contra
2905 4885 3189 4960 spiritalia
3212 4884 3492 4959 nequitiae
3532 4885 3593 4942 in

1943 4974 2282 5032 cmlestibus
2332 4978 2579 5031 certant.
2635 4979 2846 5045 Magna
2872 4982 3018 5047 arte,
3072 4976 3196 5033 imo
3237 4992 3463 5047 magna
3495 4978 3595 5035 Dei

1942 5064 2134 5137 gratia
2209 5063 2497 5135 indigent,
2572 5081 2731 5122 cum
2773 5072 2981 5124 contra
3027 5068 3461 5139 archangelum
3510 5072 3596 5126 tot

1940 5154 2206 5211 millibus
2261 5168 2562 5212 annorum
2615 5156 2693 5214 ad
2752 5156 2911 5214 bella
2955 5157 3361 5226 exercitatum,
3395 5159 3592 5214 carnis

1940 5243 2231 5313 fragilitas
2278 5248 2529 5317 pugnat.
2570 5248 2743 5303 Recte
2791 5263 2935 5319 ergo
2971 5247 3242 5305 ducenta:
3285 5248 3476 5304 hastae
3519 5247 3594 5303 de

1942 5349 2186 5390 summa
2225 5341 2644 5393 sexcentorum
2698 5337 2980 5394 siclorum
3025 5338 3194 5395 factae
3252 5343 3409 5401 sunt,
3449 5337 3597 5409 quia

1941 5423 2252 5495 utriusque
2307 5428 2664 5484 Testamenti
2696 5429 2969 5487 doctrina
2998 5434 3054 5486 et
3101 5430 3445 5502 operatione
3465 5444 3594 5500 per-

1940 5510 2074 5568 fecti
2104 5529 2234 5568 esse
2262 5521 2618 5588 noscuntur,
2648 5535 2786 5574 cum
2814 5518 3109 5591 quidquid
3157 5534 3430 5574 sermone
3484 5517 3595 5571 do-

1939 5600 2170 5655 cuerint
2244 5601 2421 5659 bonis
2486 5607 2774 5678 exemplis
2843 5608 3269 5679 probaverunt.
3353 5608 3593 5658 Necnon

1948 5691 2011 5744 et
2036 5688 2296 5746 ducenta
2345 5697 2512 5749 scuta
2548 5710 2807 5765 quorum
2857 5695 3095 5765 singula
3130 5692 3372 5752 trecenti
3421 5702 3597 5745 aures
