4102 6184
529 210 637 272 “7

1622 210 1977 266 ANGELOMI
2016 207 2475 270 LUXOYIENSIS
2509 216 2848 272 MONACHI.
3824 223 3911 278 448

533 333 886 400 vestiebant,
934 331 1262 402 perfectam
1306 331 1490 392 ﬁdem
1557 349 1764 391 eorum
1827 332 2185 403 signiﬁcant,
2228 340 2274 391 Α
2306 337 2399 391 vel
2441 339 2829 394 residentium
2887 343 2943 393 et
2995 337 3502 393 discumbentium
3554 340 3613 394 in
3673 344 3913 400 convivio

536 438 722 494 quam
749 420 810 474 in
840 423 1060 474 sancta
1090 419 1386 475 Trinitatis
1437 420 1812 476 confessione
1855 421 2180 478 habebant.

534 510 692 564 Bene
722 523 864 577 ergo
894 507 1172 564 custodes
1201 507 1422 563 domus
1454 508 1553 564 Dei
1582 509 1791 566 hastas
1819 514 1876 564 et
1905 515 2073 565 scuta
2085 525 2190 566 au-

530 611 639 656 rea
657 599 916 668 portant,
946 595 1092 667 quia
1122 597 1306 656 sancti
1335 596 1888 670 pradicatores,qui
1913 603 2052 654 sunt
2081 601 2187 654 Ec-

539 684 730 741 clesia
754 688 972 740 sancta
1017 684 1320 754 custodes,
1356 685 1616 746 claritate
1648 703 1922 758 superna
1954 689 2190 760 sapien-

533 774 631 832 tia
663 771 1063 844 splendentes,
1094 777 1150 828 et
1170 773 1491 830 verborum
1513 775 1730 845 jaculis
1749 775 2024 831 inimicos
2051 791 2188 831 con-

536 861 790 928 todiunt,
837 865 894 918 et
921 866 1090 918 scuto
1137 864 1289 920 sacri
1319 863 1460 921 ﬁdei
1486 865 1598 920 tela
1631 865 1982 937 nequissimi
2011 865 2189 934 ignea

537 949 889 1022 repellentes
917 951 1322 1021 exstinguunt.
1364 953 1538 1019 Quod
1566 959 1767 1010 autem
1793 953 2142 1024 adjungitur
2171 970 2183 1007 :

539 1056 571 1092 ‹
600 1039 804 1096 Posuit
833 1055 905 1095 ea
930 1055 1034 1094 rex
1062 1040 1124 1095 in
1153 1041 1337 1097 domo
1369 1041 1527 1098 silva
1560 1042 1785 1108 Libani,
1823 1066 1850 1091 ››
1881 1049 2018 1114 apte
2048 1041 2187 1097 huic

537 1128 825 1200 mysterio
871 1129 1165 1199 congruit.
1211 1130 1364 1195 Quid
1421 1146 1562 1200 ergo
1607 1131 1755 1187 silva
1799 1131 2026 1197 Libani,
2075 1130 2188 1186 nisi

539 1217 807 1288 gentium
857 1217 1178 1278 Ecclesiam
1227 1219 1542 1290 signiﬁcat,
1590 1237 1722 1293 qua
1776 1220 1851 1277 de
1899 1220 2055 1276 fastu
2089 1237 2188 1276 su-

537 1306 760 1379 perbia
790 1307 1045 1378 abscisa,
1075 1307 1137 1363 in
1178 1308 1404 1366 fabrica
1451 1309 1669 1366 domus
1701 1311 1800 1366 Dei
1831 1310 2188 1367 convenien-

540 1399 627 1451 ter
665 1401 906 1468 aptatur
933 1396 960 1452 ‘I
1019 1397 1182 1455 Unde
1231 1403 1290 1454 et
1343 1414 1450 1470 per
1495 1399 1874 1456 Psalmistam
1931 1400 2182 1456 dicitur:

541 1489 687 1542 Ecce
725 1486 1067 1544 audivimus
1109 1503 1245 1543 eam
1288 1487 1348 1543 in
1381 1489 1658 1560 Ephrata,
1689 1489 2024 1544 invenimus
2051 1505 2188 1556 eam

536 1577 599 1633 in
628 1577 859 1649 campis
889 1577 1050 1634 silva
1080 1578 1270 1649 (Psal.
1304 1579 1515 1649 σω),
1543 1601 1571 1628 ››
1612 1583 1722 1635 etc.

2301 441 2554 497 corpora
2582 427 2748 494 ferat,
2783 427 2875 481 vel
2918 427 3115 499 ipsum
3156 425 3231 481 de
3270 425 3404 482 loco
3429 427 3511 482 ad
3533 428 3728 484 locum
3755 431 3915 489 soleat

2297 529 2407 585 pro
2455 516 2739 588 temporis
2789 515 3233 588 opportunitate
3273 514 3660 578 circumferri.
3692 518 3790 574 Cui
3814 536 3911 575 me-

2295 603 2406 658 rito
2435 609 2642 660 sancta
2675 604 2930 660 Ecclesia
2952 607 3358 676 comparatur,
3376 619 3516 676 qua
3535 606 3830 663 credentes
3849 608 3910 664 ad

2296 695 2528 748 aterna
2576 694 2704 749 vita
2755 693 3140 748 refectionem
3188 692 3650 764 pradicatorum
3696 711 3908 758 suorum

2295 783 2577 852 mysterio
2608 782 2964 847 circumfert.
2996 781 3310 837 Ferculum
3330 782 3535 854 itaque
3561 784 3710 853 regis
3734 791 3906 854 nosti-3,

2296 876 2503 927 sancta
2547 872 2806 928 Ecclesia
2834 876 2946 936 est,
2976 886 3113 942 qua
3145 870 3220 925 de
3263 871 3520 930 fortibus
3546 871 3907 943 praedicatori-

2293 958 2409 1013 bus
2428 961 2602 1032 quasi
2626 960 2802 1030 lignis
2834 959 3113 1026 cedrinis,
3141 959 3525 1032 imputribilis
3547 962 3824 1020 mentibus
3839 966 3909 1018 est

2295 1054 2651 1105 constructa.
2682 1053 2824 1115 Qua
2867 1054 3021 1104 recte
3069 1048 3361 1104 ferculum
3387 1048 3624 1118 dicitur,
3653 1051 3784 1124 quia
3803 1052 3908 1123 ipse

2294 1135 2406 1192 fert
2432 1137 2697 1208 quotidie
2738 1138 2974 1193 animas
2989 1137 3070 1194 ad
3097 1144 3388 1192 aternum
3419 1139 3750 1194 convivium
3776 1142 3907 1196 Con-

2295 1224 2499 1280 ditoris
2539 1225 2648 1280 sui.
2701 1227 2811 1282 Cui
2849 1225 3072 1281 ferculo
3113 1225 3411 1282 columna
3455 1232 3734 1297 argenteae
3758 1227 3905 1282 facta

2295 1317 2454 1383 sunt,
2497 1330 2632 1386 qua
2677 1315 3101 1387 pradicatores
3150 1315 3343 1370 sancti
3398 1314 3620 1388 eloquii
3661 1315 3774 1371 luce
3795 1331 3903 1371 res-

2294 1402 2596 1474 plendent.
2626 1407 2725 1459 Est
2760 1409 2960 1460 autem
2993 1403 3289 1459 columnis
3315 1406 3612 1475 argenteis
3641 1405 3904 1460 reclinato-

2293 1491 2446 1546 rium
2478 1508 2751 1558 aureum,
2779 1493 2924 1565 quia
2952 1509 3059 1566 per
3081 1493 3194 1548 hoc
3223 1493 3391 1564 quod
3425 1510 3464 1549 a
3497 1494 3703 1550 sanctis
3727 1492 3903 1566 pradi-

2293 1581 2596 1638 catoribus
2621 1581 2816 1637 lucide
2845 1582 3078 1652 dicitur,
3109 1587 3338 1637 mentes
3359 1583 3722 1644 audientium
3745 1581 3902 1652 fulgo-

608 1688 638 1716 «
668 1666 828 1722 Fecit
873 1681 1014 1736 ergo
1068 1683 1173 1722 rex
1229 1667 1513 1724 Salomon
1568 1669 1850 1724 thronum
1901 1667 1976 1723 de
2006 1667 2187 1724 ebore
2213 1687 2259 1741 Β
2294 1685 2356 1725 re
2388 1669 2665 1735 claritatis
2696 1671 2940 1736 intima,
2959 1671 3019 1726 in
3048 1686 3174 1742 qua
3202 1670 3584 1740 reclinentur,
3613 1671 3895 1727 inveniunt.

536 1777 565 1805 «
597 1756 889 1826 grandem
921 1760 1016 1824 ;et
1043 1756 1276 1812 vestivit
1304 1772 1442 1813 eum
1469 1774 1618 1814 auro
1662 1758 1822 1813 fulvo
1849 1758 2051 1824 nimis,
2083 1756 2189 1829 qui

538 1867 567 1894 «
594 1843 862 1900 habebat
887 1861 992 1900 sex
1021 1846 1266 1914 gradus.
1302 1848 1369 1902 Et
1393 1846 1708 1902 summitas
1757 1847 1952 1902 throni
1981 1851 2188 1902 rotun-

535 1953 565 1983 α
597 1933 678 1990 da
706 1940 834 1990 erat
868 1934 932 1989 in
961 1939 1128 2006 parte
1166 1934 1500 2006 posteriori,
1547 1940 1604 1991 et
1632 1935 1768 1992 dua
1799 1951 2019 1992 manus
2050 1936 2188 1992 hino

534 2041 562 2070 «
592 2025 773 2094 atque
796 2021 938 2078 inde
966 2026 1232 2078 tenentes
1263 2023 1464 2093 sedile,
1483 2024 1680 2080 etduo
1709 2024 1915 2080 leones
1950 2025 2192 2092 stabant

535 2129 562 2160 α
584 2109 758 2180 juxta
806 2125 1028 2166 manus
1060 2111 1328 2180 singulas
1383 2129 1398 2168 :
1459 2116 1516 2168 et
1567 2112 1886 2168 duodecim
1928 2112 2190 2170 leunculi

532 2219 561 2248 «
589 2201 814 2254 stantes
844 2214 1138 2271 supersex
1151 2198 1376 2270 gradus
1401 2200 1541 2256 hinc
1553 2206 1733 2273 atque
1751 2201 2188 2257 inde.»Solium

532 2301 675 2356 ergo
695 2287 860 2358 quod
879 2303 983 2344 rex
1012 2287 1295 2344 Salomon
1320 2288 1473 2357 fecit,
1502 2289 1658 2345 bene
1687 2289 1946 2345 Ecclesia
1979 2295 2192 2346 sancta

531 2374 895 2445 intelligitur,
916 2376 978 2431 in
1007 2391 1132 2448 qua
1159 2377 1446 2448 paciﬁcus
1483 2383 1689 2434 noster
1717 2393 2003 2447 regnans,
2027 2378 2189 2448 judi-

533 2465 627 2521 cia
655 2480 767 2520 sua
789 2465 983 2521 facere
1011 2465 1400 2536 dignoscitur,
1432 2467 1578 2538 quia
1599 2468 1803 2523 anima
1851 2490 1878 2516 «
1907 2468 2069 2538 justi,
2103 2484 2192 2523 se-

533 2553 640 2608 des
669 2557 759 2608 est
799 2553 1125 2626 sapientia.
1162 2576 1190 2605 »
1214 2556 1447 2611 Etbene
1476 2556 1552 2610 de
1578 2556 1758 2612 ebore
1788 2556 1935 2612 illud
1964 2556 2190 2612 factum

533 2656 662 2697 esse
684 2646 1074 2709 memoratur,
1120 2644 1288 2715 quod
1309 2659 1432 2700 non
1461 2645 1540 2700 ad
1571 2645 1732 2700 solas
1763 2645 1997 2700 divitias
2025 2645 2192 2701 intelv

532 2729 794 2800 ligamus
845 2733 1137 2802 aptatum,
1195 2733 1302 2788 sed
1357 2732 1649 2804 quoniam
1693 2733 1984 2804 elephans
2013 2734 2187 2804 cujus

533 2819 663 2875 hac
688 2835 827 2874 ossa
856 2824 996 2875 sunt
1015 2820 1215 2892 nimia
1244 2821 1529 2877 castitatis
1567 2821 1868 2892 asseritur,
1899 2823 2006 2893 qui
2031 2823 2186 2878 inter

533 2907 955 2980 quadrupedia
984 2914 1040 2965 et
1077 2925 1258 2965 sensu
1287 2909 1614 2983 plurimum
1653 2909 1829 2974 valet,
1859 2916 1916 2966 et
1965 2916 2186 2982 tempe-

534 3000 734 3054 ranter
779 3000 1062 3056 miscetur
1105 2999 1339 3056 femina
1369 3016 1514 3066 sua,
1547 3002 1604 3054 et
1634 2999 1890 3070 conjuge
1923 2999 2190 3056 secunda
2219 3039 2260 3095 ο

532 3101 657 3142 non
702 3087 901 3145 utitur.
935 3088 1058 3145 Hoc
1083 3089 1317 3162 pudicis
1349 3087 1671 3146 animabus
1715 3087 1993 3144 decenter
2023 3093 2191 3161 apta—

534 3179 664 3231 tam
689 3180 796 3247 est,
828 3177 974 3250 quia
1005 3177 1119 3234 illa
1149 3178 1299 3235 ebur
1325 3177 1507 3234 fuisse
1533 3181 1884 3249 noscuntur,
1912 3194 2047 3249 qua
2088 3193 2194 3249 per

538 3265 870 3322 castitatem
913 3267 1125 3323 Christi
1174 3267 1408 3324 Domini
1437 3272 1738 3340 pracepta
1788 3272 2003 3322 secuta
2032 3272 2188 3322 sunt.

537 3352 706 3408 Hanc
736 3354 972 3410 vestivit
999 3371 1147 3411 auro
1183 3355 1347 3411 fulvo
1376 3357 1576 3423 nimis,
1631 3355 1776 3426 quia
1804 3355 2193 3426 splendorem

540 3438 743 3507 gloria
773 3457 898 3494 sua
930 3456 1001 3496 ea
1041 3441 1430 3498 inclarescere
1455 3443 1609 3509 fecit,
1639 3459 1776 3497 cum
1803 3459 1910 3514 per
1941 3444 2112 3512 signa
2139 3447 2197 3498 et

541 3525 836 3581 miracula
870 3529 1202 3598 majestatis
1246 3547 1370 3586 sua
1408 3531 1737 3602 potentiam
1767 3531 2043 3586 ostendit.
2084 3533 2195 3586 Ha-

540 3611 726 3669 bebat
765 3619 968 3671 autem
1001 3617 1250 3673 thronus
1302 3618 1412 3674 iste
1442 3633 1544 3672 sex
1595 3617 1838 3687 gradus.
1897 3619 2050 3683 Quid
2089 3635 2196 3691 per

543 3701 850 3758 senarium
897 3719 1240 3777 numerum,
1270 3707 1382 3763 nisi
1428 3707 1730 3764 bonorum
1769 3722 2021 3778 operum
2060 3723 2194 3779 per-

542 3789 718 3848 fectio
762 3792 1154 3864 designantur
1182 3797 1209 3852 ?
1257 3817 1288 3850 ‹
1322 3799 1432 3854 Sex
1471 3795 1686 3851 diebus
1715 3795 1959 3868 perfecit
1983 3797 2196 3858 mundi

543 3885 846 3950 ornatum,
877 3888 934 3940 et
984 3885 1239 3958 septimo
1292 3885 1578 3960 requievit
1628 3884 1706 3940 ab
1759 3883 2041 3956 operibus
2073 3886 2195 3951 suis

543 3968 713 4038 (Gen.
747 3976 810 4039 1).
831 3991 862 4025 ›
900 3974 1208 4046 Siquidem
1237 3982 1294 4032 et
1325 3975 1594 4032 senarius
1624 3973 1854 4046 primus
1879 3979 1970 4030 est
1989 3991 2198 4030 nume-

543 4069 668 4119 rus,
695 4059 802 4130 qui
847 4062 970 4118 suis
998 4064 1271 4136 partibus
1301 4065 1597 4137 perfectus
1643 4080 1772 4119 esse
1803 4063 2192 4133 dignoscitur.

545 4143 735 4206 Habet
753 4149 914 4204 enim
943 4152 1322 4210 medietatem
1352 4154 1482 4218 tria,
1528 4153 1760 4208 tertiam
1787 4157 2017 4224 partem
2048 4151 2192 4216 duo,

546 4238 776 4292 sextam
804 4254 995 4296 unum
1026 4258 1040 4296 :
1066 4257 1255 4298 unum
1273 4258 1435 4310 vero,
1467 4243 1612 4306 duo,
1645 4247 1703 4298 et
1725 4242 1854 4306 tria,
1885 4258 1989 4296 sex
2019 4242 2190 4298 ﬁunt.

545 4323 728 4393 Igitur
769 4327 914 4399 quia
953 4333 1012 4386 et
1039 4345 1147 4385 sex
1187 4331 1462 4386 atatibus
1510 4330 1775 4386 mundus
1829 4334 2084 4396 constat,
2134 4333 2196 4384 in

544 4414 768 4488 quibus
795 4417 930 4474 licet
957 4421 1194 4492 operari
1216 4420 1492 4492 quisquis
1521 4420 1599 4476 ad
1627 4418 1922 4475 caelestem
1942 4420 2196 4491 patriam

542 4507 850 4580 pervenire
880 4508 1199 4581 desiderat,
1228 4510 1406 4566 bonis
1436 4509 1722 4582 operibus
1746 4508 2067 4564 ascendere
2089 4507 2198 4563 fes-

545 4595 707 4666 tinet,
736 4598 881 4670 quia
899 4599 1013 4655 nisi
1040 4599 1218 4657 bonis
1247 4598 1480 4656 actibus
1507 4597 1888 4665 ascendatur,
1923 4596 2060 4652 illuc
2091 4597 2198 4652 mi-

541 4687 705 4744 nime
734 4690 1100 4761 pervenitur.
1152 4713 1180 4742 «
1231 4693 1299 4747 Et
1341 4689 1660 4746 summitas
1698 4686 1895 4744 throni
1936 4687 2196 4752 rotunda

543 4781 670 4832 erat
703 4777 766 4832 in
809 4784 975 4849 parte
1006 4780 1338 4853 posteriori.
1375 4802 1406 4832 »
1446 4777 1599 4846 Quid
1653 4777 1814 4834 enim
1861 4777 2196 4834 rotunditas

543 4861 742 4918 throni
765 4865 828 4920 in
871 4873 1038 4937 parte
1081 4869 1415 4942 posteriori,
1447 4868 1562 4924 nisi
1591 4868 1858 4942 requiem
1884 4873 2192 4936 aternam,

543 4963 681 5018 qua
710 4955 847 5020 post
873 4952 1030 5008 hanc
1059 4958 1243 5014 vitam
1275 4959 1496 5014 sanctis
1533 4957 1734 5014 futura
1759 4962 1865 5022 est,
1895 4956 2194 5027 signiﬁca-

542 5044 637 5092 tur
665 5038 693 5092 ‘I
725 5038 828 5094 ubi
855 5041 1130 5112 quisquis
1164 5046 1261 5100 hic
1298 5046 1452 5101 bene
1481 5045 1718 5102 laborat
1747 5047 2020 5114 mercede
2051 5060 2195 5115 ope-

542 5125 624 5182 ris
674 5125 768 5181 sui
809 5136 1245 5198 renumeratus,
1301 5133 1549 5204 perenni
1601 5134 1798 5206 quiete
1839 5132 2192 5202 perfruetur.

544 5213 711 5271 Unde
740 5218 798 5270 et
823 5214 885 5270 in
915 5217 1158 5274 Cantico
1195 5221 1569 5276 canticorum
1603 5221 1679 5276 de
1714 5221 1829 5275 hoc
1857 5219 1990 5289 ipso
2033 5219 2196 5276 thro-

541 5315 623 5356 no
654 5299 769 5356 sub
799 5299 915 5356 alio
942 5301 1217 5374 exemplo
1244 5310 1772 5370 commemoratur,
1801 5301 1904 5356 ubi
1933 5301 2147 5360 dicitur
2178 5324 2192 5363 :

542 5410 572 5439 α
600 5389 914 5445 Ferculum
946 5388 1079 5445 fecit
1105 5390 1219 5446 sibi
1254 5407 1358 5448 rex
1391 5389 1676 5447 Salomon
1703 5390 1776 5446 de
1803 5390 1981 5460 lignis
2025 5392 2194 5450 Liba-

539 5479 625 5549 ni,
655 5477 970 5536 columnas
1001 5478 1131 5549 ejus
1174 5479 1310 5536 fecit
1349 5484 1682 5549 argenteas.
1727 5479 2191 5539 Reclinatorium

543 5584 814 5641 aureum,
866 5584 1192 5627 ascensum
1235 5585 1630 5644 purpureum,
1665 5569 1862 5627 media
1903 5572 2190 5630 charitate

540 5661 864 5721 constravit
884 5660 1228 5734 (Cant.m).»
1254 5658 1564 5720 Ferculum
1590 5659 1732 5720 inde
1744 5661 1990 5732 dictum,
2012 5662 2182 5736 quod

2297 1759 2440 1814 Item
2496 1759 2941 1816 reclinatorium
2988 1759 3052 1814 in
3109 1759 3333 1815 ferculo
3385 1760 3542 1830 fecit,
3583 1777 3710 1817 cum
3759 1773 3894 1832 spem

2295 1848 2597 1916 perpetua
2657 1843 2871 1916 quietis
2919 1843 3198 1898 fidelibus
3250 1845 3531 1917 promisit
3579 1863 3590 1899 :
3638 1868 3664 1894 «
3712 1843 3889 1906 Tollite,

2296 1934 2507 2004 inquit,
2535 1934 2753 2004 jugum
2782 1949 2986 1988 meum
3019 1948 3200 2004 super
3237 1949 3365 2000 vos,
3411 1939 3470 1990 et
3516 1935 3706 1990 discite
3732 1949 3765 1988 a
3801 1946 3892 1998 me,

2296 2021 2439 2092 quia
2465 2021 2621 2076 mitis
2660 2037 2817 2089 sum,
2856 2026 2917 2076 et
2972 2020 3215 2080 humilis
3277 2023 3478 2089 corde,
3530 2029 3582 2078 et
3633 2018 3894 2078 invenietis

2295 2109 2563 2181 requiem
2612 2108 2934 2169 animabus
2983 2109 3190 2170 vestris
3241 2109 3482 2179 (Matth.
3516 2111 3609 2180 x1).
3639 2131 3665 2159 »
3719 2108 3893 2164 Ethoc

2294 2197 2738 2253 reclinatorium
2787 2197 2920 2253 fecit
2965 2213 3238 2266 aureum,
3281 2199 3429 2270 quia
3473 2199 3716 2270 requiem
3741 2193 3892 2251 nobis

2297 2293 2583 2344 aeternam
2636 2289 2859 2354 divina
2912 2305 3034 2343 sua
3091 2288 3340 2344 visionis
3403 2289 3580 2359 gloria
3619 2298 3892 2344 coruscam

2294 2378 2674 2450 Ρτεθρθιτᾶνίια
2705 2381 2773 2434 Et
2796 2393 2921 2444 non
2950 2377 3068 2432 nisi
3107 2392 3451 2450 purpureus
3487 2378 3556 2434 ad
3581 2379 3682 2432 hoc
3703 2376 3874 2430 fercu-

2296 2466 2422 2522 lum
2446 2481 2730 2522 ascensus
2767 2467 3086 2534 invenitur,
3117 2467 3262 2539 quia
3289 2467 3484 2524 nullus
3509 2463 3788 2520 Ecclesiam
3805 2459 3883 2514 ni-

2298 2555 2346 2609 si
2389 2556 2780 2610 sacramentis
2826 2555 3146 2618 Dominica
3193 2555 3478 2628 passionis
3521 2551 3775 2615 imbutus,
3801 2547 3881 2601 in-

2297 2642 2577 2712 greditur.
2615 2643 2778 2704 Unde
2819 2643 2948 2715 ipse
3007 2644 3087 2699 ait
3137 2661 3150 2699 :
3197 2666 3223 2693 «
3277 2642 3390 2698 Nisi
3435 2633 3890 2697 manducaveritis

2297 2747 2542 2786 carnem
2603 2731 2723 2787 Filii
2773 2732 3054 2800 hominis,
3110 2739 3168 2788 et
3209 2732 3466 2788 biberitis
3516 2731 3634 2800 ejus
3677 2721 3894 2793 sangui-

2299 2836 2463 2890 nem,
2489 2836 2617 2876 non
2640 2819 2936 2876 habebitis
2966 2821 3154 2877 vitam
3177 2822 3241 2877 in
3270 2821 3460 2878 vobis.
3484 2819 3587 2886 Qui
3609 2814 3899 2874 manducet

2297 2921 2498 2961 meam
2525 2921 2768 2960 carnem
2817 2910 2872 2961 et
2921 2905 3072 2961 bibit
3121 2922 3325 2961 meum
3383 2906 3720 2974 sanguinem
3744 2896 3900 2954 habet

2298 2993 2478 3062 vitam
2507 2999 2815 3062 aeternam,
2847 2998 2905 3050 et
2940 3009 3054 3063 ego
3083 2995 3455 3050 resuscitabo
3495 3009 3624 3052 eum
3650 2991 3705 3046 in
3728 2986 3896 3044 novis~

2299 3082 3033 3154 modie(Joan.vr).»Media
3045 3084 3337 3140 charitate
3365 3080 3678 3140 constravit
3691 3079 3899 3151 propter

2300 3171 2458 3228 filias
2471 3171 2820 3239 Jerusalem,
2839 3187 2913 3228 ea
2925 3172 3056 3244 ipsa
3074 3172 3350 3228 videlicet
3364 3172 3659 3240 charitate,
3673 3168 3802 3240 quia
3812 3177 3900 3236 pro

2301 3262 2478 3318 nobis
2501 3277 2717 3334 passus
2747 3261 3142 3332 est.Majorem
3173 3263 3334 3318 enim
3358 3263 3472 3318 hac
3489 3261 3810 3318 charitatem
3821 3266 3902 3308 ne-

2300 3367 2402 3406 mo
2419 3351 2620 3417 habet,
2654 3355 2719 3405 ut
2746 3349 3014 3405 animam
3039 3365 3213 3405 suam
3229 3357 3417 3423 ponat
3437 3351 3575 3423 quis
3585 3363 3685 3422 pro
3703 3340 3899 3401 amicis.

2303 3442 2369 3496 Et
2411 3439 2525 3494 hoc
2551 3455 2623 3494 ex
2653 3438 2821 3510 quod
2858 3438 3092 3494 addidit
3136 3444 3380 3512 propter
3407 3439 3563 3494 tilias
3603 3431 3903 3493 Jerusalem,

2302 3529 2360 3582 id
2409 3532 2498 3582 est
2543 3533 2786 3599 propter
2834 3529 3070 3584 animas
3113 3528 3446 3584 calestium
3498 3524 3768 3584 desiderio
3813 3519 3905 3573 tla-

2301 3622 2560 3686 grantes.
2608 3619 2843 3680 Quanto
2877 3619 3035 3674 enim
3087 3617 3386 3688 majorem
3414 3619 3566 3673 Deus
3600 3610 3903 3670 charitatem

2303 3720 2478 3760 suam
2523 3703 2697 3768 nobis
2744 3721 2854 3777 pro
2909 3706 3083 3762 nobis
3149 3707 3434 3779 patiendo
3488 3693 3902 3763 commendavit.

2302 3796 2464 3849 tanto
2493 3793 2694 3866 plures
2745 3794 2824 3849 ad
2873 3811 2937 3850 se
2986 3795 3442 3852 reclamandum
3487 3811 3600 3867 pro
3636 3807 3692 3847 se
3717 3786 3914 3861 patien-

2301 3881 2449 3937 dum
2470 3883 2760 3938 accendit.
2793 3906 2820 3936 α
2843 3883 3057 3939 Etdua
3081 3900 3300 3940 manus
3327 3884 3469 3938 hinc
3494 3891 3677 3956 atque
3700 3876 3823 3934 inde
3847 3879 3916 3939 ω-

2302 3978 2510 4028 nentes
2534 3972 2932 4038 sedile.nQuid
2959 3989 3102 4044 ergo
3124 3973 3258 4029 dua
3290 3989 3514 4030 manus
3532 3973 3784 4031 tenentes
3795 3961 3916 4020 sedi-

2300 4061 2720 4118 le.Salomonis
2744 4062 3218 4134 signiﬁcant,nisi
3250 4063 3463 4118 solatia
3490 4063 3711 4119 divina
3728 4055 3917 4129 gratiae.

2301 4167 2434 4222 quae
2464 4156 2736 4212 sanctam
2768 4151 3089 4206 Ecclesi'im
3130 4151 3208 4208 ad
3247 4151 3476 4208 caleste
3529 4163 3780 4220 regnum
3815 4156 3922 4217 pro-

2301 4239 2527 4294 vehunt
2553 4240 2580 4294 ?
2610 4242 2694 4309 ~Et
2721 4239 2849 4295 hac
2873 4245 3009 4311 apte
3050 4256 3155 4312 per
3178 4240 3480 4295 binarium
3507 4251 3825 4297 numerum
3846 4231 3928 4287 d6-

2303 4328 2522 4400 scripta
2580 4333 2739 4398 sunt,
2793 4329 2934 4401 quia
2984 4330 3045 4384 in
3103 4336 3353 4402 utroque
3411 4331 3788 4386 Testamento
3835 4323 3926 4382 hoc

2303 4418 2682 4490 praedicatur,
2707 4418 2822 4473 hoc
2856 4424 3117 4475 maxime
3148 4417 3637 4486 commendatur,
3670 4417 3808 4491 quia
3831 4412 3931 4468 non

2301 4507 2413 4562 nisi
2444 4522 2550 4578 per
2577 4507 2852 4563 divinum
2896 4508 3264 4578 adjutorium
3291 4508 3543 4580 aliquod
3577 4510 3722 4565 boni
3754 4498 3930 4579 perﬁci

2301 4601 2511 4668 potest.
2549 4595 2712 4652 Unde
2751 4595 2883 4667 ipsa
2909 4597 3130 4652 Veritas
3157 4595 3298 4652 dicit
3343 4613 3355 4650 :
3417 4619 3446 4646 ιι
3503 4599 3649 4654 Sine
3675 4611 3772 4653 me
3811 4585 3936 4649 nihil

2300 4686 2546 4758 potestis
2593 4685 2787 4742 facere
2836 4688 3034 4753 (Joan.
3084 4691 3207 4753 xv).
3240 4707 3268 4735 »
3299 4717 3368 4728 -—
3423 4709 3452 4735 ‹‹
3487 4689 3559 4744 Et
3602 4688 3728 4742 duo
3760 4685 3934 4740 leones

2302 4775 2543 4831 stabant
2567 4775 2739 4846 juxta
2779 4791 2995 4830 manus
3019 4775 3302 4846 singulas.
3340 4795 3367 4823 η
3422 4776 3583 4840 Quid
3604 4791 3714 4848 per
3742 4773 3940 4830 leonBS.

2302 4863 2419 4919 nisi
2442 4865 2646 4920 Patres
2688 4864 2999 4935 utriusque
3044 4862 3402 4919 Testamenti
3445 4861 3815 4933 ﬁgurantur,
3858 4853 3941 4928 qui

2303 4968 2409 5025 per
2433 4951 2839 5009 fortitudinem
2870 4952 3052 5007 animi
3081 4957 3136 5007 et
3167 4951 3280 5006 sibi
3301 4956 3356 5006 et
3387 4950 3517 5005 aliis
3547 4951 3779 5007 donari
3815 4947 3943 5003 bene

2303 5041 2688 5096 didicerunt?
2720 5044 2847 5096 Duo
2875 5055 3018 5110 ergo
3031 5040 3233 5095 leones
3253 5041 3424 5110 juxta
3444 5055 3676 5095 manus
3707 5035 3944 5094 stabant,

2303 5129 2447 5199 quia
2473 5130 2536 5183 in
2571 5128 2700 5196 lege
2745 5134 2804 5185 et
2842 5130 2901 5184 in
2957 5129 3278 5199 Evangelio
3325 5127 3513 5184 sancti
3555 5129 3772 5185 Patres
3800 5118 3946 5197 quid.

2303 5218 2452 5290 quid
2473 5217 2618 5273 boni
2650 5217 2934 5285 fecerunt,
2969 5235 3090 5274 non
3142 5218 3274 5286 sibi,
3319 5217 3425 5274 sed
3474 5221 3593 5272 Deo
3643 5218 3951 5290 deputave-

2303 5314 2461 5364 runt.
2498 5307 2660 5364 Unde
2699 5312 2757 5363 et
2784 5308 3096 5365 Psalmista
3124 5308 3268 5364 dicit
3308 5325 3320 5362 :
3375 5331 3402 5359 «
3453 5311 3581 5364 Non
3616 5307 3822 5371 nobis,
3856 5306 3950 5358 Do-

2303 5397 2484 5464 mine,
2519 5412 2641 5452 non
2666 5395 2862 5464 nobis,
2897 5397 3003 5452 sed
3032 5397 3264 5452 nomini
3295 5402 3396 5452 tuo
3427 5396 3505 5451 da
3543 5394 3840 5464 gloriam.
3870 5393 3958 5444 Su-

2303 5501 2410 5556 per
2440 5485 2848 5541 misericordia
2879 5490 2979 5541 tua
3004 5490 3060 5540 et
3089 5486 3333 5541 veritate
3365 5491 3467 5540 tua
3487 5485 3689 5550 (Psal.
3723 5482 3902 5546 cxm);
3933 5498 3955 5523 η

2305 5579 2360 5629 et
2392 5575 2712 5645 Apostolus
2755 5592 2766 5630 :
2811 5596 2837 5623 «
2869 5575 3086 5645 Gratia,
3130 5574 3344 5646 inquit,
3397 5572 3497 5628 Dei
3528 5588 3679 5626 sum
3710 5571 3777 5627 id
3808 5563 3961 5642 quod

2316 5679 2452 5722 sum
2487 5663 2546 5735 (Ι
2571 5663 2706 5721 Cor.
2736 5665 2851 5735 xv).
2884 5684 2914 5715 »
2968 5667 3036 5722 Et
3076 5663 3220 5720 item
3260 5680 3274 5718 :
3325 5685 3353 5714 α
3403 5661 3515 5729 Qui
3554 5659 3865 5730 gloriatur
3909 5654 3963 5710 in
