4092 6178
218 170 329 223 469

1200 171 1455 226 ENARR.
1497 173 1566 227 ΙΝ
1608 169 1852 227 LIBROS
1891 169 2150 227 REGUM.
2193 203 2259 211 —
2300 175 2368 228 IN
2411 173 2542 228 LIB.
2593 173 2685 227 Ill.

3546 174 3651 237 (’79

220 289 480 345 Domino
507 289 791 358 glorietur
824 292 913 362 (II
941 292 1072 346 Cor.
1113 295 1195 363 x).
1231 316 1260 343 »
1307 326 1375 333 -—
1403 318 1427 342 ‹‹
1462 295 1530 349 Et
1559 293 1877 348 duodecim
1923 297 1968 348 Α
2001 315 2028 341 ‹‹
2070 309 2240 362 reges
2294 300 2464 351 terrae
2522 295 2736 350 divitiis
2786 301 2842 352 et
2896 298 3208 371 sapientia,
3259 301 3315 354 et
3366 296 3650 358 universa

220 378 486 434 leunculi
520 383 743 435 stantes
777 396 953 452 super
984 381 1212 449 gradus
1243 399 1344 437 sex
1399 383 1540 438 hinc
1585 388 1762 455 atque
1795 384 1883 436 in-

221 465 315 522 de.
356 489 384 514 »
414 466 569 531 Quid
593 483 700 538 per
725 468 1043 524 duodecim
1076 469 1408 538 leunculos,
1441 471 1556 526 nisi
1603 471 1886 544 praedica-

223 562 422 612 torum
447 557 596 612 ordo
628 557 730 628 qui
759 557 1153 629 apostolicam
1203 560 1541 616 doctrinam
1599 559 1885 632 sequitur,

220 644 612 714 signiﬁcatur.
643 647 706 701 Hi
737 663 877 716 ergo
901 663 1085 719 supra
1125 666 1228 704 sex
1256 650 1479 718 gradus
1534 650 1672 705 hinc
1707 653 1884 720 atque

219 735 360 790 inde
393 740 575 804 stant,
601 736 745 807 quia
775 736 1076 792 bonorum
1107 753 1357 809 Operum
1392 755 1631 808 gressus
1663 738 1800 794 hinc
1831 741 1888 792 et

217 823 383 887 inde,
420 823 547 878 suis
577 824 861 881 doctrinis
894 831 1076 898 atque
1135 827 1423 900 exemplis
1479 830 1709 883 munire
1767 843 1886 881 cer-

219 916 369 981 tant,
399 929 475 967 ne
498 913 664 984 prius
691 913 863 970 labor
888 913 1041 969 bene
1060 914 1472 986 incipientium
1493 915 1554 970 in
1574 914 1886 988 operando

213 1000 472 1069 vacillet,
507 1001 612 1057 sed
642 1003 1057 1058 rectitudinem
1103 1003 1328 1060 habeat
1373 1003 1434 1059 in
1464 1019 1671 1074 gressu
1703 1004 1884 1059 virtu-

217 1095 370 1147 tum.
405 1091 549 1146 Hinc
582 1090 869 1163 scriptum
894 1095 1024 1148 est:
1051 1112 1080 1145 ς
1111 1094 1410 1149 Fortitudo
1442 1093 1887 1148 etdecorindu-

222 1185 494 1234 mentum
526 1178 678 1250 ejus,
700 1185 756 1235 et
788 1180 1004 1236 ridebit
1023 1181 1082 1236 in
1109 1181 1202 1236 die
1230 1181 1583 1238 novissimo.
1611 1183 1888 1237 Surrexe-

216 1273 358 1322 runt
389 1267 496 1323 ﬁlii
546 1261 674 1338 ejus
722 1273 778 1324 et
806 1269 1281 1341 praedicaverunt
1337 1271 1767 1336 beatissimam,
1799 1270 1887 1326 vir

213 1356 346 1426 ejus
374 1361 433 1412 et
463 1355 738 1412 laudabit
765 1372 920 1413 eam.
956 1358 1142 1414 Multae
1195 1357 1330 1413 ﬁliae
1363 1362 1880 1429 congregaverunt

212 1445 480 1512 divitias,
509 1451 570 1499 tu
597 1461 986 1517 supergressa
1009 1462 1072 1502 es
1092 1447 1404 1504 universas
1424 1449 1628 1517 (Prov.
1655 1449 1832 1518 xxxx).
1850 1464 1879 1498 »

213 1534 503 1606 Sequitur
536 1551 548 1588 :

1997 404 2024 431 ‹‹
2069 388 2224 439 terra
2253 384 2635 440 desiderabat
2670 385 2860 441 videre
2909 387 3143 444 vultum
3195 385 3550 452 Salomonis,
3585 387 3651 444 ut

1997 495 2024 522 «
2067 473 2297 528 audiret
2329 474 2682 544 sapientiam
2715 476 2862 546 ejus,
2887 493 3076 549 quam
3107 476 3356 532 dederat
3402 478 3556 532 Deus
3585 474 3648 531 in

1996 581 2025 613 «
2067 579 2168 618 cor
2205 564 2352 634 ejus.
2382 566 2445 618 Et
2471 564 2684 633 singuli
2720 565 3072 623 deferebant
3102 568 3155 622 ei
3177 581 3450 632 munera,
3501 579 3650 621 vasa

1996 673 2022 702 ‹‹
2066 658 2348 722 argentea
2379 660 2432 708 et
2463 670 2666 722 aurea,
2701 660 2892 710 vestes
2927 662 2983 712 et
3012 672 3182 712 arma
3207 655 3438 722 bellica,
3471 658 3580 712 etc.
3618 676 3646 704 ››

1998 744 2148 797 Bene
2176 757 2317 810 ergo
2343 742 2568 797 dictum
2599 747 2706 810 est,
2739 744 2905 815 quod
2935 766 2963 794 «
2985 744 3408 815 magniﬁcatus
3435 743 3509 802 sit
3543 759 3647 800 rex

1999 830 2282 886 Salomon
2308 848 2491 903 super
2521 847 2730 887 omnes
2756 849 2926 902 reges
2958 838 3146 902 terrae,
3187 856 3217 886 »
3248 834 3392 906 quia
3437 832 3646 904 pacifiv‘.

1994 937 2098 975 cus
2137 927 2336 977 noster
2369 938 2549 994 super
2569 937 2814 978 omnem
2841 923 3255 980 celsitudinem
3277 927 3644 988 sanctorum,

1995 1009 2098 1081 qui
2151 1025 2320 1078 reges
2366 1026 2503 1064 vere
2557 1009 2857 1079 dicuntur,
2914 1011 3222 1078 exaltatur,
3279 1016 3333 1067 et
3362 1010 3562 1067 nullus
3593 1009 3644 1065 ei

1993 1099 2292 1170 corequari
2314 1104 2524 1171 potest.
2552 1099 2850 1165 Quoniam
2873 1102 3007 1174 quis
3039 1102 3098 1156 in
3125 1100 3387 1156 nubibus
3441 1115 3643 1172 aequa-

1993 1187 2150 1242 bitur
2181 1188 2450 1257 Domino,
2481 1194 2583 1244 aut
2613 1189 2748 1260 quis
2773 1190 2980 1245 similis
3010 1190 3119 1246 erit
3144 1192 3262 1245 Deo
3291 1189 3442 1245 inter
3485 1187 3641 1244 ﬁlios

1994 1277 2092 1332 Dei
2121 1278 2148 1332 ?
2193 1281 2346 1333 Deus
2386 1279 2490 1350 qui
2521 1278 2886 1347 gloriﬁcatur
2923 1280 2982 1336 in
3017 1279 3270 1336 consilio
3300 1285 3644 1334 sanctorum

1992 1382 2250 1436 magnus
2281 1372 2336 1423 et
2357 1369 2714 1423 metuendus
2738 1386 2918 1441 super
2937 1386 3148 1426 omnes
3174 1369 3277 1442 qui
3307 1368 3369 1424 in
3398 1367 3647 1424 circuitu

1991 1457 2121 1526 ejus
2149 1462 2306 1512 sunt.
2336 1460 2401 1513 Et
2429 1459 2570 1514 item
2601 1475 2614 1513 :
2645 1480 2671 1506 «
2720 1461 2969 1528 Magnus
3002 1459 3288 1515 Dominus
3341 1462 3544 1514 noster
3590 1460 3647 1514 et

1991 1561 2217 1615 magna
2245 1546 2430 1601 virtus
2455 1548 2603 1617 ejus,
2637 1552 2693 1603 et
2720 1548 3024 1620 sapientiae
3063 1549 3193 1619 ejus
3251 1563 3374 1604 non
3403 1551 3493 1602 est
3538 1561 3648 1602 nu-

284 1647 312 1671 «ι
359 1623 479 1679 Sed
511 1628 570 1678 et
598 1623 804 1679 omnia
835 1640 983 1680 vasa
1013 1625 1086 1681 de
1115 1625 1338 1697 quibus
1371 1625 1619 1697 potabat
1653 1641 1757 1681 rex
1785 1627 1888 1682 Sa-
1915 1649 1954 1703 Β
1994 1651 2217 1689 merus.
2251 1655 2278 1683 ››
2311 1635 2476 1691 Unde
2502 1641 2555 1691 et
2584 1637 2846 1692 Joannes
2877 1636 3018 1694 dicit
3053 1654 3066 1692 :
3093 1660 3120 1686 ‹‹
3157 1641 3223 1693 Et
3241 1636 3503 1692 vidimus
3523 1635 3646 1706 glo-

215 1737 242 1761 ιι
282 1712 497 1768 lomon
523 1718 695 1768 erant
731 1729 932 1780 aurea,
961 1719 1017 1770 et
1050 1715 1328 1769 universa
1367 1714 1634 1786 supellex
1663 1714 1884 1770 domus

218 1821 246 1854 ι
283 1802 478 1858 saltus
525 1801 738 1858 Libani
786 1802 859 1857 de
911 1819 1058 1858 auro
1089 1804 1411 1875 purissimo
1441 1821 1452 1858 :
1487 1819 1607 1858 non
1641 1808 1764 1859 erat
1791 1820 1882 1859 ar-

218 1917 241 1940 ιι
285 1897 566 1962 gentum,
600 1906 709 1946 nec
734 1890 985 1962 alicujus
1014 1892 1182 1964 pretii
1213 1892 1538 1964 putabatur
1563 1892 1622 1947 in
1668 1891 1881 1947 diebus

218 2000 248 2031 ‹
291 1978 660 2035 Salomonis.
701 1999 728 2030 II
775 1979 989 2034 Omnia
1047 1996 1190 2037 vasa
1244 1994 1382 2051 quae
1432 1979 1664 2050 paciﬁci
1694 1980 1881 2036 nostri

221 2065 552 2122 ministerio
588 2064 941 2133 funguntur,
1004 2081 1190 2122 aurea
1241 2066 1392 2124 ﬁunt
1427 2085 1439 2122 :
1481 2067 1626 2139 quia
1668 2082 1880 2127 omnes

217 2154 434 2210 animas
469 2158 820 2209 sanctorum
845 2169 980 2224 quae
1010 2159 1147 2210 sunt
1179 2171 1325 2209 vasa
1351 2154 1472 2222 Dei,
1503 2159 1568 2209 ut
1591 2154 1876 2210 voluntati

221 2242 561 2298 deserviant
588 2242 803 2297 divinae
837 2242 1133 2315 spendore
1168 2244 1474 2316 sapientia:
1506 2249 1562 2299 et
1615 2243 1876 2299 dilectio-

219 2333 315 2389 nis
346 2333 615 2402 nitentes,
646 2333 951 2390 continent
982 2337 1190 2404 potuni
1218 2334 1320 2405 qui
1347 2336 1479 2390 vitae
1504 2339 1608 2400 est,
1640 2338 1696 2389 et
1719 2333 1790 2390 sit
1815 2333 1877 2388 in

214 2421 296 2477 eis
325 2420 467 2477 fons
497 2438 672 2493 aquae
700 2422 1043 2478 salientisin
1070 2422 1254 2478 vitam
1284 2427 1590 2478 aeternam.
1626 2426 1737 2478 Nec
1769 2422 1876 2480 ali-

210 2512 380 2581 cujus
407 2511 586 2583 pretii
648 2517 964 2579 argentum
1019 2511 1346 2583 putabatur
1389 2512 1448 2570 in
1477 2512 1690 2567 diebus
1720 2513 1879 2568 Salo-

210 2602 426 2667 monis,
460 2600 610 2671 quia
639 2599 971 2656 secundum
1018 2600 1372 2671 Apostolum
1405 2619 1417 2656 :
1454 2623 1479 2650 α
1517 2604 1642 2656 Non
1701 2605 1789 2656 est
1816 2601 1874 2661 in

211 2705 488 2748 sermone
520 2689 777 2744 verbum
810 2689 926 2754 Dei,
954 2689 1058 2744 sed
1082 2690 1138 2744 in
1169 2690 1381 2745 virtute
1406 2691 1465 2759 (Ι
1491 2691 1630 2746 Cor.
1665 2692 1875 2761 Iv).»——

215 2803 244 2830 «ς
285 2782 349 2835 Et
376 2779 728 2852 przedicatio
760 2778 1058 2848 Evangelii
1110 2794 1231 2836 non
1265 2781 1324 2834 in
1375 2779 1874 2851 persuasibilibus

211 2869 494 2925 humanae
518 2867 829 2938 sapientiae
861 2866 1054 2922 verbis
1081 2867 1366 2932 consistit,
1403 2868 1508 2926 sed
1565 2868 1625 2924 in
1673 2874 1873 2922 osten-

212 2958 372 3013 sione
404 2957 657 3030 spiritus
691 2961 746 3010 et
791 2955 1043 3024 virtutis,
1085 2961 1147 3011 ut
1206 2956 1355 3011 ﬁdes
1410 2961 1615 3011 nostra
1645 2971 1767 3011 non
1800 2956 1874 3014 sit

209 3048 268 3102 in
294 3046 596 3119 sapientia
625 3044 961 3108 hominum,
999 3043 1105 3101 sed
1131 3046 1192 3100 in
1223 3046 1435 3100 virtute
1493 3044 1589 3101 Dei
1619 3045 1677 3114 (Ι
1730 3045 1866 3100 Cor.

209 3138 344 3205 11).»
405 3135 576 3191 Unde
640 3135 774 3205 ipsa
828 3135 1049 3190 Veritas
1106 3135 1234 3190 ait:
1276 3156 1303 3184 ‹‹
1340 3136 1469 3190 Non
1523 3133 1720 3188 omnis
1767 3133 1874 3204 qui

211 3221 345 3277 dicit
376 3222 550 3284 mihi,
581 3221 848 3287 Domine,
901 3222 1169 3290 Domine,
1216 3221 1458 3276 intrabit
1504 3220 1564 3276 in
1617 3236 1869 3289 regnum

217 3311 508 3368 cna-lorum
547 3311 774 3379 (Matth.
807 3311 930 3380 vn),
954 3329 983 3362 ›
1018 3315 1128 3374 etc,
1163 3313 1228 3370 Et
1257 3311 1396 3364 item
1418 3327 1442 3365 -:
1473 3332 1499 3358 ‹‹
1537 3309 1647 3374 Qui
1688 3309 1871 3364 solve-

220 3398 295 3455 rit
319 3414 512 3456 unum
540 3397 612 3453 de
639 3399 932 3454 mandatis
953 3399 1078 3458 istis
1099 3398 1387 3464 minimis,
1415 3403 1471 3453 et
1492 3398 1760 3454 docuerit
1784 3398 1870 3453 sic

220 3485 514 3552 homines,
538 3487 812 3544 minimus
845 3489 1157 3544 vocabitur
1185 3487 1245 3546 in
1297 3503 1548 3558 regnum
1577 3487 1868 3545 ccelorum

215 3575 454 3644 (Matth.
490 3579 568 3646 v).
597 3600 621 3626 υ

285 3689 308 3716 ‹‹
347 3664 706 3722 Deterebant
732 3682 874 3736 ergo
907 3665 1210 3724 Salomoni
1261 3681 1476 3721 aurum
1511 3665 1584 3721 de
1630 3665 1867 3721 Tharsis

229 3773 254 3804 ις
293 3759 340 3808 et
367 3760 700 3823 argentum,
734 3755 941 3811 dentes
971 3754 1449 3826 elephantorum,
1475 3759 1529 3809 et
1562 3753 1787 3824 simias,
1808 3758 1866 3810 et

235 3861 252 3890 ι
291 3857 485 3913 pavos.
522 3868 549 3891 ››
584 3845 738 3910 Quid
768 3861 984 3902 aurum
1011 3848 1403 3913 argentumve
1427 3843 1735 3911 signiﬁcet,
1759 3860 1865 3900 no-

189 3965 194 3968 -
224 3933 328 3987 tum
366 3938 474 3988 est.
503 3934 800 3988 Caeterum
831 3933 1038 3989 dentes
1098 3932 1557 4004 elephantorum
1606 3937 1865 4003 possunt

211 4019 496 4086 doctores,
530 4023 714 4079 fortes
743 4028 986 4095 propter
1030 4022 1284 4080 nitorem
1343 4022 1671 4091 sapientiae,
1712 4020 1862 4076 desi-

205 4112 384 4180 gnari.
415 4115 498 4166 De
528 4112 752 4183 quibus
783 4128 1020 4184 sponsae
1051 4113 1266 4168 dicitur
1299 4129 1311 4165 :
1343 4134 1369 4159 «
1399 4110 1631 4166 Collum
1686 4115 1860 4166 tuum

203 4198 342 4255 sicut
364 4199 548 4256 turris
573 4199 840 4256 eburnea
867 4219 878 4267 ;
911 4222 937 4247 ››
973 4215 1078 4271 per
1107 4200 1312 4258 simias
1339 4215 1482 4258 vero
1536 4197 1639 4270 qui
1693 4201 1861 4254 actus

199 4287 503 4346 humanos
534 4287 756 4344 imitari
783 4288 1080 4353 videntur,
1111 4289 1215 4344 sed
1258 4287 1582 4344 bestialiter
1627 4285 1858 4353 vivunt,

1991 1725 2140 1779 riam
2163 1725 2316 1796 ejus,
2345 1725 2596 1795 gloriam
2618 1727 2795 1798 quasi
2823 1726 3110 1798 unigeniti
3126 1743 3162 1782 a
3183 1730 3368 1792 Patre,
3396 1725 3643 1799 plenum

1991 1815 2178 1882 gratia
2205 1821 2260 1872 et
2283 1816 2521 1871 veritate
2554 1818 2746 1886 (Joan.
2777 1820 2834 1888 ι).
2869 1841 2897 1867 ››
2931 1820 2994 1873 Et
3025 1818 3304 1873 universa
3330 1821 3488 1872 terra
3537 1815 3642 1871 de-

1992 1903 2213 1959 siderat
2242 1903 2440 1959 videre
2471 1904 2702 1959 vultum
2729 1906 2884 1975 regis
2925 1907 3130 1974 nostri,
3168 1905 3312 1978 quia
3367 1905 3644 1962 universa

1990 1991 2248 2047 Ecclesia
2279 1999 2623 2048 sanctorum
2674 1994 2788 2049 hoc
2839 1994 3225 2050 solummodo
3274 1993 3518 2068 appetit,
3577 1997 3642 2050 ut

1989 2081 2066 2137 ad
2115 2087 2505 2153 conspectum
2560 2081 2761 2150 gloriae
2814 2083 2944 2153 ejus
2977 2083 3305 2156 perveniat.
3362 2084 3511 2137 Cum
3532 2097 3640 2154 per

1986 2170 2342 2242 prophetam
2363 2170 2578 2225 dicitur
2600 2189 2611 2226 :
2639 2193 2665 2220 «
2690 2171 2813 2226 Tibi
2836 2170 2984 2226 dixit
3010 2187 3112 2226 cor
3139 2187 3362 2240 meum,
3387 2169 3639 2243 quaesivi

1985 2259 2215 2314 vultum
2247 2264 2436 2326 tuum,
2469 2258 2698 2314 vultum
2724 2264 2916 2326 tuum,
2951 2260 3219 2329 Domine,
3246 2259 3572 2332 requiram.
3607 2280 3636 2310 »

1989 2351 2052 2403 Et
2081 2347 2222 2403 alibi
2257 2365 2268 2402 :
2303 2371 2330 2395 ‹‹
2369 2348 2528 2403 Sicut
2558 2364 2792 2413 cervus,
2824 2349 3038 2422 inquit,
3067 2349 3368 2407 desiderat
3397 2348 3476 2404 ad
3506 2348 3636 2404 fon-

1983 2441 2069 2492 tes
2100 2453 2418 2508 aquarum,
2450 2438 2531 2493 ita
2561 2437 2858 2494 desiderat
2885 2439 3088 2495 anima
3110 2455 3247 2494 mea
3276 2439 3355 2495 ad
3379 2444 3456 2504 te,
3485 2438 3638 2493 Deus

1983 2525 2171 2596 (Psal.
2204 2528 2340 2596 xu).
2376 2549 2402 2575 ››
2431 2529 2494 2581 Et
2525 2526 2745 2597 singuli
2770 2527 3046 2583 deferunt
3074 2528 3125 2583 ei
3177 2543 3450 2594 munera,
3482 2526 3633 2582 dum

1983 2615 2401 2688 unusquisque
2429 2616 2764 2671 secundum
2786 2616 2846 2670 id
2872 2617 3038 2689 quod
3068 2617 3225 2672 vires
3257 2616 3369 2671 sibi
3421 2630 3641 2688 suppe-

1985 2707 2134 2771 tunt,
2167 2704 2226 2758 in
2257 2705 2441 2759 verbo
2470 2721 2574 2760 seu
2600 2704 2791 2773 factis,
2826 2705 3188 2779 obsequium
3220 2705 3462 2761 student
3490 2719 3637 2777 prae-

1984 2796 2139 2847 stare
2180 2793 2321 2848 Deo.

2546 2937 2742 2992 CAPP.
2775 2940 2837 2993 ΧΙ
2867 2939 2923 2992 et
2950 2937 3062 2994 XII.

2052 3063 2080 3089 «
2123 3043 2242 3095 Rex
2263 3045 2462 3096 autem
2489 3042 2771 3101 Salomon
2798 3043 3024 3099 amavit
3051 3042 3330 3099 mulieres
3357 3042 3633 3112 alienige-

1982 3149 2008 3176 ‹‹
2048 3143 2159 3182 nas
2193 3129 2432 3198 multas,
2460 3129 2644 3188 ﬁliam
2675 3147 2918 3203 quoque
2949 3130 3298 3199 Pharaonis,
3325 3135 3383 3186 et
3421 3130 3636 3186 Moabi-

1979 3238 2005 3265 (ι
2049 3215 2204 3272 tidas
2229 3222 2288 3273 et
2311 3219 2765 3286 Ammonitidas,
2809 3219 3130 3288 Idumaeas,
3163 3224 3217 3274 et
3250 3219 3542 3285 Sidonias,
3575 3223 3633 3274 et

1979 3327 2006 3354 «
2050 3305 2323 3361 Hethaeas
2353 3306 2427 3362 de
2455 3307 2728 3376 gentibus
2759 3323 2938 3379 super
2958 3307 3181 3379 quibus
3235 3307 3385 3364 dixit
3434 3308 3630 3364 Domi-

1979 3415 2007 3444 «
2049 3410 2162 3448 nus
2183 3393 2316 3449 ﬁliis
2338 3395 2521 3450 Israel
2553 3413 2565 3450 :
2596 3399 2721 3452 Non
2746 3396 3155 3465 ingrediemini
3187 3396 3268 3452 ad
3288 3412 3409 3463 eas,
3432 3412 3629 3469 neque

1979 3506 2005 3532 ‹‹
2048 3482 2122 3538 de
2178 3483 2291 3539 illis
2342 3484 2748 3552 ingrediantur
2795 3486 2874 3542 ad
2914 3491 3164 3555 vestras,
3195 3508 3223 3536 υ
3283 3489 3340 3541 et
3373 3484 3625 3557 reliqua.

1973 3573 2106 3626 lam
2136 3588 2317 3644 porro
2346 3572 2420 3628 de
2451 3573 2676 3628 caateris
2732 3574 3016 3646 operibus
3072 3573 3428 3637 Salomonis,
3479 3573 3627 3646 quid

1975 3660 2194 3728 dicam,
2227 3677 2409 3733 quem
2439 3662 2821 3718 vehementer
2850 3663 3046 3732 arguit
3074 3667 3279 3719 sancta
3301 3663 3623 3735 Scriptura,

1974 3755 2153 3822 atque
2183 3750 2565 3821 condemnat,
2623 3751 2888 3824 nihilque
2939 3752 3014 3807 de
3070 3753 3421 3824 poenitentia
3469 3753 3622 3822 ejus,

1970 3839 2065 3893 vel
2091 3839 2165 3893 de
2195 3839 2566 3907 indulgentia
2598 3839 2695 3896 Dei
2726 3840 2975 3896 omnino
3007 3845 3460 3906 commemorat,
3511 3855 3623 3896 nec

1970 3943 2216 4000 prorsus
2266 3928 2540 3999 occurrit,
2598 3929 2745 4001 quid
2795 3929 2874 3986 ad
2929 3929 3184 3986 salutem
3226 3929 3288 3985 in
3339 3929 3624 3999 allegoria

1971 4016 2116 4071 boni
2145 4017 2434 4085 signiﬁcet
2453 4018 2580 4074 haec
2600 4023 2708 4090 est,
2723 4018 2926 4075 ﬂenda
2945 4034 3170 4088 vorago
3191 4018 3619 4075 subversionis.

1970 4105 2088 4162 Nisi
2121 4105 2265 4161 forte
2316 4107 2477 4164 dicat
2525 4109 2661 4180 quis
2716 4108 2996 4166 mulieres
3048 4108 3437 4180 alienigenas,
3467 4123 3620 4180 qua-

1968 4211 2104 4250 rum
2129 4210 2334 4251 amore
2363 4201 2683 4264 exarserat,
2712 4196 3048 4268 signiﬁcare
3077 4197 3356 4254 eccleias
3401 4196 3618 4253 electas

1969 4299 2042 4340 ex
2072 4284 2369 4354 gentibus.
2401 4289 2600 4343 Posset
2635 4287 2751 4343 hoc
2781 4287 3031 4344 fortasse
3060 4303 3182 4344 non
3237 4287 3498 4344 absurde
3536 4287 3622 4343 in-

196 4391 288 4432 eos
317 4379 434 4451 qui
463 4377 544 4432 ad
580 4377 761 4432 ﬁdem
790 4393 864 4432 ex
899 4347 1176 4446 gentibus
1222 4376 1488 4444 veniunt,
1545 4375 1650 4447 qui
1675 4347 1859 4429 ﬁdem
1893 4347 1938 4401 D
1969 4347 2167 4442 telligi,
2198 4373 2247 4428 si
2276 4374 2388 4430 illa:
2418 4380 2659 4448 propter
2680 4377 3065 4434 Salomonem
3095 4378 3437 4434 desererent
3472 4377 3621 4432 deos

199 4472 398 4524 tenere
430 4466 732 4532 videntur,
764 4471 820 4522 et
848 4466 1132 4538 operibus
1153 4465 1335 4520 ﬁdem
1359 4469 1600 4533 negant.
1625 4466 1730 4521 Per
1757 4480 1860 4536 pa-

193 4571 289 4612 vos
319 4556 569 4628 quippe
596 4571 857 4628 quorum
887 4570 1027 4612 caro.
1058 4554 1104 4609 si
1129 4554 1346 4610 siccata
1372 4553 1565 4616 fuerit,
1594 4553 1862 4626 imputri-

189 4643 312 4702 bilis
331 4660 702 4718 permanere
714 4671 724 4696 ι
736 4643 1056 4716 licitur,qui
1068 4657 1404 4716 pennarum
1423 4642 1859 4714 pulchritudine

189 4737 553 4795 vestiuntur.
598 4732 890 4804 perfectos
934 4733 1072 4802 igne
1105 4730 1500 4790 tribulationis
1554 4730 1858 4803 decoctos,

187 4824 336 4880 adeo
371 4828 438 4878 ut
459 4823 642 4879 variis
703 4821 1017 4878 virtutibus
1049 4821 1423 4884 decorentur,
1470 4824 1526 4876 et
1553 4819 1861 4892 incorrup-

187 4911 419 4968 tionem
453 4911 596 4966 ﬁdei
626 4926 696 4967 ac
726 4909 941 4965 mentis
972 4910 1280 4970 retineant.
1306 4913 1669 4979 Quanquam
1702 4908 1747 4962 si
1780 4907 1858 4964 ad

189 5001 458 5070 virgines
492 4999 694 5059 referri
723 4998 924 5062 velint,
973 4998 1243 5069 accipere
1273 5013 1598 5069 possumus
1651 4997 1743 5056 hae
1783 4997 1857 5058 de

185 5090 424 5147 Tharsis
463 5089 691 5148 fortiter
720 5094 1048 5144 conservet.
1085 5088 1256 5153 Quod
1301 5092 1502 5149 autem
1534 5086 1808 5144 subditur
1841 5103 1852 5142 :

193 5201 217 5226 α
237 5183 362 5237 Non
395 5184 501 5236 est
529 5178 755 5234 factum
788 5177 903 5234 tale
932 5194 1089 5249 opus
1140 5179 1200 5232 in
1232 5177 1523 5232 universis
1572 5176 1792 5246 regnis.
1825 5198 1853 5225 υ

188 5273 328 5340 Apte
357 5272 580 5327 sancta
624 5267 880 5324 Ecclesia
937 5266 1234 5335 convenit,
1293 5265 1368 5322 de
1396 5282 1520 5337 qua
1568 5266 1855 5338 scriptum

187 5362 290 5418 est.
317 5357 608 5415 videlicet
636 5359 710 5411 de
744 5356 917 5413 salsis
943 5355 1288 5427 amarisque
1337 5353 1618 5410 ﬂuctibus
1673 5355 1854 5424 hujus

189 5449 393 5504 saeculi
427 5447 510 5503 ad
542 5446 927 5502 Salomonem
957 5450 1230 5500 nostrum
1257 5445 1624 5500 deferuntur.
1673 5443 1850 5500 Thar-

191 5535 262 5592 sis
276 5537 637 5610 .exploratio
658 5535 862 5604 gaudii
892 5535 1107 5591 dicitur
1134 5551 1145 5589 :

255 5647 286 5677 κ
328 5623 754 5698 lagniﬁeatus
794 5627 885 5683 est
920 5639 1024 5681 rex
1083 5622 1366 5684 Salomon
1412 5636 1592 5695 super
1643 5637 1856 5680 omnes

1967 4479 2131 4523 suos,
2162 4467 2220 4518 et
2247 4463 2508 4521 colerent
2537 4467 2722 4521 Deum
2752 4466 2901 4537 ejus.
2935 4469 3085 4523 Cum
3113 4482 3255 4522 vero
3284 4467 3414 4537 ipse
3439 4480 3618 4536 prop—

1966 4557 2053 4608 ter
2082 4553 2211 4608 illas
2237 4553 2484 4610 offendit
2514 4558 2699 4610 Deum
2712 4571 2912 4621 suum,
2935 4560 2993 4610 et
3011 4554 3191 4610 coluit
3210 4555 3356 4608 deos
3383 4568 3614 4620 earum,

1966 4657 2089 4698 non
2122 4647 2209 4701 est
2263 4643 2410 4714 quid
2463 4643 2601 4698 inde
2630 4643 2774 4699 boni
2799 4643 3121 4713 conjectari
3147 4642 3352 4714 possit.
3391 4645 3505 4697 Nec
3533 4645 3618 4698 ta-

1968 4747 2109 4786 men
2136 4731 2282 4786 nihil
2314 4731 2567 4787 arbitror
2586 4731 2941 4802 signiﬁcare,
2966 4731 3073 4786 sed
3089 4729 3340 4798 malum,
3367 4729 3518 4786 sicut
3539 4730 3616 4787 de

1968 4836 2150 4875 uxore
2181 4819 2540 4891 ﬁliabusque
2574 4824 2676 4876 Lot
2715 4820 3002 4876 diximus-
3053 4824 3313 4892 Apparet
3363 4820 3523 4877 enim
3552 4820 3616 4878 in

1965 4924 2226 4981 persona
2257 4909 2595 4964 Salomonis
2626 4909 2779 4965 mira
2808 4908 3154 4966 excellentia
3194 4913 3252 4966 et
3297 4911 3450 4967 mira
3475 4911 3617 4967 sub-

1967 4998 2204 5054 mersio.
2239 4997 2413 5063 Quod
2442 4998 2618 5067 igitur
2643 4999 2707 5054 in
2732 4999 2830 5056 illo
2850 4999 3096 5056 diversis
3127 5001 3496 5074 temporibus
3517 5018 3616 5059 ex-

1967 5089 2124 5158 stitit,
2143 5087 2308 5160 prius
2327 5088 2558 5144 bonum
2579 5093 2637 5146 et
2658 5089 2952 5162 posterius
2992 5091 3224 5148 malum
3249 5109 3262 5160 ;
3301 5093 3415 5148 hoc
3430 5092 3490 5148 in
3508 5093 3615 5150 Ec-

1967 5177 2144 5234 clesia
2164 5178 2226 5233 in
2246 5178 2357 5233 isto
2373 5177 2572 5234 adhuc
2606 5179 2826 5236 saeculo
2844 5179 3022 5236 simul
3067 5196 3188 5237 uno
3231 5185 3498 5254 tempore
3513 5197 3613 5238 os-

1968 5266 2242 5322 tenditur.
2267 5269 2416 5322 Nam
2431 5266 2595 5322 bona
2609 5267 2786 5336 illius,
2802 5268 3000 5325 bonos
3017 5270 3288 5326 Ecclesia
3305 5287 3317 5326 :
3334 5269 3494 5326 mala
3507 5286 3612 5327 au-

1963 5359 2084 5411 tem
2096 5355 2272 5418 illius,
2287 5354 2482 5411 malos
2498 5355 2767 5412 Ecclesia;
2785 5356 3120 5427 signiﬁcare
3131 5363 3298 5431 puto,
3318 5363 3610 5432 tanquam

1959 5444 2021 5500 in
2036 5444 2259 5502 unitate
2277 5445 2435 5501 illius
2455 5460 2627 5500 areae.
2645 5445 2805 5502 Sicut
2817 5446 2879 5501 in
2898 5447 2998 5504 illo
3014 5463 3138 5504 uno
3155 5448 3399 5504 homine
3415 5448 3610 5503 bonos

1960 5533 2024 5588 in
2047 5534 2268 5603 granis,
2325 5534 2518 5591 malos
2564 5535 2626 5590 in
2650 5534 2878 5608 paleis:
2911 5539 3014 5593 aut
3041 5537 3104 5592 in
3161 5537 3384 5593 unitate
3429 5536 3606 5592 unius

1961 5623 2198 5694 segetis,
2217 5623 2412 5685 bonos
2436 5625 2502 5686 in
2525 5625 2736 5700 tritico,
2760 5625 2950 5686 malos
2978 5626 3043 5684 in
3071 5625 3330 5684 zizaniis.
