4102 6184
419 141 524 200 471

1541 130 1898 190 ANGELOMI
1939 130 2383 190 LUXOVIENSIS
2421 135 2732 194 MONACHI

3735 136 3846 191 4η

495 288 526 317 ‹‹
567 269 810 323 Factum
866 265 953 316 est
980 260 1157 330 igitur
1185 261 1245 315 in
1294 264 1562 332 tempore
1617 257 1739 325 illo,
1797 261 1861 310 ut
1913 257 2075 309 Jero-
2111 260 2155 311 A
2187 257 2597 316 celsitudinem
2617 259 2866 316 tendunt
2882 257 3526 330 perfectionis,eligunt
3540 257 3846 328 juvenum

423 375 455 411 ‹
496 355 680 410 boam
711 349 1090 419 egrederetur
1127 349 1201 403 de
1229 348 1576 412 Jerusalem,
1605 351 1662 402 et
1686 344 1911 400 invenit
1938 360 2077 398 eum

425 465 454 493 «
495 441 679 496 Ahias
712 437 983 495 Silonites
1030 437 1326 508 propheta
1375 437 1437 491 in
1475 435 1593 505 via,
1625 438 1868 506 opertus
1896 431 2077 504 pallio

424 552 452 579 ‹‹
494 544 674 585 novo.
711 529 888 582 Erant
918 529 1117 581 autem
1150 526 1271 581 duo
1304 530 1536 582 tantum
1563 524 1625 579 in
1656 538 1822 593 agro.
1857 525 2080 593 Appre-

424 640 453 669 ‹‹
494 616 887 687 hendensque
952 613 1102 670 Ahia
1148 614 1396 686 pallium
1449 630 1626 669 suum
1678 628 1905 668 novum
1956 626 2080 683 quo

428 727 457 761 ι
495 708 738 779 opertus
764 703 978 773 fuerat,
1011 703 1184 758 scidit
1229 703 1290 758 in
1321 702 1642 758 duodecim
1687 707 1886 774 partes
1917 704 1973 755 et
2001 699 2082 754 ait

423 816 453 845 «
497 794 576 850 ad
612 791 935 847 Jeroboam
970 808 984 846 :
1018 791 1176 848 Tolle
1207 791 1312 847 tibi
1346 791 1557 847 decem
1588 791 1894 846 scissuras.
1947 789 2082 842 Haec

423 902 455 937 ‹
494 882 655 938 enim
685 879 827 936 dicit
859 881 1148 936 Dominus
1181 883 1332 936 Deus
1367 881 1545 936 Israel
1578 900 1590 935 :
1619 883 1764 934 Ecce
1793 894 1905 947 ego
1935 877 2084 932 scin-

425 993 454 1020 «
495 971 641 1027 dam
679 984 936 1038 regnum
965 969 1040 1024 de
1067 986 1254 1026 manu
1283 969 1642 1038 Salomonis,
1676 973 1732 1024 et
1759 967 1919 1023 dabo
1978 965 2083 1021 tibi

423 1082 452 1111 ‹‹
493 1059 703 1115 decem
734 1057 942 1113 tribus.
997 1059 1179 1114 Porro
1234 1074 1357 1114 una
1406 1058 1594 1114 tribus
1647 1056 1981 1112 remanebit
2030 1054 2083 1109 ei

425 1168 456 1203 ‹
493 1151 738 1222 propter
769 1162 1009 1202 servum
1033 1163 1238 1202 meum
1268 1147 1476 1214 David,
1511 1147 1563 1201 ei
1596 1145 1957 1201 Hierusalem
2000 1143 2081 1198 ci-

425 1260 454 1289 ‹‹
492 1237 737 1293 vitatem
757 1251 947 1307 quam
968 1235 1115 1306 elegi
1134 1252 1207 1292 ex
1229 1235 1512 1292 omnibus
1529 1234 1805 1290 tribubus
1831 1231 2028 1301 Israel,
2052 1252 2080 1281 ››

424 1329 534 1382 etc.
571 1324 719 1380 Illud
745 1323 910 1396 quod
932 1329 1071 1396 post
1100 1327 1355 1380 mortem
1385 1324 1721 1381 Salomonis
1753 1322 1962 1378 decem
1985 1323 2081 1376 tri-

423 1415 540 1470 bus
567 1429 604 1469 a
630 1412 814 1467 domo
846 1412 1054 1481 David,
1089 1417 1145 1468 et
1192 1429 1228 1468 a
1260 1413 1482 1485 templo
1531 1415 1820 1484 separatas
1861 1414 1998 1464 sunt
2027 1412 2084 1463 et

424 1502 561 1558 dua-3
581 1500 817 1568 relictae,
848 1502 989 1556 satis
1038 1501 1260 1558 indicat
1307 1501 1472 1574 quod
1503 1501 1578 1556 de
1610 1507 1731 1556 tota
1759 1499 1859 1554 illa
1907 1502 2080 1567 gente

424 1590 742 1663 Apostolus
775 1589 856 1644 ait
884 1606 896 1644 :
933 1612 961 1639 ‹‹
990 1590 1270 1662 Reliquiae
1301 1594 1544 1662 propter
1574 1588 1914 1645 electionem
1945 1602 2078 1656 gra—

431 1679 524 1735 tiae
547 1678 725 1734 salvae
755 1677 924 1734 facta:
962 1682 1101 1733 sunt
1130 1678 1318 1749 (Rom.
1373 1679 1472 1748 1x).
1513 1699 1533 1730 ι
1566 1677 1884 1734 Jeroboam
1940 1690 2080 1730 vero

425 1767 530 1840 qui
554 1766 764 1823 decem
790 1767 978 1822 tribus
1017 1782 1053 1822 a
1097 1766 1281 1822 domo
1333 1767 1522 1824 David
1570 1771 1627 1823 et
1655 1782 1692 1822 a
1729 1764 1950 1838 templo
1981 1763 2080 1818 Dei

427 1871 719 1928 separans
749 1855 828 1910 ad
848 1854 1249 1910 idololatriam
1280 1855 1581 1927 perduxit,
1614 1854 1909 1924 signiﬁcat
1962 1854 2079 1908 hae-

425 1944 638 2000 reticos
667 1943 773 2016 qui
803 1943 1241 1998 dissensionem
1273 1949 1498 2012 amant,
1539 1949 1597 2000 et
1625 1944 1912 1999 unitatem
1940 1940 2081 1996 fidei

427 2031 732 2088 catholicae
759 2031 1090 2087 haeresibus
1124 2032 1425 2102 scindunt,
1459 2048 1529 2088 ac
1563 2033 1647 2088 sic
1705 2031 1887 2087 cultui
1915 2029 2080 2086 mali-

425 2135 685 2191 gnorum
739 2120 1058 2192 spirituum
1106 2121 1541 2193 subsequentes
1598 2121 1863 2177 tradunt.
1898 2124 2079 2175 Inter-

431 2213 700 2282 pretatur
727 2209 1067 2275 Jeroboam,
1101 2209 1442 2280 dijudicans
1482 2211 1800 2282 populum.
1848 2213 1995 2266 Nam
2023 2213 2082 2264 et

425 2297 689 2353 haeretici
715 2297 1047 2368 dijudicare
1077 2298 1371 2370 populum
1404 2298 1697 2369 videntur,
1757 2315 1890 2354 cum
1918 2314 2078 2353 erro-

428 2386 508 2443 ris
539 2385 631 2442 sui
654 2401 981 2458 sequacem
1006 2386 1250 2442 faciunt.
1282 2387 1386 2442 Cui
1408 2388 1491 2442 rei
1538 2388 1691 2444 bene
1720 2387 2081 2442 conveniunt

426 2473 614 2528 verba
631 2474 938 2545 prophetae
969 2474 1133 2529 Ahiae
1163 2475 1440 2541 Silonitis,
1468 2476 1574 2548 qui
1603 2476 1824 2531 missus
1864 2481 1952 2531 est
2001 2477 2080 2532 ad

429 2559 755 2615 Jeroboam
792 2561 875 2615 ita
909 2560 1115 2615 dicens
1151 2578 1164 2615 :

502 2668 531 2696 ‹‹
574 2645 738 2702 Tolle
765 2647 868 2702 tibi
893 2646 1103 2703 decem
1124 2649 1434 2706 scissuras.
1469 2651 1601 2706 Haec
1625 2652 1786 2708 enim
1808 2652 1948 2709 dicit
1977 2657 2080 2709 Do-

438 2756 467 2784 α
509 2734 710 2790 minus
750 2735 901 2790 Deus
935 2735 1150 2791 Israel:
1179 2740 1322 2793 Ecce
1357 2754 1468 2808 ego
1512 2739 1786 2796 scindam
1826 2757 2080 2811 regnum

430 2845 458 2874 «
501 2822 858 2891 Salomonis,
887 2828 945 2879 et
967 2823 1128 2880 dabo
1160 2825 1264 2880 tibi
1285 2826 1494 2883 decem
1528 2827 1736 2884 tribus.
1759 2833 1936 2885 Porro
1963 2848 2081 2887 una

2187 347 2598 419 obtemperare
2620 348 3079 421 praeceptis.hoc
3093 352 3200 416 est,
3222 362 3433 402 eorum
3450 347 3551 419 qui
3566 347 3849 418 juvenili-

2187 435 2301 490 bus
2324 435 2630 492 desideriis
2654 435 2979 509 mancipati
3012 434 3296 492 laudibus
3317 435 3540 507 iniquis
3554 441 3612 491 et
3634 435 3847 492 adula-

2187 524 2450 580 tionibus
2473 541 2576 580 eos
2597 528 2868 594 gravant,
2894 528 2952 580 et
2969 524 3036 579 fit
3051 523 3113 579 in
3135 524 3219 580 eis
3261 524 3430 596 quod
3461 540 3568 597 per
3589 525 3852 598 prophe-

2189 618 2311 668 tam
2332 613 2544 670 dicitur
2576 633 2589 670 ε
2615 637 2641 664 ‹‹
2669 613 2868 678 Qualis
2890 612 3172 685 populus,
3193 613 3324 669 talis
3346 618 3436 668 est
3461 619 3518 669 et
3539 614 3847 670 sacerdos.

2191 704 2408 758 Omnes
2435 703 2594 758 enim
2623 719 2658 757 a
2681 702 2932 758 minimo
2957 717 3147 774 usque
3170 701 3244 757 ad
3275 702 3614 758 maximum
3647 704 3851 759 avari-

2189 791 2282 845 tiae
2315 792 2571 854 student,
2605 798 2662 847 et
2685 790 2825 846 caeci
2869 791 3042 846 caecis
3099 790 3386 846 ducatum
3419 791 3757 863 praebentes
3788 793 3855 849 in

2189 879 2422 934 foveam
2455 881 2801 952 perditionis
2843 880 3064 952 pariter
3106 879 3333 934 cadunt
3361 880 3505 950 (Jer.
3561 897 3634 935 v1.
3668 881 3849 936 Matt.

2189 967 2308 1038 xv).
2340 989 2368 1016 ››
2399 968 2624 1032 Quibus
2682 967 3086 1022 comminatur
3141 967 3435 1038 sapientia
3480 967 3583 1022 Dei
3640 967 3852 1024 dicens

2192 1057 2375 1124 (Eccl.
2409 1057 2467 1126 χ)
2492 1074 2504 1111 :
2532 1078 2556 1104 ‹‹
2596 1059 2688 1111 Vae
2719 1055 2820 1110 tibi
2849 1061 3003 1111 terra
3019 1055 3191 1126 cujus
3212 1071 3318 1110 rex
3346 1071 3497 1128 puer
3523 1061 3630 1126 est,
3663 1061 3721 1112 et
3751 1053 3856 1113 cu-

2185 1146 2284 1217 jus
2313 1148 2614 1219 principes
2644 1146 2986 1202 comedunt.
3015 1169 3042 1196 ››
3073 1149 3136 1200 Et
3155 1146 3489 1201 econtrario
3515 1146 3589 1201 de
3612 1153 3854 1203 sancto-

2190 1251 2325 1290 rum
2352 1236 2599 1309 populo,
2624 1241 2681 1292 et
2708 1251 2845 1306 rege
2871 1251 3082 1290 eorum
3113 1235 3340 1290 Christo
3370 1235 3673 1291 laudando
3701 1237 3848 1291 sub-

2192 1325 2478 1396 sequitur,
2497 1324 2703 1379 dicens
2738 1341 2751 1378 :
2784 1347 2810 1372 «
2838 1327 3018 1379 Beata
3045 1322 3200 1379 terra
3225 1324 3399 1395 cujus
3432 1330 3519 1380 est
3541 1341 3643 1380 rex
3665 1325 3848 1380 nobi-

2190 1411 2280 1482 lis,
2309 1413 2558 1483 etcujus
2587 1411 2889 1484 principes
2921 1416 3243 1466 vescuntur
3291 1412 3350 1466 in
3383 1417 3653 1485 tempore
3707 1429 3848 1479 suo,

2189 1501 2333 1572 quia
2353 1501 2558 1557 omnia
2580 1517 2955 1573 quaecunque
2985 1500 3229 1556 fecerint
3250 1501 3791 1572 prosperabuntur.
3817 1525 3847 1551 ››

2812 1589 3042 1646 CAPUT
3085 1593 3219 1645 Xlll.

2261 1701 2286 1726 «
2330 1682 2476 1735 Ecce
2515 1680 2604 1735 vir
2635 1680 2735 1735 Dei
2760 1679 2921 1734 venit
2949 1679 3023 1734 de
3051 1681 3076 1734 J
3087 1677 3204 1734 uda
3243 1679 3306 1733 in
3337 1695 3615 1738 sermone
3646 1681 3848 1737 Domi-

2191 1790 2220 1817 »
2259 1767 2319 1822 ni
2351 1767 2412 1822 in
2443 1768 2654 1834 Bethel,
2702 1767 3022 1823 Jeroboain
3071 1772 3262 1822 stante
3319 1784 3500 1840 super
3553 1769 3760 1838 altare,
3794 1776 3852 1826 et

2191 1879 2218 1904 ‹‹
2260 1857 2397 1911 thus
2449 1857 2728 1928 jaciente.
2787 1860 2850 1912 Et
2896 1855 3252 1912 exclamavit
3304 1861 3512 1914 contra
3565 1858 3753 1914 altare
3787 1860 3846 1914 in

2190 1966 2217 1993 «ι
2260 1960 2533 2001 sermone
2563 1945 2814 2013 Domini,
2848 1950 2903 2000 et
2931 1945 3052 2000 ait:
3087 1944 3302 2012 Altare,
3332 1945 3539 2015 altare,
3569 1947 3700 2003 haec
3753 1948 3844 2003 di-

2190 2057 2218 2082 ‹‹
2261 2033 2338 2090 cit
2370 2035 2654 2090 Dominus
2683 2051 2696 2090 :
2730 2037 2875 2089 Ecce
2906 2033 3062 2088 ﬁlius
3088 2040 3368 2090 nascetur
3391 2037 3626 2092 Domini
3662 2037 3848 2093 David

2190 2145 2220 2172 «
2257 2123 2446 2180 Josias
2471 2123 2734 2186 nomine,
2767 2127 2824 2178 et
2852 2121 3193 2178 immolabit
3213 2138 3393 2194 super
3423 2128 3477 2179 te
3503 2126 3851 2182 sacerdotes

2191 2235 2218 2261 «
2261 2212 2653 2282 excelsorum,
2697 2211 2802 2284 qui
2841 2227 3001 2267 nunc
3030 2212 3092 2266 in
3124 2216 3179 2267 te
3234 2213 3410 2267 thura
3450 2215 3846 2283 succendunt,

2192 2324 2220 2352 ‹‹
2260 2307 2315 2358 et
2345 2317 2487 2358 ossa
2511 2301 2830 2357 hominum
2861 2301 3140 2357 incendet
3161 2318 3340 2374 super
3359 2309 3432 2364 te,
3455 2324 3484 2352 »
3507 2308 3564 2359 et
3589 2303 3842 2375 reliqua.

2188 2392 2368 2461 Igitur
2395 2391 2691 2463 propheta
2720 2389 2824 2462 qui
2849 2405 2885 2445 a
2916 2392 3034 2446 Deo
3064 2391 3288 2447 missus
3309 2391 3494 2446 fuerat
3518 2391 3579 2445 in
3615 2391 3832 2456 Bethel,

2189 2485 2254 2534 ut
2281 2481 2614 2551 increparet
2659 2478 2980 2534 Jeroboam
3039 2495 3218 2551 super
3255 2478 3588 2534 idololatria
3640 2494 3832 2550 quam

2190 2568 2389 2639 gessit,
2418 2572 2475 2624 et
2505 2584 2540 2624 a
2569 2568 2719 2624 falso
2751 2569 3044 2641 propheta
3074 2567 3363 2629 seductus,
3383 2567 3644 2623 comedit
3670 2566 3758 2622 ibi
3779 2572 3842 2623 et

2191 2657 2338 2713 bibit
2395 2662 2603 2712 contra
2653 2664 3021 2730 praeceptum
3079 2655 3326 2727 Domini,
3363 2661 3421 2711 et
3448 2661 3778 2729 propterea
3807 2673 3846 2712 a

2186 2745 2357 2802 leone
2384 2746 2446 2801 in
2476 2746 2572 2801 via
2595 2747 2827 2803 occisus
2853 2751 2941 2802 est
2972 2764 2984 2801 :
3009 2746 3158 2818 quid
3180 2745 3475 2814 signiﬁcat
3501 2746 3620 2800 nisi
3649 2746 3760 2818 qui
3786 2746 3848 2800 in

2189 2834 2492 2908 prosperis
2522 2834 2787 2892 elevatur
2813 2834 2992 2890 corde
3023 2836 3049 2890 ‘2
3078 2834 3161 2890 ita
3184 2840 3250 2890 ut
3278 2838 3579 2907 praecepta
3609 2836 3847 2890 Domini

2114 1611 2151 1664 Β

430 2931 462 2966 ‹
501 2911 837 2967 remanebit
863 2912 913 2967 ei
941 2917 1185 2986 propter
1211 2931 1446 2971 servum
1469 2933 1671 2972 meum
1696 2918 1903 2986 David,
1925 2922 2081 2975 etJe-
2110 2961 2150 3016 Ο
2189 2928 2532 2979 contemnat
2561 2939 2598 2979 a
2625 2945 2654 2971 «
2688 2923 2859 2979 leone
2891 2925 2995 2996 qui
3031 2923 3240 2978 circuit
3270 2923 3510 2993 rugiens
3567 2939 3848 2995 quaerens

430 3021 459 3050 ‹‹
500 3001 763 3056 rusalem
787 3001 1082 3056 civitatem
1109 3018 1296 3074 quam
1327 3003 1474 3074 elegi
1488 3021 1561 3060 ex
1580 3007 1862 3061 omnibus
1895 3007 2079 3062 tribu-

430 3112 458 3139 ‹‹
499 3088 616 3143 bus
632 3089 829 3144 Israel.
860 3110 880 3138 ι
910 3091 1124 3146 Decem
1147 3091 1308 3148 enim
1331 3094 1624 3149 scissuras
1645 3096 1961 3152 Jeroboam
1979 3113 2078 3152 ac-

431 3176 606 3249 cepit,
624 3193 764 3232 cum
784 3177 932 3247 legis
948 3185 1246 3251 praecepta
1261 3181 1544 3238 violanda
1565 3184 1866 3257 corripuit.
1883 3189 1948 3241 Et
1962 3202 2080 3241 una

428 3265 622 3320 tribus
652 3281 789 3320 cum
813 3267 1018 3322 sobole
1047 3268 1236 3324 David
1261 3272 1566 3341 remansit,
1591 3272 1738 3328 dum
1767 3290 1895 3328 sors
1934 3275 2080 3330 elec-

427 3357 627 3408 torum
643 3354 816 3423 juxta
837 3355 1105 3426 Apostoli
1123 3356 1482 3425 doctrinam,
1500 3360 1560 3415 in
1583 3362 1790 3432 regula
1809 3362 1948 3417 ﬁdei
1985 3379 2078 3419 ca-

429 3441 659 3497 tholicae
680 3442 987 3498 remansit.
1015 3466 1042 3492 ‹‹
1071 3444 1221 3509 Quia
1242 3461 1400 3501 unus
1423 3449 1734 3518 Dominus,
1761 3466 1881 3505 una
1908 3451 2076 3522 ﬁdes,

428 3545 619 3585 unum
639 3534 697 3585 et
714 3529 1021 3602 baptisma
1046 3532 1286 3603 (Ep/tes.
1309 3539 1411 3602 1v).
1438 3558 1466 3585 κ
1492 3538 1755 3610 Denique
1784 3538 2075 3603 Roboam,

426 3617 586 3673 ﬁlius
620 3618 956 3675 Salomonis
987 3622 1112 3691 (III
1126 3623 1266 3694 Reg.
1302 3629 1442 3693 xw),
1466 3627 1572 3698 qui
1613 3627 1738 3682 utili
1772 3628 2077 3684 seniorum

429 3706 676 3763 consilio
710 3707 935 3779 relicto,
977 3709 1448 3770 adolescentium
1483 3716 1799 3772 consilium
1841 3723 2078 3774 secutus

429 3800 539 3857 est,
559 3795 695 3852 licet
722 3797 798 3851 de
821 3797 1004 3853 domo
1038 3801 1223 3856 David
1244 3803 1438 3871 fuerit,
1485 3809 1685 3861 tamen
1707 3806 1770 3861 in
1798 3807 1898 3862 via
1949 3807 2079 3878 ejus

425 3900 552 3941 non
572 3886 977 3955 gradiebatur.
1002 3890 1153 3946 Fecit
1168 3892 1328 3947 enim
1349 3894 1377 3946 J
1387 3893 1536 3950 udas
1558 3895 1885 3968 (Scriptura
1908 3899 2078 3968 teste)

428 3974 491 4028 in
523 3974 636 4028 illis
661 3974 873 4030 diebus
905 3976 1134 4034 malum
1161 3995 1366 4037 coram
1397 3983 1671 4054 Domino,
1701 3993 1758 4040 et
1813 3985 2077 4042 irritave-

423 4065 565 4117 runt
587 4076 726 4116 eum
749 4079 929 4134 super
958 4067 1242 4123 omnibus
1271 4085 1408 4140 quae
1441 4071 1706 4128 fecerant
1733 4078 1932 4143 patres
1984 4088 2078 4128 eo.

425 4165 564 4206 rum
591 4148 654 4203 in
679 4151 936 4220 peccatis
970 4154 1093 4207 suis
1121 4171 1258 4226 quae
1288 4165 1705 4228 peccaverant.
1741 4160 2080 4216 (Ediﬁcave-

425 4239 565 4292 runt
588 4242 789 4292 autem
811 4242 869 4292 et
887 4238 1000 4310 ipsi
1019 4239 1132 4294 sibi
1155 4256 1291 4298 aras
1315 4249 1374 4299 et
1398 4251 1622 4302 statuas
1644 4247 1879 4303 etlucos
1898 4265 2077 4320 super

424 4339 670 4381 omnem
707 4323 920 4381 collem
952 4327 1274 4394 excelsum,
1309 4336 1365 4386 et
1392 4333 1595 4390 subter
1622 4351 1864 4392 omnem
1896 4339 2072 4393 arbo-

423 4429 552 4470 rem
576 4413 951 4476 frondosam.
969 4415 1084 4474 Sed
1110 4421 1168 4472 et
1186 4419 1512 4477 effeminati
1543 4423 1781 4481 fuerunt
1809 4426 1868 4482 in
1900 4433 2070 4494 terra,

422 4503 808 4576 feceruntque
833 4521 1044 4561 omnes
1074 4505 1551 4568 abominationes
1577 4515 1868 4586 gentium,
1913 4533 2070 4588 quas

422 4593 643 4650 attrivit
661 4591 949 4648 Dominus
973 4599 1109 4652 ante
1138 4595 1353 4656 faciem
1378 4600 1642 4659 ﬁliorum
1673 4605 1865 4662 Israel.
1886 4607 2072 4676 Signi-

420 4681 562 4768 ﬁcat
586 4680 768 4768 igitur
792 4682 988 4742 malos
1010 4690 1268 4745 rectores
1301 4689 1366 4746 in
1391 4691 1670 4764 Ecclesia,
1701 4695 1804 4768 qui
1828 4697 2072 4753 terrenis

421 4767 849 4838 cupiditatibus
879 4773 1082 4846 dediti,
1104 4778 1416 4851 negligant
1445 4798 1654 4840 curam
1679 4767 1902 4843 habere
1936 4787 2074 4843 sub-

419 4852 680 4950 ditorum
697 4861 754 4913 et
767 4857 1129 4921 delectantes
1141 4867 1202 4922 in
1217 4868 1592 4928 multitudine
1608 4873 1717 4929 sibi
1738 4875 2072 4949 obsequen-

619 4959 729 5000 nec
751 4951 954 5039 tamen
980 4955 1341 5024 condignam
1365 4960 1590 5017 habent
1609 4945 2068 5020 sollicitudinem

417 5028 532 5085 sibi
556 5033 1042 5096 commissorum.
1101 5043 1520 5116 Interpretatur
1557 5058 1759 5107 autem
1802 5052 2069 5108 Roboam

420 5119 678 5176 latitudo
703 5126 936 5193 populi.
971 5129 1038 5185 Et
1063 5128 1218 5186 bene
1249 5133 1499 5192 latitudo
1530 5140 1736 5211 populi
1771 5141 2071 5197 nominari

412 5214 668 5277 possunt
699 5211 807 5282 qui
836 5212 1020 5302 latam
1055 5222 1112 5274 et
1139 5223 1473 5292 spatiosam
1509 5228 1671 5282 viam
1707 5229 2066 5302 gradientes,

412 5309 520 5365 per
533 5312 721 5367 quam
740 5300 912 5356 multi
933 5305 1254 5366 vaduntad
1269 5318 1544 5381 mortem,
1566 5321 1889 5386 angustam
1907 5300 2068 5375 viam

411 5397 548 5455 quae
594 5400 932 5457 paucorum
978 5398 1086 5463 est,
1134 5403 1192 5454 et
1231 5399 1310 5455 ad
1350 5405 1635 5460 aeternam
1677 5406 1858 5462 vitam
1905 5408 2070 5464 ducit

409 5472 650 5546 (Matth.
678 5477 802 5547 vn),
831 5477 1064 5549 ingredi
1093 5483 1448 5546 detrectant:
1472 5493 1674 5550 relicto
1699 5511 1818 5568 que
1835 5504 2068 5554 sancto-

407 5578 546 5620 rum
565 5567 806 5632 Patrum
823 5569 1094 5642 consilio,
1117 5580 1571 5649 quorum-dicta
1591 5590 1652 5641 et
1675 5567 1952 5660 exempla
1983 5587 2064 5645 ad

2188 3028 2372 3084 quem
2399 3011 2640 3067 devoret
2666 3013 2718 3084 (I
2772 3013 2938 3068 Petr.
2971 3012 3074 3083 v.),
3107 3034 3136 3060 »
3195 3011 3374 3067 dente
3432 3012 3847 3084 persuasionis

2189 3101 2467 3171 malignae
2492 3101 2770 3172 laniatus,
2801 3118 2906 3174 per
2931 3115 3299 3156 consensum
3323 3102 3548 3173 peccati
3572 3102 3846 3156 interfici-

2189 3197 2282 3247 tur
2307 3208 2319 3246 :
2351 3207 2420 3247 ac
2451 3207 2557 3264 per
2585 3192 2700 3246 hoc
2730 3192 3141 3247 necessarium
3171 3195 3259 3246 est
3289 3207 3528 3262 semper
3571 3207 3840 3263 quaerere

2189 3279 2477 3334 auxilium
2508 3279 2933 3351 omnipotentis
2967 3279 3086 3349 Dei,
3112 3285 3294 3351 atque
3313 3279 3725 3335 defensionem
3757 3283 3844 3352 ip-

2189 3369 2332 3434 sius,
2363 3383 2437 3422 ex
2467 3373 2588 3423 toto
2618 3367 2796 3423 corde
2849 3383 3090 3440 sperare
3146 3368 3208 3423 in
3240 3368 3649 3424 misericordia
3689 3370 3841 3439 ejus.

2190 3456 2341 3520 Quid
2367 3455 2526 3511 enim
2557 3460 2645 3512 est
2673 3457 2878 3526 homo,
2911 3456 3231 3527 cujuslibet
3261 3457 3336 3512 sit
3367 3458 3577 3519 meriti,
3611 3458 3661 3512 si
3693 3461 3846 3514 Con-

2187 3544 2392 3599 ditoris
2431 3544 2520 3599 sui
2547 3545 2911 3616 protectione
2958 3544 3267 3601 deseratur
3291 3548 3319 3602 ?
3381 3546 3525 3612 Quia
3548 3547 3836 3602 nimirum

2187 3632 2472 3705 protectio
2529 3634 2728 3688 minus
2780 3633 3121 3689 necessaria
3170 3634 3448 3702 creditur,
3501 3635 3544 3688 si
3595 3649 3834 3706 semper

2186 3721 2480 3777 habeatur
2513 3738 2524 3774 :
2562 3721 2666 3777 sed
2694 3722 2908 3778 utiliter
2937 3723 3292 3795 plerumque
3345 3723 3732 3793 subtrahitur,
3775 3729 3842 3779 ut

2189 3809 2539 3882 sibimetipsi
2567 3811 2772 3879 homo,
2825 3827 3009 3884 quam
3051 3811 3180 3867 sine
3209 3811 3310 3867 illa
3369 3812 3516 3867 nihil
3559 3812 3686 3880 scit,
3749 3828 3846 3868 os-

2189 3899 2483 3956 tendatur.
2533 3903 2736 3956 Manus
2783 3901 2960 3970 igitur
3017 3901 3117 3956 Dei
3146 3901 3476 3973 aliquando
3502 3917 3614 3956 nos
3664 3901 3854 3956 nobis

2186 4005 2294 4062 per
2319 3989 2575 4045 adversa
2611 3989 2892 4060 insinuat,
2923 4005 3059 4062 quas
3089 3990 3422 4045 nescientes
3453 4005 3567 4045 nos
3590 3990 3652 4044 in
3674 4005 3853 4062 pros-

2186 4078 2342 4151 peris
2381 4083 2596 4150 portat,
2628 4078 2770 4150 quia
2799 4077 3059 4133 destituti
3089 4079 3237 4134 dum
3258 4078 3472 4134 cadere
3492 4078 3853 4152 incipimus,

2185 4170 2242 4221 et
2273 4170 2471 4221 tamen
2493 4167 2682 4237 adjuti
2712 4167 3054 4237 retinemur,
3087 4174 3143 4223 et
3171 4167 3445 4224 doctrina
3469 4167 3553 4236 tit,
3579 4167 3758 4240 quod
3784 4169 3856 4223 in

2183 4253 2359 4326 lapsu
2391 4255 2759 4327 trepidamus
2813 4261 2868 4311 et
2898 4256 3169 4312 custodia
3225 4257 3392 4328 quod
3429 4256 3491 4311 in
3523 4263 3683 4312 statu
3711 4273 3863 4329 per—

2110 4313 2150 4365 θ
2185 4358 2522 4399 manemus.
2553 4346 2736 4399 Nemo
2755 4360 2897 4416 ergo
2928 4361 2991 4400 se
3021 4345 3273 4416 alicujus
3307 4345 3531 4400 virtutis
3565 4345 3860 4416 aestimet,

2182 4431 2363 4488 etiam
2392 4431 2700 4504 cum'quid
2720 4433 2944 4489 fortiter
2964 4436 3198 4506 poterit,
3229 4435 3374 4506 quia
3399 4434 3448 4489 si
3473 4434 3682 4489 divina
3697 4451 3867 4493 eum

2181 4521 2467 4594 protectio
2515 4521 2770 4593 deserat,
2825 4522 2909 4578 ibi
2957 4528 3199 4595 repente
3241 4523 3533 4579 enerviter
3563 4523 3873 4580 obruitur

2184 4610 2286 4666 ubi
2334 4626 2395 4666 se
2453 4609 2715 4666 valenter
2763 4617 2916 4666 stare
2965 4611 3268 4681 gloriatur.
3323 4612 3476 4675 Quid
3539 4618 3629 4666 est
3675 4613 3872 4671 enim

2181 4699 2346 4774 quod
2387 4700 2474 4754 vir
2520 4701 2620 4756 Dei
2663 4705 2871 4756 contra
2900 4701 3084 4756 altare
3115 4700 3316 4757 Bethel
3357 4701 3436 4756 ad
3466 4701 3875 4772 prophetau-

2181 4789 2328 4845 dum
2359 4790 2637 4853 directus,
2665 4794 2958 4861 praesente
2988 4804 3146 4855 rege,
3177 4790 3589 4845 auctoritatem
3631 4788 3880 4850 libera:

2181 4879 2345 4934 vocis
2376 4881 2656 4948 exercuit,
2713 4879 3107 4950 ejusdemque
3144 4879 3299 4949 regis
3344 4885 3659 4934 extensum
3709 4883 3882 4940 bra~

2181 4969 2385 5024 chium
2428 4969 2488 5023 in
2547 4968 2741 5037 rigore
2799 4967 3149 5023 mirabiliter
3204 4968 3496 5032 astrinxit,
3536 4968 3712 5040 quod
3774 4978 3884 5030 ta.

2181 5072 2319 5111 men
2355 5072 2493 5111 mox
2525 5056 2983 5112 misericorditer
3039 5057 3217 5112 saluti
3268 5056 3543 5124 restituit,
3568 5057 3763 5128 cujus
3803 5063 3885 5120 in

2180 5145 2363 5200 domo
2415 5145 2701 5200 invitatus
2753 5144 3066 5200 comedere
3113 5145 3322 5213 noluit,
3353 5147 3498 5218 quia
3544 5160 3621 5201 ne
3651 5146 3721 5202 in
3755 5151 3890 5211 via

2181 5233 2536 5300 comederet,
2568 5233 2986 5305 prohibitionis
3017 5235 3338 5290 Dominicis
3380 5241 3684 5307 praecepta
3720 5253 3886 5298 ser.

2183 5323 2355 5378 vavit.
2401 5322 2511 5388 Qui
2540 5326 2741 5378 tamen
2763 5326 2823 5377 in
2846 5324 3060 5378 eadem
3091 5323 3184 5378 via
3213 5328 3271 5378 et
3296 5324 3582 5379 seductus
3639 5339 3892 5388 come.

2179 5411 2265 5467 dit
2291 5417 2348 5466 et
2375 5415 2586 5482 pastus
2638 5410 2874 5465 interiit.
2932 5412 3062 5476 Qua
3091 5412 3153 5467 in
3181 5427 3244 5467 re
3271 5411 3420 5484 quid
3459 5411 3662 5468 subtili
3700 5430 3894 5477 con-

2179 5499 2535 5554 sideratione
2583 5497 2939 5569 colligimus,
2990 5499 3138 5572 quid
3185 5501 3273 5571 (ut
3298 5501 3381 5556 ita
3411 5499 3686 5571 dixerim)
3731 5504 3894 5564 for-

2177 5588 2473 5647 mandum
2503 5587 2902 5660 suspicamur,
2929 5587 3047 5643 nisi
3075 5588 3245 5661 quod
3263 5588 3513 5645 forsitan
3539 5588 3717 5660 apud
3762 5612 3893 5654 se-
