4092 6178
222 215 330 269 473

1189 214 1440 269 ENARR.
1483 214 1550 269 IN
1592 208 1838 266 LIBROS
1877 210 2134 269 REGUM.
2184 246 2244 256 —
2285 217 2353 272 IN
2393 218 2523 273 LIB.
2569 219 2657 272 lll.

3533 220 3639 276 474

222 336 555 408 metipsum
583 333 819 398 tacitus,
868 339 924 392 et
970 351 1080 408 pro
1105 337 1420 410 prteceptis
1449 335 1772 393 Dominicis
1800 351 1886 390 re~
1915 340 1960 393 Α
1994 337 2071 393 cit
2095 355 2191 394 rex
2221 357 2439 410 aeneos,
2472 347 2527 397 et
2559 341 2941 398 tradiditillos
2969 342 3342 416 principibus
3361 343 3646 400 scutario-

223 441 360 495 gem
403 440 470 480 se
514 425 942 496 contempsisse
975 424 1280 494 gloriatus,
1337 427 1415 482 ab
1459 427 1691 482 interna
1745 440 1885 480 mox

222 512 527 570 soliditate
557 518 878 584 quassatus
910 518 1021 579 est,
1069 519 1126 570 et
1160 515 1298 570 inde
1325 515 1377 570 ei
1407 515 1467 570 in
1497 530 1676 588 opere
1709 513 1886 586 culpa

221 601 548 675 subripuit,
581 601 739 657 unde
784 602 895 657 sibi
940 602 1129 672 gloria
1183 603 1243 659 in
1302 604 1480 660 corde
1530 603 1886 676 subrepsit?

219 698 282 748 ut
308 691 622 764 prophetas
662 689 796 746 falsi
836 691 1029 746 verbis
1071 691 1358 764 deceptus
1417 693 1688 757 disceret,
1740 690 1924 763 quia‘

218 796 616 853 nequaquam
645 780 901 852 propriae
944 780 1308 837 fortitudinis
1357 781 1548 848 fuerit,
1600 781 1765 853 quod
1806 780 1885 836 ad

215 871 377 941 regis
409 869 599 925 verba
635 869 957 925 restitisset.
1011 870 1166 926 Bene
1219 875 1420 927 autem
1481 875 1538 926 et
1589 871 1720 941 ejus
1781 885 1884 924 ore

219 959 433 1015 mortis
493 959 849 1013 sententiam
909 960 1158 1032 accepit,
1217 961 1390 1030 cujus
1446 958 1790 1014 seductione
1849 973 1886 1013 a

221 1049 352 1104 vita:
384 1046 706 1120 praeceptis
734 1046 1014 1109 deviavit,
1061 1053 1125 1103 ut
1153 1048 1291 1104 inde
1319 1064 1566 1121 poenam
1598 1047 1886 1104 veraciter

225 1140 506 1205 sumeret,
534 1135 695 1190 unde
725 1135 966 1208 culpam
995 1136 1365 1207 negligenter
1393 1137 1754 1194 admisisset.
1786 1136 1886 1191 Hic

223 1231 424 1280 autem
456 1221 771 1279 manifeste
801 1224 1152 1294 ostenditur,
1204 1225 1371 1298 quod
1415 1229 1729 1298 peccatum
1759 1225 1884 1279 ino-

217 1312 542 1369 bedientiae
565 1313 625 1367 in
652 1311 787 1383 ipsa
809 1310 982 1368 fuerit
1007 1318 1197 1369 morte
1226 1313 1516 1383 laxatum,
1548 1313 1693 1386 quia
1724 1312 1880 1368 idem

215 1403 307 1459 leo
362 1401 474 1474 qui
532 1402 830 1457 viventem
895 1403 1282 1475 praesumpsit
1338 1403 1629 1470 occidere,
1701 1419 1884 1458 ausus

215 1492 570 1560 contingere
599 1506 722 1546 non
761 1495 851 1545 est
893 1491 1180 1548 occisum.
1230 1493 1340 1558 Qui
1389 1493 1549 1548 enim
1593 1491 1884 1548 occidenti

212 1579 430 1635 habuit
460 1583 843 1652 potestatem,
876 1579 950 1634 de
981 1579 1162 1636 occisi
1192 1581 1487 1637 cadavere
1527 1579 1882 1636 comedendi

213 1669 523 1725 licentiam
554 1685 679 1724 non
710 1670 954 1742 accepit.
1017 1671 1162 1735 Quia
1210 1671 1260 1725 is
1307 1672 1402 1726 cui
1451 1670 1628 1743 culpa
1659 1670 1721 1726 in
1760 1670 1878 1724 vita
1910 1694 1954 1746 Β

214 1759 389 1815 fuerit
405 1759 645 1831 punita,
669 1764 795 1814 erat
811 1759 939 1829 jam
955 1759 1154 1830 justus
1177 1776 1249 1815 ex
1273 1765 1482 1816 morte.
1509 1761 1570 1814 In
1593 1760 1706 1815 hoc
1726 1759 1879 1816 facto

213 1847 577 1913 ostenditur,
610 1847 777 1920 quod
821 1862 1002 1903 nemo
1047 1863 1108 1903 se
1148 1849 1402 1920 alicujus
1453 1849 1686 1904 virtutis
1729 1847 1882 1903 aesti-

212 1953 380 1992 mare
411 1936 614 2001 debet,
649 1935 827 1993 etiam
857 1952 996 1991 cum
1022 1935 1170 2008 quid
1200 1937 1422 1993 fortiter
1451 1937 1629 2006 (sicut
1656 1937 1884 1994 dictum

215 2029 323 2096 est)
351 2024 590 2098 poterit.
641 2028 752 2079 iste
795 2025 955 2080 enim
1000 2025 1145 2098 quia
1194 2027 1509 2099 praeceptis
1560 2027 1884 2084 Dominicis

216 2130 422 2184 regem
449 2115 888 2185 contempsisse
919 2113 1204 2184 gloriatus
1227 2118 1466 2181 corruit,
1518 2120 1581 2171 ut
1627 2117 1884 2188 prophe-

219 2208 291 2259 tae
320 2203 458 2260 falsi
481 2203 686 2259 verbis
735 2203 1023 2275 deceptus
1062 2203 1332 2274 disceret,
1372 2205 1517 2276 quia
1562 2221 1685 2261 non
1743 2222 1882 2278 pro-

222 2293 368 2365 pria:
397 2291 756 2347 fortitudinis
786 2291 961 2346 fuerit
985 2293 1152 2364 quod
1179 2293 1304 2362 regi
1335 2293 1666 2349 restitisset.

865 2434 1095 2490 CAPUT
1128 2438 1239 2491 XIV

283 2581 312 2608 ‹‹
347 2559 414 2612 In
439 2556 660 2630 quinto
687 2561 889 2612 autem
921 2573 1081 2613 anno
1101 2558 1269 2629 regni
1292 2559 1589 2629 Roboam,
1615 2560 1885 2616 ascendit

217 2670 242 2696 ‹‹
278 2649 460 2703 Sesac
492 2661 600 2701 rex
628 2646 875 2718 JEgypti
913 2646 974 2700 in
1003 2646 1352 2714 Jerusalem,
1392 2646 1523 2703 tulit
1569 2648 1883 2704 thesauros

217 2756 243 2782 α
274 2734 495 2789 domus
532 2733 788 2796 Domini,
822 2739 880 2790 et
910 2734 1221 2790 thesauros
1261 2735 1459 2806 regios
1501 2741 1559 2792 et
1600 2736 1886 2802 universa.

221 2846 249 2873 ‹‹
283 2823 545 2895 diripuit.
585 2825 765 2879 Scuta
804 2839 1048 2896 quoque
1078 2840 1260 2881 aurea
1299 2841 1435 2897 quae
1468 2825 1686 2882 fecerat
1717 2825 1881 2883 Salo-

218 2935 247 2960 «
277 2928 442 2979 mon,
475 2927 590 2985 pro
619 2911 844 2984 quibus
890 2912 1026 2968 fecit
1077 2913 1347 2969 Boboam
1389 2919 1558 2970 scuta
1601 2931 1778 2982 terea,
1827 2920 1884 2971 et

217 3025 244 3051 ‹‹
279 3002 519 3058 tradidit
562 3017 634 3056 ea
677 3001 741 3056 in
785 3016 1036 3056 manum
1082 3002 1307 3057 ducum
1348 3003 1766 3073 scutariorum,
1825 3009 1883 3059 et

217 3109 242 3134 «ι
274 3103 484 3143 eorum
503 3086 612 3159 qui
635 3085 1021 3142 excubabant
1040 3091 1175 3143 ante
1198 3087 1419 3142 ostium
1439 3085 1660 3142 domus
1683 3088 1878 3158 Regis.

217 3197 243 3225 ι(
277 3176 552 3248 Cumque
583 3173 995 3244 ingrederetur
1046 3190 1148 3230 rex
1198 3175 1258 3230 in
1309 3175 1562 3230 domum
1624 3175 1878 3245 Domini,

221 3287 249 3313 «ι
283 3264 606 3335 portabant
634 3278 706 3318 ea
731 3263 837 3334 qui
857 3263 1164 3334 praeeundi
1192 3262 1501 3318 habebant
1519 3262 1807 3329 ofﬁcium,
1826 3268 1883 3320 et

229 3371 262 3404 α
293 3356 502 3422 postea
521 3351 903 3422 reportabant
929 3352 1005 3407 ad
1027 3351 1565 3407 armamentarium
1597 3352 1882 3408 scutario-

237 3463 266 3488 ‹‹
296 3455 450 3507 rum,
486 3461 516 3487 π
545 3444 601 3493 et
625 3439 865 3513 reliqua.
898 3440 975 3496 De
998 3456 1122 3513 quo
1144 3456 1283 3511 rege
1313 3441 1374 3496 in
1398 3441 1551 3496 libro
1578 3441 1882 3515 Paralipo-

235 3543 451 3583 menon
481 3527 712 3599 plenius
753 3533 1051 3591 narratur,
1112 3529 1215 3584 ubi
1271 3529 1387 3586 hoc
1439 3529 1624 3585 modo
1667 3529 1884 3600 legitur

227 3619 293 3688 (ll
317 3617 458 3674 Par.
493 3619 596 3688 xu)
621 3634 635 3672 :
666 3640 694 3667 «
722 3623 894 3673 Anno
920 3623 1121 3674 autem
1148 3619 1358 3690 quinto
1384 3618 1552 3688 regni
1583 3620 1877 3686 Roboam,

232 3705 486 3762 ascendit
514 3709 698 3762 Sesac
729 3722 833 3761 rex
863 3707 1106 3779 zEgypti
1126 3706 1186 3761 iu
1210 3707 1559 3777 Jerusalem,
1583 3708 1727 3780 quia
1752 3723 1884 3780 pec-

242 3799 505 3850 caverunt
539 3795 820 3864 Domino,
871 3811 1009 3850 cum
1055 3794 1214 3850 mille
1269 3795 1541 3852 ducentis
1581 3797 1879 3864 curribus,

242 3886 292 3936 et
313 3883 616 3953 sexaginta
648 3882 915 3938 millibus
943 3883 1233 3955 equitum.
1262 3887 1376 3938 Nec
1425 3888 1551 3939 erat
1592 3899 1882 3939 numerus

236 3971 380 4041 vulgi
408 3972 517 4044 qui
547 3977 798 4028 venerat
822 3988 960 4027 cum
989 3987 1060 4027 eo
1091 3987 1164 4026 ex
1193 3974 1466 4043 zEgypto,
1519 3972 1730 4045 Libyes
1777 3973 1886 4028 sci-

221 4059 347 4117 licet
400 4067 462 4117 et
509 4061 868 4131 'l‘rogloditae
929 4061 1250 4132 tEthiopes,
1296 4060 1570 4132 cepitque
1620 4060 1884 4116 civitates

219 4149 661 4206 munitissimae
694 4150 755 4204 in
786 4149 961 4216 Juda,
1009 4153 1066 4204 et
1101 4150 1258 4204 venit
1299 4165 1486 4220 usque
1525 4151 1882 4205 Jerusalem.

218 4239 487 4294 Semeias
555 4244 759 4293 autem
830 4238 1124 4309 propheta
1169 4237 1477 4306 ingressus
1517 4241 1606 4293 est
1651 4237 1729 4294 ad
1777 4241 1885 4294 Ro-

213 4326 394 4383 boam
453 4332 516 4382 et
567 4326 867 4399 principes
930 4326 1102 4396 Juda,
1166 4325 1271 4396 qui
1343 4327 1688 4396 congregati
1765 4327 1886 4383 fue-

211 4424 339 4473 rant
398 4417 472 4471 in
520 4388 854 4471 Jerusalem
905 4388 1202 4484 fugientes
1249 4388 1758 4488 Sesacfdiiitque
1808 4416 1885 4472 ad
1921 4388 1962 4441 ί)

211 4520 351 4560 eos:
425 4505 573 4560 Haac
631 4503 773 4558 dicit
831 4505 1161 4559 Dominus:
1223 4506 1336 4559 Vos
1404 4501 1722 4574 reliquistis
1765 4516 1882 4569 me,

211 4599 260 4648 et
314 4609 442 4664 ego
499 4591 714 4664 reliqui
764 4608 870 4647 vos
922 4593 983 4647 in
1043 4608 1228 4648 manu
1285 4596 1480 4649 Sesac.
1539 4595 1887 4647 Consterna-

210 4684 364 4755 tique
403 4681 717 4753 principes
757 4681 940 4737 Israel
977 4685 1033 4738 et
1059 4697 1164 4736 rex
1194 4682 1508 4737 dixerunt:
1551 4683 1751 4736 Justus
1800 4683 1888 4736 est

209 4772 536 4828 Dominus.
567 4770 837 4842 Cumque
875 4770 1120 4826 vidisset
1167 4771 1452 4825 Dominus
1488 4769 1655 4843 quod
1692 4768 1886 4824 humi-

207 4858 328 4915 liati
357 4862 602 4925 essent,
632 4858 823 4914 factus
849 4864 938 4914 est
966 4873 1162 4914 sermo
1196 4858 1424 4914 Domini
1455 4859 1533 4914 ad
1567 4856 1882 4922 Semeiam,

209 4948 467 5006 dicens:
557 4947 708 5012 Quia
794 4947 1088 5003 humiliati
1147 4952 1306 5014 sunt,
1358 4963 1482 5003 non
1537 4945 1885 5018 disperdam

209 5053 352 5093 eos:
441 5035 737 5108 daboque
811 5036 896 5092 eis
955 5035 1288 5108 pauxillum
1344 5034 1579 5101 auxilii,
1639 5039 1696 5090 et
1762 5049 1884 5090 non

211 5125 466 5183 stillabit
531 5124 696 5180 furor
755 5140 927 5180 meus
982 5140 1164 5197 super
1217 5124 1543 5180 Jerusalem
1597 5139 1704 5196 per
1758 5139 1884 5179 ma-

212 5227 356 5270 num
414 5217 627 5271 Sesac.
679 5216 1100 5269 Verumtamen
1148 5213 1202 5268 ei
1253 5213 1509 5268 servient
1574 5217 1639 5267 ut
1699 5213 1889 5268 sciant

212 5301 580 5358 distantiam
633 5302 933 5358 servitutis
989 5318 1160 5372 meae,
1224 5307 1282 5357 et
1353 5301 1645 5357 servitutis
1720 5302 1885 5369 regni

212 5393 546 5448 terrarum.
604 5391 861 5446 Recessit
902 5391 1104 5462 itaque
1157 5392 1332 5446 Sesac
1373 5405 1476 5445 rex
1526 5389 1770 5460 IEgypti
1809 5389 1887 5442 ab

1992 442 2147 493 rum,
2175 429 2278 501 qui
2300 430 2716 486 custodiebant
2744 431 3104 486 vestibulum
3150 431 3374 504 palatii.
3405 453 3434 481 ››
3495 432 3647 498 Quid

1995 531 2136 586 ergo
2161 534 2268 590 per
2292 518 2550 588 figuram
2572 520 2685 574 hoc
2709 519 2988 586 insinuat,
3007 521 3172 592 quod
3188 525 3430 593 propter
3447 536 3649 593 pecca-

1993 608 2121 660 tum
2154 607 2423 663 Roboam
2455 609 2629 664 Sesac
2656 624 2758 664 rex
2791 609 3023 680 Egypti
3049 609 3121 664 de
3172 609 3354 664 domo
3410 609 3647 666 Domini

1995 695 2305 752 thesauros
2339 698 2599 766 abstulit,
2631 703 2686 754 et
2712 699 3024 754 thesauros
3050 699 3269 768 regios,
3317 698 3427 754 nisi
3481 699 3647 771 quod

1994 784 2134 840 mali
2157 791 2411 841 rectores
2441 792 2685 859 propter
2744 787 3167 857 negligentiam
3221 803 3393 842 suam
3443 803 3646 857 regem

1992 876 2245 947 1Egypti,
2278 876 2392 931 boc
2416 882 2520 942 est,
2545 877 2876 949 principem
2912 877 3291 932 tenebrarum
3323 877 3382 932 in
3413 880 3646 933 Jerusa-

1995 967 2113 1018 lem
2143 965 2407 1038 typicam
2428 971 2778 1037 provocant,
2802 967 2858 1020 in
2895 965 3212 1020 Ecclesiam
3238 965 3509 1022 videlicet
3533 966 3646 1022 sibi

1995 1053 2381 1109 commissam
2417 1071 2428 1108 :
2472 1055 2574 1109 ubi
2597 1055 2708 1128 ipsi
2739 1055 2815 1110 ad
2849 1060 3083 1127 tempus
3111 1054 3410 1110 dominari
3441 1055 3643 1110 viden-

1993 1147 2108 1204 tur,
2140 1143 2241 1214 qui
2274 1144 2590 1198 thesauros
2617 1144 2835 1198 domus
2864 1143 3094 1198 Domini
3122 1147 3178 1198 et
3199 1143 3511 1198 thesauros
3559 1160 3646 1199 re-

1995 1233 2121 1299 gios
2135 1231 2346 1301 aufert,
2361 1249 2496 1287 cum
2513 1233 2818 1288 scientiam
2839 1238 3180 1287 sanctarum
3205 1231 3641 1304 Scripturarum

1993 1319 2170 1374 simul
2196 1325 2251 1375 et
2281 1336 2462 1392 opera
2494 1321 2774 1376 virtutum
2801 1321 2878 1376 ab
2918 1321 3169 1376 incautis
3227 1325 3283 1375 et
3328 1320 3644 1376 desidiosis

1993 1408 2328 1465 abstrahit?
2358 1411 2532 1465 Sesac
2563 1425 2704 1480 ergo
2739 1410 2944 1480 byssus
2977 1410 3159 1464 cilicii
3206 1409 3327 1464 sive
3352 1410 3640 1478 gaudium

1992 1497 2176 1552 cilicii
2196 1497 2630 1569 interpretatur.
2667 1502 2728 1553 Et
2749 1499 2892 1570 quia
2917 1498 3139 1570 byssus
3168 1497 3549 1552 subtilitatem
3573 1496 3647 1552 si-

1994 1584 2257 1653 gnificat,
2311 1585 2567 1640 cilicium
2614 1602 2774 1651 vero,
2835 1585 3001 1658 quod
3048 1585 3122 1640 de
3158 1601 3476 1657 caprarum
3508 1585 3645 1640 setis

1995 1672 2324 1740 conﬁcitur,
2357 1682 2622 1747 peccata,
2654 1676 2800 1746 quid
2855 1675 3065 1730 melius
3119 1675 3179 1729 in
3237 1674 3422 1746 bysso
3453 1674 3641 1739 cilicii,

1994 1777 2180 1834 quam
2213 1765 2466 1818 versutia
2499 1764 2723 1818 fraudis
2747 1763 3077 1826 diabolicaa,
3126 1765 3184 1818 in
3250 1762 3644 1835 persuasione

1994 1856 2374 1922 peccatorum
2407 1853 2591 1925 accipi
2622 1853 2860 1924 potest?
2890 1854 3064 1907 Sesac
3092 1850 3646 1922 enimJerosolymi-

1993 1943 2166 1995 tanas
2196 1957 2343 2012 opes
2374 1942 2582 2007 aufert,
2617 1958 2753 1996 cum
2786 1941 3065 1996 diabolus
3094 1942 3198 2013 qui
3224 1940 3435 1996 callide
3491 1940 3647 1995 deci-

1994 2027 2098 2099 pit,
2125 2035 2180 2083 et
2206 2029 2426 2096 gaudet
2454 2030 2512 2084 in
2538 2029 2913 2084 multitudine
2935 2033 3321 2100 peccatorum
3343 2027 3648 2082 ecclesias-

1992 2116 2140 2171 ticos
2168 2133 2440 2188 quosque
2472 2134 2508 2173 a
2538 2117 2781 2172 scientia
2804 2116 3112 2187 spirituali,
3149 2123 3206 2171 et
3241 2131 3420 2186 opere
3465 2117 3646 2168 virtu-

1992 2208 2121 2259 tum
2147 2204 2474 2276 depraedat,
2509 2221 2729 2278 eosque
2755 2205 2860 2276 qui
2879 2204 3241 2260 videbantur
3268 2203 3328 2258 in
3387 2201 3647 2258 Ecclesia

1992 2291 2192 2347 decori
2221 2309 2370 2359 esse,
2401 2293 2689 2366 spoliatos
2721 2309 2923 2347 secum
2954 2291 3014 2346 in
3055 2291 3404 2346 barathrum
3454 2289 3648 2362 perdi-

1992 2380 2169 2435 tionis
2197 2397 2317 2435 suae
2340 2381 2649 2449 demergit,
2673 2395 2910 2435 necnon
2933 2384 2988 2435 et
3008 2379 3155 2434 illud
3175 2378 3341 2451 quod
3359 2378 3520 2434 idem
3541 2392 3646 2432 rex

1992 2475 2159 2525 scuta
2188 2486 2370 2525 aurea
2398 2486 2533 2542 quin
2563 2470 2779 2525 fecerat
2805 2485 2909 2524 rex
2939 2468 3222 2524 Salomon
3252 2466 3493 2523 abstulit
3536 2481 3646 2538 pro

1990 2558 2210 2631 quibus
2238 2559 2371 2614 fecit
2401 2575 2503 2613 rex
2532 2557 2799 2613 Roboain
2832 2562 3000 2613 scuta
3027 2571 3185 2612 aarea
3214 2559 3268 2611 et
3289 2553 3530 2610 tradidit
3576 2568 3648 2609 ea

1990 2649 2050 2703 in
2084 2663 2272 2703 manu
2303 2648 2528 2702 ducum
2552 2647 2970 2712 scutariorum,
2992 2646 3069 2701 ad
3091 2643 3374 2700 eumdem
3404 2657 3648 2698 sensum

1989 2737 2246 2809 respicit.
2276 2735 2559 2792 Salomon
2591 2735 2750 2790 enim
2774 2739 2944 2791 scuta
2963 2749 3147 2790 aurea
3164 2731 3430 2788 condens
3451 2734 3650 2786 custo-

1990 2825 2168 2881 dibus
2194 2825 2414 2880 domus
2445 2841 2568 2879 sua:
2595 2823 2780 2892 dedit,
2841 2840 2980 2879 cum
3040 2823 3401 2893 Redemptor
3448 2824 3650 2875 noster

1990 2913 2360 2986 spiritualem
2393 2913 2704 2968 scientiam
2736 2928 2842 2984 per
2871 2912 2993 2967 duo
3016 2915 3370 2967 testamenta
3395 2907 3649 2964 doctori-

1988 3002 2104 3056 bus
2135 3001 2405 3056 Ecclesiaa
2440 3001 2516 3057 ad
2548 3000 2834 3055 tuendam
2860 2999 3100 3071 plebem
3132 3015 3304 3054 suam
3347 3011 3649 3052 commen-

1989 3089 2172 3145 davit.
2207 3092 2366 3143 Hanc
2397 3088 2679 3159 antiquus
2697 3087 2884 3141 hostis
2909 3102 3014 3158 per
3033 3086 3327 3141 incuriam
3349 3089 3648 3138 rectorum

1990 3178 2300 3246 abstrahit,
2333 3178 2476 3248 quia
2514 3192 2653 3231 cum
2675 3175 2881 3230 intenti
2911 3179 3049 3229 sunt
3068 3173 3250 3229 rebus
3277 3171 3522 3228 terrenis
3539 3171 3647 3225 mi-

1989 3282 2227 3338 nusque
2264 3281 2472 3320 curam
2533 3265 2607 3318 de
2653 3263 2990 3318 coelestibus
3041 3260 3238 3317 ofﬁcio
3296 3260 3545 3332 pristino
3593 3262 3650 3315 et

1991 3354 2236 3410 scientia
2265 3351 2624 3420 denudatOs,
2651 3351 2826 3423 quasi
2855 3351 2917 3405 in
2947 3349 3130 3404 domo
3161 3349 3404 3421 propria
3430 3347 3648 3419 opibus

1992 3442 2300 3515 spoliatos,
2322 3440 2654 3512 dereliquit.
2677 3438 2942 3510 Denique
2972 3437 3118 3493 tales
3149 3453 3288 3492 cum
3315 3450 3498 3491 sensu
3525 3434 3645 3506 spi-

1989 3532 2144 3589 ritali
2187 3531 2473 3604 privatos,
2525 3545 2587 3584 se
2637 3528 3030 3598 conspiciunt,
3085 3541 3192 3598 per
3244 3524 3648 3597 eloquentiam

1990 3622 2314 3677 verborum
2347 3620 2586 3692 copiam
2616 3621 2894 3690 quaerunt
2918 3620 3214 3689 quatenus
3236 3629 3443 3670 eorum
3477 3627 3651 3668 sono-

1991 3711 2180 3772 ritate,
2215 3710 2377 3764 velut
2397 3713 2703 3764 scutorum
2735 3721 3028 3761 aereorum
3059 3704 3356 3770 firmitate,
3380 3707 3650 3758 tutamen

1993 3804 2199 3856 contra
2229 3801 2427 3854 hostes
2457 3813 2566 3869 pro
2626 3795 2910 3864 subjectis
2969 3792 3081 3848 sibi
3140 3795 3470 3864 opponant.
3535 3789 3650 3845 Sed

1992 3893 2219 3959 quanto
2250 3904 2332 3941 aes
2355 3892 2441 3940 est
2464 3885 2633 3939 vilius
2664 3882 2905 3938 metallo
2927 3881 3078 3946 auri,
3110 3885 3276 3936 tanto
3306 3877 3650 3933 inferiorest

1992 3991 2153 4032 vana
2195 3973 2536 4046 eloquentia
2586 3987 2737 4026 vera:
2795 3969 3149 4041 eloquentiae
3207 3967 3421 4022 fructu.
3483 3964 3647 4021 Unde

1992 4079 2100 4136 per
2129 4061 2457 4134 quemdam
2495 4062 2824 4132 sapientem
2881 4059 2954 4112 de
3004 4055 3343 4128 eloquentia
3387 4053 3601 4109 dicitur
3633 4070 3646 4108 :

1995 4175 2024 4202 «
2055 4151 2163 4208 Ubi
2195 4151 2454 4222 plurima
2471 4149 2670 4214 verba,
2705 4147 2786 4202 ibi
2812 4147 3151 4218 frequenter
3181 4149 3415 4215 egestas
3442 4144 3647 4211 (Prov.

1993 4243 2120 4311 xui)
2151 4257 2162 4294 :
2196 4263 2223 4289 ››
2252 4243 2314 4294 Et
2343 4239 2401 4294 in
2435 4236 2681 4309 psalmis
2709 4238 2789 4291 ita
2815 4235 3030 4305 legitur
3081 4251 3093 4289 :
3158 4253 3187 4286 ‹
3219 4233 3312 4288 Vir
3340 4232 3651 4301 linguosus

1996 4351 2025 4378 «
2059 4345 2178 4384 non
2234 4327 2520 4396 dirigetur
2565 4341 2744 4398 super
2802 4329 3019 4379 terram
3047 4323 3236 4394 (Psal.
3286 4337 3406 4377 xm.
3447 4341 3468 4374 ι
3501 4323 3651 4376 Nam

1995 4419 2070 4474 de
2129 4417 2418 4490 sapientia
2473 4416 2552 4470 ita
2605 4415 2891 4487 scriptum
2939 4418 3045 4469 est.
3109 4435 3137 4462 «
3170 4412 3470 4484 Sapientia
3521 4425 3653 4481 pre-

1997 4507 2200 4564 tiosior
2243 4512 2330 4562 est
2381 4504 2609 4560 cunctis
2667 4503 2922 4576 opibus;
2983 4506 3039 4556 et
3082 4501 3289 4556 omnia
3350 4514 3486 4569 quin
3552 4497 3652 4551 de-

1996 4597 2349 4660 siderantur,
2405 4609 2527 4648 non
2584 4591 2786 4646 valent
2860 4591 2912 4644 ei
2965 4586 3320 4659 comparari.
3380 4584 3653 4653 Longitu-

1995 4685 2074 4740 do
2122 4684 2356 4738 dierum
2417 4684 2475 4735 in
2528 4681 2772 4735 dextera
2829 4678 2959 4747 ejus
3013 4681 3068 4730 et
3106 4677 3168 4729 in
3227 4673 3465 4728 sinistra
3495 4671 3651 4726 illius

1994 4772 2213 4827 divitiae
2269 4775 2325 4824 et
2377 4769 2566 4839 gloria
2643 4769 2845 4837 (Prov.
2906 4765 3041 4833 VIII).
3080 4781 3106 4810 ι
3181 4761 3292 4827 Qui
3342 4776 3485 4816 vero
3543 4776 3651 4832 op-

1993 4863 2318 4932 portunam
2374 4857 2783 4911 defensionem
2863 4851 3130 4907 Ecclesiae
3188 4850 3312 4906 vult
3373 4849 3653 4905 exhibere

1995 4951 2204 5002 contra
2259 4943 2566 4999 haereticos
2625 4948 2684 4997 et
2733 4945 2941 4997 contra
2998 4954 3210 4994 omnes
3238 4938 3513 4993 inimicos
3563 4953 3656 4993 sa-

1994 5035 2249 5108 pientiae,
2311 5033 2512 5104 utique
2567 5028 2931 5087 adminiculo
2986 5029 3100 5083 hoc
3135 5027 3313 5082 debet
3342 5025 3650 5099 perficere.

1996 5128 2111 5180 Nec
2137 5121 2476 5194 eloquentia
2502 5118 2728 5191 aliquid
2760 5117 2837 5172 ad
2865 5118 2981 5172 hoc
3013 5116 3140 5171 sine
3169 5115 3462 5186 sapientia
3520 5129 3656 5186 pro-

1995 5213 2136 5281 ficit,
2169 5212 2289 5266 imo
2321 5209 2647 5282 plurimum
2677 5211 2870 5261 nocet.
2907 5209 3081 5260 Porro
3129 5203 3296 5276 quod
3336 5202 3550 5273 legitur
3591 5202 3655 5258 in

1998 5299 2406 5374 sequentibus,
2437 5295 2604 5369 quod
2634 5294 2860 5350 bellum
2890 5293 3061 5348 fuerit
3086 5293 3237 5348 inter
3277 5291 3546 5347 Roboam
3597 5295 3655 5346 et

1995 5390 2334 5449 Jeroboam,
2365 5391 2421 5441 et
2449 5391 2568 5440 Asa
2622 5399 2824 5454 regem
2873 5381 3048 5451 Juda,
3100 5385 3280 5452 atque
3332 5380 3523 5435 Baasa
3566 5395 3654 5434 re-

209 5480 565 5537 Jerusalem
620 5479 872 5536 sublatis
921 5481 1213 5536 thesauris
1269 5479 1488 5535 domus
1549 5477 1780 5533 Domini
1834 5482 1891 5532 et
1999 5495 2136 5547 gem
2169 5476 2344 5533 Israel
2375 5474 2601 5530 cunctis
2627 5472 2842 5528 diebus
2873 5485 3100 5530 eorum.
3135 5467 3434 5524 nonaliud
3465 5466 3651 5536 signi-

211 5567 446 5624 domus
493 5567 677 5638 regis,
716 5569 1040 5651 omniaque
1093 5585 1297 5624 secum
1350 5567 1494 5634 tulit,
1542 5572 1598 5622 et
1647 5567 1890 5639 clypeos

214 5671 446 5714 aureos
505 5672 667 5730 quos
725 5659 939 5715 fecerat
995 5658 1299 5726 Salomon,
1362 5671 1473 5728 pro
1527 5655 1749 5728 quibus
1805 5655 1888 5711 fe-

2000 5569 2177 5620 ticarc
2209 5571 2372 5636 puto,
2408 5579 2591 5635 quam
2616 5560 2783 5633 quod
2827 5563 3034 5614 sancta
3095 5556 3354 5612 Ecclesia
3413 5569 3546 5625 quas
3586 5553 3649 5605 in

2001 5653 2224 5708 unitate
2252 5652 2392 5707 ﬁdei
2420 5650 2700 5725 persistit,
2723 5647 2949 5703 bellum
2977 5645 3201 5702 habeat
3228 5656 3465 5712 semper
3511 5653 3652 5693 cum
