4102 6184
400 200 508 265 67ft

400 322 694 391 hgereticis
736 324 793 379 et
834 316 1245 385 schismaticis,
1273 319 1330 371 et
1365 313 1649 381 omnibus
1680 309 1786 384 qui
1827 305 2050 365 violare
2082 305 2129 360 Α

403 411 773 473 contendunt
838 407 1022 465 ﬁdem
1088 403 1461 471 catholicam.
1524 424 1552 452 ι(
1601 403 1821 460 Omnes
1889 394 2049 453 enim

403 501 491 571 (ut
514 497 595 554 ait
623 495 962 569 Apostolus)
990 493 1095 568 qui
1122 493 1218 567 pie
1247 493 1460 549 volunt
1489 492 1682 548 vivere
1714 489 1774 545 in
1796 485 2048 550 Christo,

399 587 873 661 persecutionem
928 584 1276 657 patientur:
1331 582 1475 655 quia
1528 581 1712 636 draco
1764 575 2049 648 antiquus

399 674 778 750 persequitur
805 672 1116 729 mulierem
1158 670 1451 727 insidians
1503 668 1785 726 calcaneo
1817 666 1966 737 ejus,
1996 665 2053 717 et

400 765 533 837 ipsa
559 762 807 819 conterit
834 766 1016 835 caput
1052 761 1181 831 ejus
1227 761 1315 825 (II
1343 760 1489 817 Tim.
1522 759 1623 830 III).
1654 778 1682 807 »
1724 760 1841 812 Asa
1888 751 2049 809 enim

401 854 615 909 tollens
644 850 765 907 sive
793 851 1130 919 sustollens,
1160 853 1216 905 et
1260 850 1447 909 Baasa
1499 846 1769 916 confusio
1806 841 1902 900 vel
1945 841 2052 896 sic-

401 942 549 998 citas
577 940 1013 1012 interpretatur.
1046 941 1114 995 Et
1148 939 1301 994 bene
1334 935 1612 993 Ecclusim
1654 933 1916 1008 populus
1946 928 2050 987 tol-

398 1029 527 1091 lens
579 1028 703 1085 sive
760 1028 1076 1085 sustollens
1133 1027 1368 1094 dicitur,
1406 1025 1512 1099 qui
1559 1028 1821 1081 mentem
1874 1035 2047 1079 suam

399 1118 479 1175 ad
524 1133 786 1190 superna
840 1116 1137 1173 desideria
1185 1115 1579 1188 suspendens,
1631 1111 2051 1169 confusionem

398 1210 771 1267 terrenarum
813 1205 1228 1278 cupiditatum,
1268 1221 1406 1263 cum
1452 1219 1659 1260 earum
1706 1203 2052 1272 suggestore

400 1295 663 1374 diabolo,
697 1294 963 1366 spernit:
1013 1310 1083 1351 ac
1124 1293 1288 1349 velut
1331 1292 1490 1348 sicca
1536 1295 1594 1347 et
1638 1289 1868 1347 inutilia
1914 1302 2051 1343 con-

401 1385 630 1442 temnit.

1032 1504 1115 1559 CA
1132 1506 1259 1560 PUT
1283 1503 1422 1559 XVI.

1516 186 1873 259 ANGELouI
1901 176 2354 251 LUXQVIENSIS
2381 175 2696 243 MONACHI

3710 173 3823 249 me

2158 300 2354 371 gione,
2381 299 2699 359 comedent
2744 314 2884 354 eum
2927 295 3199 354 volucres
3251 293 3402 351 coeli.
3442 316 3470 345 »
3526 294 3684 360 Quid
3733 302 3826 353 est

2157 405 2299 459 ergo
2330 392 2633 443 mortuum
2663 403 2791 441 esse
2816 386 2879 441 in
2909 385 3162 455 civitate,
3194 383 3305 439 nisi
3338 382 3671 456 quemlibet
3703 384 3825 442 Iide

2159 484 2330 535 tenus
2358 477 2420 533 in
2451 476 2709 533 Ecclesia
2737 477 3239 549 perseverantem,
3269 472 3627 531 criminibus
3660 474 3824 549 capi-

2156 567 2377 625 talibus
2401 566 2730 622 obnoxium
2763 565 2937 620 esse?
2990 566 3055 620 In
3095 564 3327 620 civitate
3368 579 3512 634 ergo
3544 564 3822 638 moritur,

2157 656 2262 731 qui
2307 656 2463 713 intra
2504 654 2829 712 Ecclesiam
2883 654 2977 710 Dei
3009 670 3193 727 opera
3221 652 3526 724 pravitatis
3564 658 3823 711 exercet.

2158 746 2260 801 Ille
2287 744 2445 800 enim
2504 760 2605 801 ore
2665 760 2885 800 canum
2937 742 3252 809 laceratur,
3312 758 3451 797 cum
3508 744 3824 801 sententiis

2160 838 2503 895 sanctorum
2548 833 2862 889 doctorum
2909 832 3253 902 increpatur
3291 830 3581 901 arguitur,
3616 837 3824 904 atque,

2159 923 2501 979 damnatur.
2531 923 2609 979 De
2633 921 2855 995 quibus
2882 920 3157 975 videlicet
3185 919 3439 975 canibus
3482 919 3543 975 in
3578 923 3821 992 psalmo

2160 1011 2449 1082 scriptum
2504 1014 2591 1066 est
2638 1026 2651 1069 ;
2709 1034 2735 1061 «
2787 1011 2855 1066 Ut
2905 1023 3085 1063 canes
3132 1007 3469 1065 circuibunt
3525 1008 3827 1067 civitatem

2162 1102 2350 1168 (Psal.
2380 1103 2561 1168 LVIII).
2589 1121 2616 1149 »
2648 1102 2835 1156 Canes
2865 1099 3027 1152 enim
3058 1113 3094 1152 a
3142 1096 3417 1152 canendo
3467 1096 3609 1155 dicti
3660 1102 3824 1163 sunt.

2161 1190 2392 1246 Canum
2422 1188 2581 1253 enim
2611 1185 2984 1244 consuetudo
3015 1190 3124 1255 est,
3155 1184 3256 1241 illa
3299 1184 3435 1241 loca
3479 1185 3825 1259 defendere,

2160 1280 2223 1336 in
2247 1279 2469 1353 quibus
2519 1294 2581 1334 se
2626 1282 2849 1335 norunt
2878 1276 3231 1337 alimoniam
3278 1276 3560 1349 reperire,
3603 1277 3823 1335 Civitas

2162 1374 2363 1427 autem
2389 1367 2507 1435 illa,
2540 1384 2724 1440 quam
2757 1382 2936 1424 canes
2959 1366 3057 1422 isti
3086 1366 3477 1434 circumeunt,
3499 1365 3827 1437 Jerusalem

2162 1461 2267 1523 est,
2296 1455 2702 1513 universaliter
2726 1469 2831 1526 per
2864 1453 3163 1520 mundum
3193 1452 3451 1511 diffusa:
3485 1454 3645 1510 hanc
3678 1470 3825 1526 ergo

2166 1544 2441 1602 circuisse
2466 1544 2735 1611 Paulum,
2766 1543 3054 1599 salutares
3081 1542 3313 1611 generis
3335 1542 3592 1600 humani
3614 1547 3835 1603 testan-

474 1668 502 1698 ιι
542 1647 753 1707 Factus
778 1650 864 1705 est
886 1649 1088 1705 autem
1110 1661 1308 1711 sermo
1327 1643 1562 1701 Domini
1587 1642 1661 1699 ad
1692 1640 1837 1696 Jehu
1866 1639 2055 1695 ﬁlium
2089 1658 2131 1714 Β
2166 1641 2260 1691 tur
2290 1634 2587 1713 Epistolas,
2620 1650 2754 1705 qua!
2786 1648 2893 1707 per
2919 1632 3225 1687 universas
3252 1636 3456 1702 gentes
3476 1632 3639 1693 velut
3659 1649 3831 1705 sacra

402 1756 432 1787 α
472 1735 668 1795 Anani
697 1741 905 1791 contra
937 1737 1143 1804 Baasa,
1175 1733 1381 1795 dicens
1414 1751 1426 1787 :
1461 1734 1574 1788 Pro
1603 1748 1674 1786 eo
1705 1729 1867 1802 quod
1899 1728 2058 1785 exal-

402 1844 430 1872 «
472 1822 595 1883 tavi
625 1827 680 1879 te
709 1822 784 1883 de
811 1821 1055 1894 pulvere
1081 1826 1137 1878 et
1166 1822 1341 1893 posui
1371 1820 1588 1885 ducem
1635 1834 1816 1890 super
1862 1832 2056 1888 popu-

403 1931 434 1968 ςς
471 1908 597 1975 lum
641 1925 846 1975 meum
894 1908 1088 1977 Israel,
1119 1912 1184 1966 tu
1232 1913 1435 1964 autem
1489 1905 1810 1965 ambulasti
1854 1905 1913 1959 in
1960 1904 2059 1971 via

402 2018 432 2055 (ς
469 1996 815 2067 Jeroboam,
867 2000 925 2056 et
969 2010 1219 2069 peccare
1271 1994 1455 2051 fecisti
1505 1992 1802 2067 populum
1850 2007 2055 2055 meum

401 2104 431 2143 «ς
472 2083 651 2151 Israel
681 2089 745 2149 ut
792 2100 890 2151 me
926 2084 1187 2151 irritares
1234 2083 1294 2143 in
1342 2083 1605 2155 peccatis
1649 2097 1879 2137 eorum.
1912 2083 2055 2147 Ecce

399 2191 431 2227 α
469 2186 581 2242 ego
606 2171 909 2239 demetam
935 2171 1267 2246 posteriora
1290 2174 1498 2239 Baasa,
1521 2175 1579 2226 et
1598 2169 1929 2242 posteriora
1954 2167 2057 2227 αυτ

400 2283 430 2315 ‹‹
471 2277 608 2331 mus
639 2261 792 2334 ejus,
826 2266 883 2331 et
920 2260 1140 2329 faciam
1170 2260 1423 2325 domum
1444 2265 1611 2319 tuam
1632 2261 1781 2315 sicut
1801 2258 2054 2325 domum

402 2373 431 2405 α
468 2350 783 2421 Jeroboam
836 2349 942 2421 ﬁlii
981 2350 1234 2413 Nabath.
1279 2351 1390 2416 Qui
1436 2354 1709 2411 mortuus
1756 2347 1929 2407 fuerit
1979 2347 2054 2412 de

400 2460 429 2499 ι(
470 2443 661 2507 Bassa
702 2440 764 2505 in
794 2438 1048 2509 civitate,
1081 2439 1398 2501 comedent
1441 2455 1581 2503 eum
1612 2452 1812 2505 canes,
1857 2441 1928 2491 et.
1949 2435 2054 2508 qui

400 2550 430 2589 ει
463 2532 736 2593 mortuus
764 2528 938 2595 fuerit
968 2544 1041 2587 ex
1066 2545 1136 2589 eo
1165 2529 1226 2585 in
1268 2528 1530 2598 regione,
1558 2526 1874 2583 comedent
1914 2541 2053 2580 eum

401 2616 739 2681 «volucres
771 2616 921 2681 oculi,
947 2637 975 2671 υ
1019 2617 1155 2673 Haec
1184 2616 1369 2685 verba
1418 2621 1625 2673 contra
1672 2630 1883 2670 omnes
1922 2628 2055 2687 pec-

398 2708 623 2771 cantes,
651 2707 708 2758 et
737 2706 946 2771 contra
975 2719 1185 2771 omnes
1214 2703 1523 2767 haereticos
1550 2706 1608 2759 et
1631 2716 1907 2774 paganos
1931 2717 2051 2757 ma—

396 2791 557 2861 xime
578 2791 811 2863 prolata
826 2792 1221 2864 sunt.0uippc
1239 2791 1341 2863 qui
1354 2791 1614 2863 peccatis
1635 2789 2054 2863 pristinis,pec-

397 2885 533 2947 cata
553 2895 791 2952 semper
808 2895 967 2947 nova
988 2880 1298 2951 adjiciunt,
1326 2884 1383 2935 et
1430 2878 1729 2947 malorum
1759 2876 2052 2949 exemplis

394 2968 734 3062 depravatis
756 2968 1081 3062 visceribus
1101 2969 1334 3051 pejores
1351 2968 1521 3062 ﬁunt.
1561 2970 1916 3062 «pernetam
1940 2967 2050 3036 (in-
2082 3005 2124 3062 α

394 3057 545 3129 quit)
567 3057 895 3129 posteriora
918 3060 1125 3127 Bassa,
1149 3062 1205 3113 et
1220 3057 1549 3129 posteriora
1575 3056 1794 3112 domus
1816 3055 1972 3113 illius
1996 3060 2055 3119 et

394 3144 613 3212 faciam
642 3144 894 3214 domum
923 3146 1053 3217 ejus
1093 3144 1246 3203 sicut
1285 3145 1537 3212 domum
1584 3144 1899 3209 Jeroboam
1949 3144 2050 3211 ﬁlii

394 3233 649 3301 Nabath.
672 3256 701 3285 »
735 3234 983 3303 Demetit
1012 3235 1299 3301 Dominus
1320 3234 1649 3308 posteriora
1672 3236 1878 3305 Baasa,
1908 3249 2049 3295 cum

391 3330 640 3395 peccata
667 3323 1014 3395 iniquorum
1044 3327 1180 3395 post
1207 3322 1389 3389 tinem
1426 3322 1559 3379 vita:
1590 3322 1917 3385 ulciscitur:
1947 3321 2048 3378 de-

392 3411 562 3473 metit
583 3415 643 3468 et
670 3411 999 3483 posteriora
1026 3411 1247 3477 domus
1277 3411 1429 3482 ejus,
1462 3426 1598 3465 cum
1627 3411 1952 3475 imitatores
1981 3409 2047 3464 il-

390 3498 587 3567 lorum
617 3498 849 3561 aeternis
876 3498 1237 3557 cruciatibus
1261 3498 1529 3559 damnat.
1562 3521 1589 3549 α
1615 3501 1681 3554 Et
1704 3498 1923 3563 faciam
1943 3498 2048 3554 do:

389 3601 562 3647 mum
593 3588 781 3653 Baasa
825 3584 978 3642 sicut
1001 3585 1108 3640 feci
1147 3585 1399 3647 domum
1439 3584 1757 3647 Jeroboam
1798 3583 1902 3640 ﬁlii
1937 3588 2045 3641 Na-

388 3674 556 3745 bath,
581 3696 609 3725 »
636 3691 776 3743 cum
805 3679 1149 3747 peccatores
1173 3674 1235 3733 in
1259 3673 1569 3747 iniquitate
1620 3688 1730 3728 sua
1768 3688 2041 3745 persevee

388 3768 607 3823 rantes.
635 3762 816 3833 simul
856 3778 996 3827 cum
1024 3762 1266 3819 diabolo
1305 3767 1362 3818 et
1391 3761 1616 3833 angelis
1645 3762 1796 3833 ejus,
1828 3761 2043 3819 inferni

388 3851 747 3919 Qruciaﬁbus
768 3850 976 3919 tradet.
999 3853 1184 3915 Baasa
1213 3851 1372 3913 enim
1403 3852 1491 3919 (ut
1515 3850 1801 3922 diximus)
1830 3850 2040 3930 confu-

385 3940 471 3995 sio
498 3938 591 4009 vel
620 3940 856 3995 siccitas
885 3939 1321 4011 interpretatur.
1353 3939 1670 3994 Jeroboam
1704 3954 1838 3994 vero
1887 3939 2044 4013 diiu-

385 4027 593 4093 dicans
620 4029 913 4096 populum
934 4043 955 4084 .·
985 4034 1042 4087 et
1069 4029 1319 4096 Nabath,
1339 4034 1733 4099 spontaneum
1780 4031 2041 4085 resonat.

387 4113 498 4180 Qui
527 4127 670 4181 ergo
718 4114 1099 4175 confusiones
1138 4133 1408 4173 errorum
1438 4120 1495 4172 et
1534 4122 1915 4189 peccatorum
1957 4132 2044 4170 se-

384 4200 605 4271 quitur,
628 4204 685 4257 et
710 4202 979 4272 virorum
1010 4205 1261 4273 gratiam
1311 4204 1634 4276 spiritalem
1681 4204 1901 4261 habere
1940 4219 2040 4261 ne-

384 4287 634 4358 gligens,
662 4288 722 4351 in
769 4289 1041 4357 ariditate
1078 4297 1460 4361 peccatorum
1494 4308 1683 4364 usque
1730 4292 1809 4349 ad
1854 4292 2039 4350 ﬁnem

381 4352 521 4443 ξιιιῶ
547 4382 906 4451 Perseverat,
930 4352 1258 4450 pbstériora
1280 4380 1409 4456 ejus
1426 4352 1823 4437 velut.diaboli
1842 4381 2040 4437 deme-
2068 4352 2112 4407 Ῑ)

380 4469 606 4537 tantur,
627 4464 732 4538 qui
748 4465 991 4539 propria
1005 4465 1310 4529 voluntate
1329 4467 1731 4539 superbiendo
1749 4467 1860 4524 sibi
1878 4484 2037 4525 mor-

381 4561 499 4627 tem
527 4561 789 4629 generat.
814 4559 880 4614 Et
908 4561 1048 4625 tunc
1070 4556 1365 4630 populum
1382 4556 1750 4630 perditorum
1772 4557 1935 4633 velut
1953 4557 2039 4613 di-

373 4645 643 4717 judicare
682 4646 938 4720 videtur,
986 4662 1124 4707 cum
1185 4662 1310 4717 non
1354 4646 1651 4719 judicium
1720 4648 2037 4721 aequitatis,

381 4735 490 4802 sed
518 4735 922 4805 damnationis
950 4737 1011 4796 in
1040 4736 1125 4806 eis
1155 4752 1426 4805 exercere
1455 4735 1844 4806 dignoscitur.
1876 4740 2038 4805 Tunc

381 4822 541 4888 enim
570 4830 953 4896 peccatorum
986 4831 1165 4899 atque
1195 4826 1469 4893 omnium
1510 4826 1855 4901 iniquorum
1897 4843 2037 4903 pos-

379 4906 593 4973 teriora
661 4912 1037 4973 demetentur
1105 4932 1243 4972 cum
1317 4917 1510 4989 capite
1580 4933 1695 4972 suo
1769 4916 2034 4984 diabolo,

378 4995 627 5066 quando
677 4998 865 5070 judex
919 5001 1191 5069 vivorum
1245 5010 1302 5065 et
1374 5010 1750 5065 mortuorum
1806 5006 1869 5061 in
1915 5006 2035 5061 ﬁne

380 5082 580 5139 seaculi
609 5084 875 5154 dicturus
905 5093 994 5144 est
1026 5080 1119 5147 his
1146 5092 1250 5163 qui
1286 5093 1361 5149 ad
1405 5094 1705 5155 sinistram
1736 5094 1865 5162 ejus
1914 5097 2035 5147 sta—

380 5170 532 5237 bunt
560 5189 573 5229 :
615 5196 641 5223 «
674 5175 966 5241 Discedite
992 5193 1029 5244 ει
1051 5195 1167 5246 Ine,
1202 5181 1519 5249 maledicti,
1547 5183 1608 5238 in
1647 5183 1851 5250 ignem
1875 5185 2036 5236 aeter-

379 5263 681 5334 num.qui
708 5272 1083 5337 praeparatus
1130 5274 1218 5327 est
1263 5269 1506 5331 diabolo
1554 5275 1609 5326 et
1656 5268 1831 5324 sociis
1880 5268 2030 5338 ejus.

380 5352 451 5406 Et
469 5349 643 5415 ibunt
669 5352 730 5409 hi
778 5354 840 5410 in
885 5358 1245 5430 suppliCium
1302 5364 1613 5423 aeternum,
1641 5356 1788 5425 insti
1829 5361 2031 5416 autem

378 5438 441 5496 in
468 5438 653 5499 vitam
682 5448 966 5501 aeternam
999 5448 1242 5511 (Matth.
1281 5452 1441 5516 xxv).
1478 5468 1506 5497 ››
1537 5476 1606 5484 -
1667 5465 1697 5497 «ι
1731 5446 1840 5513 Qui
1878 5464 2031 5511 mor-

381 5532 518 5585 tuus
574 5528 803 5601 (inquit)
843 5532 1017 5588 fuerit
1070 5534 1144 5589 de
1205 5537 1391 5589 Baasa
1441 5534 1501 5590 in
1554 5535 1804 5607 civitate,
1831 5554 2030 5594 come-

381 5615 527 5680 dent
552 5630 692 5683 eum
720 5634 924 5687 canes,
955 5625 1014 5684 et
1041 5621 1146 5695 qui
1167 5625 1443 5684 mortuus
1468 5623 1645 5685 fuerit
1673 5641 1746 5682 ex
1765 5643 1836 5684 eo
1866 5627 1927 5689 in
1947 5645 2034 5691 re-

2165 1725 2368 1783 divina
2398 1728 2739 1781 tenuerunt.
2774 1726 2816 1779 Ο
2850 1738 3063 1778 canem
3092 1722 3271 1778 istum
3294 1721 3565 1790 beatum,
3592 1724 3696 1797 qui
3721 1739 3829 1796 po-

2167 1814 2341 1887 pulos
2370 1812 2749 1889 perscquitur
2777 1810 3064 1877 inﬁdeles,
3097 1810 3257 1866 fures
3304 1810 3512 1881 abigit,
3547 1818 3604 1868 et
3650 1812 3829 1881 ovilia

2168 1908 2377 1971 sancta
2406 1902 2682 1973 custodit,
2712 1903 2884 1973 cujus
2912 1902 3155 1958 latratas
3184 1918 3292 1974 per
3306 1907 3499 1961 totum
3526 1904 3828 1973 mundum

2166 1993 2341 2068 quasi
2367 1994 2689 2064 gravisona
2718 1991 2863 2049 tuba
2888 1992 3253 2065 concrepuit.
3290 2014 3317 2041 ‹‹
3343 1993 3453 2058 Qui
3500 1993 3665 2053 enim
3703 2011 3829 2050 mo.

2168 2082 2331 2153 ritur,
2361 2082 2461 2145 ait,
2492 2097 2565 2136 ex
2594 2083 2790 2137 Baasa
2817 2083 2878 2136 in
2904 2080 3165 2151 regione,
3199 2081 3520 2139 comedent
3547 2098 3690 2149 eum
3722 2099 3827 2143 vo-

2164 2170 2358 2227 lucres
2388 2168 2539 2225 cmli.
2574 2186 2604 2221 ›
2638 2168 2720 2224 Illi
2750 2169 2911 2225 enim
2940 2184 3013 2224 ex
3046 2171 3261 2239 Baasa,
3296 2169 3412 2225 hoc
3456 2187 3528 2226 ex
3572 2186 3828 2249 corpore

2166 2258 2391 2315 diaboli
2405 2257 2758 2325 confusione
2773 2257 3117 2335 plenissima
3133 2256 3195 2313 in
3206 2258 3449 2330 regione
3462 2258 3826 2339 moriuntur,

2166 2348 2290 2421 qui,
2323 2352 2486 2403 extra
2514 2347 2834 2402 Ecclesiam
2854 2347 3131 2418 separati,
3154 2346 3500 2404 idololatriae
3520 2354 3626 2404 aut
3641 2350 3824 2404 haere-

2167 2438 2334 2493 sibus
2393 2453 2494 2492 ore
2540 2441 2718 2508 atque
2772 2451 2951 2508 opere
3007 2436 3235 2492 nefario
3281 2436 3634 2501 deserviunt,
3698 2437 3817 2491 hos

2165 2526 2325 2584 enim
2369 2525 2641 2587 volucres
2687 2524 2818 2580 coeli
2866 2524 3210 2593 comedunt,
3248 2525 3357 2581 illae
3400 2522 3664 2589 videlicet
3712 2538 3819 2580 vo-

2162 2614 2378 2683 lucres,
2436 2613 2511 2669 de
2563 2615 2785 2686 quibus
2842 2613 2904 2671 in
2958 2613 3263 2683 Evangelia
3327 2612 3612 2681 Dominus
3668 2612 3824 2681 dicit,

2163 2705 2225 2763 in
2274 2702 2597 2775 parabolas
2649 2702 2950 2771 sementis,
2982 2717 3146 2758 secus
3191 2700 3351 2763 viam
3396 2716 3607 2767 semen
3648 2716 3829 2774 spar-

2165 2808 2323 2863 sum,
2354 2791 2592 2847 volures
2638 2790 2770 2849 coeli
2812 2790 3146 2851 comedisse
3191 2790 3431 2861 (Matth.
3475 2793 3630 2858 xui).
3657 2793 3830 2847 Tunc

2164 2881 2325 2936 enim
2353 2879 2481 2943 istm
2512 2878 2785 2934 volucres
2815 2894 2919 2934 eos
2947 2878 3292 2945 comedunt,
3321 2878 3615 2951 quoniam
3650 2893 3829 2945 onus-

2165 2973 2255 3025 tos
2300 2967 2560 3042 peccatis
2614 2983 2817 3024 secum
2858 2966 2937 3022 ad
2994 2970 3288 3023 aeternum
3329 2968 3572 3040 rapiunt
3626 2966 3824 3025 interi-

2164 3062 2312 3113 tum.

2234 3166 2263 3196 α
2301 3148 2473 3201 Anno
2505 3142 2801 3199 tricesimo
2830 3142 3025 3215 primo
3055 3141 3176 3198 Asa
3223 3142 3381 3212 regis
3402 3140 3580 3210 Juda,
3613 3157 3824 3213 regna-

2159 3250 2192 3289 ‹
2224 3231 2307 3288 vit
2331 3230 2494 3289 Amri
2525 3246 2708 3302 super
2734 3230 2910 3287 Israel
2930 3229 3252 3286 duodecim
3284 3230 3479 3287 annis.
3506 3231 3573 3289 In
3604 3230 3825 3287 Thersa

2160 3341 2189 3381 (ς
2220 3320 2490 3391 regnavit
2509 3336 2612 3374 sex
2641 3319 2847 3375 annis:
2897 3318 3169 3390 Emitque
3218 3324 3489 3383 montem
3536 3319 3823 3381 Samaria:

2159 3429 2189 3459 α
2221 3425 2259 3465 a
2303 3411 2510 3464 Somer
2552 3407 2791 3467 duobus
2850 3407 3084 3464 talentis
3140 3409 3390 3479 argenti,
3444 3414 3504 3464 et
3558 3408 3818 3467 aediﬁca-

2157 3519 2189 3550 «
2220 3498 2302 3554 vit
2351 3514 2511 3565 eum,
2580 3503 2638 3553 et
2701 3497 2939 3553 vocavit
3009 3513 3234 3555 nomen
3301 3498 3554 3560 civitatis
3627 3513 3818 3570 quam

2156 3608 2186 3637 ‹‹
2218 3591 2593 3645 exstruxerat
2669 3586 2914 3653 nomine
2992 3588 3198 3643 Somer
3284 3587 3514 3653 Domini
3584 3585 3809 3641 montis

2156 3696 2186 3726 ‹‹
2221 3673 2524 3737 δὸΨᾶΓίίΕ.
2576 3696 2602 3723 ››
2641 3677 2760 3730 Hoc
2806 3673 3117 3746 quomodo
3164 3674 3392 3733 factum
3432 3675 3519 3741 sit,
3561 3674 3805 3745 losephi

2152 3762 2339 3819 verba
2366 3760 2773 3832 manifestant,
2828 3762 2888 3818 in
2939 3761 3163 3835 quibus
3207 3762 3291 3823 ita
3337 3763 3624 3835 scriptum
3665 3766 3808 3818 est:

2154 3850 2478 3913 Tricesimo
2509 3856 2710 3911 autem
2741 3867 2900 3906 anno
2930 3850 3086 3920 regis
3116 3856 3252 3921 Asa,
3303 3852 3511 3909 Ambri
3550 3851 3818 3924 suscepit

2151 3939 2493 4014 imperium,
2527 3944 2585 3994 et
2614 3940 2800 3995 tenuit
2826 3939 2999 3995 annis
3027 3939 3371 3996 duodecim.
3411 3943 3681 4007 Quorum
3707 3956 3817 4011 sex

2151 4030 2400 4103 quidem
2432 4029 2605 4086 annis
2633 4029 2769 4084 fecit
2810 4028 2872 4084 in
2906 4029 3146 4097 Thersa,
3189 4030 3452 4103 reliquos
3498 4036 3703 4087 autem
3752 4030 3818 4095 in,

2153 4119 2386 4175 civitate
2417 4134 2552 4190 quae
2602 4120 2753 4175 Mare
2793 4117 3290 4190 compellabatur.
3340 4136 3376 4175 a
3432 4119 3650 4183 Grtecis
3704 4135 3818 4185 au-

2153 4213 2273 4267 tem
2324 4206 2612 4264 Samaria.
2666 4205 2767 4263 Hic
2820 4222 2962 4262 vero
3018 4208 3349 4267 nominavit
3403 4223 3540 4265 eam
3600 4210 3819 4271 Sama-

2152 4302 2321 4353 reton
2352 4310 2387 4350 a
2418 4298 2666 4351 Samaro
2704 4294 2994 4365 quodam,
3046 4296 3152 4368 qui
3189 4296 3242 4351 ei
3280 4302 3552 4355 montem
3579 4313 3822 4357 venun-

2151 4384 2419 4451 dederat,
2463 4384 2525 4439 in
2560 4399 2682 4455 quo
2733 4382 3124 4441 constituerat
3167 4384 3487 4442 civitatem.
3535 4386 3600 4441 In
3642 4386 3823 4445 nullo

2149 4476 2349 4543 autem
2411 4471 2723 4531 differebat
2786 4471 3086 4544 prioribus
3147 4472 3416 4545 regibus,
3474 4474 3590 4537 nisi
3640 4476 3826 4548 quod

2146 4562 2318 4635 pejor
2345 4566 2491 4622 erat.

2221 4672 2250 4702 «
2283 4652 2351 4716 Et
2380 4648 2610 4717 addidit
2639 4648 2844 4707 Achab
2879 4650 2942 4706 in
2978 4666 3159 4723 opere
3192 4667 3303 4709 suo
3330 4650 3571 4721 irritans
3604 4656 3823 4727 Domi-

2149 4761 2177 4795 ‹‹
2210 4755 2359 4799 num
2380 4740 2567 4795 Deum
2591 4738 2789 4805 Israel,
2820 4754 3003 4811 super
3034 4755 3247 4796 omnes
3276 4756 3447 4811 reges
3470 4743 3674 4814 Israel,
3703 4747 3833 4818 qui

2148 4851 2175 4878 ‹‹
2209 4830 2444 4884 fuerant
2466 4832 2601 4883 ante
2632 4843 2791 4895 eum.
2821 4830 2880 4882 In
2901 4826 3117 4889 diebus
3140 4828 3270 4899 ejus
3288 4829 3615 4896 aediﬁcavit
3637 4833 3834 4903 Ahiel

2148 4941 2177 4968 α
2208 4917 2283 4973 de
2314 4916 2512 4975 Bethel
2538 4916 2792 4986 Jericho,
2829 4939 2846 4967 ι
2899 4921 2956 4972 et
2983 4917 3234 4990 reliqua.
3285 4919 3462 4985 Quod
3511 4921 3835 4993 scriptum

2145 5010 2234 5061 est
2260 5005 2335 5060 de
2366 5003 2736 5076 temporibus
2765 5003 2933 5075 regni
2962 5006 3210 5065 Achab:
3259 5028 3287 5056 «
3324 5008 3389 5074 In
3426 5006 3643 5077 diebus
3673 5011 3841 5082 ejus

2146 5115 2177 5142 «
2207 5092 2525 5148 aediﬁcavit
2552 5092 2721 5149 Ahiel
2761 5093 2835 5149 de
2874 5094 3073 5149 Bethel
3120 5095 3372 5155 lericho.
3443 5101 3507 5167 In
3554 5098 3838 5165 Abiram

2145 5202 2173 5231 «
2207 5180 2603 5252 primogenito
2634 5198 2743 5238 suo
2769 5181 3043 5239 fundavit
3066 5199 3223 5252 eam,
3269 5190 3325 5242 et
3355 5186 3419 5241 in
3459 5187 3661 5257 Seguh
3694 5204 3843 5249 no-

2148 5293 2175 5319 ‹‹
2207 5269 2449 5326 vissimo
2482 5285 2590 5325 suo
2622 5271 2824 5343 posuit
2852 5278 3056 5344 portas
3083 5274 3233 5344 ejus.
3281 5297 3309 5327 ››
3358 5279 3522 5333 Patet
3560 5294 3840 5354 sensus,

2142 5360 2287 5432 quia
2307 5376 2444 5426 cum
2462 5360 2720 5433 praefata:
2743 5361 3015 5419 conditor
3037 5364 3201 5419 urbis
3222 5365 3622 5429 fundamenta
3639 5368 3842 5432 illius

2142 5465 2365 5523 ponere
2384 5451 2689 5522 inciperet,
2716 5451 3151 5522 primogenitus
3170 5454 3324 5526 ejus,
3343 5456 3445 5527 qui
3463 5459 3849 5524 vocabatur

2142 5539 2386 5595 Abiram
2412 5543 2683 5596 mortuus
2704 5545 2815 5596 est.
2840 5545 3069 5598 Etcum
3102 5544 3247 5600 urbe
3268 5544 3563 5603 aediﬁcata
3590 5553 3845 5619 portas

2142 5628 2378 5687 munire
2405 5634 2675 5702 tentaret,
2706 5632 3104 5693 novissimum
3121 5634 3383 5693 ﬁliorum
3412 5651 3665 5697 suorum
3694 5655 3844 5701 eo-
