  <div class='ocr_page' id='page_1' title='image "/cluster/home/n/w/nwhite01/storage/ocr_20150623/115/hvd.32044054759790/244.png"; bbox 0 0 4102 6184; ppageno 0'>
   <div class='ocr_carea' id='block_1_1' title="bbox 270 183 375 246">
    <p class='ocr_par' dir='ltr' id='par_1_1' title="bbox 270 183 375 246">
     <span class='ocr_line' id='line_1_1' title="bbox 270 183 375 246; baseline -0.038 0"><span class='ocrx_word' id='word_1_1' title='bbox 270 183 375 246; x_wconf 62' lang='lat' dir='ltr'><strong>H7</strong></span> 
     </span>
    </p>
   </div>
   <div class='ocr_carea' id='block_1_2' title="bbox 1270 175 2684 244">
    <p class='ocr_par' dir='ltr' id='par_1_2' title="bbox 1270 175 2684 244">
     <span class='ocr_line' id='line_1_2' title="bbox 1270 175 2684 244; baseline -0.002 -11"><span class='ocrx_word' id='word_1_2' title='bbox 1270 179 1522 243; x_wconf 70' lang='lat' dir='ltr'><strong>ENABB.</strong></span> <span class='ocrx_word' id='word_1_3' title='bbox 1553 180 1622 242; x_wconf 77' lang='lat' dir='ltr'><strong>IN</strong></span> <span class='ocrx_word' id='word_1_4' title='bbox 1663 176 1917 242; x_wconf 69' lang='lat' dir='ltr'><strong>LIBROS</strong></span> <span class='ocrx_word' id='word_1_5' title='bbox 1945 175 2209 242; x_wconf 62' lang='grc' dir='ltr'><strong>ἢεί-ΗΜ.</strong></span> <span class='ocrx_word' id='word_1_6' title='bbox 2242 205 2312 230; x_wconf 61' lang='grc' dir='ltr'><strong>-ς-</strong></span> <span class='ocrx_word' id='word_1_7' title='bbox 2356 179 2424 243; x_wconf 67' lang='lat' dir='ltr'><strong>IN</strong></span> <span class='ocrx_word' id='word_1_8' title='bbox 2457 176 2684 244; x_wconf 69' lang='lat' dir='ltr'><strong>LIB-.111</strong></span> 
     </span>
    </p>
   </div>
   <div class='ocr_carea' id='block_1_3' title="bbox 3569 179 3676 238">
    <p class='ocr_par' dir='ltr' id='par_1_3' title="bbox 3569 179 3676 238">
     <span class='ocr_line' id='line_1_3' title="bbox 3569 179 3676 238; baseline 0 -1"><span class='ocrx_word' id='word_1_9' title='bbox 3569 179 3676 238; x_wconf 66' lang='grc'><strong>478</strong></span> 
     </span>
    </p>
   </div>
   <div class='ocr_carea' id='block_1_4' title="bbox 273 301 3674 374">
    <p class='ocr_par' dir='ltr' id='par_1_4' title="bbox 273 301 3674 374">
     <span class='ocr_line' id='line_1_4' title="bbox 273 301 3674 374; baseline -0 -15"><span class='ocrx_word' id='word_1_10' title='bbox 273 305 598 374; x_wconf 85' lang='lat' dir='ltr'><strong>gnomento</strong></span> <span class='ocrx_word' id='word_1_11' title='bbox 628 301 832 371; x_wconf 83' lang='lat' dir='ltr'><strong>Segub</strong></span> <span class='ocrx_word' id='word_1_12' title='bbox 863 301 1076 358; x_wconf 89' lang='lat' dir='ltr'><strong>amisit.</strong></span> <span class='ocrx_word' id='word_1_13' title='bbox 1111 301 1283 368; x_wconf 83' lang='lat' dir='ltr'><strong>Quod</strong></span> <span class='ocrx_word' id='word_1_14' title='bbox 1320 302 1400 358; x_wconf 90' lang='lat' dir='ltr'><strong>ita</strong></span> <span class='ocrx_word' id='word_1_15' title='bbox 1430 302 1696 358; x_wconf 86' lang='lat' dir='ltr'><strong>futurum</strong></span> <span class='ocrx_word' id='word_1_16' title='bbox 1741 303 1920 356; x_wconf 91' lang='lat' dir='ltr'><strong>Iosue</strong></span> <span class='ocrx_word' id='word_1_17' title='bbox 1955 304 2000 358; x_wconf 79' lang='grc' dir='ltr'><strong>Δ</strong></span> <span class='ocrx_word' id='word_1_18' title='bbox 2037 303 2100 355; x_wconf 88' lang='lat' dir='ltr'><strong>Et</strong></span> <span class='ocrx_word' id='word_1_19' title='bbox 2129 301 2280 358; x_wconf 83' lang='lat' dir='ltr'>sicut</span> <span class='ocrx_word' id='word_1_20' title='bbox 2309 301 2737 362; x_wconf 72' lang='lat' dir='ltr'><strong>Melchisedech</strong></span> <span class='ocrx_word' id='word_1_21' title='bbox 2766 301 2828 356; x_wconf 92' lang='lat' dir='ltr'><strong>in</strong></span> <span class='ocrx_word' id='word_1_22' title='bbox 2861 301 3177 373; x_wconf 87' lang='lat' dir='ltr'><strong>Scripturis</strong></span> <span class='ocrx_word' id='word_1_23' title='bbox 3201 301 3323 374; x_wconf 89' lang='lat' dir='ltr'><strong>(qui</strong></span> <span class='ocrx_word' id='word_1_24' title='bbox 3352 303 3557 374; x_wconf 83' lang='lat' dir='ltr'><strong>utique</strong></span> <span class='ocrx_word' id='word_1_25' title='bbox 3587 304 3674 373; x_wconf 82' lang='lat' dir='ltr'><strong>ty-</strong></span> 
     </span>
    </p>
   </div>
   <div class='ocr_carea' id='block_1_5' title="bbox 271 390 1925 462">
    <p class='ocr_par' dir='ltr' id='par_1_5' title="bbox 271 390 1925 462">
     <span class='ocr_line' id='line_1_5' title="bbox 271 390 1925 462; baseline -0.002 -14"><span class='ocrx_word' id='word_1_26' title='bbox 271 409 409 448; x_wconf 92' lang='lat' dir='ltr'><strong>cnm</strong></span> <span class='ocrx_word' id='word_1_27' title='bbox 441 407 584 447; x_wconf 90' lang='lat' dir='ltr'><strong>eam</strong></span> <span class='ocrx_word' id='word_1_28' title='bbox 612 391 979 448; x_wconf 89' lang='lat' dir='ltr'><strong>destructam</strong></span> <span class='ocrx_word' id='word_1_29' title='bbox 1010 391 1378 448; x_wconf 79' lang='lat' dir='ltr'><strong>anathemati</strong></span> <span class='ocrx_word' id='word_1_30' title='bbox 1410 391 1666 446; x_wconf 81' lang='lat' dir='ltr'><strong>traderet</strong></span> <span class='ocrx_word' id='word_1_31' title='bbox 1711 390 1925 462; x_wconf 85' lang='lat' dir='ltr'><strong>impre-</strong></span> 
     </span>
    </p>
   </div>
   <div class='ocr_carea' id='block_1_6' title="bbox 271 478 1925 552">
    <p class='ocr_par' dir='ltr' id='par_1_6' title="bbox 271 478 1925 552">
     <span class='ocr_line' id='line_1_6' title="bbox 271 478 1925 552; baseline -0.001 -14"><span class='ocrx_word' id='word_1_32' title='bbox 271 481 472 538; x_wconf 84' lang='lat' dir='ltr'><strong>cando</strong></span> <span class='ocrx_word' id='word_1_33' title='bbox 500 479 795 552; x_wconf 74' lang='lat' dir='ltr'><strong>praedixit.</strong></span> <span class='ocrx_word' id='word_1_34' title='bbox 827 502 855 530; x_wconf 79' lang='grc' dir='ltr'>α</span> <span class='ocrx_word' id='word_1_35' title='bbox 884 478 1250 548; x_wconf 82' lang='lat' dir='ltr'><strong>Maledictns,</strong></span> <span class='ocrx_word' id='word_1_36' title='bbox 1272 479 1577 552; x_wconf 85' lang='lat' dir='ltr'><strong>inquiens,</strong></span> <span class='ocrx_word' id='word_1_37' title='bbox 1603 479 1694 534; x_wconf 90' lang='lat' dir='ltr'><strong>vir</strong></span> <span class='ocrx_word' id='word_1_38' title='bbox 1721 493 1925 536; x_wconf 86' lang='lat' dir='ltr'><strong>coram</strong></span> 
     </span>
    </p>
   </div>
   <div class='ocr_carea' id='block_1_7' title="bbox 270 567 1925 640">
    <p class='ocr_par' dir='ltr' id='par_1_7' title="bbox 270 567 1925 640">
     <span class='ocr_line' id='line_1_7' title="bbox 270 567 1925 640; baseline 0.001 -16"><span class='ocrx_word' id='word_1_39' title='bbox 270 568 556 639; x_wconf 89' lang='lat' dir='ltr'><strong>Domino,</strong></span> <span class='ocrx_word' id='word_1_40' title='bbox 586 568 692 640; x_wconf 89' lang='lat' dir='ltr'><strong>qui</strong></span> <span class='ocrx_word' id='word_1_41' title='bbox 721 567 1095 624; x_wconf 78' lang='lat' dir='ltr'><strong>suscitaverit</strong></span> <span class='ocrx_word' id='word_1_42' title='bbox 1122 572 1178 624; x_wconf 89' lang='lat' dir='ltr'><strong>et</strong></span> <span class='ocrx_word' id='word_1_43' title='bbox 1206 567 1592 626; x_wconf 67' lang='lat' dir='ltr'><strong>aediﬁcaverit</strong></span> <span class='ocrx_word' id='word_1_44' title='bbox 1632 567 1925 630; x_wconf 85' lang='lat' dir='ltr'><strong>civitatem</strong></span> 
     </span>
    </p>
   </div>
   <div class='ocr_carea' id='block_1_8' title="bbox 270 656 1926 730">
    <p class='ocr_par' dir='ltr' id='par_1_8' title="bbox 270 656 1926 730">
     <span class='ocr_line' id='line_1_8' title="bbox 270 656 1926 730; baseline 0.001 -16"><span class='ocrx_word' id='word_1_45' title='bbox 270 658 508 714; x_wconf 90' lang='lat' dir='ltr'><strong>Iericho</strong></span> <span class='ocrx_word' id='word_1_46' title='bbox 539 659 677 728; x_wconf 86' lang='lat' dir='ltr'><strong>(Jos.</strong></span> <span class='ocrx_word' id='word_1_47' title='bbox 708 657 803 724; x_wconf 78' lang='lat' dir='ltr'><strong>vr).</strong></span> <span class='ocrx_word' id='word_1_48' title='bbox 826 678 855 708; x_wconf 84' lang='lat'><em>»</em></span> <span class='ocrx_word' id='word_1_49' title='bbox 878 661 938 712; x_wconf 92' lang='lat' dir='ltr'><strong>ln</strong></span> <span class='ocrx_word' id='word_1_50' title='bbox 969 657 1370 730; x_wconf 92' lang='lat' dir='ltr'><strong>primogenito</strong></span> <span class='ocrx_word' id='word_1_51' title='bbox 1395 674 1506 712; x_wconf 89' lang='lat' dir='ltr'><strong>suo</strong></span> <span class='ocrx_word' id='word_1_52' title='bbox 1533 656 1926 716; x_wconf 72' lang='lat' dir='ltr'><strong>fundamenta</strong></span> 
     </span>
    </p>
   </div>
   <div class='ocr_carea' id='block_1_9' title="bbox 274 745 1922 817">
    <p class='ocr_par' dir='ltr' id='par_1_9' title="bbox 274 745 1922 817">
     <span class='ocr_line' id='line_1_9' title="bbox 274 745 1922 817; baseline -0.004 -13"><span class='ocrx_word' id='word_1_53' title='bbox 274 747 438 806; x_wconf 86' lang='lat' dir='ltr'><strong>illius</strong></span> <span class='ocrx_word' id='word_1_54' title='bbox 467 747 664 817; x_wconf 88' lang='lat' dir='ltr'><strong>jaciat,</strong></span> <span class='ocrx_word' id='word_1_55' title='bbox 693 745 825 802; x_wconf 90' lang='lat' dir='ltr'><strong>etin</strong></span> <span class='ocrx_word' id='word_1_56' title='bbox 849 746 1179 802; x_wconf 89' lang='lat' dir='ltr'><strong>novissimo</strong></span> <span class='ocrx_word' id='word_1_57' title='bbox 1207 745 1534 802; x_wconf 89' lang='lat' dir='ltr'><strong>liberorum</strong></span> <span class='ocrx_word' id='word_1_58' title='bbox 1571 749 1756 817; x_wconf 86' lang='lat' dir='ltr'><strong>ponat</strong></span> <span class='ocrx_word' id='word_1_59' title='bbox 1786 760 1922 817; x_wconf 85' lang='lat' dir='ltr'><strong>por-</strong></span> 
     </span>
    </p>
   </div>
   <div class='ocr_carea' id='block_1_10' title="bbox 277 834 1923 906">
    <p class='ocr_par' dir='ltr' id='par_1_10' title="bbox 277 834 1923 906">
     <span class='ocr_line' id='line_1_10' title="bbox 277 834 1923 906; baseline -0.004 -12"><span class='ocrx_word' id='word_1_60' title='bbox 277 840 373 898; x_wconf 83' lang='lat' dir='ltr'><strong>tas</strong></span> <span class='ocrx_word' id='word_1_61' title='bbox 403 837 556 906; x_wconf 86' lang='lat' dir='ltr'><strong>ejus.</strong></span> <span class='ocrx_word' id='word_1_62' title='bbox 588 835 734 901; x_wconf 81' lang='lat' dir='ltr'><strong>Quia</strong></span> <span class='ocrx_word' id='word_1_63' title='bbox 789 850 929 893; x_wconf 87' lang='lat' dir='ltr'><strong>vero</strong></span> <span class='ocrx_word' id='word_1_64' title='bbox 983 834 1153 893; x_wconf 84' lang='lat' dir='ltr'><strong>Ahiel</strong></span> <span class='ocrx_word' id='word_1_65' title='bbox 1197 835 1272 890; x_wconf 91' lang='lat' dir='ltr'><strong>de</strong></span> <span class='ocrx_word' id='word_1_66' title='bbox 1324 834 1514 896; x_wconf 85' lang='lat' dir='ltr'><strong>Bethel</strong></span> <span class='ocrx_word' id='word_1_67' title='bbox 1558 834 1857 890; x_wconf 86' lang='lat' dir='ltr'><strong>destructa</strong></span> <span class='ocrx_word' id='word_1_68' title='bbox 1887 849 1923 892; x_wconf 89' lang='lat' dir='ltr'><strong>a</strong></span> 
     </span>
    </p>
   </div>
   <div class='ocr_carea' id='block_1_11' title="bbox 272 923 1925 996">
    <p class='ocr_par' dir='ltr' id='par_1_11' title="bbox 272 923 1925 996">
     <span class='ocr_line' id='line_1_11' title="bbox 272 923 1925 996; baseline -0.002 -16"><span class='ocrx_word' id='word_1_69' title='bbox 272 927 455 981; x_wconf 90' lang='lat' dir='ltr'><strong>Iosue</strong></span> <span class='ocrx_word' id='word_1_70' title='bbox 485 929 662 996; x_wconf 88' lang='lat' dir='ltr'><strong>atque</strong></span> <span class='ocrx_word' id='word_1_71' title='bbox 690 923 1191 980; x_wconf 85' lang='lat' dir='ltr'><strong>anathematizata</strong></span> <span class='ocrx_word' id='word_1_72' title='bbox 1206 924 1436 982; x_wconf 88' lang='lat' dir='ltr'><strong>Iericho</strong></span> <span class='ocrx_word' id='word_1_73' title='bbox 1459 923 1682 980; x_wconf 82' lang='lat' dir='ltr'><strong>moenia</strong></span> <span class='ocrx_word' id='word_1_74' title='bbox 1704 925 1925 978; x_wconf 86' lang='lat' dir='ltr'><strong>restau-</strong></span> 
     </span>
    </p>
   </div>
   <div class='ocr_carea' id='block_1_12' title="bbox 276 1011 1920 1085">
    <p class='ocr_par' dir='ltr' id='par_1_12' title="bbox 276 1011 1920 1085">
     <span class='ocr_line' id='line_1_12' title="bbox 276 1011 1920 1085; baseline -0.002 -17"><span class='ocrx_word' id='word_1_75' title='bbox 276 1019 389 1079; x_wconf 89' lang='lat' dir='ltr'><strong>rat,</strong></span> <span class='ocrx_word' id='word_1_76' title='bbox 422 1029 558 1073; x_wconf 92' lang='lat' dir='ltr'><strong>cum</strong></span> <span class='ocrx_word' id='word_1_77' title='bbox 587 1013 718 1085; x_wconf 85' lang='lat' dir='ltr'><strong>quis</strong></span> <span class='ocrx_word' id='word_1_78' title='bbox 756 1028 966 1069; x_wconf 90' lang='lat' dir='ltr'><strong>eorum</strong></span> <span class='ocrx_word' id='word_1_79' title='bbox 998 1012 1103 1085; x_wconf 89' lang='lat' dir='ltr'><strong>qui</strong></span> <span class='ocrx_word' id='word_1_80' title='bbox 1134 1012 1193 1068; x_wconf 92' lang='lat' dir='ltr'><strong>in</strong></span> <span class='ocrx_word' id='word_1_81' title='bbox 1239 1012 1496 1068; x_wconf 85' lang='lat' dir='ltr'><strong>Ecclesia</strong></span> <span class='ocrx_word' id='word_1_82' title='bbox 1526 1011 1798 1068; x_wconf 89' lang='lat' dir='ltr'><strong>habitum</strong></span> <span class='ocrx_word' id='word_1_83' title='bbox 1830 1026 1920 1065; x_wconf 89' lang='lat' dir='ltr'><strong>re-</strong></span> 
     </span>
    </p>
   </div>
   <div class='ocr_carea' id='block_1_13' title="bbox 271 1099 1922 1174">
    <p class='ocr_par' dir='ltr' id='par_1_13' title="bbox 271 1099 1922 1174">
     <span class='ocr_line' id='line_1_13' title="bbox 271 1099 1922 1174; baseline 0.002 -18"><span class='ocrx_word' id='word_1_84' title='bbox 271 1101 509 1170; x_wconf 84' lang='lat' dir='ltr'><strong>ligionis</strong></span> <span class='ocrx_word' id='word_1_85' title='bbox 539 1106 972 1174; x_wconf 86' lang='lat' dir='ltr'><strong>assumpserat,</strong></span> <span class='ocrx_word' id='word_1_86' title='bbox 1027 1101 1105 1157; x_wconf 92' lang='lat' dir='ltr'><strong>ad</strong></span> <span class='ocrx_word' id='word_1_87' title='bbox 1145 1101 1380 1171; x_wconf 84' lang='lat' dir='ltr'><strong>agenda</strong></span> <span class='ocrx_word' id='word_1_88' title='bbox 1439 1101 1661 1156; x_wconf 89' lang='lat' dir='ltr'><strong>scelera</strong></span> <span class='ocrx_word' id='word_1_89' title='bbox 1701 1117 1836 1173; x_wconf 77' lang='lat' dir='ltr'><strong>quae</strong></span> <span class='ocrx_word' id='word_1_90' title='bbox 1869 1099 1922 1160; x_wconf 86' lang='lat' dir='ltr'><strong>ei</strong></span> 
     </span>
    </p>
   </div>
   <div class='ocr_carea' id='block_1_14' title="bbox 267 1189 1918 1261">
    <p class='ocr_par' dir='ltr' id='par_1_14' title="bbox 267 1189 1918 1261">
     <span class='ocr_line' id='line_1_14' title="bbox 267 1189 1918 1261; baseline -0.001 -15"><span class='ocrx_word' id='word_1_91' title='bbox 267 1192 556 1247; x_wconf 86' lang='lat' dir='ltr'><strong>Dominus</strong></span> <span class='ocrx_word' id='word_1_92' title='bbox 582 1193 752 1246; x_wconf 86' lang='lat' dir='ltr'><strong>Iesus</strong></span> <span class='ocrx_word' id='word_1_93' title='bbox 781 1191 843 1245; x_wconf 90' lang='lat' dir='ltr'><strong>in</strong></span> <span class='ocrx_word' id='word_1_94' title='bbox 894 1189 989 1245; x_wconf 89' lang='lat' dir='ltr'><strong>die</strong></span> <span class='ocrx_word' id='word_1_95' title='bbox 1037 1189 1414 1261; x_wconf 70' lang='lat' dir='ltr'><strong>baptismatis</strong></span> <span class='ocrx_word' id='word_1_96' title='bbox 1449 1189 1918 1254; x_wconf 88' lang='lat' dir='ltr'><strong>condonaverat,</strong></span> 
     </span>
    </p>
   </div>
   <div class='ocr_carea' id='block_1_15' title="bbox 257 1275 1922 1351">
    <p class='ocr_par' dir='ltr' id='par_1_15' title="bbox 257 1275 1922 1351">
     <span class='ocr_line' id='line_1_15' title="bbox 257 1275 1922 1351; baseline 0 -17"><span class='ocrx_word' id='word_1_97' title='bbox 257 1279 413 1336; x_wconf 84' lang='lat' dir='ltr'><strong>redit</strong></span> <span class='ocrx_word' id='word_1_98' title='bbox 456 1296 471 1333; x_wconf 88' lang='lat'><strong>:</strong></span> <span class='ocrx_word' id='word_1_99' title='bbox 531 1294 810 1351; x_wconf 89' lang='lat' dir='ltr'><strong>quasque</strong></span> <span class='ocrx_word' id='word_1_100' title='bbox 864 1279 992 1351; x_wconf 90' lang='lat' dir='ltr'><strong>ipse</strong></span> <span class='ocrx_word' id='word_1_101' title='bbox 1041 1279 1642 1339; x_wconf 86' lang='lat' dir='ltr'><strong>anathematizaverat</strong></span> <span class='ocrx_word' id='word_1_102' title='bbox 1694 1275 1922 1334; x_wconf 86' lang='lat' dir='ltr'><strong>diaboli</strong></span> 
     </span>
    </p>
   </div>
   <div class='ocr_carea' id='block_1_16' title="bbox 257 1367 1919 1440">
    <p class='ocr_par' dir='ltr' id='par_1_16' title="bbox 257 1367 1919 1440">
     <span class='ocr_line' id='line_1_16' title="bbox 257 1367 1919 1440; baseline -0.003 -16"><span class='ocrx_word' id='word_1_103' title='bbox 257 1383 546 1440; x_wconf 89' lang='lat' dir='ltr'><strong>pompas,</strong></span> <span class='ocrx_word' id='word_1_104' title='bbox 587 1367 892 1424; x_wconf 71' lang='lat' dir='ltr'><strong>luxuriose</strong></span> <span class='ocrx_word' id='word_1_105' title='bbox 919 1367 1180 1424; x_wconf 90' lang='lat' dir='ltr'><strong>vivendo</strong></span> <span class='ocrx_word' id='word_1_106' title='bbox 1207 1368 1434 1440; x_wconf 82' lang='lat' dir='ltr'><strong>repetit,</strong></span> <span class='ocrx_word' id='word_1_107' title='bbox 1481 1383 1619 1426; x_wconf 91' lang='lat' dir='ltr'><strong>cum</strong></span> <span class='ocrx_word' id='word_1_108' title='bbox 1649 1381 1919 1424; x_wconf 89' lang='lat' dir='ltr'><strong>errorum</strong></span> 
     </span>
    </p>
   </div>
   <div class='ocr_carea' id='block_1_17' title="bbox 257 1453 1920 1526">
    <p class='ocr_par' dir='ltr' id='par_1_17' title="bbox 257 1453 1920 1526">
     <span class='ocr_line' id='line_1_17' title="bbox 257 1453 1920 1526; baseline -0.002 -14"><span class='ocrx_word' id='word_1_109' title='bbox 257 1456 580 1526; x_wconf 77' lang='lat' dir='ltr'><strong>dogmata,</strong></span> <span class='ocrx_word' id='word_1_110' title='bbox 609 1455 703 1512; x_wconf 89' lang='lat' dir='ltr'><strong>vel</strong></span> <span class='ocrx_word' id='word_1_111' title='bbox 729 1456 1040 1526; x_wconf 78' lang='lat' dir='ltr'><strong>gentilium</strong></span> <span class='ocrx_word' id='word_1_112' title='bbox 1062 1455 1321 1524; x_wconf 86' lang='lat' dir='ltr'><strong>fabulas,</strong></span> <span class='ocrx_word' id='word_1_113' title='bbox 1350 1455 1582 1512; x_wconf 87' lang='lat' dir='ltr'><strong>veritati</strong></span> <span class='ocrx_word' id='word_1_114' title='bbox 1604 1453 1920 1514; x_wconf 88' lang='lat' dir='ltr'><strong>Ecclesias-</strong></span> 
     </span>
    </p>
   </div>
   <div class='ocr_carea' id='block_1_18' title="bbox 254 1543 1921 1617">
    <p class='ocr_par' dir='ltr' id='par_1_18' title="bbox 254 1543 1921 1617">
     <span class='ocr_line' id='line_1_18' title="bbox 254 1543 1921 1617; baseline -0.002 -17"><span class='ocrx_word' id='word_1_115' title='bbox 254 1545 388 1601; x_wconf 71' lang='lat' dir='ltr'><strong>ticae</strong></span> <span class='ocrx_word' id='word_1_116' title='bbox 430 1561 560 1616; x_wconf 90' lang='lat' dir='ltr'><strong>qua</strong></span> <span class='ocrx_word' id='word_1_117' title='bbox 597 1544 868 1600; x_wconf 90' lang='lat' dir='ltr'><strong>imbutus</strong></span> <span class='ocrx_word' id='word_1_118' title='bbox 897 1550 985 1602; x_wconf 91' lang='lat' dir='ltr'><strong>est</strong></span> <span class='ocrx_word' id='word_1_119' title='bbox 1013 1545 1188 1617; x_wconf 90' lang='lat' dir='ltr'><strong>quasi</strong></span> <span class='ocrx_word' id='word_1_120' title='bbox 1229 1545 1304 1602; x_wconf 89' lang='lat' dir='ltr'><strong>de</strong></span> <span class='ocrx_word' id='word_1_121' title='bbox 1359 1543 1555 1602; x_wconf 89' lang='lat' dir='ltr'><strong>Bethel</strong></span> <span class='ocrx_word' id='word_1_122' title='bbox 1609 1543 1921 1616; x_wconf 86' lang='lat' dir='ltr'><strong>egrediens</strong></span> 
     </span>
    </p>
   </div>
   <div class='ocr_carea' id='block_1_19' title="bbox 2032 389 3676 464">
    <p class='ocr_par' dir='ltr' id='par_1_19' title="bbox 2032 389 3676 464">
     <span class='ocr_line' id='line_1_19' title="bbox 2032 389 3676 464; baseline 0 -18"><span class='ocrx_word' id='word_1_123' title='bbox 2032 405 2179 462; x_wconf 92' lang='lat' dir='ltr'><strong>pum</strong></span> <span class='ocrx_word' id='word_1_124' title='bbox 2208 391 2393 464; x_wconf 81' lang='lat' dir='ltr'><strong>gessit</strong></span> <span class='ocrx_word' id='word_1_125' title='bbox 2412 389 2750 460; x_wconf 86' lang='lat' dir='ltr'><strong>Salvatoris)</strong></span> <span class='ocrx_word' id='word_1_126' title='bbox 2781 390 2948 459; x_wconf 80' lang='lat' dir='ltr'><strong>origo</strong></span> <span class='ocrx_word' id='word_1_127' title='bbox 2980 393 3224 457; x_wconf 85' lang='lat' dir='ltr'><strong>tacetur,</strong></span> <span class='ocrx_word' id='word_1_128' title='bbox 3251 389 3331 448; x_wconf 79' lang='lat' dir='ltr'><strong>ita</strong></span> <span class='ocrx_word' id='word_1_129' title='bbox 3367 393 3422 445; x_wconf 89' lang='lat' dir='ltr'><strong>et</strong></span> <span class='ocrx_word' id='word_1_130' title='bbox 3444 389 3676 458; x_wconf 60' lang='lat' dir='ltr'><strong>Eliann</strong></span> 
     </span>
    </p>
   </div>
   <div class='ocr_carea' id='block_1_20' title="bbox 2032 476 3676 551">
    <p class='ocr_par' dir='ltr' id='par_1_20' title="bbox 2032 476 3676 551">
     <span class='ocr_line' id='line_1_20' title="bbox 2032 476 3676 551; baseline 0.001 -17"><span class='ocrx_word' id='word_1_131' title='bbox 2032 476 2187 534; x_wconf 89' lang='lat' dir='ltr'><strong>illius</strong></span> <span class='ocrx_word' id='word_1_132' title='bbox 2217 478 2377 535; x_wconf 88' lang='lat' dir='ltr'><strong>enim</strong></span> <span class='ocrx_word' id='word_1_133' title='bbox 2424 478 2906 551; x_wconf 80' lang='lat' dir='ltr'><strong>praeﬁguratione</strong></span> <span class='ocrx_word' id='word_1_134' title='bbox 2957 493 3148 547; x_wconf 89' lang='lat' dir='ltr'><strong>genus</strong></span> <span class='ocrx_word' id='word_1_135' title='bbox 3182 477 3424 538; x_wconf 87' lang='lat' dir='ltr'><strong>minime</strong></span> <span class='ocrx_word' id='word_1_136' title='bbox 3470 493 3676 536; x_wconf 83' lang='lat' dir='ltr'><strong>narra-</strong></span> 
     </span>
    </p>
   </div>
   <div class='ocr_carea' id='block_1_21' title="bbox 2033 566 3680 639">
    <p class='ocr_par' dir='ltr' id='par_1_21' title="bbox 2033 566 3680 639">
     <span class='ocr_line' id='line_1_21' title="bbox 2033 566 3680 639; baseline 0.001 -15"><span class='ocrx_word' id='word_1_137' title='bbox 2033 570 2146 636; x_wconf 90' lang='lat' dir='ltr'><strong>tur,</strong></span> <span class='ocrx_word' id='word_1_138' title='bbox 2174 583 2312 626; x_wconf 86' lang='lat' dir='ltr'><strong>cum</strong></span> <span class='ocrx_word' id='word_1_139' title='bbox 2339 567 2536 624; x_wconf 88' lang='lat' dir='ltr'><strong>subito</strong></span> <span class='ocrx_word' id='word_1_140' title='bbox 2568 583 2789 622; x_wconf 87' lang='lat' dir='ltr'><strong>nomen</strong></span> <span class='ocrx_word' id='word_1_141' title='bbox 2816 566 2974 626; x_wconf 89' lang='lat' dir='ltr'><strong>illius</strong></span> <span class='ocrx_word' id='word_1_142' title='bbox 3013 566 3423 636; x_wconf 83' lang='lat' dir='ltr'><strong>introducitur,</strong></span> <span class='ocrx_word' id='word_1_143' title='bbox 3456 582 3525 621; x_wconf 85' lang='lat' dir='ltr'><strong>ex</strong></span> <span class='ocrx_word' id='word_1_144' title='bbox 3555 581 3680 639; x_wconf 83' lang='lat' dir='ltr'><strong>qua.</strong></span> 
     </span>
    </p>
   </div>
   <div class='ocr_carea' id='block_1_22' title="bbox 2032 654 3677 727">
    <p class='ocr_par' dir='ltr' id='par_1_22' title="bbox 2032 654 3677 727">
     <span class='ocr_line' id='line_1_22' title="bbox 2032 654 3677 727; baseline -0.002 -15"><span class='ocrx_word' id='word_1_145' title='bbox 2032 654 2189 714; x_wconf 85' lang='lat' dir='ltr'><strong>tribu</strong></span> <span class='ocrx_word' id='word_1_146' title='bbox 2220 655 2313 711; x_wconf 90' lang='lat' dir='ltr'><strong>vel</strong></span> <span class='ocrx_word' id='word_1_147' title='bbox 2342 655 2571 714; x_wconf 79' lang='lat' dir='ltr'><strong>familia</strong></span> <span class='ocrx_word' id='word_1_148' title='bbox 2602 661 2767 711; x_wconf 89' lang='lat' dir='ltr'><strong>ortus</strong></span> <span class='ocrx_word' id='word_1_149' title='bbox 2794 655 2868 711; x_wconf 91' lang='lat' dir='ltr'><strong>sit</strong></span> <span class='ocrx_word' id='word_1_150' title='bbox 2919 655 3167 712; x_wconf 91' lang='lat' dir='ltr'><strong>minime</strong></span> <span class='ocrx_word' id='word_1_151' title='bbox 3194 655 3509 727; x_wconf 73' lang='lat' dir='ltr'><strong>profertur.</strong></span> <span class='ocrx_word' id='word_1_152' title='bbox 3542 657 3677 712; x_wconf 86' lang='lat' dir='ltr'><strong>Tor-</strong></span> 
     </span>
    </p>
   </div>
   <div class='ocr_carea' id='block_1_23' title="bbox 2033 744 3678 816">
    <p class='ocr_par' dir='ltr' id='par_1_23' title="bbox 2033 744 3678 816">
     <span class='ocr_line' id='line_1_23' title="bbox 2033 744 3678 816; baseline -0.001 -14"><span class='ocrx_word' id='word_1_153' title='bbox 2033 760 2169 802; x_wconf 88' lang='lat' dir='ltr'><strong>rens</strong></span> <span class='ocrx_word' id='word_1_154' title='bbox 2203 744 2381 800; x_wconf 85' lang='lat' dir='ltr'><strong>Cison</strong></span> <span class='ocrx_word' id='word_1_155' title='bbox 2409 744 2516 816; x_wconf 86' lang='lat' dir='ltr'><strong>qui</strong></span> <span class='ocrx_word' id='word_1_156' title='bbox 2545 750 2600 800; x_wconf 89' lang='lat' dir='ltr'><strong>et</strong></span> <span class='ocrx_word' id='word_1_157' title='bbox 2629 745 3261 816; x_wconf 87' lang='lat' dir='ltr'><strong>Carithinterpretatur</strong></span> <span class='ocrx_word' id='word_1_158' title='bbox 3295 745 3574 816; x_wconf 82' lang='lat' dir='ltr'><strong>cognitio,</strong></span> <span class='ocrx_word' id='word_1_159' title='bbox 3606 744 3678 801; x_wconf 88' lang='lat' dir='ltr'><strong>si-</strong></span> 
     </span>
    </p>
   </div>
   <div class='ocr_carea' id='block_1_24' title="bbox 2030 832 3680 907">
    <p class='ocr_par' dir='ltr' id='par_1_24' title="bbox 2030 832 3680 907">
     <span class='ocr_line' id='line_1_24' title="bbox 2030 832 3680 907; baseline -0.001 -19"><span class='ocrx_word' id='word_1_160' title='bbox 2030 849 2102 889; x_wconf 89' lang='lat' dir='ltr'><strong>ve</strong></span> <span class='ocrx_word' id='word_1_161' title='bbox 2132 834 2409 902; x_wconf 79' lang='lat' dir='ltr'><strong>concisio,</strong></span> <span class='ocrx_word' id='word_1_162' title='bbox 2440 833 2536 888; x_wconf 92' lang='lat' dir='ltr'><strong>vel</strong></span> <span class='ocrx_word' id='word_1_163' title='bbox 2559 834 2792 900; x_wconf 82' lang='lat' dir='ltr'><strong>divisio,</strong></span> <span class='ocrx_word' id='word_1_164' title='bbox 2823 833 2987 906; x_wconf 90' lang='lat' dir='ltr'><strong>quod</strong></span> <span class='ocrx_word' id='word_1_165' title='bbox 3017 833 3264 890; x_wconf 90' lang='lat' dir='ltr'><strong>Iudaico</strong></span> <span class='ocrx_word' id='word_1_166' title='bbox 3293 832 3519 907; x_wconf 90' lang='lat' dir='ltr'><strong>populo</strong></span> <span class='ocrx_word' id='word_1_167' title='bbox 3540 848 3680 889; x_wconf 89' lang='lat' dir='ltr'><strong>con.-</strong></span> 
     </span>
    </p>
   </div>
   <div class='ocr_carea' id='block_1_25' title="bbox 2030 921 3679 990">
    <p class='ocr_par' dir='ltr' id='par_1_25' title="bbox 2030 921 3679 990">
     <span class='ocr_line' id='line_1_25' title="bbox 2030 921 3679 990; baseline 0.001 -15"><span class='ocrx_word' id='word_1_168' title='bbox 2030 935 2241 990; x_wconf 82' lang='lat' dir='ltr'><strong>gruere</strong></span> <span class='ocrx_word' id='word_1_169' title='bbox 2273 921 2673 978; x_wconf 87' lang='lat' dir='ltr'><strong>certissimum</strong></span> <span class='ocrx_word' id='word_1_170' title='bbox 2700 925 2807 978; x_wconf 91' lang='lat' dir='ltr'><strong>est.</strong></span> <span class='ocrx_word' id='word_1_171' title='bbox 2849 925 3034 978; x_wconf 89' lang='lat' dir='ltr'><strong>Panes</strong></span> <span class='ocrx_word' id='word_1_172' title='bbox 3063 938 3204 977; x_wconf 85' lang='lat' dir='ltr'><strong>vero</strong></span> <span class='ocrx_word' id='word_1_173' title='bbox 3257 925 3312 977; x_wconf 92' lang='lat' dir='ltr'><strong>et</strong></span> <span class='ocrx_word' id='word_1_174' title='bbox 3342 936 3550 978; x_wconf 88' lang='lat' dir='ltr'><strong>carnes</strong></span> <span class='ocrx_word' id='word_1_175' title='bbox 3606 937 3679 977; x_wconf 83' lang='lat' dir='ltr'><strong>ex</strong></span> 
     </span>
    </p>
   </div>
   <div class='ocr_carea' id='block_1_26' title="bbox 2029 1009 3678 1084">
    <p class='ocr_par' dir='ltr' id='par_1_26' title="bbox 2029 1009 3678 1084">
     <span class='ocr_line' id='line_1_26' title="bbox 2029 1009 3678 1084; baseline 0.001 -20"><span class='ocrx_word' id='word_1_176' title='bbox 2029 1010 2249 1082; x_wconf 87' lang='lat' dir='ltr'><strong>quibus</strong></span> <span class='ocrx_word' id='word_1_177' title='bbox 2281 1010 2456 1078; x_wconf 85' lang='lat' dir='ltr'><strong>Elias,</strong></span> <span class='ocrx_word' id='word_1_178' title='bbox 2509 1009 2986 1072; x_wconf 84' lang='lat' dir='ltr'><strong>ministrantibus</strong></span> <span class='ocrx_word' id='word_1_179' title='bbox 3037 1010 3248 1078; x_wconf 87' lang='lat' dir='ltr'><strong>corvis,</strong></span> <span class='ocrx_word' id='word_1_180' title='bbox 3305 1015 3517 1084; x_wconf 87' lang='lat' dir='ltr'><strong>pastus</strong></span> <span class='ocrx_word' id='word_1_181' title='bbox 3567 1014 3678 1082; x_wconf 88' lang='lat' dir='ltr'><strong>est,</strong></span> 
     </span>
    </p>
   </div>
   <div class='ocr_carea' id='block_1_27' title="bbox 2029 1098 3679 1171">
    <p class='ocr_par' dir='ltr' id='par_1_27' title="bbox 2029 1098 3679 1171">
     <span class='ocr_line' id='line_1_27' title="bbox 2029 1098 3679 1171; baseline 0 -16"><span class='ocrx_word' id='word_1_182' title='bbox 2029 1114 2214 1170; x_wconf 83' lang='lat' dir='ltr'><strong>opera</strong></span> <span class='ocrx_word' id='word_1_183' title='bbox 2239 1099 2471 1171; x_wconf 88' lang='lat' dir='ltr'><strong>pietatis</strong></span> <span class='ocrx_word' id='word_1_184' title='bbox 2495 1102 2550 1154; x_wconf 91' lang='lat' dir='ltr'><strong>et</strong></span> <span class='ocrx_word' id='word_1_185' title='bbox 2578 1098 2961 1171; x_wconf 88' lang='lat' dir='ltr'><strong>obsequium,</strong></span> <span class='ocrx_word' id='word_1_186' title='bbox 2994 1099 3158 1171; x_wconf 87' lang='lat' dir='ltr'><strong>quod</strong></span> <span class='ocrx_word' id='word_1_187' title='bbox 3190 1099 3382 1155; x_wconf 90' lang='lat' dir='ltr'><strong>eidem</strong></span> <span class='ocrx_word' id='word_1_188' title='bbox 3428 1100 3679 1156; x_wconf 83' lang='lat' dir='ltr'><strong>Domino</strong></span> 
     </span>
    </p>
   </div>
   <div class='ocr_carea' id='block_1_28' title="bbox 2031 1186 3676 1259">
    <p class='ocr_par' dir='ltr' id='par_1_28' title="bbox 2031 1186 3676 1259">
     <span class='ocr_line' id='line_1_28' title="bbox 2031 1186 3676 1259; baseline 0.001 -18"><span class='ocrx_word' id='word_1_189' title='bbox 2031 1202 2067 1242; x_wconf 89' lang='lat' dir='ltr'><strong>a</strong></span> <span class='ocrx_word' id='word_1_190' title='bbox 2096 1186 2375 1242; x_wconf 83' lang='lat' dir='ltr'><strong>ﬁdelibus</strong></span> <span class='ocrx_word' id='word_1_191' title='bbox 2405 1203 2475 1242; x_wconf 86' lang='lat' dir='ltr'><strong>ex</strong></span> <span class='ocrx_word' id='word_1_192' title='bbox 2534 1187 2759 1259; x_wconf 90' lang='lat' dir='ltr'><strong>populo</strong></span> <span class='ocrx_word' id='word_1_193' title='bbox 2799 1188 3142 1246; x_wconf 79' lang='lat' dir='ltr'><strong>Iudaeorum</strong></span> <span class='ocrx_word' id='word_1_194' title='bbox 3187 1188 3517 1244; x_wconf 80' lang='lat' dir='ltr'><strong>exhibitum</strong></span> <span class='ocrx_word' id='word_1_195' title='bbox 3570 1192 3676 1257; x_wconf 87' lang='lat' dir='ltr'><strong>est,</strong></span> 
     </span>
    </p>
   </div>
   <div class='ocr_carea' id='block_1_29' title="bbox 2029 1276 3680 1348">
    <p class='ocr_par' dir='ltr' id='par_1_29' title="bbox 2029 1276 3680 1348">
     <span class='ocr_line' id='line_1_29' title="bbox 2029 1276 3680 1348; baseline 0.002 -18"><span class='ocrx_word' id='word_1_196' title='bbox 2029 1276 2452 1348; x_wconf 70' lang='lat' dir='ltr'><strong>praeﬁgurasse</strong></span> <span class='ocrx_word' id='word_1_197' title='bbox 2482 1293 2605 1332; x_wconf 92' lang='lat' dir='ltr'><strong>non</strong></span> <span class='ocrx_word' id='word_1_198' title='bbox 2637 1276 2891 1336; x_wconf 86' lang='lat' dir='ltr'><strong>dubium</strong></span> <span class='ocrx_word' id='word_1_199' title='bbox 2935 1281 3045 1333; x_wconf 89' lang='lat' dir='ltr'><strong>est.</strong></span> <span class='ocrx_word' id='word_1_200' title='bbox 3101 1277 3350 1334; x_wconf 88' lang='lat' dir='ltr'><strong>Siccatio</strong></span> <span class='ocrx_word' id='word_1_201' title='bbox 3407 1277 3680 1334; x_wconf 88' lang='lat' dir='ltr'><strong>torrentis</strong></span> 
     </span>
    </p>
   </div>
   <div class='ocr_carea' id='block_1_30' title="bbox 2029 1363 3679 1438">
    <p class='ocr_par' dir='ltr' id='par_1_30' title="bbox 2029 1363 3679 1438">
     <span class='ocr_line' id='line_1_30' title="bbox 2029 1363 3679 1438; baseline 0.001 -19"><span class='ocrx_word' id='word_1_202' title='bbox 2029 1363 2417 1424; x_wconf 83' lang='lat' dir='ltr'><strong>abolitionem</strong></span> <span class='ocrx_word' id='word_1_203' title='bbox 2475 1365 2770 1433; x_wconf 85' lang='lat' dir='ltr'><strong>signiﬁcat</strong></span> <span class='ocrx_word' id='word_1_204' title='bbox 2833 1365 3003 1436; x_wconf 88' lang='lat' dir='ltr'><strong>legis,</strong></span> <span class='ocrx_word' id='word_1_205' title='bbox 3063 1383 3269 1438; x_wconf 89' lang='lat' dir='ltr'><strong>quam,</strong></span> <span class='ocrx_word' id='word_1_206' title='bbox 3326 1365 3679 1422; x_wconf 85' lang='lat' dir='ltr'><strong>adveniente</strong></span> 
     </span>
    </p>
   </div>
   <div class='ocr_carea' id='block_1_31' title="bbox 2032 1451 3680 1523">
    <p class='ocr_par' dir='ltr' id='par_1_31' title="bbox 2032 1451 3680 1523">
     <span class='ocr_line' id='line_1_31' title="bbox 2032 1451 3680 1523; baseline 0.002 -15"><span class='ocrx_word' id='word_1_207' title='bbox 2032 1451 2351 1523; x_wconf 82' lang='lat' dir='ltr'><strong>Salvatore,</strong></span> <span class='ocrx_word' id='word_1_208' title='bbox 2381 1452 2441 1508; x_wconf 90' lang='lat' dir='ltr'><strong>in</strong></span> <span class='ocrx_word' id='word_1_209' title='bbox 2475 1453 2817 1516; x_wconf 85' lang='lat' dir='ltr'><strong>carnalibus</strong></span> <span class='ocrx_word' id='word_1_210' title='bbox 2847 1454 3363 1514; x_wconf 87' lang='lat' dir='ltr'><strong>observationibus</strong></span> <span class='ocrx_word' id='word_1_211' title='bbox 3390 1454 3680 1520; x_wconf 83' lang='lat' dir='ltr'><strong>defecisse</strong></span> 
     </span>
    </p>
   </div>
   <div class='ocr_carea' id='block_1_32' title="bbox 2031 1542 3680 1616">
    <p class='ocr_par' dir='ltr' id='par_1_32' title="bbox 2031 1542 3680 1616">
     <span class='ocr_line' id='line_1_32' title="bbox 2031 1542 3680 1616; baseline 0.002 -21"><span class='ocrx_word' id='word_1_212' title='bbox 2031 1545 2257 1596; x_wconf 89' lang='lat' dir='ltr'><strong>certum</strong></span> <span class='ocrx_word' id='word_1_213' title='bbox 2286 1546 2392 1597; x_wconf 90' lang='lat' dir='ltr'><strong>est.</strong></span> <span class='ocrx_word' id='word_1_214' title='bbox 2452 1543 2729 1598; x_wconf 83' lang='lat' dir='ltr'><strong>Nonnulli</strong></span> <span class='ocrx_word' id='word_1_215' title='bbox 2779 1543 2983 1604; x_wconf 91' lang='lat' dir='ltr'><strong>volunt</strong></span> <span class='ocrx_word' id='word_1_216' title='bbox 3013 1544 3180 1600; x_wconf 90' lang='lat' dir='ltr'><strong>aliter</strong></span> <span class='ocrx_word' id='word_1_217' title='bbox 3217 1543 3481 1614; x_wconf 85' lang='lat' dir='ltr'><strong>intelligi,</strong></span> <span class='ocrx_word' id='word_1_218' title='bbox 3514 1542 3680 1616; x_wconf 92' lang='lat' dir='ltr'><strong>quod</strong></span> 
     </span>
    </p>
   </div>
   <div class='ocr_carea' id='block_1_33' title="bbox 256 1628 3676 1708">
    <p class='ocr_par' dir='ltr' id='par_1_33' title="bbox 256 1628 3676 1708">
     <span class='ocr_line' id='line_1_33' title="bbox 256 1628 3676 1708; baseline -0 -20"><span class='ocrx_word' id='word_1_219' title='bbox 256 1634 471 1690; x_wconf 89' lang='lat' dir='ltr'><strong>ruinas</strong></span> <span class='ocrx_word' id='word_1_220' title='bbox 500 1633 735 1690; x_wconf 89' lang='lat' dir='ltr'><strong>Iericho</strong></span> <span class='ocrx_word' id='word_1_221' title='bbox 784 1634 1116 1692; x_wconf 84' lang='lat' dir='ltr'><strong>resuscitat.</strong></span> <span class='ocrx_word' id='word_1_222' title='bbox 1166 1634 1484 1706; x_wconf 69' lang='lat' dir='ltr'><strong>Meritoque</strong></span> <span class='ocrx_word' id='word_1_223' title='bbox 1529 1633 1663 1692; x_wconf 90' lang='lat' dir='ltr'><strong>talis</strong></span> <span class='ocrx_word' id='word_1_224' title='bbox 1713 1647 1919 1690; x_wconf 88' lang='lat' dir='ltr'><strong>coram</strong></span> <span class='ocrx_word' id='word_1_225' title='bbox 1950 1652 1991 1708; x_wconf 69' lang='grc' dir='ltr'><strong>Β</strong></span> <span class='ocrx_word' id='word_1_226' title='bbox 2030 1628 2204 1684; x_wconf 89' lang='lat' dir='ltr'><strong>nobis</strong></span> <span class='ocrx_word' id='word_1_227' title='bbox 2230 1630 2543 1688; x_wconf 86' lang='lat' dir='ltr'><strong>dissonum</strong></span> <span class='ocrx_word' id='word_1_228' title='bbox 2574 1647 2706 1686; x_wconf 89' lang='lat' dir='ltr'><strong>esse</strong></span> <span class='ocrx_word' id='word_1_229' title='bbox 2739 1631 2988 1698; x_wconf 89' lang='lat' dir='ltr'><strong>videtur,</strong></span> <span class='ocrx_word' id='word_1_230' title='bbox 3021 1632 3385 1705; x_wconf 87' lang='lat' dir='ltr'><strong>quibusdam</strong></span> <span class='ocrx_word' id='word_1_231' title='bbox 3412 1632 3471 1700; x_wconf 87' lang='lat' dir='ltr'><strong>in</strong></span> <span class='ocrx_word' id='word_1_232' title='bbox 3510 1632 3676 1688; x_wconf 88' lang='lat' dir='ltr'><strong>locis.</strong></span> 
     </span>
    </p>
   </div>
   <div class='ocr_carea' id='block_1_34' title="bbox 257 1720 1921 1795">
    <p class='ocr_par' dir='ltr' id='par_1_34' title="bbox 257 1720 1921 1795">
     <span class='ocr_line' id='line_1_34' title="bbox 257 1720 1921 1795; baseline -0.001 -19"><span class='ocrx_word' id='word_1_233' title='bbox 257 1722 520 1780; x_wconf 89' lang='lat' dir='ltr'><strong>Domino</strong></span> <span class='ocrx_word' id='word_1_234' title='bbox 551 1722 934 1793; x_wconf 88' lang='lat' dir='ltr'><strong>maledictus,</strong></span> <span class='ocrx_word' id='word_1_235' title='bbox 962 1728 1018 1779; x_wconf 92' lang='lat' dir='ltr'><strong>et</strong></span> <span class='ocrx_word' id='word_1_236' title='bbox 1042 1723 1304 1795; x_wconf 90' lang='lat' dir='ltr'><strong>primum</strong></span> <span class='ocrx_word' id='word_1_237' title='bbox 1334 1723 1597 1787; x_wconf 81' lang='lat' dir='ltr'><strong>ﬁliorum</strong></span> <span class='ocrx_word' id='word_1_238' title='bbox 1630 1721 1690 1778; x_wconf 91' lang='lat' dir='ltr'><strong>in</strong></span> <span class='ocrx_word' id='word_1_239' title='bbox 1707 1720 1921 1786; x_wconf 53' lang='lat' dir='ltr'><strong>{undae</strong></span> 
     </span>
    </p>
   </div>
   <div class='ocr_carea' id='block_1_35' title="bbox 257 1811 1920 1882">
    <p class='ocr_par' dir='ltr' id='par_1_35' title="bbox 257 1811 1920 1882">
     <span class='ocr_line' id='line_1_35' title="bbox 257 1811 1920 1882; baseline -0.003 -14"><span class='ocrx_word' id='word_1_240' title='bbox 257 1812 423 1870; x_wconf 84' lang='lat' dir='ltr'><strong>tione</strong></span> <span class='ocrx_word' id='word_1_241' title='bbox 463 1811 704 1868; x_wconf 67' lang='lat' dir='ltr'><strong>nefariae</strong></span> <span class='ocrx_word' id='word_1_242' title='bbox 730 1811 1004 1876; x_wconf 82' lang='lat' dir='ltr'><strong>civitatis,</strong></span> <span class='ocrx_word' id='word_1_243' title='bbox 1029 1817 1084 1868; x_wconf 90' lang='lat' dir='ltr'><strong>et</strong></span> <span class='ocrx_word' id='word_1_244' title='bbox 1103 1811 1503 1876; x_wconf 87' lang='lat' dir='ltr'><strong>novissimum</strong></span> <span class='ocrx_word' id='word_1_245' title='bbox 1529 1811 1588 1874; x_wconf 88' lang='lat' dir='ltr'><strong>in</strong></span> <span class='ocrx_word' id='word_1_246' title='bbox 1609 1815 1920 1882; x_wconf 82' lang='lat' dir='ltr'><strong>portarum</strong></span> 
     </span>
    </p>
   </div>
   <div class='ocr_carea' id='block_1_36' title="bbox 256 1897 1923 1972">
    <p class='ocr_par' dir='ltr' id='par_1_36' title="bbox 256 1897 1923 1972">
     <span class='ocr_line' id='line_1_36' title="bbox 256 1897 1923 1972; baseline -0.001 -17"><span class='ocrx_word' id='word_1_247' title='bbox 256 1901 566 1971; x_wconf 82' lang='lat' dir='ltr'><strong>positione</strong></span> <span class='ocrx_word' id='word_1_248' title='bbox 593 1900 808 1958; x_wconf 84' lang='lat' dir='ltr'><strong>amittit</strong></span> <span class='ocrx_word' id='word_1_249' title='bbox 835 1901 979 1972; x_wconf 89' lang='lat' dir='ltr'><strong>quia</strong></span> <span class='ocrx_word' id='word_1_250' title='bbox 1025 1906 1081 1961; x_wconf 87' lang='lat' dir='ltr'><strong>et</strong></span> <span class='ocrx_word' id='word_1_251' title='bbox 1111 1900 1505 1959; x_wconf 84' lang='lat' dir='ltr'><strong>fundamenta</strong></span> <span class='ocrx_word' id='word_1_252' title='bbox 1532 1898 1671 1958; x_wconf 86' lang='lat' dir='ltr'><strong>ﬁdei</strong></span> <span class='ocrx_word' id='word_1_253' title='bbox 1702 1915 1738 1954; x_wconf 90' lang='lat' dir='ltr'><strong>a</strong></span> <span class='ocrx_word' id='word_1_254' title='bbox 1793 1897 1923 1970; x_wconf 59' lang='lat' dir='ltr'><strong>qui:</strong></span> 
     </span>
    </p>
   </div>
   <div class='ocr_carea' id='block_1_37' title="bbox 258 1987 1918 2057">
    <p class='ocr_par' dir='ltr' id='par_1_37' title="bbox 258 1987 1918 2057">
     <span class='ocr_line' id='line_1_37' title="bbox 258 1987 1918 2057; baseline -0.001 -13"><span class='ocrx_word' id='word_1_255' title='bbox 258 1987 382 2044; x_wconf 85' lang='lat' dir='ltr'><strong>bus</strong></span> <span class='ocrx_word' id='word_1_256' title='bbox 403 1988 572 2044; x_wconf 87' lang='lat' dir='ltr'><strong>bona</strong></span> <span class='ocrx_word' id='word_1_257' title='bbox 607 1988 860 2045; x_wconf 62' lang='lat' dir='ltr'><strong>aediﬁcia</strong></span> <span class='ocrx_word' id='word_1_258' title='bbox 888 1989 1193 2057; x_wconf 87' lang='lat' dir='ltr'><strong>inchoare,</strong></span> <span class='ocrx_word' id='word_1_259' title='bbox 1225 1993 1282 2044; x_wconf 93' lang='lat' dir='ltr'><strong>et</strong></span> <span class='ocrx_word' id='word_1_260' title='bbox 1310 1988 1570 2046; x_wconf 84' lang='lat' dir='ltr'><strong>claustra</strong></span> <span class='ocrx_word' id='word_1_261' title='bbox 1616 1987 1792 2043; x_wconf 70' lang='lat' dir='ltr'><strong>honre</strong></span> <span class='ocrx_word' id='word_1_262' title='bbox 1818 2001 1918 2044; x_wconf 83' lang='lat' dir='ltr'><strong>ac.-</strong></span> 
     </span>
    </p>
   </div>
   <div class='ocr_carea' id='block_1_38' title="bbox 262 2075 1530 2148">
    <p class='ocr_par' dir='ltr' id='par_1_38' title="bbox 262 2075 1530 2148">
     <span class='ocr_line' id='line_1_38' title="bbox 262 2075 1530 2148; baseline -0.003 -14"><span class='ocrx_word' id='word_1_263' title='bbox 262 2076 447 2134; x_wconf 86' lang='lat' dir='ltr'><strong>tionis</strong></span> <span class='ocrx_word' id='word_1_264' title='bbox 473 2077 692 2148; x_wconf 87' lang='lat' dir='ltr'><strong>quibus</strong></span> <span class='ocrx_word' id='word_1_265' title='bbox 722 2077 928 2148; x_wconf 83' lang='lat' dir='ltr'><strong>perﬁci</strong></span> <span class='ocrx_word' id='word_1_266' title='bbox 972 2077 1284 2144; x_wconf 83' lang='lat' dir='ltr'><strong>debuerat,</strong></span> <span class='ocrx_word' id='word_1_267' title='bbox 1313 2075 1530 2148; x_wconf 87' lang='lat' dir='ltr'><strong>perdit.</strong></span> 
     </span>
    </p>
   </div>
   <div class='ocr_carea' id='block_1_39' title="bbox 883 2254 1320 2312">
    <p class='ocr_par' dir='ltr' id='par_1_39' title="bbox 883 2254 1320 2312">
     <span class='ocr_line' id='line_1_39' title="bbox 883 2254 1320 2312; baseline -0.002 -4"><span class='ocrx_word' id='word_1_268' title='bbox 883 2254 1106 2312; x_wconf 77' lang='lat' dir='ltr'><strong>CAPUT</strong></span> <span class='ocrx_word' id='word_1_269' title='bbox 1167 2255 1320 2309; x_wconf 77' lang='lat' dir='ltr'><strong>XVII.</strong></span> 
     </span>
    </p>
   </div>
   <div class='ocr_carea' id='block_1_40' title="bbox 339 2427 1917 2490">
    <p class='ocr_par' dir='ltr' id='par_1_40' title="bbox 339 2427 1917 2490">
     <span class='ocr_line' id='line_1_40' title="bbox 339 2427 1917 2490; baseline 0.003 -9"><span class='ocrx_word' id='word_1_270' title='bbox 339 2449 374 2481; x_wconf 76' lang='grc' dir='ltr'><strong>ι‹</strong></span> <span class='ocrx_word' id='word_1_271' title='bbox 400 2430 469 2486; x_wconf 82' lang='lat' dir='ltr'><strong>Et</strong></span> <span class='ocrx_word' id='word_1_272' title='bbox 493 2428 641 2486; x_wconf 78' lang='lat' dir='ltr'><strong>dixit</strong></span> <span class='ocrx_word' id='word_1_273' title='bbox 668 2428 819 2486; x_wconf 80' lang='lat' dir='ltr'><strong>Elias</strong></span> <span class='ocrx_word' id='word_1_274' title='bbox 835 2428 1138 2490; x_wconf 80' lang='lat' dir='ltr'><strong>Chesbites</strong></span> <span class='ocrx_word' id='word_1_275' title='bbox 1159 2429 1234 2488; x_wconf 83' lang='lat' dir='ltr'><strong>de</strong></span> <span class='ocrx_word' id='word_1_276' title='bbox 1250 2427 1682 2484; x_wconf 86' lang='lat' dir='ltr'><strong>habitatoribus</strong></span> <span class='ocrx_word' id='word_1_277' title='bbox 1696 2428 1917 2486; x_wconf 78' lang='lat' dir='ltr'><strong>Galaad</strong></span> 
     </span>
    </p>
   </div>
   <div class='ocr_carea' id='block_1_41' title="bbox 256 2515 1914 2587">
    <p class='ocr_par' dir='ltr' id='par_1_41' title="bbox 256 2515 1914 2587">
     <span class='ocr_line' id='line_1_41' title="bbox 256 2515 1914 2587; baseline 0.001 -17"><span class='ocrx_word' id='word_1_278' title='bbox 256 2537 287 2563; x_wconf 87' lang='grc'><strong>‹‹</strong></span> <span class='ocrx_word' id='word_1_279' title='bbox 323 2515 406 2570; x_wconf 90' lang='lat' dir='ltr'><strong>ad</strong></span> <span class='ocrx_word' id='word_1_280' title='bbox 438 2516 688 2572; x_wconf 81' lang='lat' dir='ltr'><strong>Achab:</strong></span> <span class='ocrx_word' id='word_1_281' title='bbox 725 2517 881 2572; x_wconf 88' lang='lat' dir='ltr'><strong>Vivit</strong></span> <span class='ocrx_word' id='word_1_282' title='bbox 908 2517 1194 2572; x_wconf 90' lang='lat' dir='ltr'><strong>Dominus</strong></span> <span class='ocrx_word' id='word_1_283' title='bbox 1230 2518 1382 2572; x_wconf 91' lang='lat' dir='ltr'><strong>Deus</strong></span> <span class='ocrx_word' id='word_1_284' title='bbox 1411 2516 1607 2585; x_wconf 87' lang='lat' dir='ltr'><strong>Israel,</strong></span> <span class='ocrx_word' id='word_1_285' title='bbox 1649 2517 1707 2572; x_wconf 92' lang='lat' dir='ltr'><strong>in</strong></span> <span class='ocrx_word' id='word_1_286' title='bbox 1741 2518 1914 2587; x_wconf 87' lang='lat' dir='ltr'><strong>cujus</strong></span> 
     </span>
    </p>
   </div>
   <div class='ocr_carea' id='block_1_42' title="bbox 253 2605 1918 2677">
    <p class='ocr_par' dir='ltr' id='par_1_42' title="bbox 253 2605 1918 2677">
     <span class='ocr_line' id='line_1_42' title="bbox 253 2605 1918 2677; baseline 0.001 -19"><span class='ocrx_word' id='word_1_287' title='bbox 253 2626 282 2653; x_wconf 89' lang='grc'><strong>‹‹</strong></span> <span class='ocrx_word' id='word_1_288' title='bbox 321 2609 658 2676; x_wconf 87' lang='lat' dir='ltr'><strong>conspectu</strong></span> <span class='ocrx_word' id='word_1_289' title='bbox 689 2610 800 2671; x_wconf 92' lang='lat' dir='ltr'><strong>sto,</strong></span> <span class='ocrx_word' id='word_1_290' title='bbox 835 2607 882 2660; x_wconf 89' lang='lat' dir='ltr'><strong>si</strong></span> <span class='ocrx_word' id='word_1_291' title='bbox 906 2607 1013 2660; x_wconf 91' lang='lat' dir='ltr'><strong>erit</strong></span> <span class='ocrx_word' id='word_1_292' title='bbox 1034 2606 1204 2661; x_wconf 90' lang='lat' dir='ltr'><strong>annis</strong></span> <span class='ocrx_word' id='word_1_293' title='bbox 1235 2605 1325 2660; x_wconf 90' lang='lat' dir='ltr'><strong>his</strong></span> <span class='ocrx_word' id='word_1_294' title='bbox 1348 2621 1447 2659; x_wconf 91' lang='lat' dir='ltr'><strong>ros</strong></span> <span class='ocrx_word' id='word_1_295' title='bbox 1473 2610 1529 2660; x_wconf 91' lang='lat' dir='ltr'><strong>et</strong></span> <span class='ocrx_word' id='word_1_296' title='bbox 1551 2605 1774 2677; x_wconf 91' lang='lat' dir='ltr'><strong>pluvia,</strong></span> <span class='ocrx_word' id='word_1_297' title='bbox 1803 2605 1918 2660; x_wconf 88' lang='lat' dir='ltr'><strong>nisi</strong></span> 
     </span>
    </p>
   </div>
   <div class='ocr_carea' id='block_1_43' title="bbox 252 2693 1917 2763">
    <p class='ocr_par' dir='ltr' id='par_1_43' title="bbox 252 2693 1917 2763">
     <span class='ocr_line' id='line_1_43' title="bbox 252 2693 1917 2763; baseline 0.002 -17"><span class='ocrx_word' id='word_1_298' title='bbox 252 2716 279 2740; x_wconf 78' lang='grc' dir='ltr'>α</span> <span class='ocrx_word' id='word_1_299' title='bbox 311 2694 492 2763; x_wconf 80' lang='lat' dir='ltr'><strong>juxta</strong></span> <span class='ocrx_word' id='word_1_300' title='bbox 519 2693 639 2747; x_wconf 90' lang='lat' dir='ltr'><strong>oris</strong></span> <span class='ocrx_word' id='word_1_301' title='bbox 668 2693 786 2748; x_wconf 90' lang='lat' dir='ltr'><strong>mei</strong></span> <span class='ocrx_word' id='word_1_302' title='bbox 816 2695 1022 2748; x_wconf 90' lang='lat' dir='ltr'><strong>verba.</strong></span> <span class='ocrx_word' id='word_1_303' title='bbox 1059 2697 1122 2748; x_wconf 88' lang='lat' dir='ltr'><strong>Et</strong></span> <span class='ocrx_word' id='word_1_304' title='bbox 1149 2694 1372 2748; x_wconf 86' lang='lat' dir='ltr'><strong>factum</strong></span> <span class='ocrx_word' id='word_1_305' title='bbox 1400 2698 1490 2748; x_wconf 91' lang='lat' dir='ltr'><strong>est</strong></span> <span class='ocrx_word' id='word_1_306' title='bbox 1521 2694 1772 2749; x_wconf 87' lang='lat' dir='ltr'><strong>verbum</strong></span> <span class='ocrx_word' id='word_1_307' title='bbox 1809 2695 1917 2749; x_wconf 92' lang='lat' dir='ltr'><strong>Do-</strong></span> 
     </span>
    </p>
   </div>
   <div class='ocr_carea' id='block_1_44' title="bbox 253 2781 1918 2847">
    <p class='ocr_par' dir='ltr' id='par_1_44' title="bbox 253 2781 1918 2847">
     <span class='ocr_line' id='line_1_44' title="bbox 253 2781 1918 2847; baseline 0.001 -11"><span class='ocrx_word' id='word_1_308' title='bbox 253 2805 282 2836; x_wconf 65' lang='grc' dir='ltr'><strong><em>κ</em></strong></span> <span class='ocrx_word' id='word_1_309' title='bbox 315 2781 471 2837; x_wconf 87' lang='lat' dir='ltr'><strong>mini</strong></span> <span class='ocrx_word' id='word_1_310' title='bbox 492 2781 574 2837; x_wconf 89' lang='lat' dir='ltr'><strong>ad</strong></span> <span class='ocrx_word' id='word_1_311' title='bbox 594 2781 967 2847; x_wconf 85' lang='lat' dir='ltr'><strong>eum,di_cens</strong></span> <span class='ocrx_word' id='word_1_312' title='bbox 992 2801 1004 2838; x_wconf 91' lang='lat'><strong>:</strong></span> <span class='ocrx_word' id='word_1_313' title='bbox 1025 2781 1250 2838; x_wconf 84' lang='lat' dir='ltr'><strong>Recede</strong></span> <span class='ocrx_word' id='word_1_314' title='bbox 1275 2782 1414 2841; x_wconf 88' lang='lat' dir='ltr'><strong>hinc</strong></span> <span class='ocrx_word' id='word_1_315' title='bbox 1444 2788 1502 2838; x_wconf 89' lang='lat' dir='ltr'><strong>et</strong></span> <span class='ocrx_word' id='word_1_316' title='bbox 1526 2782 1681 2838; x_wconf 83' lang='lat' dir='ltr'><strong>vade</strong></span> <span class='ocrx_word' id='word_1_317' title='bbox 1707 2789 1918 2838; x_wconf 89' lang='lat' dir='ltr'><strong>contra</strong></span> 
     </span>
    </p>
   </div>
   <div class='ocr_carea' id='block_1_45' title="bbox 251 2870 1921 2943">
    <p class='ocr_par' dir='ltr' id='par_1_45' title="bbox 251 2870 1921 2943">
     <span class='ocr_line' id='line_1_45' title="bbox 251 2870 1921 2943; baseline 0.004 -21"><span class='ocrx_word' id='word_1_318' title='bbox 251 2893 280 2921; x_wconf 79' lang='grc' dir='ltr'><strong>ι(</strong></span> <span class='ocrx_word' id='word_1_319' title='bbox 314 2870 698 2938; x_wconf 80' lang='lat' dir='ltr'><strong>orientem,et</strong></span> <span class='ocrx_word' id='word_1_320' title='bbox 716 2870 1018 2928; x_wconf 89' lang='lat' dir='ltr'><strong>absconde</strong></span> <span class='ocrx_word' id='word_1_321' title='bbox 1050 2872 1186 2928; x_wconf 89' lang='lat' dir='ltr'><strong>tein</strong></span> <span class='ocrx_word' id='word_1_322' title='bbox 1218 2876 1472 2927; x_wconf 89' lang='lat' dir='ltr'><strong>torrente</strong></span> <span class='ocrx_word' id='word_1_323' title='bbox 1504 2871 1814 2943; x_wconf 85' lang='lat' dir='ltr'><strong>Caritbqui</strong></span> <span class='ocrx_word' id='word_1_324' title='bbox 1834 2875 1921 2928; x_wconf 90' lang='lat' dir='ltr'><strong>est</strong></span> 
     </span>
    </p>
   </div>
   <div class='ocr_carea' id='block_1_46' title="bbox 2031 1717 3679 1792">
    <p class='ocr_par' dir='ltr' id='par_1_46' title="bbox 2031 1717 3679 1792">
     <span class='ocr_line' id='line_1_46' title="bbox 2031 1717 3679 1792; baseline 0.003 -21"><span class='ocrx_word' id='word_1_325' title='bbox 2031 1717 2430 1782; x_wconf 80' lang='lat' dir='ltr'><strong>Absconditus</strong></span> <span class='ocrx_word' id='word_1_326' title='bbox 2460 1726 2547 1776; x_wconf 88' lang='lat' dir='ltr'><strong>est</strong></span> <span class='ocrx_word' id='word_1_327' title='bbox 2572 1719 2893 1792; x_wconf 78' lang='lat' dir='ltr'><strong>(inquiunt)</strong></span> <span class='ocrx_word' id='word_1_328' title='bbox 2923 1721 3074 1778; x_wconf 71' lang='lat' dir='ltr'><strong>tilias</strong></span> <span class='ocrx_word' id='word_1_329' title='bbox 3104 1726 3304 1778; x_wconf 89' lang='lat' dir='ltr'><strong>noster</strong></span> <span class='ocrx_word' id='word_1_330' title='bbox 3331 1721 3392 1777; x_wconf 92' lang='lat' dir='ltr'><strong>in</strong></span> <span class='ocrx_word' id='word_1_331' title='bbox 3423 1724 3679 1778; x_wconf 86' lang='lat' dir='ltr'><strong>torrente</strong></span> 
     </span>
    </p>
   </div>
   <div class='ocr_carea' id='block_1_47' title="bbox 2030 1806 3677 1879">
    <p class='ocr_par' dir='ltr' id='par_1_47' title="bbox 2030 1806 3677 1879">
     <span class='ocr_line' id='line_1_47' title="bbox 2030 1806 3677 1879; baseline 0.002 -19"><span class='ocrx_word' id='word_1_332' title='bbox 2030 1806 2248 1874; x_wconf 77' lang='lat' dir='ltr'><strong>Carith,</strong></span> <span class='ocrx_word' id='word_1_333' title='bbox 2273 1807 2378 1878; x_wconf 89' lang='lat' dir='ltr'><strong>qui</strong></span> <span class='ocrx_word' id='word_1_334' title='bbox 2407 1808 2825 1879; x_wconf 83' lang='lat' dir='ltr'><strong>interpretatur</strong></span> <span class='ocrx_word' id='word_1_335' title='bbox 2855 1812 3082 1876; x_wconf 71' lang='lat' dir='ltr'><strong>calvus,</strong></span> <span class='ocrx_word' id='word_1_336' title='bbox 3106 1814 3163 1866; x_wconf 90' lang='lat' dir='ltr'><strong>et</strong></span> <span class='ocrx_word' id='word_1_337' title='bbox 3205 1810 3287 1868; x_wconf 87' lang='lat' dir='ltr'><strong>ibi</strong></span> <span class='ocrx_word' id='word_1_338' title='bbox 3316 1809 3390 1866; x_wconf 90' lang='lat' dir='ltr'><strong>de</strong></span> <span class='ocrx_word' id='word_1_339' title='bbox 3419 1813 3677 1868; x_wconf 87' lang='lat' dir='ltr'><strong>torrente</strong></span> 
     </span>
    </p>
   </div>
   <div class='ocr_carea' id='block_1_48' title="bbox 2027 1893 3680 1962">
    <p class='ocr_par' dir='ltr' id='par_1_48' title="bbox 2027 1893 3680 1962">
     <span class='ocr_line' id='line_1_48' title="bbox 2027 1893 3680 1962; baseline 0.001 -12"><span class='ocrx_word' id='word_1_340' title='bbox 2027 1893 2198 1962; x_wconf 90' lang='lat' dir='ltr'><strong>bibit,</strong></span> <span class='ocrx_word' id='word_1_341' title='bbox 2222 1911 2357 1952; x_wconf 90' lang='lat' dir='ltr'><strong>cum</strong></span> <span class='ocrx_word' id='word_1_342' title='bbox 2389 1897 2448 1950; x_wconf 93' lang='lat' dir='ltr'><strong>in</strong></span> <span class='ocrx_word' id='word_1_343' title='bbox 2475 1896 2748 1962; x_wconf 67' lang='lat' dir='ltr'><strong>calvarize</strong></span> <span class='ocrx_word' id='word_1_344' title='bbox 2773 1898 2928 1962; x_wconf 89' lang='lat' dir='ltr'><strong>loco,</strong></span> <span class='ocrx_word' id='word_1_345' title='bbox 2951 1898 3051 1960; x_wconf 91' lang='lat' dir='ltr'><strong>ubi</strong></span> <span class='ocrx_word' id='word_1_346' title='bbox 3077 1897 3430 1956; x_wconf 89' lang='lat' dir='ltr'><strong>abscondita</strong></span> <span class='ocrx_word' id='word_1_347' title='bbox 3455 1904 3544 1956; x_wconf 88' lang='lat' dir='ltr'><strong>est</strong></span> <span class='ocrx_word' id='word_1_348' title='bbox 3569 1898 3680 1956; x_wconf 80' lang='lat' dir='ltr'><strong>vir-</strong></span> 
     </span>
    </p>
   </div>
   <div class='ocr_carea' id='block_1_49' title="bbox 2029 1982 3675 2054">
    <p class='ocr_par' dir='ltr' id='par_1_49' title="bbox 2029 1982 3675 2054">
     <span class='ocr_line' id='line_1_49' title="bbox 2029 1982 3675 2054; baseline 0.003 -18"><span class='ocrx_word' id='word_1_349' title='bbox 2029 1986 2122 2037; x_wconf 90' lang='lat' dir='ltr'><strong>tus</strong></span> <span class='ocrx_word' id='word_1_350' title='bbox 2154 1982 2352 2050; x_wconf 67' lang='lat' dir='ltr'><strong>gloria:</strong></span> <span class='ocrx_word' id='word_1_351' title='bbox 2385 1985 2535 2054; x_wconf 85' lang='lat' dir='ltr'><strong>ejus,</strong></span> <span class='ocrx_word' id='word_1_352' title='bbox 2558 1985 2632 2040; x_wconf 87' lang='lat' dir='ltr'><strong>de</strong></span> <span class='ocrx_word' id='word_1_353' title='bbox 2665 1990 2918 2041; x_wconf 86' lang='lat' dir='ltr'><strong>torrente</strong></span> <span class='ocrx_word' id='word_1_354' title='bbox 2938 1987 3310 2042; x_wconf 87' lang='lat' dir='ltr'><strong>mortalitatis</strong></span> <span class='ocrx_word' id='word_1_355' title='bbox 3331 1991 3544 2042; x_wconf 71' lang='lat' dir='ltr'><strong>nostrae</strong></span> <span class='ocrx_word' id='word_1_356' title='bbox 3563 1987 3675 2041; x_wconf 92' lang='lat' dir='ltr'><strong>Do-</strong></span> 
     </span>
    </p>
   </div>
   <div class='ocr_carea' id='block_1_50' title="bbox 2029 2071 3676 2148">
    <p class='ocr_par' dir='ltr' id='par_1_50' title="bbox 2029 2071 3676 2148">
     <span class='ocr_line' id='line_1_50' title="bbox 2029 2071 3676 2148; baseline 0.001 -22"><span class='ocrx_word' id='word_1_357' title='bbox 2029 2071 2229 2139; x_wconf 86' lang='lat' dir='ltr'><strong>minus</strong></span> <span class='ocrx_word' id='word_1_358' title='bbox 2265 2073 2544 2142; x_wconf 85' lang='lat' dir='ltr'><strong>gustavit.</strong></span> <span class='ocrx_word' id='word_1_359' title='bbox 2573 2073 2740 2130; x_wconf 86' lang='lat' dir='ltr'><strong>Corvi</strong></span> <span class='ocrx_word' id='word_1_360' title='bbox 2771 2078 2970 2134; x_wconf 87' lang='lat' dir='ltr'><strong>autem</strong></span> <span class='ocrx_word' id='word_1_361' title='bbox 3001 2074 3550 2148; x_wconf 85' lang='lat' dir='ltr'><strong>pascebantEliam,</strong></span> <span class='ocrx_word' id='word_1_362' title='bbox 3571 2073 3676 2130; x_wconf 81' lang='lat' dir='ltr'><strong>de-</strong></span> 
     </span>
    </p>
   </div>
   <div class='ocr_carea' id='block_1_51' title="bbox 2029 2160 3675 2234">
    <p class='ocr_par' dir='ltr' id='par_1_51' title="bbox 2029 2160 3675 2234">
     <span class='ocr_line' id='line_1_51' title="bbox 2029 2160 3675 2234; baseline 0.003 -19"><span class='ocrx_word' id='word_1_363' title='bbox 2029 2160 2281 2218; x_wconf 77' lang='lat' dir='ltr'><strong>terentes</strong></span> <span class='ocrx_word' id='word_1_364' title='bbox 2307 2161 2358 2220; x_wconf 93' lang='lat' dir='ltr'><strong>ei</strong></span> <span class='ocrx_word' id='word_1_365' title='bbox 2387 2177 2608 2233; x_wconf 87' lang='lat' dir='ltr'><strong>panem</strong></span> <span class='ocrx_word' id='word_1_366' title='bbox 2639 2167 2696 2218; x_wconf 91' lang='lat' dir='ltr'><strong>et</strong></span> <span class='ocrx_word' id='word_1_367' title='bbox 2716 2179 2927 2226; x_wconf 85' lang='lat' dir='ltr'><strong>carnes</strong></span> <span class='ocrx_word' id='word_1_368' title='bbox 2951 2179 3130 2218; x_wconf 89' lang='lat' dir='ltr'><strong>mane</strong></span> <span class='ocrx_word' id='word_1_369' title='bbox 3157 2169 3213 2218; x_wconf 92' lang='lat' dir='ltr'><strong>ct</strong></span> <span class='ocrx_word' id='word_1_370' title='bbox 3240 2161 3495 2234; x_wconf 88' lang='lat' dir='ltr'><strong>vesperi,</strong></span> <span class='ocrx_word' id='word_1_371' title='bbox 3536 2178 3675 2220; x_wconf 88' lang='lat' dir='ltr'><strong>cum</strong></span> 
     </span>
    </p>
   </div>
   <div class='ocr_carea' id='block_1_52' title="bbox 2029 2248 3676 2324">
    <p class='ocr_par' dir='ltr' id='par_1_52' title="bbox 2029 2248 3676 2324">
     <span class='ocr_line' id='line_1_52' title="bbox 2029 2248 3676 2324; baseline 0.002 -21"><span class='ocrx_word' id='word_1_372' title='bbox 2029 2248 2324 2317; x_wconf 86' lang='lat' dir='ltr'><strong>gentilitas</strong></span> <span class='ocrx_word' id='word_1_373' title='bbox 2345 2249 2420 2306; x_wconf 84' lang='lat' dir='ltr'><strong>de</strong></span> <span class='ocrx_word' id='word_1_374' title='bbox 2449 2249 2759 2320; x_wconf 83' lang='lat' dir='ltr'><strong>nigredine</strong></span> <span class='ocrx_word' id='word_1_375' title='bbox 2790 2256 3170 2324; x_wconf 84' lang='lat' dir='ltr'><strong>peccatorum</strong></span> <span class='ocrx_word' id='word_1_376' title='bbox 3202 2251 3464 2317; x_wconf 79' lang='lat' dir='ltr'><strong>veniens,</strong></span> <span class='ocrx_word' id='word_1_377' title='bbox 3489 2249 3676 2308; x_wconf 84' lang='lat' dir='ltr'><strong>Chris-</strong></span> 
     </span>
    </p>
   </div>
   <div class='ocr_carea' id='block_1_53' title="bbox 2028 2337 3677 2412">
    <p class='ocr_par' dir='ltr' id='par_1_53' title="bbox 2028 2337 3677 2412">
     <span class='ocr_line' id='line_1_53' title="bbox 2028 2337 3677 2412; baseline 0.002 -18"><span class='ocrx_word' id='word_1_378' title='bbox 2028 2341 2088 2394; x_wconf 88' lang='lat' dir='ltr'><strong>to</strong></span> <span class='ocrx_word' id='word_1_379' title='bbox 2122 2338 2371 2394; x_wconf 90' lang='lat' dir='ltr'><strong>Domino</strong></span> <span class='ocrx_word' id='word_1_380' title='bbox 2399 2337 2651 2396; x_wconf 82' lang='lat' dir='ltr'><strong>salutem</strong></span> <span class='ocrx_word' id='word_1_381' title='bbox 2680 2344 2948 2400; x_wconf 87' lang='lat' dir='ltr'><strong>nostram</strong></span> <span class='ocrx_word' id='word_1_382' title='bbox 2974 2339 3271 2406; x_wconf 87' lang='lat' dir='ltr'><strong>esurienti,</strong></span> <span class='ocrx_word' id='word_1_383' title='bbox 3293 2354 3515 2412; x_wconf 88' lang='lat' dir='ltr'><strong>panem</strong></span> <span class='ocrx_word' id='word_1_384' title='bbox 3538 2337 3677 2398; x_wconf 84' lang='lat' dir='ltr'><strong>ﬁdei</strong></span> 
     </span>
    </p>
   </div>
   <div class='ocr_carea' id='block_1_54' title="bbox 2028 2428 3679 2502">
    <p class='ocr_par' dir='ltr' id='par_1_54' title="bbox 2028 2428 3679 2502">
     <span class='ocr_line' id='line_1_54' title="bbox 2028 2428 3679 2502; baseline 0.002 -20"><span class='ocrx_word' id='word_1_385' title='bbox 2028 2432 2085 2494; x_wconf 82' lang='lat' dir='ltr'><strong>et</strong></span> <span class='ocrx_word' id='word_1_386' title='bbox 2110 2443 2280 2499; x_wconf 86' lang='lat' dir='ltr'><strong>spem</strong></span> <span class='ocrx_word' id='word_1_387' title='bbox 2310 2428 2754 2488; x_wconf 88' lang='lat' dir='ltr'><strong>resurrectionis</strong></span> <span class='ocrx_word' id='word_1_388' title='bbox 2785 2445 2891 2502; x_wconf 89' lang='lat' dir='ltr'><strong>per</strong></span> <span class='ocrx_word' id='word_1_389' title='bbox 2914 2429 3166 2500; x_wconf 85' lang='lat' dir='ltr'><strong>gratiam</strong></span> <span class='ocrx_word' id='word_1_390' title='bbox 3196 2430 3325 2500; x_wconf 83' lang='lat' dir='ltr'><strong>ejus</strong></span> <span class='ocrx_word' id='word_1_391' title='bbox 3344 2428 3679 2487; x_wconf 80' lang='lat' dir='ltr'><strong>illuminata</strong></span> 
     </span>
    </p>
   </div>
   <div class='ocr_carea' id='block_1_55' title="bbox 2028 2516 3680 2590">
    <p class='ocr_par' dir='ltr' id='par_1_55' title="bbox 2028 2516 3680 2590">
     <span class='ocr_line' id='line_1_55' title="bbox 2028 2516 3680 2590; baseline 0.001 -20"><span class='ocrx_word' id='word_1_392' title='bbox 2028 2516 2219 2583; x_wconf 75' lang='lat' dir='ltr'><strong>offert,</strong></span> <span class='ocrx_word' id='word_1_393' title='bbox 2257 2532 2436 2572; x_wconf 90' lang='lat' dir='ltr'><strong>mane</strong></span> <span class='ocrx_word' id='word_1_394' title='bbox 2483 2516 2773 2588; x_wconf 83' lang='lat' dir='ltr'><strong>videlicet,</strong></span> <span class='ocrx_word' id='word_1_395' title='bbox 2825 2518 3183 2587; x_wconf 64' lang='lat' dir='ltr'><strong>evangelicae</strong></span> <span class='ocrx_word' id='word_1_396' title='bbox 3216 2516 3680 2590; x_wconf 64' lang='lat' dir='ltr'><strong>praedicationis.</strong></span> 
     </span>
    </p>
   </div>
   <div class='ocr_carea' id='block_1_56' title="bbox 2029 2605 3680 2680">
    <p class='ocr_par' dir='ltr' id='par_1_56' title="bbox 2029 2605 3680 2680">
     <span class='ocr_line' id='line_1_56' title="bbox 2029 2605 3680 2680; baseline 0.001 -20"><span class='ocrx_word' id='word_1_397' title='bbox 2029 2606 2097 2661; x_wconf 85' lang='lat' dir='ltr'><strong>Et</strong></span> <span class='ocrx_word' id='word_1_398' title='bbox 2125 2605 2264 2660; x_wconf 89' lang='lat' dir='ltr'><strong>item</strong></span> <span class='ocrx_word' id='word_1_399' title='bbox 2296 2621 2520 2677; x_wconf 80' lang='lat' dir='ltr'><strong>panem</strong></span> <span class='ocrx_word' id='word_1_400' title='bbox 2568 2612 2624 2662; x_wconf 90' lang='lat' dir='ltr'><strong>et</strong></span> <span class='ocrx_word' id='word_1_401' title='bbox 2653 2623 2864 2672; x_wconf 85' lang='lat' dir='ltr'><strong>carnes</strong></span> <span class='ocrx_word' id='word_1_402' title='bbox 2895 2607 3129 2680; x_wconf 84' lang='lat' dir='ltr'><strong>vesperi</strong></span> <span class='ocrx_word' id='word_1_403' title='bbox 3159 2607 3426 2666; x_wconf 87' lang='lat' dir='ltr'><strong>similiter</strong></span> <span class='ocrx_word' id='word_1_404' title='bbox 3471 2605 3680 2677; x_wconf 85' lang='lat' dir='ltr'><strong>defert,</strong></span> 
     </span>
    </p>
   </div>
   <div class='ocr_carea' id='block_1_57' title="bbox 2029 2694 3681 2767">
    <p class='ocr_par' dir='ltr' id='par_1_57' title="bbox 2029 2694 3681 2767">
     <span class='ocr_line' id='line_1_57' title="bbox 2029 2694 3681 2767; baseline 0.003 -20"><span class='ocrx_word' id='word_1_405' title='bbox 2029 2708 2167 2747; x_wconf 89' lang='lat' dir='ltr'><strong>cum</strong></span> <span class='ocrx_word' id='word_1_406' title='bbox 2195 2694 2473 2761; x_wconf 79' lang='lat' dir='ltr'><strong>eamdem</strong></span> <span class='ocrx_word' id='word_1_407' title='bbox 2491 2694 2674 2762; x_wconf 82' lang='lat' dir='ltr'><strong>ﬁdem</strong></span> <span class='ocrx_word' id='word_1_408' title='bbox 2698 2711 2889 2767; x_wconf 89' lang='lat' dir='ltr'><strong>usque</strong></span> <span class='ocrx_word' id='word_1_409' title='bbox 2903 2696 2980 2752; x_wconf 90' lang='lat' dir='ltr'><strong>ad</strong></span> <span class='ocrx_word' id='word_1_410' title='bbox 3005 2697 3189 2762; x_wconf 89' lang='lat' dir='ltr'><strong>ﬁnem</strong></span> <span class='ocrx_word' id='word_1_411' title='bbox 3201 2695 3412 2753; x_wconf 91' lang='lat' dir='ltr'><strong>mundi</strong></span> <span class='ocrx_word' id='word_1_412' title='bbox 3432 2710 3681 2754; x_wconf 83' lang='lat' dir='ltr'><strong>servans</strong></span> 
     </span>
    </p>
   </div>
   <div class='ocr_carea' id='block_1_58' title="bbox 2027 2780 3746 2852">
    <p class='ocr_par' dir='ltr' id='par_1_58' title="bbox 2027 2780 3746 2852">
     <span class='ocr_line' id='line_1_58' title="bbox 2027 2780 3746 2852; baseline -0.002 -10"><span class='ocrx_word' id='word_1_413' title='bbox 2027 2780 2586 2850; x_wconf 77' lang='lat' dir='ltr'><strong>incontaminatam,</strong></span> <span class='ocrx_word' id='word_1_414' title='bbox 2643 2800 2784 2846; x_wconf 86' lang='lat' dir='ltr'><strong>cum</strong></span> <span class='ocrx_word' id='word_1_415' title='bbox 2842 2786 3040 2844; x_wconf 86' lang='lat' dir='ltr'><strong>carnis</strong></span> <span class='ocrx_word' id='word_1_416' title='bbox 3092 2786 3528 2852; x_wconf 83' lang='lat' dir='ltr'><strong>resurrectione</strong></span> <span class='ocrx_word' id='word_1_417' title='bbox 3582 2799 3680 2839; x_wconf 88' lang='lat' dir='ltr'><strong>ve-</strong></span> <span class='ocrx_word' id='word_1_418' title='bbox 3743 2781 3746 2783; x_wconf 69' lang='grc'><em>’</em></span> 
     </span>
    </p>
   </div>
   <div class='ocr_carea' id='block_1_59' title="bbox 2027 2870 3680 2948">
    <p class='ocr_par' dir='ltr' id='par_1_59' title="bbox 2027 2870 3680 2948">
     <span class='ocr_line' id='line_1_59' title="bbox 2027 2870 3680 2948; baseline 0.003 -23"><span class='ocrx_word' id='word_1_419' title='bbox 2027 2870 2206 2926; x_wconf 88' lang='lat' dir='ltr'><strong>nienti</strong></span> <span class='ocrx_word' id='word_1_420' title='bbox 2222 2871 2410 2941; x_wconf 90' lang='lat' dir='ltr'><strong>judici</strong></span> <span class='ocrx_word' id='word_1_421' title='bbox 2431 2878 2804 2944; x_wconf 52' lang='lat' dir='ltr'><strong>praasentatm</strong></span> <span class='ocrx_word' id='word_1_422' title='bbox 2826 2877 2964 2930; x_wconf 86' lang='lat' dir='ltr'><strong>Post</strong></span> <span class='ocrx_word' id='word_1_423' title='bbox 2981 2875 3106 2932; x_wconf 89' lang='lat' dir='ltr'><strong>dies</strong></span> <span class='ocrx_word' id='word_1_424' title='bbox 3123 2880 3322 2940; x_wconf 87' lang='lat' dir='ltr'><strong>autem</strong></span> <span class='ocrx_word' id='word_1_425' title='bbox 3341 2875 3680 2948; x_wconf 85' lang='lat' dir='ltr'><strong>aliquantos</strong></span> 
     </span>
    </p>
   </div>
   <div class='ocr_carea' id='block_1_60' title="bbox 253 2959 3680 3053">
    <p class='ocr_par' dir='ltr' id='par_1_60' title="bbox 253 2959 3680 3053">
     <span class='ocr_line' id='line_1_60' title="bbox 253 2959 3680 3053; baseline 0.001 -39"><span class='ocrx_word' id='word_1_426' title='bbox 253 2981 282 3008; x_wconf 87' lang='grc'><strong>‹‹</strong></span> <span class='ocrx_word' id='word_1_427' title='bbox 305 2964 523 3015; x_wconf 85' lang='lat' dir='ltr'><strong>contra</strong></span> <span class='ocrx_word' id='word_1_428' title='bbox 544 2959 865 3015; x_wconf 88' lang='lat' dir='ltr'><strong>Iordanem</strong></span> <span class='ocrx_word' id='word_1_429' title='bbox 897 2965 954 3015; x_wconf 90' lang='lat' dir='ltr'><strong>et</strong></span> <span class='ocrx_word' id='word_1_430' title='bbox 979 2959 1060 3014; x_wconf 90' lang='lat' dir='ltr'><strong>ibi</strong></span> <span class='ocrx_word' id='word_1_431' title='bbox 1091 2960 1165 3015; x_wconf 89' lang='lat' dir='ltr'><strong>de</strong></span> <span class='ocrx_word' id='word_1_432' title='bbox 1194 2965 1452 3018; x_wconf 85' lang='lat' dir='ltr'><strong>torrente</strong></span> <span class='ocrx_word' id='word_1_433' title='bbox 1482 2961 1674 3029; x_wconf 88' lang='lat' dir='ltr'><strong>bibes,</strong></span> <span class='ocrx_word' id='word_1_434' title='bbox 1694 2960 1916 3016; x_wconf 88' lang='lat' dir='ltr'><strong>corvis-</strong></span> <span class='ocrx_word' id='word_1_435' title='bbox 1947 3000 1988 3053; x_wconf 68' lang='grc'>0</span> <span class='ocrx_word' id='word_1_436' title='bbox 2028 2980 2055 3007; x_wconf 84' lang='grc'><strong>‹‹</strong></span> <span class='ocrx_word' id='word_1_437' title='bbox 2088 2959 2343 3016; x_wconf 86' lang='lat' dir='ltr'><strong>siccatus</strong></span> <span class='ocrx_word' id='word_1_438' title='bbox 2365 2965 2457 3017; x_wconf 88' lang='lat' dir='ltr'><strong>est</strong></span> <span class='ocrx_word' id='word_1_439' title='bbox 2485 2965 2738 3032; x_wconf 87' lang='lat' dir='ltr'><strong>torrens,</strong></span> <span class='ocrx_word' id='word_1_440' title='bbox 2772 2981 2802 3014; x_wconf 66' lang='grc' dir='ltr'>δ</span> <span class='ocrx_word' id='word_1_441' title='bbox 2849 2963 2994 3034; x_wconf 87' lang='lat' dir='ltr'><strong>quia</strong></span> <span class='ocrx_word' id='word_1_442' title='bbox 3031 2968 3452 3044; x_wconf 76' lang='lat' dir='ltr'><strong>consummato</strong></span> <span class='ocrx_word' id='word_1_443' title='bbox 3500 2977 3680 3018; x_wconf 91' lang='lat' dir='ltr'><strong>cursu</strong></span> 
     </span>
    </p>
   </div>
   <div class='ocr_carea' id='block_1_61' title="bbox 254 3048 1921 3120">
    <p class='ocr_par' dir='ltr' id='par_1_61' title="bbox 254 3048 1921 3120">
     <span class='ocr_line' id='line_1_61' title="bbox 254 3048 1921 3120; baseline 0.002 -22"><span class='ocrx_word' id='word_1_444' title='bbox 254 3070 281 3098; x_wconf 73' lang='grc' dir='ltr'><strong><em>α</em></strong></span> <span class='ocrx_word' id='word_1_445' title='bbox 311 3063 437 3120; x_wconf 86' lang='lat' dir='ltr'><strong>que</strong></span> <span class='ocrx_word' id='word_1_446' title='bbox 476 3048 734 3120; x_wconf 73' lang='lat' dir='ltr'><strong>praecepi</strong></span> <span class='ocrx_word' id='word_1_447' title='bbox 768 3053 832 3104; x_wconf 91' lang='lat' dir='ltr'><strong>ut</strong></span> <span class='ocrx_word' id='word_1_448' title='bbox 859 3054 1112 3120; x_wconf 89' lang='lat' dir='ltr'><strong>pascant</strong></span> <span class='ocrx_word' id='word_1_449' title='bbox 1131 3054 1183 3104; x_wconf 87' lang='lat' dir='ltr'><strong>te</strong></span> <span class='ocrx_word' id='word_1_450' title='bbox 1213 3049 1316 3104; x_wconf 89' lang='lat' dir='ltr'><strong>ibi.</strong></span> <span class='ocrx_word' id='word_1_451' title='bbox 1347 3049 1502 3104; x_wconf 84' lang='lat' dir='ltr'><strong>Abiit</strong></span> <span class='ocrx_word' id='word_1_452' title='bbox 1530 3063 1672 3118; x_wconf 87' lang='lat' dir='ltr'><strong>ergo</strong></span> <span class='ocrx_word' id='word_1_453' title='bbox 1699 3053 1757 3103; x_wconf 87' lang='lat' dir='ltr'><strong>et</strong></span> <span class='ocrx_word' id='word_1_454' title='bbox 1785 3048 1921 3103; x_wconf 85' lang='lat' dir='ltr'><strong>fecit</strong></span> 
     </span>
    </p>
   </div>
   <div class='ocr_carea' id='block_1_62' title="bbox 257 3135 1916 3209">
    <p class='ocr_par' dir='ltr' id='par_1_62' title="bbox 257 3135 1916 3209">
     <span class='ocr_line' id='line_1_62' title="bbox 257 3135 1916 3209; baseline 0.006 -23"><span class='ocrx_word' id='word_1_455' title='bbox 257 3159 283 3186; x_wconf 72' lang='lat' dir='ltr'><strong>u</strong></span> <span class='ocrx_word' id='word_1_456' title='bbox 307 3139 490 3205; x_wconf 77' lang='lat' dir='ltr'><strong>juxta</strong></span> <span class='ocrx_word' id='word_1_457' title='bbox 517 3135 770 3191; x_wconf 83' lang='lat' dir='ltr'><strong>verbum</strong></span> <span class='ocrx_word' id='word_1_458' title='bbox 801 3137 1067 3194; x_wconf 89' lang='lat' dir='ltr'><strong>Domini:</strong></span> <span class='ocrx_word' id='word_1_459' title='bbox 1103 3153 1364 3209; x_wconf 89' lang='lat' dir='ltr'><strong>cumque</strong></span> <span class='ocrx_word' id='word_1_460' title='bbox 1397 3137 1648 3195; x_wconf 89' lang='lat' dir='ltr'><strong>abiisset</strong></span> <span class='ocrx_word' id='word_1_461' title='bbox 1677 3137 1828 3192; x_wconf 82' lang='lat' dir='ltr'><strong>sedit</strong></span> <span class='ocrx_word' id='word_1_462' title='bbox 1856 3136 1916 3196; x_wconf 83' lang='lat' dir='ltr'><strong>in</strong></span> 
     </span>
    </p>
   </div>
   <div class='ocr_carea' id='block_1_63' title="bbox 261 3224 1916 3296">
    <p class='ocr_par' dir='ltr' id='par_1_63' title="bbox 261 3224 1916 3296">
     <span class='ocr_line' id='line_1_63' title="bbox 261 3224 1916 3296; baseline -0.001 -12"><span class='ocrx_word' id='word_1_463' title='bbox 261 3246 287 3270; x_wconf 78' lang='grc' dir='ltr'>α</span> <span class='ocrx_word' id='word_1_464' title='bbox 316 3230 584 3284; x_wconf 76' lang='lat' dir='ltr'><strong>torrente</strong></span> <span class='ocrx_word' id='word_1_465' title='bbox 615 3224 811 3282; x_wconf 81' lang='lat' dir='ltr'><strong>Carith</strong></span> <span class='ocrx_word' id='word_1_466' title='bbox 845 3225 948 3296; x_wconf 87' lang='lat' dir='ltr'><strong>qui</strong></span> <span class='ocrx_word' id='word_1_467' title='bbox 979 3230 1070 3282; x_wconf 88' lang='lat' dir='ltr'><strong>est</strong></span> <span class='ocrx_word' id='word_1_468' title='bbox 1115 3231 1326 3282; x_wconf 89' lang='lat' dir='ltr'><strong>contra</strong></span> <span class='ocrx_word' id='word_1_469' title='bbox 1370 3225 1714 3282; x_wconf 88' lang='lat' dir='ltr'><strong>Iordanem.</strong></span> <span class='ocrx_word' id='word_1_470' title='bbox 1747 3225 1916 3282; x_wconf 86' lang='lat' dir='ltr'><strong>Corvi</strong></span> 
     </span>
    </p>
   </div>
   <div class='ocr_carea' id='block_1_64' title="bbox 262 3312 1910 3386">
    <p class='ocr_par' dir='ltr' id='par_1_64' title="bbox 262 3312 1910 3386">
     <span class='ocr_line' id='line_1_64' title="bbox 262 3312 1910 3386; baseline 0.001 -17"><span class='ocrx_word' id='word_1_471' title='bbox 262 3334 288 3362; x_wconf 77' lang='grc' dir='ltr'><strong><em>κ</em></strong></span> <span class='ocrx_word' id='word_1_472' title='bbox 316 3329 565 3386; x_wconf 84' lang='lat' dir='ltr'><strong>quoque</strong></span> <span class='ocrx_word' id='word_1_473' title='bbox 600 3312 951 3370; x_wconf 81' lang='lat' dir='ltr'><strong>deferebant</strong></span> <span class='ocrx_word' id='word_1_474' title='bbox 978 3314 1030 3370; x_wconf 91' lang='lat' dir='ltr'><strong>ei</strong></span> <span class='ocrx_word' id='word_1_475' title='bbox 1072 3329 1297 3386; x_wconf 88' lang='lat' dir='ltr'><strong>panem</strong></span> <span class='ocrx_word' id='word_1_476' title='bbox 1339 3317 1398 3372; x_wconf 92' lang='lat' dir='ltr'><strong>et</strong></span> <span class='ocrx_word' id='word_1_477' title='bbox 1435 3329 1648 3370; x_wconf 86' lang='lat' dir='ltr'><strong>carnes</strong></span> <span class='ocrx_word' id='word_1_478' title='bbox 1698 3328 1910 3370; x_wconf 89' lang='lat' dir='ltr'><strong>mane:</strong></span> 
     </span>
    </p>
   </div>
   <div class='ocr_carea' id='block_1_65' title="bbox 259 3401 1914 3474">
    <p class='ocr_par' dir='ltr' id='par_1_65' title="bbox 259 3401 1914 3474">
     <span class='ocr_line' id='line_1_65' title="bbox 259 3401 1914 3474; baseline 0.002 -19"><span class='ocrx_word' id='word_1_479' title='bbox 259 3425 286 3450; x_wconf 79' lang='lat' dir='ltr'><strong>u</strong></span> <span class='ocrx_word' id='word_1_480' title='bbox 319 3401 592 3458; x_wconf 82' lang='lat' dir='ltr'><strong>similiter</strong></span> <span class='ocrx_word' id='word_1_481' title='bbox 611 3417 834 3474; x_wconf 90' lang='lat' dir='ltr'><strong>panem</strong></span> <span class='ocrx_word' id='word_1_482' title='bbox 865 3407 922 3458; x_wconf 90' lang='lat' dir='ltr'><strong>et</strong></span> <span class='ocrx_word' id='word_1_483' title='bbox 949 3418 1160 3458; x_wconf 87' lang='lat' dir='ltr'><strong>carnes</strong></span> <span class='ocrx_word' id='word_1_484' title='bbox 1200 3402 1451 3474; x_wconf 85' lang='lat' dir='ltr'><strong>vesperi,</strong></span> <span class='ocrx_word' id='word_1_485' title='bbox 1483 3405 1541 3457; x_wconf 92' lang='lat' dir='ltr'><strong>et</strong></span> <span class='ocrx_word' id='word_1_486' title='bbox 1568 3401 1813 3458; x_wconf 89' lang='lat' dir='ltr'><strong>bibebat</strong></span> <span class='ocrx_word' id='word_1_487' title='bbox 1839 3402 1914 3464; x_wconf 90' lang='lat' dir='ltr'><strong>de</strong></span> 
     </span>
    </p>
   </div>
   <div class='ocr_carea' id='block_1_66' title="bbox 261 3490 1917 3562">
    <p class='ocr_par' dir='ltr' id='par_1_66' title="bbox 261 3490 1917 3562">
     <span class='ocr_line' id='line_1_66' title="bbox 261 3490 1917 3562; baseline 0.001 -18"><span class='ocrx_word' id='word_1_488' title='bbox 261 3510 289 3537; x_wconf 84' lang='lat' dir='ltr'><strong>u</strong></span> <span class='ocrx_word' id='word_1_489' title='bbox 324 3495 603 3546; x_wconf 86' lang='lat' dir='ltr'><strong>torrente.</strong></span> <span class='ocrx_word' id='word_1_490' title='bbox 623 3490 768 3546; x_wconf 87' lang='lat' dir='ltr'><strong>Post</strong></span> <span class='ocrx_word' id='word_1_491' title='bbox 795 3490 922 3544; x_wconf 89' lang='lat' dir='ltr'><strong>dies</strong></span> <span class='ocrx_word' id='word_1_492' title='bbox 943 3494 1144 3546; x_wconf 88' lang='lat' dir='ltr'><strong>autem</strong></span> <span class='ocrx_word' id='word_1_493' title='bbox 1172 3490 1513 3562; x_wconf 89' lang='lat' dir='ltr'><strong>aliquantos</strong></span> <span class='ocrx_word' id='word_1_494' title='bbox 1544 3490 1798 3546; x_wconf 87' lang='lat' dir='ltr'><strong>siccatus</strong></span> <span class='ocrx_word' id='word_1_495' title='bbox 1828 3495 1917 3552; x_wconf 85' lang='lat' dir='ltr'><strong>est</strong></span> 
     </span>
    </p>
   </div>
   <div class='ocr_carea' id='block_1_67' title="bbox 267 3578 1914 3651">
    <p class='ocr_par' dir='ltr' id='par_1_67' title="bbox 267 3578 1914 3651">
     <span class='ocr_line' id='line_1_67' title="bbox 267 3578 1914 3651; baseline 0 -19"><span class='ocrx_word' id='word_1_496' title='bbox 267 3598 293 3632; x_wconf 69' lang='grc' dir='ltr'><strong>μ</strong></span> <span class='ocrx_word' id='word_1_497' title='bbox 324 3581 571 3644; x_wconf 79' lang='lat' dir='ltr'><strong>torrens,</strong></span> <span class='ocrx_word' id='word_1_498' title='bbox 605 3593 726 3634; x_wconf 92' lang='lat' dir='ltr'><strong>non</strong></span> <span class='ocrx_word' id='word_1_499' title='bbox 756 3578 916 3634; x_wconf 91' lang='lat' dir='ltr'><strong>enim</strong></span> <span class='ocrx_word' id='word_1_500' title='bbox 933 3578 1166 3650; x_wconf 85' lang='lat' dir='ltr'><strong>pluerat</strong></span> <span class='ocrx_word' id='word_1_501' title='bbox 1189 3595 1368 3651; x_wconf 89' lang='lat' dir='ltr'><strong>super</strong></span> <span class='ocrx_word' id='word_1_502' title='bbox 1398 3583 1634 3635; x_wconf 88' lang='lat' dir='ltr'><strong>terram.</strong></span> <span class='ocrx_word' id='word_1_503' title='bbox 1667 3602 1693 3640; x_wconf 71' lang='grc' dir='ltr'><strong><em>υ</em></strong></span> <span class='ocrx_word' id='word_1_504' title='bbox 1720 3578 1914 3636; x_wconf 85' lang='lat' dir='ltr'><strong>Prius-.-</strong></span> 
     </span>
    </p>
   </div>
   <div class='ocr_carea' id='block_1_68' title="bbox 269 3665 1909 3739">
    <p class='ocr_par' dir='ltr' id='par_1_68' title="bbox 269 3665 1909 3739">
     <span class='ocr_line' id='line_1_68' title="bbox 269 3665 1909 3739; baseline 0.001 -19"><span class='ocrx_word' id='word_1_505' title='bbox 269 3679 459 3733; x_wconf 81' lang='lat' dir='ltr'><strong>quam</strong></span> <span class='ocrx_word' id='word_1_506' title='bbox 480 3665 791 3736; x_wconf 84' lang='lat' dir='ltr'><strong>allogorice</strong></span> <span class='ocrx_word' id='word_1_507' title='bbox 817 3666 967 3739; x_wconf 90' lang='lat' dir='ltr'><strong>quid</strong></span> <span class='ocrx_word' id='word_1_508' title='bbox 996 3667 1109 3724; x_wconf 87' lang='lat' dir='ltr'><strong>ista</strong></span> <span class='ocrx_word' id='word_1_509' title='bbox 1133 3666 1469 3736; x_wconf 85' lang='lat' dir='ltr'><strong>signiﬁcent</strong></span> <span class='ocrx_word' id='word_1_510' title='bbox 1523 3667 1909 3736; x_wconf 88' lang='lat' dir='ltr'><strong>disseramus,</strong></span> 
     </span>
    </p>
   </div>
   <div class='ocr_carea' id='block_1_69' title="bbox 276 3749 1912 3828">
    <p class='ocr_par' dir='ltr' id='par_1_69' title="bbox 276 3749 1912 3828">
     <span class='ocr_line' id='line_1_69' title="bbox 276 3749 1912 3828; baseline 0.005 -24"><span class='ocrx_word' id='word_1_511' title='bbox 276 3749 420 3806; x_wconf 85' lang='lat' dir='ltr'><strong>libet</strong></span> <span class='ocrx_word' id='word_1_512' title='bbox 449 3751 731 3824; x_wconf 89' lang='lat' dir='ltr'><strong>inquirere</strong></span> <span class='ocrx_word' id='word_1_513' title='bbox 765 3756 938 3826; x_wconf 78' lang='lat' dir='ltr'><strong>juxta</strong></span> <span class='ocrx_word' id='word_1_514' title='bbox 970 3755 1388 3826; x_wconf 87' lang='lat' dir='ltr'><strong>moralitatem,</strong></span> <span class='ocrx_word' id='word_1_515' title='bbox 1411 3755 1558 3828; x_wconf 88' lang='lat' dir='ltr'><strong>quid</strong></span> <span class='ocrx_word' id='word_1_516' title='bbox 1613 3761 1701 3811; x_wconf 90' lang='lat' dir='ltr'><strong>est</strong></span> <span class='ocrx_word' id='word_1_517' title='bbox 1747 3756 1912 3828; x_wconf 89' lang='lat' dir='ltr'><strong>quod</strong></span> 
     </span>
    </p>
   </div>
   <div class='ocr_carea' id='block_1_70' title="bbox 279 3838 1908 3915">
    <p class='ocr_par' dir='ltr' id='par_1_70' title="bbox 279 3838 1908 3915">
     <span class='ocr_line' id='line_1_70' title="bbox 279 3838 1908 3915; baseline 0.003 -20"><span class='ocrx_word' id='word_1_518' title='bbox 279 3838 393 3895; x_wconf 86' lang='lat' dir='ltr'><strong>ait:</strong></span> <span class='ocrx_word' id='word_1_519' title='bbox 425 3863 453 3888; x_wconf 77' lang='grc' dir='ltr'>α</span> <span class='ocrx_word' id='word_1_520' title='bbox 491 3839 637 3898; x_wconf 75' lang='lat' dir='ltr'><strong>Vivit</strong></span> <span class='ocrx_word' id='word_1_521' title='bbox 663 3843 947 3900; x_wconf 87' lang='lat' dir='ltr'><strong>Dominus</strong></span> <span class='ocrx_word' id='word_1_522' title='bbox 995 3845 1055 3899; x_wconf 91' lang='lat' dir='ltr'><strong>in</strong></span> <span class='ocrx_word' id='word_1_523' title='bbox 1106 3845 1277 3915; x_wconf 81' lang='lat' dir='ltr'><strong>cujus</strong></span> <span class='ocrx_word' id='word_1_524' title='bbox 1335 3849 1662 3915; x_wconf 88' lang='lat' dir='ltr'><strong>conspectu</strong></span> <span class='ocrx_word' id='word_1_525' title='bbox 1721 3849 1832 3900; x_wconf 88' lang='lat' dir='ltr'><strong>sto.</strong></span> <span class='ocrx_word' id='word_1_526' title='bbox 1879 3867 1908 3894; x_wconf 83' lang='lat'><strong><em>»</em></strong></span> 
     </span>
    </p>
   </div>
   <div class='ocr_carea' id='block_1_71' title="bbox 268 3928 1911 4005">
    <p class='ocr_par' dir='ltr' id='par_1_71' title="bbox 268 3928 1911 4005">
     <span class='ocr_line' id='line_1_71' title="bbox 268 3928 1911 4005; baseline 0.002 -21"><span class='ocrx_word' id='word_1_527' title='bbox 268 3928 585 3986; x_wconf 79' lang='lat' dir='ltr'><strong>Sciendum</strong></span> <span class='ocrx_word' id='word_1_528' title='bbox 610 3936 700 3988; x_wconf 85' lang='lat' dir='ltr'><strong>est</strong></span> <span class='ocrx_word' id='word_1_529' title='bbox 725 3932 891 4004; x_wconf 86' lang='lat' dir='ltr'><strong>quod</strong></span> <span class='ocrx_word' id='word_1_530' title='bbox 922 3932 1163 3988; x_wconf 92' lang='lat' dir='ltr'><strong>duobus</strong></span> <span class='ocrx_word' id='word_1_531' title='bbox 1193 3931 1390 3988; x_wconf 86' lang='lat' dir='ltr'><strong>modis</strong></span> <span class='ocrx_word' id='word_1_532' title='bbox 1423 3932 1483 3987; x_wconf 88' lang='lat' dir='ltr'><strong>in</strong></span> <span class='ocrx_word' id='word_1_533' title='bbox 1522 3937 1911 4005; x_wconf 89' lang='lat' dir='ltr'><strong>conspectum</strong></span> 
     </span>
    </p>
   </div>
   <div class='ocr_carea' id='block_1_72' title="bbox 257 4017 1910 4092">
    <p class='ocr_par' dir='ltr' id='par_1_72' title="bbox 257 4017 1910 4092">
     <span class='ocr_line' id='line_1_72' title="bbox 257 4017 1910 4092; baseline 0.004 -22"><span class='ocrx_word' id='word_1_534' title='bbox 257 4017 496 4088; x_wconf 81' lang='lat' dir='ltr'><strong>Domini</strong></span> <span class='ocrx_word' id='word_1_535' title='bbox 527 4021 821 4087; x_wconf 77' lang='lat' dir='ltr'><strong>venimus,</strong></span> <span class='ocrx_word' id='word_1_536' title='bbox 855 4037 994 4077; x_wconf 90' lang='lat' dir='ltr'><strong>cum</strong></span> <span class='ocrx_word' id='word_1_537' title='bbox 1023 4021 1083 4077; x_wconf 90' lang='lat' dir='ltr'><strong>in</strong></span> <span class='ocrx_word' id='word_1_538' title='bbox 1109 4026 1374 4080; x_wconf 84' lang='lat' dir='ltr'><strong>extremo</strong></span> <span class='ocrx_word' id='word_1_539' title='bbox 1399 4021 1626 4092; x_wconf 85' lang='lat' dir='ltr'><strong>judicio</strong></span> <span class='ocrx_word' id='word_1_540' title='bbox 1658 4025 1794 4075; x_wconf 91' lang='lat' dir='ltr'><strong>ante</strong></span> <span class='ocrx_word' id='word_1_541' title='bbox 1813 4022 1910 4077; x_wconf 90' lang='lat' dir='ltr'><strong>tri-</strong></span> 
     </span>
    </p>
   </div>
   <div class='ocr_carea' id='block_1_73' title="bbox 253 4106 1913 4180">
    <p class='ocr_par' dir='ltr' id='par_1_73' title="bbox 253 4106 1913 4180">
     <span class='ocr_line' id='line_1_73' title="bbox 253 4106 1913 4180; baseline 0.002 -18"><span class='ocrx_word' id='word_1_542' title='bbox 253 4106 440 4164; x_wconf 80' lang='lat' dir='ltr'><strong>bunal</strong></span> <span class='ocrx_word' id='word_1_543' title='bbox 462 4108 597 4178; x_wconf 86' lang='lat' dir='ltr'><strong>ejus</strong></span> <span class='ocrx_word' id='word_1_544' title='bbox 627 4109 979 4166; x_wconf 85' lang='lat' dir='ltr'><strong>assistimus.</strong></span> <span class='ocrx_word' id='word_1_545' title='bbox 1007 4113 1156 4166; x_wconf 80' lang='lat' dir='ltr'><strong>Nam</strong></span> <span class='ocrx_word' id='word_1_546' title='bbox 1177 4109 1409 4180; x_wconf 88' lang='lat' dir='ltr'><strong>quoties</strong></span> <span class='ocrx_word' id='word_1_547' title='bbox 1433 4109 1762 4167; x_wconf 85' lang='lat' dir='ltr'><strong>Conditoris</strong></span> <span class='ocrx_word' id='word_1_548' title='bbox 1780 4125 1913 4166; x_wconf 85' lang='lat' dir='ltr'><strong>nos-</strong></span> 
     </span>
    </p>
   </div>
   <div class='ocr_carea' id='block_1_74' title="bbox 251 4195 1913 4268">
    <p class='ocr_par' dir='ltr' id='par_1_74' title="bbox 251 4195 1913 4268">
     <span class='ocr_line' id='line_1_74' title="bbox 251 4195 1913 4268; baseline 0.001 -18"><span class='ocrx_word' id='word_1_549' title='bbox 251 4195 322 4250; x_wconf 88' lang='lat' dir='ltr'><strong>tri</strong></span> <span class='ocrx_word' id='word_1_550' title='bbox 350 4197 689 4268; x_wconf 88' lang='lat' dir='ltr'><strong>potentiam</strong></span> <span class='ocrx_word' id='word_1_551' title='bbox 719 4197 798 4253; x_wconf 91' lang='lat' dir='ltr'><strong>ad</strong></span> <span class='ocrx_word' id='word_1_552' title='bbox 820 4213 1062 4253; x_wconf 90' lang='lat' dir='ltr'><strong>sensum</strong></span> <span class='ocrx_word' id='word_1_553' title='bbox 1090 4197 1452 4265; x_wconf 89' lang='lat' dir='ltr'><strong>reducimus,</strong></span> <span class='ocrx_word' id='word_1_554' title='bbox 1472 4199 1643 4254; x_wconf 91' lang='lat' dir='ltr'><strong>toties</strong></span> <span class='ocrx_word' id='word_1_555' title='bbox 1663 4199 1722 4260; x_wconf 86' lang='lat' dir='ltr'><strong>in</strong></span> <span class='ocrx_word' id='word_1_556' title='bbox 1744 4214 1913 4253; x_wconf 91' lang='lat' dir='ltr'><strong>cons-</strong></span> 
     </span>
    </p>
   </div>
   <div class='ocr_carea' id='block_1_75' title="bbox 248 4285 1909 4357">
    <p class='ocr_par' dir='ltr' id='par_1_75' title="bbox 248 4285 1909 4357">
     <span class='ocr_line' id='line_1_75' title="bbox 248 4285 1909 4357; baseline 0 -16"><span class='ocrx_word' id='word_1_557' title='bbox 248 4289 428 4356; x_wconf 80' lang='lat' dir='ltr'><strong>pectu</strong></span> <span class='ocrx_word' id='word_1_558' title='bbox 449 4285 616 4342; x_wconf 89' lang='lat' dir='ltr'><strong>illius</strong></span> <span class='ocrx_word' id='word_1_559' title='bbox 645 4287 1068 4344; x_wconf 86' lang='lat' dir='ltr'><strong>stamus.Unde</strong></span> <span class='ocrx_word' id='word_1_560' title='bbox 1096 4290 1253 4342; x_wconf 89' lang='lat' dir='ltr'><strong>recte</strong></span> <span class='ocrx_word' id='word_1_561' title='bbox 1282 4303 1444 4344; x_wconf 89' lang='lat' dir='ltr'><strong>nunc</strong></span> <span class='ocrx_word' id='word_1_562' title='bbox 1473 4302 1577 4357; x_wconf 89' lang='lat' dir='ltr'><strong>per</strong></span> <span class='ocrx_word' id='word_1_563' title='bbox 1599 4286 1790 4342; x_wconf 91' lang='lat' dir='ltr'><strong>virum</strong></span> <span class='ocrx_word' id='word_1_564' title='bbox 1812 4287 1909 4341; x_wconf 88' lang='lat' dir='ltr'><strong>Dei</strong></span> 
     </span>
    </p>
   </div>
   <div class='ocr_carea' id='block_1_76' title="bbox 2026 3047 3680 3122">
    <p class='ocr_par' dir='ltr' id='par_1_76' title="bbox 2026 3047 3680 3122">
     <span class='ocr_line' id='line_1_76' title="bbox 2026 3047 3680 3122; baseline 0.001 -21"><span class='ocrx_word' id='word_1_565' title='bbox 2026 3047 2335 3118; x_wconf 59' lang='lat' dir='ltr'><strong>prementis</strong></span> <span class='ocrx_word' id='word_1_566' title='bbox 2369 3049 2523 3118; x_wconf 65' lang='lat' dir='ltr'><strong>vitas,</strong></span> <span class='ocrx_word' id='word_1_567' title='bbox 2549 3072 2576 3099; x_wconf 87' lang='grc'><em>‹‹</em></span> <span class='ocrx_word' id='word_1_568' title='bbox 2610 3050 2896 3122; x_wconf 83' lang='lat' dir='ltr'><strong>absorpta</strong></span> <span class='ocrx_word' id='word_1_569' title='bbox 2925 3051 3032 3112; x_wconf 90' lang='lat' dir='ltr'><strong>erit</strong></span> <span class='ocrx_word' id='word_1_570' title='bbox 3074 3066 3237 3106; x_wconf 90' lang='lat' dir='ltr'><strong>mors</strong></span> <span class='ocrx_word' id='word_1_571' title='bbox 3258 3051 3318 3117; x_wconf 75' lang='lat' dir='ltr'><strong>in</strong></span> <span class='ocrx_word' id='word_1_572' title='bbox 3353 3049 3600 3106; x_wconf 89' lang='lat' dir='ltr'><strong>vicloria</strong></span> <span class='ocrx_word' id='word_1_573' title='bbox 3627 3049 3680 3119; x_wconf 90' lang='grc'><strong>(1</strong></span> 
     </span>
    </p>
   </div>
   <div class='ocr_carea' id='block_1_77' title="bbox 2028 3135 3681 3208">
    <p class='ocr_par' dir='ltr' id='par_1_77' title="bbox 2028 3135 3681 3208">
     <span class='ocr_line' id='line_1_77' title="bbox 2028 3135 3681 3208; baseline -0.001 -16"><span class='ocrx_word' id='word_1_574' title='bbox 2028 3137 2162 3201; x_wconf 74' lang='lat' dir='ltr'><strong>Car.</strong></span> <span class='ocrx_word' id='word_1_575' title='bbox 2206 3140 2273 3204; x_wconf 92' lang='lat' dir='ltr'><strong>l).</strong></span> <span class='ocrx_word' id='word_1_576' title='bbox 2305 3158 2332 3185; x_wconf 86' lang='grc'><strong>››</strong></span> <span class='ocrx_word' id='word_1_577' title='bbox 2366 3137 2547 3192; x_wconf 88' lang='lat' dir='ltr'><strong>etiam</strong></span> <span class='ocrx_word' id='word_1_578' title='bbox 2579 3159 2606 3186; x_wconf 77' lang='grc' dir='ltr'><strong>ιι</strong></span> <span class='ocrx_word' id='word_1_579' title='bbox 2637 3137 2790 3196; x_wconf 88' lang='lat' dir='ltr'><strong>ultra</strong></span> <span class='ocrx_word' id='word_1_580' title='bbox 2818 3154 2982 3194; x_wconf 90' lang='lat' dir='ltr'><strong>mors</strong></span> <span class='ocrx_word' id='word_1_581' title='bbox 3022 3153 3141 3192; x_wconf 89' lang='lat' dir='ltr'><strong>non</strong></span> <span class='ocrx_word' id='word_1_582' title='bbox 3172 3137 3298 3206; x_wconf 90' lang='lat' dir='ltr'><strong>erit,</strong></span> <span class='ocrx_word' id='word_1_583' title='bbox 3338 3152 3533 3208; x_wconf 89' lang='lat' dir='ltr'><strong>neque</strong></span> <span class='ocrx_word' id='word_1_584' title='bbox 3559 3135 3681 3192; x_wconf 89' lang='lat' dir='ltr'><strong>luc-</strong></span> 
     </span>
    </p>
   </div>
   <div class='ocr_carea' id='block_1_78' title="bbox 2025 3224 3677 3297">
    <p class='ocr_par' dir='ltr' id='par_1_78' title="bbox 2025 3224 3677 3297">
     <span class='ocr_line' id='line_1_78' title="bbox 2025 3224 3677 3297; baseline -0.002 -17"><span class='ocrx_word' id='word_1_585' title='bbox 2025 3230 2345 3296; x_wconf 87' lang='lat' dir='ltr'><strong>tus,u_eque</strong></span> <span class='ocrx_word' id='word_1_586' title='bbox 2361 3228 2611 3293; x_wconf 81' lang='lat' dir='ltr'><strong>clamor,</strong></span> <span class='ocrx_word' id='word_1_587' title='bbox 2634 3241 2769 3297; x_wconf 59' lang='lat' dir='ltr'><strong>quae</strong></span> <span class='ocrx_word' id='word_1_588' title='bbox 2785 3225 2982 3297; x_wconf 90' lang='lat' dir='ltr'><strong>prima</strong></span> <span class='ocrx_word' id='word_1_589' title='bbox 2992 3224 3267 3280; x_wconf 89' lang='lat' dir='ltr'><strong>abierunt</strong></span> <span class='ocrx_word' id='word_1_590' title='bbox 3285 3225 3677 3294; x_wconf 67' lang='lat' dir='ltr'><strong>(Apoc.xx1).)</strong></span> 
     </span>
    </p>
   </div>
   <div class='ocr_carea' id='block_1_79' title="bbox 2026 3311 3679 3386">
    <p class='ocr_par' dir='ltr' id='par_1_79' title="bbox 2026 3311 3679 3386">
     <span class='ocr_line' id='line_1_79' title="bbox 2026 3311 3679 3386; baseline 0 -18"><span class='ocrx_word' id='word_1_591' title='bbox 2026 3315 2186 3376; x_wconf 77' lang='lat' dir='ltr'><strong>Hanc</strong></span> <span class='ocrx_word' id='word_1_592' title='bbox 2218 3313 2437 3375; x_wconf 82' lang='lat' dir='ltr'><strong>etenim</strong></span> <span class='ocrx_word' id='word_1_593' title='bbox 2467 3313 2918 3382; x_wconf 86' lang='lat' dir='ltr'><strong>intelligentiam</strong></span> <span class='ocrx_word' id='word_1_594' title='bbox 2967 3313 3246 3386; x_wconf 86' lang='lat' dir='ltr'><strong>prudenti</strong></span> <span class='ocrx_word' id='word_1_595' title='bbox 3270 3311 3475 3373; x_wconf 86' lang='lat' dir='ltr'><strong>lectori</strong></span> <span class='ocrx_word' id='word_1_596' title='bbox 3505 3311 3679 3370; x_wconf 88' lang='lat' dir='ltr'><strong>relin-</strong></span> 
     </span>
    </p>
   </div>
   <div class='ocr_carea' id='block_1_80' title="bbox 2023 3399 3677 3476">
    <p class='ocr_par' dir='ltr' id='par_1_80' title="bbox 2023 3399 3677 3476">
     <span class='ocr_line' id='line_1_80' title="bbox 2023 3399 3677 3476; baseline 0.001 -17"><span class='ocrx_word' id='word_1_597' title='bbox 2023 3401 2288 3476; x_wconf 84' lang='lat' dir='ltr'><strong>quimus,</strong></span> <span class='ocrx_word' id='word_1_598' title='bbox 2322 3399 2370 3462; x_wconf 89' lang='lat' dir='ltr'><strong>si</strong></span> <span class='ocrx_word' id='word_1_599' title='bbox 2400 3402 2557 3467; x_wconf 88' lang='lat' dir='ltr'><strong>hanc</strong></span> <span class='ocrx_word' id='word_1_600' title='bbox 2588 3402 2699 3458; x_wconf 88' lang='lat' dir='ltr'><strong>sibi</strong></span> <span class='ocrx_word' id='word_1_601' title='bbox 2721 3402 2936 3474; x_wconf 88' lang='lat' dir='ltr'><strong>eligere</strong></span> <span class='ocrx_word' id='word_1_602' title='bbox 2962 3402 3232 3468; x_wconf 85' lang='lat' dir='ltr'><strong>voluerit,</strong></span> <span class='ocrx_word' id='word_1_603' title='bbox 3252 3403 3396 3476; x_wconf 82' lang='lat' dir='ltr'><strong>quia</strong></span> <span class='ocrx_word' id='word_1_604' title='bbox 3415 3401 3589 3458; x_wconf 90' lang='lat' dir='ltr'><strong>nobis</strong></span> <span class='ocrx_word' id='word_1_605' title='bbox 3601 3400 3677 3460; x_wconf 88' lang='lat' dir='ltr'><strong>de</strong></span> 
     </span>
    </p>
   </div>
   <div class='ocr_carea' id='block_1_81' title="bbox 2024 3491 3268 3562">
    <p class='ocr_par' dir='ltr' id='par_1_81' title="bbox 2024 3491 3268 3562">
     <span class='ocr_line' id='line_1_81' title="bbox 2024 3491 3268 3562; baseline 0.004 -19"><span class='ocrx_word' id='word_1_606' title='bbox 2024 3505 2342 3550; x_wconf 89' lang='lat' dir='ltr'><strong>corvorum</strong></span> <span class='ocrx_word' id='word_1_607' title='bbox 2367 3491 2665 3562; x_wconf 83' lang='lat' dir='ltr'><strong>refragare</strong></span> <span class='ocrx_word' id='word_1_608' title='bbox 2695 3491 2926 3548; x_wconf 88' lang='lat' dir='ltr'><strong>videtur</strong></span> <span class='ocrx_word' id='word_1_609' title='bbox 2953 3491 3268 3554; x_wconf 89' lang='lat' dir='ltr'><strong>intellectu.</strong></span> 
     </span>
    </p>
   </div>
   <div class='ocr_carea' id='block_1_82' title="bbox 2096 3579 3673 3649">
    <p class='ocr_par' dir='ltr' id='par_1_82' title="bbox 2096 3579 3673 3649">
     <span class='ocr_line' id='line_1_82' title="bbox 2096 3579 3673 3649; baseline 0.003 -18"><span class='ocrx_word' id='word_1_610' title='bbox 2096 3596 2126 3644; x_wconf 64' lang='grc' dir='ltr'><strong>ς</strong></span> <span class='ocrx_word' id='word_1_611' title='bbox 2153 3579 2366 3644; x_wconf 86' lang='lat' dir='ltr'><strong>Factus</strong></span> <span class='ocrx_word' id='word_1_612' title='bbox 2389 3584 2476 3645; x_wconf 89' lang='lat' dir='ltr'><strong>est</strong></span> <span class='ocrx_word' id='word_1_613' title='bbox 2504 3580 2683 3649; x_wconf 85' lang='lat' dir='ltr'><strong>igitur</strong></span> <span class='ocrx_word' id='word_1_614' title='bbox 2707 3597 2904 3636; x_wconf 90' lang='lat' dir='ltr'><strong>sermo</strong></span> <span class='ocrx_word' id='word_1_615' title='bbox 2926 3582 3158 3638; x_wconf 88' lang='lat' dir='ltr'><strong>Domini</strong></span> <span class='ocrx_word' id='word_1_616' title='bbox 3189 3581 3266 3638; x_wconf 86' lang='lat' dir='ltr'><strong>ad</strong></span> <span class='ocrx_word' id='word_1_617' title='bbox 3296 3596 3433 3638; x_wconf 89' lang='lat' dir='ltr'><strong>eum</strong></span> <span class='ocrx_word' id='word_1_618' title='bbox 3447 3581 3673 3642; x_wconf 85' lang='lat' dir='ltr'><strong>dicens:</strong></span> 
     </span>
    </p>
   </div>
   <div class='ocr_carea' id='block_1_83' title="bbox 2024 3667 3677 3742">
    <p class='ocr_par' dir='ltr' id='par_1_83' title="bbox 2024 3667 3677 3742">
     <span class='ocr_line' id='line_1_83' title="bbox 2024 3667 3677 3742; baseline 0.003 -23"><span class='ocrx_word' id='word_1_619' title='bbox 2024 3688 2051 3714; x_wconf 86' lang='lat'><strong><em>«</em></strong></span> <span class='ocrx_word' id='word_1_620' title='bbox 2085 3668 2270 3736; x_wconf 90' lang='lat' dir='ltr'><strong>Surge</strong></span> <span class='ocrx_word' id='word_1_621' title='bbox 2300 3673 2355 3726; x_wconf 83' lang='lat' dir='ltr'><strong>et</strong></span> <span class='ocrx_word' id='word_1_622' title='bbox 2388 3667 2534 3723; x_wconf 84' lang='lat' dir='ltr'><strong>vade</strong></span> <span class='ocrx_word' id='word_1_623' title='bbox 2564 3669 2624 3723; x_wconf 90' lang='lat' dir='ltr'><strong>in</strong></span> <span class='ocrx_word' id='word_1_624' title='bbox 2649 3671 2895 3742; x_wconf 89' lang='lat' dir='ltr'><strong>Sarepta</strong></span> <span class='ocrx_word' id='word_1_625' title='bbox 2928 3669 3305 3726; x_wconf 82' lang='lat' dir='ltr'><strong>Sidoniorum</strong></span> <span class='ocrx_word' id='word_1_626' title='bbox 3321 3674 3378 3726; x_wconf 90' lang='lat' dir='ltr'><strong>et</strong></span> <span class='ocrx_word' id='word_1_627' title='bbox 3402 3668 3677 3726; x_wconf 87' lang='lat' dir='ltr'><strong>manebis</strong></span> 
     </span>
    </p>
   </div>
   <div class='ocr_carea' id='block_1_84' title="bbox 2025 3755 3674 3828">
    <p class='ocr_par' dir='ltr' id='par_1_84' title="bbox 2025 3755 3674 3828">
     <span class='ocr_line' id='line_1_84' title="bbox 2025 3755 3674 3828; baseline 0.002 -21"><span class='ocrx_word' id='word_1_628' title='bbox 2025 3779 2050 3806; x_wconf 79' lang='grc' dir='ltr'>α</span> <span class='ocrx_word' id='word_1_629' title='bbox 2087 3755 2187 3810; x_wconf 92' lang='lat' dir='ltr'><strong>ibi.</strong></span> <span class='ocrx_word' id='word_1_630' title='bbox 2221 3757 2472 3828; x_wconf 72' lang='lat' dir='ltr'><strong>Priecepi</strong></span> <span class='ocrx_word' id='word_1_631' title='bbox 2500 3757 2660 3812; x_wconf 89' lang='lat' dir='ltr'><strong>enim</strong></span> <span class='ocrx_word' id='word_1_632' title='bbox 2678 3757 2759 3811; x_wconf 84' lang='lat' dir='ltr'><strong>ibi</strong></span> <span class='ocrx_word' id='word_1_633' title='bbox 2780 3757 3013 3813; x_wconf 88' lang='lat' dir='ltr'><strong>mulieri</strong></span> <span class='ocrx_word' id='word_1_634' title='bbox 3026 3758 3239 3825; x_wconf 67' lang='lat' dir='ltr'><strong>viduus,</strong></span> <span class='ocrx_word' id='word_1_635' title='bbox 3261 3763 3324 3818; x_wconf 88' lang='lat' dir='ltr'><strong>ut</strong></span> <span class='ocrx_word' id='word_1_636' title='bbox 3345 3762 3674 3828; x_wconf 62' lang='lat' dir='ltr'><strong>pascatte.»</strong></span> 
     </span>
    </p>
   </div>
   <div class='ocr_carea' id='block_1_85' title="bbox 2023 3843 3671 3914">
    <p class='ocr_par' dir='ltr' id='par_1_85' title="bbox 2023 3843 3671 3914">
     <span class='ocr_line' id='line_1_85' title="bbox 2023 3843 3671 3914; baseline -0.002 -13"><span class='ocrx_word' id='word_1_637' title='bbox 2023 3843 2259 3901; x_wconf 84' lang='lat' dir='ltr'><strong>Mittitur</strong></span> <span class='ocrx_word' id='word_1_638' title='bbox 2288 3843 2444 3898; x_wconf 79' lang='lat' dir='ltr'><strong>Elias</strong></span> <span class='ocrx_word' id='word_1_639' title='bbox 2471 3845 2814 3914; x_wconf 90' lang='lat' dir='ltr'><strong>pascendus</strong></span> <span class='ocrx_word' id='word_1_640' title='bbox 2839 3845 2919 3900; x_wconf 88' lang='lat' dir='ltr'><strong>ad</strong></span> <span class='ocrx_word' id='word_1_641' title='bbox 2957 3845 3360 3912; x_wconf 84' lang='lat' dir='ltr'><strong>alienigenam</strong></span> <span class='ocrx_word' id='word_1_642' title='bbox 3391 3844 3671 3906; x_wconf 89' lang='lat' dir='ltr'><strong>viduam:</strong></span> 
     </span>
    </p>
   </div>
   <div class='ocr_carea' id='block_1_86' title="bbox 2021 3929 3674 4002">
    <p class='ocr_par' dir='ltr' id='par_1_86' title="bbox 2021 3929 3674 4002">
     <span class='ocr_line' id='line_1_86' title="bbox 2021 3929 3674 4002; baseline -0.002 -14"><span class='ocrx_word' id='word_1_643' title='bbox 2021 3931 2150 3988; x_wconf 67' lang='lat' dir='ltr'><strong>haec</strong></span> <span class='ocrx_word' id='word_1_644' title='bbox 2173 3929 2349 3997; x_wconf 82' lang='lat' dir='ltr'><strong>igitur</strong></span> <span class='ocrx_word' id='word_1_645' title='bbox 2379 3931 2563 3986; x_wconf 88' lang='lat' dir='ltr'><strong>vidua</strong></span> <span class='ocrx_word' id='word_1_646' title='bbox 2593 3932 2860 4001; x_wconf 86' lang='lat' dir='ltr'><strong>gentium</strong></span> <span class='ocrx_word' id='word_1_647' title='bbox 2890 3933 3164 4002; x_wconf 83' lang='lat' dir='ltr'><strong>designat</strong></span> <span class='ocrx_word' id='word_1_648' title='bbox 3193 3930 3674 4002; x_wconf 74' lang='lat' dir='ltr'><strong>Ecclesiam,quze</strong></span> 
     </span>
    </p>
   </div>
   <div class='ocr_carea' id='block_1_87' title="bbox 2021 4017 3676 4094">
    <p class='ocr_par' dir='ltr' id='par_1_87' title="bbox 2021 4017 3676 4094">
     <span class='ocr_line' id='line_1_87' title="bbox 2021 4017 3676 4094; baseline 0.001 -18"><span class='ocrx_word' id='word_1_649' title='bbox 2021 4036 2058 4076; x_wconf 89' lang='lat' dir='ltr'><strong>a</strong></span> <span class='ocrx_word' id='word_1_650' title='bbox 2087 4033 2196 4085; x_wconf 87' lang='lat' dir='ltr'><strong>suo</strong></span> <span class='ocrx_word' id='word_1_651' title='bbox 2229 4018 2452 4080; x_wconf 86' lang='lat' dir='ltr'><strong>diutius</strong></span> <span class='ocrx_word' id='word_1_652' title='bbox 2504 4019 2819 4078; x_wconf 88' lang='lat' dir='ltr'><strong>Conditore</strong></span> <span class='ocrx_word' id='word_1_653' title='bbox 2876 4021 3130 4086; x_wconf 83' lang='lat' dir='ltr'><strong>deserta,</strong></span> <span class='ocrx_word' id='word_1_654' title='bbox 3181 4019 3474 4094; x_wconf 90' lang='lat' dir='ltr'><strong>populum</strong></span> <span class='ocrx_word' id='word_1_655' title='bbox 3535 4017 3676 4078; x_wconf 87' lang='lat' dir='ltr'><strong>ﬁdei</strong></span> 
     </span>
    </p>
   </div>
   <div class='ocr_carea' id='block_1_88' title="bbox 2022 4108 3672 4184">
    <p class='ocr_par' dir='ltr' id='par_1_88' title="bbox 2022 4108 3672 4184">
     <span class='ocr_line' id='line_1_88' title="bbox 2022 4108 3672 4184; baseline 0 -20"><span class='ocrx_word' id='word_1_656' title='bbox 2022 4124 2198 4177; x_wconf 68' lang='lat' dir='ltr'><strong>verae,</strong></span> <span class='ocrx_word' id='word_1_657' title='bbox 2232 4113 2288 4162; x_wconf 89' lang='lat' dir='ltr'><strong>et</strong></span> <span class='ocrx_word' id='word_1_658' title='bbox 2313 4114 2483 4175; x_wconf 68' lang='lat' dir='ltr'><strong>recta:</strong></span> <span class='ocrx_word' id='word_1_659' title='bbox 2515 4108 2779 4165; x_wconf 88' lang='lat' dir='ltr'><strong>veritatis</strong></span> <span class='ocrx_word' id='word_1_660' title='bbox 2808 4110 3102 4182; x_wconf 89' lang='lat' dir='ltr'><strong>nescium,</strong></span> <span class='ocrx_word' id='word_1_661' title='bbox 3133 4110 3312 4183; x_wconf 86' lang='lat' dir='ltr'><strong>quasi</strong></span> <span class='ocrx_word' id='word_1_662' title='bbox 3342 4124 3672 4184; x_wconf 89' lang='lat' dir='ltr'><strong>pauperem</strong></span> 
     </span>
    </p>
   </div>
   <div class='ocr_carea' id='block_1_89' title="bbox 2019 4197 3677 4271">
    <p class='ocr_par' dir='ltr' id='par_1_89' title="bbox 2019 4197 3677 4271">
     <span class='ocr_line' id='line_1_89' title="bbox 2019 4197 3677 4271; baseline 0.001 -19"><span class='ocrx_word' id='word_1_663' title='bbox 2019 4197 2207 4258; x_wconf 84' lang='lat' dir='ltr'><strong>ﬁlium</strong></span> <span class='ocrx_word' id='word_1_664' title='bbox 2245 4212 2433 4268; x_wconf 89' lang='lat' dir='ltr'><strong>egena</strong></span> <span class='ocrx_word' id='word_1_665' title='bbox 2467 4198 2646 4271; x_wconf 87' lang='lat' dir='ltr'><strong>stirpe</strong></span> <span class='ocrx_word' id='word_1_666' title='bbox 2675 4198 2993 4267; x_wconf 85' lang='lat' dir='ltr'><strong>nutriebat,</strong></span> <span class='ocrx_word' id='word_1_667' title='bbox 3027 4199 3087 4255; x_wconf 91' lang='lat' dir='ltr'><strong>id</strong></span> <span class='ocrx_word' id='word_1_668' title='bbox 3134 4204 3225 4256; x_wconf 89' lang='lat' dir='ltr'><strong>est</strong></span> <span class='ocrx_word' id='word_1_669' title='bbox 3274 4199 3441 4256; x_wconf 87' lang='lat' dir='ltr'><strong>verbi</strong></span> <span class='ocrx_word' id='word_1_670' title='bbox 3480 4200 3677 4254; x_wconf 88' lang='lat' dir='ltr'><strong>fructu</strong></span> 
     </span>
    </p>
   </div>
   <div class='ocr_carea' id='block_1_90' title="bbox 2022 4287 3676 4362">
    <p class='ocr_par' dir='ltr' id='par_1_90' title="bbox 2022 4287 3676 4362">
     <span class='ocr_line' id='line_1_90' title="bbox 2022 4287 3676 4362; baseline 0.001 -20"><span class='ocrx_word' id='word_1_671' title='bbox 2022 4303 2095 4343; x_wconf 86' lang='lat' dir='ltr'><strong>ex</strong></span> <span class='ocrx_word' id='word_1_672' title='bbox 2123 4295 2293 4360; x_wconf 72' lang='lat' dir='ltr'><strong>parte</strong></span> <span class='ocrx_word' id='word_1_673' title='bbox 2322 4287 2600 4358; x_wconf 87' lang='lat' dir='ltr'><strong>docebat,</strong></span> <span class='ocrx_word' id='word_1_674' title='bbox 2618 4288 2810 4354; x_wconf 85' lang='lat' dir='ltr'><strong>donec</strong></span> <span class='ocrx_word' id='word_1_675' title='bbox 2842 4288 3169 4352; x_wconf 87' lang='lat' dir='ltr'><strong>adveniens</strong></span> <span class='ocrx_word' id='word_1_676' title='bbox 3199 4306 3396 4350; x_wconf 86' lang='lat' dir='ltr'><strong>sermo</strong></span> <span class='ocrx_word' id='word_1_677' title='bbox 3423 4289 3676 4362; x_wconf 90' lang='lat' dir='ltr'><strong>prophe-</strong></span> 
     </span>
    </p>
   </div>
   <div class='ocr_carea' id='block_1_91' title="bbox 248 4346 3676 4454">
    <p class='ocr_par' dir='ltr' id='par_1_91' title="bbox 248 4346 3676 4454">
     <span class='ocr_line' id='line_1_91' title="bbox 248 4346 3676 4454; baseline 0.001 -24"><span class='ocrx_word' id='word_1_678' title='bbox 248 4346 435 4433; x_wconf 70' lang='lat' dir='ltr'><strong>l-Iliam</strong></span> <span class='ocrx_word' id='word_1_679' title='bbox 471 4373 726 4430; x_wconf 87' lang='lat' dir='ltr'><strong>dicitur:</strong></span> <span class='ocrx_word' id='word_1_680' title='bbox 753 4376 937 4434; x_wconf 80' lang='lat' dir='ltr'><strong>«Vivit</strong></span> <span class='ocrx_word' id='word_1_681' title='bbox 964 4376 1248 4432; x_wconf 86' lang='lat' dir='ltr'><strong>Dominus</strong></span> <span class='ocrx_word' id='word_1_682' title='bbox 1271 4375 1422 4430; x_wconf 86' lang='lat' dir='ltr'><strong>Deus</strong></span> <span class='ocrx_word' id='word_1_683' title='bbox 1453 4346 1638 4432; x_wconf 76' lang='lat' dir='ltr'><strong>Israel</strong></span> <span class='ocrx_word' id='word_1_684' title='bbox 1653 4377 1713 4432; x_wconf 89' lang='lat' dir='ltr'><strong>in</strong></span> <span class='ocrx_word' id='word_1_685' title='bbox 1736 4376 1908 4446; x_wconf 88' lang='lat' dir='ltr'><strong>cujus</strong></span> <span class='ocrx_word' id='word_1_686' title='bbox 1941 4346 1981 4399; x_wconf 71' lang='grc' dir='ltr'>θ</span> <span class='ocrx_word' id='word_1_687' title='bbox 2023 4346 2193 4440; x_wconf 73' lang='lat' dir='ltr'><strong>ticus,</strong></span> <span class='ocrx_word' id='word_1_688' title='bbox 2228 4377 2329 4448; x_wconf 83' lang='lat' dir='ltr'><strong>qui</strong></span> <span class='ocrx_word' id='word_1_689' title='bbox 2360 4346 2657 4438; x_wconf 70' lang='lat' dir='ltr'><strong>exsiccata</strong></span> <span class='ocrx_word' id='word_1_690' title='bbox 2685 4346 2898 4446; x_wconf 86' lang='lat' dir='ltr'><strong>vellere</strong></span> <span class='ocrx_word' id='word_1_691' title='bbox 2933 4346 3165 4442; x_wconf 35' lang='lat' dir='ltr'><strong>lsraelis‘</strong></span> <span class='ocrx_word' id='word_1_692' title='bbox 3304 4346 3444 4454; x_wconf 71' lang='lat' dir='ltr'><strong>pote</strong></span> <span class='ocrx_word' id='word_1_693' title='bbox 3471 4346 3676 4445; x_wconf 73' lang='lat' dir='ltr'><strong>clausa</strong></span> 
     </span>
    </p>
   </div>
   <div class='ocr_carea' id='block_1_92' title="bbox 247 4463 1912 4536">
    <p class='ocr_par' dir='ltr' id='par_1_92' title="bbox 247 4463 1912 4536">
     <span class='ocr_line' id='line_1_92' title="bbox 247 4463 1912 4536; baseline 0.002 -18"><span class='ocrx_word' id='word_1_694' title='bbox 247 4468 584 4535; x_wconf 86' lang='lat' dir='ltr'><strong>conspectu</strong></span> <span class='ocrx_word' id='word_1_695' title='bbox 615 4467 724 4520; x_wconf 88' lang='lat' dir='ltr'><strong>sto.</strong></span> <span class='ocrx_word' id='word_1_696' title='bbox 779 4486 808 4514; x_wconf 88' lang='grc'><strong>››</strong></span> <span class='ocrx_word' id='word_1_697' title='bbox 839 4463 939 4524; x_wconf 78' lang='lat' dir='ltr'><strong>llic</strong></span> <span class='ocrx_word' id='word_1_698' title='bbox 969 4466 1139 4535; x_wconf 89' lang='lat' dir='ltr'><strong>cujus</strong></span> <span class='ocrx_word' id='word_1_699' title='bbox 1169 4465 1231 4520; x_wconf 90' lang='lat' dir='ltr'><strong>in</strong></span> <span class='ocrx_word' id='word_1_700' title='bbox 1297 4469 1622 4536; x_wconf 90' lang='lat' dir='ltr'><strong>conspectu</strong></span> <span class='ocrx_word' id='word_1_701' title='bbox 1677 4464 1912 4522; x_wconf 88' lang='lat' dir='ltr'><strong>Domini</strong></span> 
     </span>
    </p>
   </div>
   <div class='ocr_carea' id='block_1_93' title="bbox 247 4550 1909 4620">
    <p class='ocr_par' dir='ltr' id='par_1_93' title="bbox 247 4550 1909 4620">
     <span class='ocr_line' id='line_1_93' title="bbox 247 4550 1909 4620; baseline 0 -12"><span class='ocrx_word' id='word_1_702' title='bbox 247 4555 362 4609; x_wconf 82' lang='lat' dir='ltr'><strong>stat</strong></span> <span class='ocrx_word' id='word_1_703' title='bbox 377 4557 446 4610; x_wconf 87' lang='lat' dir='ltr'><strong>ut</strong></span> <span class='ocrx_word' id='word_1_704' title='bbox 466 4550 727 4609; x_wconf 87' lang='lat' dir='ltr'><strong>ﬁdeliter</strong></span> <span class='ocrx_word' id='word_1_705' title='bbox 747 4553 930 4620; x_wconf 84' lang='lat' dir='ltr'><strong>vivat,</strong></span> <span class='ocrx_word' id='word_1_706' title='bbox 947 4552 1062 4608; x_wconf 90' lang='lat' dir='ltr'><strong>illic</strong></span> <span class='ocrx_word' id='word_1_707' title='bbox 1082 4558 1146 4610; x_wconf 89' lang='lat' dir='ltr'><strong>ut</strong></span> <span class='ocrx_word' id='word_1_708' title='bbox 1169 4554 1457 4610; x_wconf 86' lang='lat' dir='ltr'><strong>veraciter</strong></span> <span class='ocrx_word' id='word_1_709' title='bbox 1472 4568 1760 4611; x_wconf 89' lang='lat' dir='ltr'><strong>coronam</strong></span> <span class='ocrx_word' id='word_1_710' title='bbox 1776 4553 1909 4610; x_wconf 60' lang='lat' dir='ltr'><strong>vitae</strong></span> 
     </span>
    </p>
   </div>
   <div class='ocr_carea' id='block_1_94' title="bbox 247 4639 1905 4713">
    <p class='ocr_par' dir='ltr' id='par_1_94' title="bbox 247 4639 1905 4713">
     <span class='ocr_line' id='line_1_94' title="bbox 247 4639 1905 4713; baseline 0 -17"><span class='ocrx_word' id='word_1_711' title='bbox 247 4639 757 4713; x_wconf 84' lang='lat' dir='ltr'><strong>accipiat.&#39;l‘hesbi</strong></span> <span class='ocrx_word' id='word_1_712' title='bbox 785 4641 1136 4710; x_wconf 89' lang='lat' dir='ltr'><strong>igiturunde</strong></span> <span class='ocrx_word' id='word_1_713' title='bbox 1167 4642 1322 4703; x_wconf 85' lang='lat' dir='ltr'><strong>Elias</strong></span> <span class='ocrx_word' id='word_1_714' title='bbox 1339 4641 1640 4698; x_wconf 86' lang='lat' dir='ltr'><strong>Thesbites</strong></span> <span class='ocrx_word' id='word_1_715' title='bbox 1671 4642 1905 4708; x_wconf 86' lang='lat' dir='ltr'><strong>dicitur,</strong></span> 
     </span>
    </p>
   </div>
   <div class='ocr_carea' id='block_1_95' title="bbox 247 4728 1910 4802">
    <p class='ocr_par' dir='ltr' id='par_1_95' title="bbox 247 4728 1910 4802">
     <span class='ocr_line' id='line_1_95' title="bbox 247 4728 1910 4802; baseline 0 -18"><span class='ocrx_word' id='word_1_716' title='bbox 247 4728 456 4790; x_wconf 77' lang='lat' dir='ltr'><strong>civitas</strong></span> <span class='ocrx_word' id='word_1_717' title='bbox 475 4728 902 4786; x_wconf 88' lang='lat' dir='ltr'><strong>estGalaaditis</strong></span> <span class='ocrx_word' id='word_1_718' title='bbox 928 4730 1506 4801; x_wconf 78' lang='lat' dir='ltr'><strong>regionis.Caeterum</strong></span> <span class='ocrx_word' id='word_1_719' title='bbox 1529 4731 1910 4802; x_wconf 81' lang='lat' dir='ltr'><strong>spiritualiter</strong></span> 
     </span>
    </p>
   </div>
   <div class='ocr_carea' id='block_1_96' title="bbox 250 4816 1906 4884">
    <p class='ocr_par' dir='ltr' id='par_1_96' title="bbox 250 4816 1906 4884">
     <span class='ocr_line' id='line_1_96' title="bbox 250 4816 1906 4884; baseline -0.001 -9"><span class='ocrx_word' id='word_1_720' title='bbox 250 4816 402 4875; x_wconf 72' lang='lat' dir='ltr'><strong>Elius</strong></span> <span class='ocrx_word' id='word_1_721' title='bbox 433 4817 662 4875; x_wconf 79' lang='lat' dir='ltr'><strong>rectius</strong></span> <span class='ocrx_word' id='word_1_722' title='bbox 689 4819 791 4877; x_wconf 89' lang='lat' dir='ltr'><strong>Dei</strong></span> <span class='ocrx_word' id='word_1_723' title='bbox 825 4819 963 4874; x_wconf 87' lang='lat' dir='ltr'><strong>Filio</strong></span> <span class='ocrx_word' id='word_1_724' title='bbox 995 4818 1358 4876; x_wconf 89' lang='lat' dir='ltr'><strong>assimilatus</strong></span> <span class='ocrx_word' id='word_1_725' title='bbox 1381 4828 1492 4884; x_wconf 89' lang='lat' dir='ltr'><strong>est,</strong></span> <span class='ocrx_word' id='word_1_726' title='bbox 1513 4820 1609 4880; x_wconf 87' lang='lat' dir='ltr'><strong>cui</strong></span> <span class='ocrx_word' id='word_1_727' title='bbox 1625 4825 1682 4878; x_wconf 89' lang='lat' dir='ltr'><strong>et</strong></span> <span class='ocrx_word' id='word_1_728' title='bbox 1708 4825 1906 4874; x_wconf 88' lang='lat' dir='ltr'><strong>aucto-</strong></span> 
     </span>
    </p>
   </div>
   <div class='ocr_carea' id='block_1_97' title="bbox 251 4907 1907 4976">
    <p class='ocr_par' dir='ltr' id='par_1_97' title="bbox 251 4907 1907 4976">
     <span class='ocr_line' id='line_1_97' title="bbox 251 4907 1907 4976; baseline 0.002 -16"><span class='ocrx_word' id='word_1_729' title='bbox 251 4907 393 4961; x_wconf 82' lang='lat' dir='ltr'><strong>ritas</strong></span> <span class='ocrx_word' id='word_1_730' title='bbox 421 4911 480 4960; x_wconf 88' lang='lat' dir='ltr'><strong>et</strong></span> <span class='ocrx_word' id='word_1_731' title='bbox 499 4922 725 4966; x_wconf 87' lang='lat' dir='ltr'><strong>nomen</strong></span> <span class='ocrx_word' id='word_1_732' title='bbox 753 4907 876 4967; x_wconf 90' lang='lat' dir='ltr'><strong>veri</strong></span> <span class='ocrx_word' id='word_1_733' title='bbox 899 4907 997 4963; x_wconf 92' lang='lat' dir='ltr'><strong>Dei</strong></span> <span class='ocrx_word' id='word_1_734' title='bbox 1026 4907 1334 4976; x_wconf 85' lang='lat' dir='ltr'><strong>congruit:</strong></span> <span class='ocrx_word' id='word_1_735' title='bbox 1358 4908 1510 4963; x_wconf 82' lang='lat' dir='ltr'><strong>Elias</strong></span> <span class='ocrx_word' id='word_1_736' title='bbox 1523 4908 1683 4966; x_wconf 88' lang='lat' dir='ltr'><strong>enim</strong></span> <span class='ocrx_word' id='word_1_737' title='bbox 1709 4909 1907 4964; x_wconf 82' lang='lat' dir='ltr'><strong>Domi-</strong></span> 
     </span>
    </p>
   </div>
   <div class='ocr_carea' id='block_1_98' title="bbox 255 4995 1905 5069">
    <p class='ocr_par' dir='ltr' id='par_1_98' title="bbox 255 4995 1905 5069">
     <span class='ocr_line' id='line_1_98' title="bbox 255 4995 1905 5069; baseline 0.003 -22"><span class='ocrx_word' id='word_1_738' title='bbox 255 5009 373 5048; x_wconf 81' lang='lat' dir='ltr'><strong>nus</strong></span> <span class='ocrx_word' id='word_1_739' title='bbox 402 4995 548 5052; x_wconf 85' lang='lat' dir='ltr'><strong>Deus</strong></span> <span class='ocrx_word' id='word_1_740' title='bbox 575 4996 1020 5069; x_wconf 87' lang='lat' dir='ltr'><strong>interpretatur,</strong></span> <span class='ocrx_word' id='word_1_741' title='bbox 1045 4998 1167 5052; x_wconf 88' lang='lat' dir='ltr'><strong>sive</strong></span> <span class='ocrx_word' id='word_1_742' title='bbox 1193 4998 1371 5066; x_wconf 81' lang='lat' dir='ltr'><strong>fortis</strong></span> <span class='ocrx_word' id='word_1_743' title='bbox 1395 4999 1570 5068; x_wconf 84' lang='lat' dir='ltr'><strong>Deus,</strong></span> <span class='ocrx_word' id='word_1_744' title='bbox 1603 4996 1766 5069; x_wconf 89' lang='lat' dir='ltr'><strong>quod</strong></span> <span class='ocrx_word' id='word_1_745' title='bbox 1796 5012 1905 5052; x_wconf 91' lang='lat' dir='ltr'><strong>no-</strong></span> 
     </span>
    </p>
   </div>
   <div class='ocr_carea' id='block_1_99' title="bbox 262 5083 1902 5152">
    <p class='ocr_par' dir='ltr' id='par_1_99' title="bbox 262 5083 1902 5152">
     <span class='ocr_line' id='line_1_99' title="bbox 262 5083 1902 5152; baseline 0.004 -16"><span class='ocrx_word' id='word_1_746' title='bbox 262 5095 396 5138; x_wconf 89' lang='lat' dir='ltr'><strong>men</strong></span> <span class='ocrx_word' id='word_1_747' title='bbox 428 5083 892 5142; x_wconf 88' lang='lat' dir='ltr'><strong>substantialiter</strong></span> <span class='ocrx_word' id='word_1_748' title='bbox 922 5084 1021 5142; x_wconf 89' lang='lat' dir='ltr'><strong>Dei</strong></span> <span class='ocrx_word' id='word_1_749' title='bbox 1072 5085 1212 5142; x_wconf 85' lang='lat' dir='ltr'><strong>Filio</strong></span> <span class='ocrx_word' id='word_1_750' title='bbox 1271 5085 1442 5152; x_wconf 89' lang='lat' dir='ltr'><strong>inest,</strong></span> <span class='ocrx_word' id='word_1_751' title='bbox 1492 5087 1902 5144; x_wconf 89' lang='lat' dir='ltr'><strong>auctoritatem</strong></span> 
     </span>
    </p>
   </div>
   <div class='ocr_carea' id='block_1_100' title="bbox 260 5170 1907 5246">
    <p class='ocr_par' dir='ltr' id='par_1_100' title="bbox 260 5170 1907 5246">
     <span class='ocr_line' id='line_1_100' title="bbox 260 5170 1907 5246; baseline 0.002 -21"><span class='ocrx_word' id='word_1_752' title='bbox 260 5170 369 5227; x_wconf 85' lang='lat' dir='ltr'><strong>sibi</strong></span> <span class='ocrx_word' id='word_1_753' title='bbox 390 5173 667 5232; x_wconf 86' lang='lat' dir='ltr'><strong>videlicet</strong></span> <span class='ocrx_word' id='word_1_754' title='bbox 703 5173 959 5230; x_wconf 85' lang='lat' dir='ltr'><strong>faciendi</strong></span> <span class='ocrx_word' id='word_1_755' title='bbox 1004 5173 1152 5246; x_wconf 92' lang='lat' dir='ltr'><strong>quid</strong></span> <span class='ocrx_word' id='word_1_756' title='bbox 1184 5173 1317 5231; x_wconf 87' lang='lat' dir='ltr'><strong>velit</strong></span> <span class='ocrx_word' id='word_1_757' title='bbox 1345 5175 1692 5232; x_wconf 90' lang='lat' dir='ltr'><strong>naturaliter</strong></span> <span class='ocrx_word' id='word_1_758' title='bbox 1722 5176 1907 5236; x_wconf 68' lang='lat' dir='ltr'><strong>vindi-</strong></span> 
     </span>
    </p>
   </div>
   <div class='ocr_carea' id='block_1_101' title="bbox 246 5262 1905 5335">
    <p class='ocr_par' dir='ltr' id='par_1_101' title="bbox 246 5262 1905 5335">
     <span class='ocr_line' id='line_1_101' title="bbox 246 5262 1905 5335; baseline 0.001 -18"><span class='ocrx_word' id='word_1_759' title='bbox 246 5275 409 5321; x_wconf 86' lang='lat' dir='ltr'><strong>cans.</strong></span> <span class='ocrx_word' id='word_1_760' title='bbox 444 5267 528 5318; x_wconf 89' lang='lat' dir='ltr'><strong>De</strong></span> <span class='ocrx_word' id='word_1_761' title='bbox 580 5279 707 5334; x_wconf 90' lang='lat' dir='ltr'><strong>quo</strong></span> <span class='ocrx_word' id='word_1_762' title='bbox 763 5279 871 5335; x_wconf 91' lang='lat' dir='ltr'><strong>per</strong></span> <span class='ocrx_word' id='word_1_763' title='bbox 926 5262 1306 5319; x_wconf 87' lang='lat' dir='ltr'><strong>Psalmistam</strong></span> <span class='ocrx_word' id='word_1_764' title='bbox 1359 5263 1608 5320; x_wconf 87' lang='lat' dir='ltr'><strong>dicitur:</strong></span> <span class='ocrx_word' id='word_1_765' title='bbox 1657 5286 1685 5312; x_wconf 94' lang='grc'><strong>‹‹</strong></span> <span class='ocrx_word' id='word_1_766' title='bbox 1720 5264 1905 5319; x_wconf 89' lang='lat' dir='ltr'><strong>Fortis</strong></span> 
     </span>
    </p>
   </div>
   <div class='ocr_carea' id='block_1_102' title="bbox 239 5350 1904 5424">
    <p class='ocr_par' dir='ltr' id='par_1_102' title="bbox 239 5350 1904 5424">
     <span class='ocr_line' id='line_1_102' title="bbox 239 5350 1904 5424; baseline 0 -18"><span class='ocrx_word' id='word_1_767' title='bbox 239 5350 562 5418; x_wconf 85' lang='lat' dir='ltr'><strong>Dominus,</strong></span> <span class='ocrx_word' id='word_1_768' title='bbox 596 5355 813 5424; x_wconf 90' lang='lat' dir='ltr'><strong>potens</strong></span> <span class='ocrx_word' id='word_1_769' title='bbox 863 5351 923 5407; x_wconf 91' lang='lat' dir='ltr'><strong>in</strong></span> <span class='ocrx_word' id='word_1_770' title='bbox 972 5351 1176 5424; x_wconf 64' lang='lat' dir='ltr'><strong>praelia</strong></span> <span class='ocrx_word' id='word_1_771' title='bbox 1207 5353 1416 5422; x_wconf 80' lang='lat' dir='ltr'><strong>(Psal.,</strong></span> <span class='ocrx_word' id='word_1_772' title='bbox 1449 5356 1631 5416; x_wconf 85' lang='lat' dir='ltr'><strong>xxm).</strong></span> <span class='ocrx_word' id='word_1_773' title='bbox 1669 5372 1697 5400; x_wconf 87' lang='grc'><strong>››</strong></span> <span class='ocrx_word' id='word_1_774' title='bbox 1727 5353 1904 5409; x_wconf 87' lang='lat' dir='ltr'><strong>Thes-</strong></span> 
     </span>
    </p>
   </div>
   <div class='ocr_carea' id='block_1_103' title="bbox 234 5439 1905 5512">
    <p class='ocr_par' dir='ltr' id='par_1_103' title="bbox 234 5439 1905 5512">
     <span class='ocr_line' id='line_1_103' title="bbox 234 5439 1905 5512; baseline 0 -17"><span class='ocrx_word' id='word_1_775' title='bbox 234 5439 393 5500; x_wconf 84' lang='lat' dir='ltr'><strong>bites</strong></span> <span class='ocrx_word' id='word_1_776' title='bbox 427 5445 638 5498; x_wconf 88' lang='lat' dir='ltr'><strong>autem</strong></span> <span class='ocrx_word' id='word_1_777' title='bbox 688 5442 1000 5509; x_wconf 74' lang='lat' dir='ltr'><strong>captivam</strong></span> <span class='ocrx_word' id='word_1_778' title='bbox 1057 5440 1175 5496; x_wconf 89' lang='lat' dir='ltr'><strong>sive</strong></span> <span class='ocrx_word' id='word_1_779' title='bbox 1231 5451 1571 5498; x_wconf 82' lang='lat' dir='ltr'><strong>convertens</strong></span> <span class='ocrx_word' id='word_1_780' title='bbox 1624 5440 1905 5512; x_wconf 87' lang='lat' dir='ltr'><strong>interpre-</strong></span> 
     </span>
    </p>
   </div>
   <div class='ocr_carea' id='block_1_104' title="bbox 235 5531 1906 5602">
    <p class='ocr_par' dir='ltr' id='par_1_104' title="bbox 235 5531 1906 5602">
     <span class='ocr_line' id='line_1_104' title="bbox 235 5531 1906 5602; baseline -0.002 -14"><span class='ocrx_word' id='word_1_781' title='bbox 235 5535 418 5597; x_wconf 66' lang='lat' dir='ltr'><strong>utur,</strong></span> <span class='ocrx_word' id='word_1_782' title='bbox 455 5536 618 5586; x_wconf 81' lang='lat' dir='ltr'><strong>sicut</strong></span> <span class='ocrx_word' id='word_1_783' title='bbox 644 5535 701 5586; x_wconf 94' lang='lat' dir='ltr'><strong>et</strong></span> <span class='ocrx_word' id='word_1_784' title='bbox 750 5531 824 5586; x_wconf 90' lang='lat' dir='ltr'><strong>de</strong></span> <span class='ocrx_word' id='word_1_785' title='bbox 860 5531 1112 5587; x_wconf 91' lang='lat' dir='ltr'><strong>Domino</strong></span> <span class='ocrx_word' id='word_1_786' title='bbox 1174 5531 1461 5602; x_wconf 89' lang='lat' dir='ltr'><strong>scriptum</strong></span> <span class='ocrx_word' id='word_1_787' title='bbox 1520 5534 1700 5586; x_wconf 87' lang='lat' dir='ltr'><strong>est:«</strong></span> <span class='ocrx_word' id='word_1_788' title='bbox 1759 5534 1906 5587; x_wconf 85' lang='lat' dir='ltr'><strong>Con-</strong></span> 
     </span>
    </p>
   </div>
   <div class='ocr_carea' id='block_1_105' title="bbox 234 5619 1900 5694">
    <p class='ocr_par' dir='ltr' id='par_1_105' title="bbox 234 5619 1900 5694">
     <span class='ocr_line' id='line_1_105' title="bbox 234 5619 1900 5694; baseline -0.006 -14"><span class='ocrx_word' id='word_1_789' title='bbox 234 5625 428 5690; x_wconf 86' lang='lat' dir='ltr'><strong>verte,</strong></span> <span class='ocrx_word' id='word_1_790' title='bbox 443 5619 598 5677; x_wconf 77' lang='lat' dir='ltr'><strong>Dom</strong></span> <span class='ocrx_word' id='word_1_791' title='bbox 611 5620 726 5691; x_wconf 88' lang='lat' dir='ltr'><strong>ine,</strong></span> <span class='ocrx_word' id='word_1_792' title='bbox 747 5619 1153 5694; x_wconf 67' lang='lat' dir='ltr'><strong>captivitatem</strong></span> <span class='ocrx_word' id='word_1_793' title='bbox 1179 5623 1450 5688; x_wconf 84' lang='lat' dir='ltr'><strong>nostram</strong></span> <span class='ocrx_word' id='word_1_794' title='bbox 1468 5619 1656 5688; x_wconf 83' lang='lat' dir='ltr'><strong>(Psal.</strong></span> <span class='ocrx_word' id='word_1_795' title='bbox 1679 5625 1900 5688; x_wconf 76' lang='lat' dir='ltr'><strong>cxxvj.»</strong></span> 
     </span>
    </p>
   </div>
   <div class='ocr_carea' id='block_1_106' title="bbox 2023 4465 3676 4538">
    <p class='ocr_par' dir='ltr' id='par_1_106' title="bbox 2023 4465 3676 4538">
     <span class='ocr_line' id='line_1_106' title="bbox 2023 4465 3676 4538; baseline -0.004 -18"><span class='ocrx_word' id='word_1_796' title='bbox 2023 4465 2154 4521; x_wconf 68' lang='grc' dir='ltr'><strong>οωιὶ</strong></span> <span class='ocrx_word' id='word_1_797' title='bbox 2180 4465 2390 4536; x_wconf 77' lang='lat' dir='ltr'><strong>junua)</strong></span> <span class='ocrx_word' id='word_1_798' title='bbox 2439 4466 2884 4538; x_wconf 90' lang='lat' dir='ltr'><strong>periclitabatur</strong></span> <span class='ocrx_word' id='word_1_799' title='bbox 2936 4467 2997 4523; x_wconf 91' lang='lat' dir='ltr'><strong>in</strong></span> <span class='ocrx_word' id='word_1_800' title='bbox 3049 4468 3278 4535; x_wconf 82' lang='lat' dir='ltr'><strong>Iudaea,</strong></span> <span class='ocrx_word' id='word_1_801' title='bbox 3328 4468 3676 4538; x_wconf 85' lang='lat' dir='ltr'><strong>pasceretnr</strong></span> 
     </span>
    </p>
   </div>
   <div class='ocr_carea' id='block_1_107' title="bbox 2020 4551 3674 4626">
    <p class='ocr_par' dir='ltr' id='par_1_107' title="bbox 2020 4551 3674 4626">
     <span class='ocr_line' id='line_1_107' title="bbox 2020 4551 3674 4626; baseline -0.004 -18"><span class='ocrx_word' id='word_1_802' title='bbox 2020 4553 2122 4619; x_wconf 88' lang='lat' dir='ltr'><strong>ibi,</strong></span> <span class='ocrx_word' id='word_1_803' title='bbox 2159 4554 2338 4608; x_wconf 90' lang='lat' dir='ltr'><strong>simul</strong></span> <span class='ocrx_word' id='word_1_804' title='bbox 2372 4558 2428 4610; x_wconf 89' lang='lat' dir='ltr'><strong>et</strong></span> <span class='ocrx_word' id='word_1_805' title='bbox 2476 4558 2767 4626; x_wconf 88' lang='lat' dir='ltr'><strong>pasceret,</strong></span> <span class='ocrx_word' id='word_1_806' title='bbox 2796 4560 2851 4608; x_wconf 91' lang='lat' dir='ltr'><strong>et</strong></span> <span class='ocrx_word' id='word_1_807' title='bbox 2881 4559 3154 4626; x_wconf 85' lang='lat' dir='ltr'><strong>receptus</strong></span> <span class='ocrx_word' id='word_1_808' title='bbox 3186 4551 3458 4614; x_wconf 82' lang='lat' dir='ltr'><strong>Videlicet</strong></span> <span class='ocrx_word' id='word_1_809' title='bbox 3486 4565 3522 4614; x_wconf 85' lang='lat' dir='ltr'><strong>a</strong></span> <span class='ocrx_word' id='word_1_810' title='bbox 3551 4563 3674 4602; x_wconf 89' lang='lat' dir='ltr'><strong>cre-</strong></span> 
     </span>
    </p>
   </div>
   <div class='ocr_carea' id='block_1_108' title="bbox 2019 4635 3671 4712">
    <p class='ocr_par' dir='ltr' id='par_1_108' title="bbox 2019 4635 3671 4712">
     <span class='ocr_line' id='line_1_108' title="bbox 2019 4635 3671 4712; baseline -0.004 -16"><span class='ocrx_word' id='word_1_811' title='bbox 2019 4641 2322 4712; x_wconf 89' lang='lat' dir='ltr'><strong>dentibus,</strong></span> <span class='ocrx_word' id='word_1_812' title='bbox 2350 4648 2408 4697; x_wconf 91' lang='lat' dir='ltr'><strong>et</strong></span> <span class='ocrx_word' id='word_1_813' title='bbox 2447 4642 2720 4697; x_wconf 86' lang='lat' dir='ltr'><strong>reﬁciens</strong></span> <span class='ocrx_word' id='word_1_814' title='bbox 2778 4642 2908 4712; x_wconf 90' lang='lat' dir='ltr'><strong>ipse</strong></span> <span class='ocrx_word' id='word_1_815' title='bbox 2940 4641 3266 4695; x_wconf 88' lang='lat' dir='ltr'><strong>credentes.</strong></span> <span class='ocrx_word' id='word_1_816' title='bbox 3303 4636 3465 4694; x_wconf 90' lang='lat' dir='ltr'><strong>Unde</strong></span> <span class='ocrx_word' id='word_1_817' title='bbox 3517 4635 3671 4691; x_wconf 91' lang='lat' dir='ltr'><strong>bene</strong></span> 
     </span>
    </p>
   </div>
   <div class='ocr_carea' id='block_1_109' title="bbox 2018 4724 3672 4796">
    <p class='ocr_par' dir='ltr' id='par_1_109' title="bbox 2018 4724 3672 4796">
     <span class='ocr_line' id='line_1_109' title="bbox 2018 4724 3672 4796; baseline -0.004 -11"><span class='ocrx_word' id='word_1_818' title='bbox 2018 4731 2146 4786; x_wconf 85' lang='lat' dir='ltr'><strong>haec</strong></span> <span class='ocrx_word' id='word_1_819' title='bbox 2178 4729 2388 4785; x_wconf 89' lang='lat' dir='ltr'><strong>eadem</strong></span> <span class='ocrx_word' id='word_1_820' title='bbox 2424 4729 2604 4790; x_wconf 88' lang='lat' dir='ltr'><strong>vidua</strong></span> <span class='ocrx_word' id='word_1_821' title='bbox 2634 4729 2695 4784; x_wconf 90' lang='lat' dir='ltr'><strong>in</strong></span> <span class='ocrx_word' id='word_1_822' title='bbox 2729 4730 2976 4796; x_wconf 88' lang='lat' dir='ltr'><strong>Sarepta</strong></span> <span class='ocrx_word' id='word_1_823' title='bbox 3003 4726 3258 4783; x_wconf 63' lang='lat' dir='ltr'><strong>Sidonica</strong></span> <span class='ocrx_word' id='word_1_824' title='bbox 3289 4724 3502 4784; x_wconf 88' lang='lat' dir='ltr'><strong>dicitur</strong></span> <span class='ocrx_word' id='word_1_825' title='bbox 3539 4741 3672 4788; x_wconf 80' lang='lat' dir='ltr'><strong>esse</strong></span> 
     </span>
    </p>
   </div>
   <div class='ocr_carea' id='block_1_110' title="bbox 2018 4816 3671 4888">
    <p class='ocr_par' dir='ltr' id='par_1_110' title="bbox 2018 4816 3671 4888">
     <span class='ocr_line' id='line_1_110' title="bbox 2018 4816 3671 4888; baseline 0 -16"><span class='ocrx_word' id='word_1_826' title='bbox 2018 4821 2269 4872; x_wconf 89' lang='lat' dir='ltr'><strong>morata.</strong></span> <span class='ocrx_word' id='word_1_827' title='bbox 2305 4816 2550 4870; x_wconf 87' lang='lat' dir='ltr'><strong>Sidonia</strong></span> <span class='ocrx_word' id='word_1_828' title='bbox 2580 4817 2804 4888; x_wconf 88' lang='lat' dir='ltr'><strong>quippe</strong></span> <span class='ocrx_word' id='word_1_829' title='bbox 2836 4816 3071 4875; x_wconf 76' lang='lat' dir='ltr'><strong>inutilis</strong></span> <span class='ocrx_word' id='word_1_830' title='bbox 3111 4817 3365 4883; x_wconf 80' lang='lat' dir='ltr'><strong>venatio,</strong></span> <span class='ocrx_word' id='word_1_831' title='bbox 3423 4816 3671 4887; x_wconf 84' lang='lat' dir='ltr'><strong>Sarepta</strong></span> 
     </span>
    </p>
   </div>
   <div class='ocr_carea' id='block_1_111' title="bbox 2016 4903 3667 4978">
    <p class='ocr_par' dir='ltr' id='par_1_111' title="bbox 2016 4903 3667 4978">
     <span class='ocr_line' id='line_1_111' title="bbox 2016 4903 3667 4978; baseline 0.001 -16"><span class='ocrx_word' id='word_1_832' title='bbox 2016 4921 2159 4962; x_wconf 86' lang='lat' dir='ltr'><strong>vero</strong></span> <span class='ocrx_word' id='word_1_833' title='bbox 2181 4905 2548 4972; x_wconf 78' lang='lat' dir='ltr'><strong>incendium,</strong></span> <span class='ocrx_word' id='word_1_834' title='bbox 2571 4903 2663 4959; x_wconf 91' lang='lat' dir='ltr'><strong>vel</strong></span> <span class='ocrx_word' id='word_1_835' title='bbox 2693 4905 2975 4975; x_wconf 81' lang='lat' dir='ltr'><strong>angustia</strong></span> <span class='ocrx_word' id='word_1_836' title='bbox 3023 4906 3199 4976; x_wconf 76' lang='lat' dir='ltr'><strong>panis</strong></span> <span class='ocrx_word' id='word_1_837' title='bbox 3231 4906 3667 4978; x_wconf 84' lang='lat' dir='ltr'><strong>interpretatur,</strong></span> 
     </span>
    </p>
   </div>
   <div class='ocr_carea' id='block_1_112' title="bbox 2015 4992 3671 5068">
    <p class='ocr_par' dir='ltr' id='par_1_112' title="bbox 2015 4992 3671 5068">
     <span class='ocr_line' id='line_1_112' title="bbox 2015 4992 3671 5068; baseline 0.001 -19"><span class='ocrx_word' id='word_1_838' title='bbox 2015 4994 2160 5068; x_wconf 88' lang='lat' dir='ltr'><strong>quia</strong></span> <span class='ocrx_word' id='word_1_839' title='bbox 2192 5018 2216 5043; x_wconf 74' lang='grc' dir='ltr'><strong>«ι</strong></span> <span class='ocrx_word' id='word_1_840' title='bbox 2259 4993 2363 5048; x_wconf 89' lang='lat' dir='ltr'><strong>ubi</strong></span> <span class='ocrx_word' id='word_1_841' title='bbox 2418 4992 2745 5048; x_wconf 85' lang='lat' dir='ltr'><strong>abundavit</strong></span> <span class='ocrx_word' id='word_1_842' title='bbox 2774 4997 3108 5065; x_wconf 89' lang='lat' dir='ltr'><strong>peccatum,</strong></span> <span class='ocrx_word' id='word_1_843' title='bbox 3155 4995 3671 5068; x_wconf 86' lang='lat' dir='ltr'><strong>superabundavit</strong></span> 
     </span>
    </p>
   </div>
   <div class='ocr_carea' id='block_1_113' title="bbox 2015 5083 3667 5158">
    <p class='ocr_par' dir='ltr' id='par_1_113' title="bbox 2015 5083 3667 5158">
     <span class='ocr_line' id='line_1_113' title="bbox 2015 5083 3667 5158; baseline -0.001 -16"><span class='ocrx_word' id='word_1_844' title='bbox 2015 5091 2073 5142; x_wconf 92' lang='lat' dir='ltr'><strong>et</strong></span> <span class='ocrx_word' id='word_1_845' title='bbox 2093 5083 2284 5155; x_wconf 87' lang='lat' dir='ltr'><strong>gratia</strong></span> <span class='ocrx_word' id='word_1_846' title='bbox 2316 5085 2504 5151; x_wconf 79' lang='lat' dir='ltr'><strong>(Rom.</strong></span> <span class='ocrx_word' id='word_1_847' title='bbox 2537 5085 2611 5153; x_wconf 86' lang='lat' dir='ltr'><strong>v).</strong></span> <span class='ocrx_word' id='word_1_848' title='bbox 2652 5106 2679 5138; x_wconf 79' lang='lat'><em>»</em></span> <span class='ocrx_word' id='word_1_849' title='bbox 2716 5083 2822 5139; x_wconf 93' lang='lat' dir='ltr'><strong>Ubi</strong></span> <span class='ocrx_word' id='word_1_850' title='bbox 2845 5083 3026 5140; x_wconf 89' lang='lat' dir='ltr'><strong>rebus</strong></span> <span class='ocrx_word' id='word_1_851' title='bbox 3055 5085 3436 5158; x_wconf 86' lang='lat' dir='ltr'><strong>supervacuis</strong></span> <span class='ocrx_word' id='word_1_852' title='bbox 3461 5085 3667 5158; x_wconf 83' lang='lat' dir='ltr'><strong>acqui-</strong></span> 
     </span>
    </p>
   </div>
   <div class='ocr_carea' id='block_1_114' title="bbox 2014 5171 3668 5246">
    <p class='ocr_par' dir='ltr' id='par_1_114' title="bbox 2014 5171 3668 5246">
     <span class='ocr_line' id='line_1_114' title="bbox 2014 5171 3668 5246; baseline 0.001 -17"><span class='ocrx_word' id='word_1_853' title='bbox 2014 5174 2236 5236; x_wconf 85' lang='lat' dir='ltr'><strong>rendis,</strong></span> <span class='ocrx_word' id='word_1_854' title='bbox 2270 5171 2445 5246; x_wconf 88' lang='lat' dir='ltr'><strong>quasi</strong></span> <span class='ocrx_word' id='word_1_855' title='bbox 2475 5173 2814 5244; x_wconf 89' lang='lat' dir='ltr'><strong>occupandi</strong></span> <span class='ocrx_word' id='word_1_856' title='bbox 2855 5188 3000 5228; x_wconf 89' lang='lat' dir='ltr'><strong>cura</strong></span> <span class='ocrx_word' id='word_1_857' title='bbox 3052 5172 3535 5245; x_wconf 85' lang='lat' dir='ltr'><strong>impendebatur,</strong></span> <span class='ocrx_word' id='word_1_858' title='bbox 3565 5173 3668 5230; x_wconf 91' lang='lat' dir='ltr'><strong>ubi</strong></span> 
     </span>
    </p>
   </div>
   <div class='ocr_carea' id='block_1_115' title="bbox 2015 5260 3669 5334">
    <p class='ocr_par' dir='ltr' id='par_1_115' title="bbox 2015 5260 3669 5334">
     <span class='ocr_line' id='line_1_115' title="bbox 2015 5260 3669 5334; baseline -0.001 -15"><span class='ocrx_word' id='word_1_859' title='bbox 2015 5264 2160 5320; x_wconf 81' lang='lat' dir='ltr'><strong>dirae</strong></span> <span class='ocrx_word' id='word_1_860' title='bbox 2195 5263 2320 5319; x_wconf 84' lang='lat' dir='ltr'><strong>sitis</strong></span> <span class='ocrx_word' id='word_1_861' title='bbox 2343 5261 2688 5318; x_wconf 89' lang='lat' dir='ltr'><strong>incendium</strong></span> <span class='ocrx_word' id='word_1_862' title='bbox 2736 5261 3035 5334; x_wconf 86' lang='lat' dir='ltr'><strong>panisque</strong></span> <span class='ocrx_word' id='word_1_863' title='bbox 3063 5261 3344 5334; x_wconf 88' lang='lat' dir='ltr'><strong>spiritalis</strong></span> <span class='ocrx_word' id='word_1_864' title='bbox 3371 5266 3547 5332; x_wconf 76' lang='lat' dir='ltr'><strong>antea</strong></span> <span class='ocrx_word' id='word_1_865' title='bbox 3570 5260 3669 5326; x_wconf 53' lang='lat' dir='ltr'><strong>ﬁes</strong></span> 
     </span>
    </p>
   </div>
   <div class='ocr_carea' id='block_1_116' title="bbox 2014 5349 3666 5424">
    <p class='ocr_par' dir='ltr' id='par_1_116' title="bbox 2014 5349 3666 5424">
     <span class='ocr_line' id='line_1_116' title="bbox 2014 5349 3666 5424; baseline -0.004 -16"><span class='ocrx_word' id='word_1_866' title='bbox 2014 5351 2445 5422; x_wconf 86' lang='lat' dir='ltr'><strong>batangustia,</strong></span> <span class='ocrx_word' id='word_1_867' title='bbox 2505 5349 2587 5408; x_wconf 88' lang='lat' dir='ltr'><strong>ibi</strong></span> <span class='ocrx_word' id='word_1_868' title='bbox 2638 5349 2834 5416; x_wconf 85' lang='lat' dir='ltr'><strong>farina</strong></span> <span class='ocrx_word' id='word_1_869' title='bbox 2888 5349 3210 5424; x_wconf 88' lang='lat' dir='ltr'><strong>oleumque</strong></span> <span class='ocrx_word' id='word_1_870' title='bbox 3260 5367 3361 5412; x_wconf 88' lang='lat' dir='ltr'><strong>ore</strong></span> <span class='ocrx_word' id='word_1_871' title='bbox 3408 5350 3666 5422; x_wconf 52' lang='lat' dir='ltr'><strong>prophee</strong></span> 
     </span>
    </p>
   </div>
   <div class='ocr_carea' id='block_1_117' title="bbox 2015 5435 3665 5507">
    <p class='ocr_par' dir='ltr' id='par_1_117' title="bbox 2015 5435 3665 5507">
     <span class='ocr_line' id='line_1_117' title="bbox 2015 5435 3665 5507; baseline -0.007 -8"><span class='ocrx_word' id='word_1_872' title='bbox 2015 5443 2130 5499; x_wconf 89' lang='lat' dir='ltr'><strong>tico</strong></span> <span class='ocrx_word' id='word_1_873' title='bbox 2170 5440 2558 5497; x_wconf 90' lang='lat' dir='ltr'><strong>benedicitur.</strong></span> <span class='ocrx_word' id='word_1_874' title='bbox 2595 5462 2622 5490; x_wconf 76' lang='grc' dir='ltr'><strong>ί(</strong></span> <span class='ocrx_word' id='word_1_875' title='bbox 2682 5442 2823 5505; x_wconf 64' lang='lat' dir='ltr'><strong>Quae</strong></span> <span class='ocrx_word' id='word_1_876' title='bbox 2876 5439 3114 5495; x_wconf 88' lang='lat' dir='ltr'><strong>volebat</strong></span> <span class='ocrx_word' id='word_1_877' title='bbox 3163 5439 3287 5504; x_wconf 82' lang='lat' dir='ltr'><strong>duo</strong></span> <span class='ocrx_word' id='word_1_878' title='bbox 3331 5438 3497 5507; x_wconf 85' lang='lat' dir='ltr'><strong>ligna</strong></span> <span class='ocrx_word' id='word_1_879' title='bbox 3546 5435 3665 5492; x_wconf 91' lang='lat' dir='ltr'><strong>col-</strong></span> 
     </span>
    </p>
   </div>
   <div class='ocr_carea' id='block_1_118' title="bbox 2014 5523 3662 5604">
    <p class='ocr_par' dir='ltr' id='par_1_118' title="bbox 2014 5523 3662 5604">
     <span class='ocr_line' id='line_1_118' title="bbox 2014 5523 3662 5604; baseline 0.005 -22"><span class='ocrx_word' id='word_1_880' title='bbox 2014 5529 2196 5598; x_wconf 85' lang='lat' dir='ltr'><strong>ligere</strong></span> <span class='ocrx_word' id='word_1_881' title='bbox 2219 5530 2506 5604; x_wconf 89' lang='lat' dir='ltr'><strong>priusque</strong></span> <span class='ocrx_word' id='word_1_882' title='bbox 2537 5534 2950 5585; x_wconf 82' lang='lat' dir='ltr'><strong>moreretur.»</strong></span> <span class='ocrx_word' id='word_1_883' title='bbox 2995 5531 3122 5583; x_wconf 84' lang='lat' dir='ltr'><strong>Non</strong></span> <span class='ocrx_word' id='word_1_884' title='bbox 3177 5527 3273 5584; x_wconf 88' lang='lat' dir='ltr'><strong>hic</strong></span> <span class='ocrx_word' id='word_1_885' title='bbox 3331 5525 3458 5584; x_wconf 89' lang='lat' dir='ltr'><strong>solo</strong></span> <span class='ocrx_word' id='word_1_886' title='bbox 3518 5523 3662 5591; x_wconf 64' lang='lat' dir='ltr'><strong>“Eni</strong></span> 
     </span>
    </p>
   </div>
   <div class='ocr_carea' id='block_1_119' title="bbox 2013 5605 3659 5687">
    <p class='ocr_par' dir='ltr' id='par_1_119' title="bbox 2013 5605 3659 5687">
     <span class='ocr_line' id='line_1_119' title="bbox 2013 5605 3659 5687; baseline -0.005 -10"><span class='ocrx_word' id='word_1_887' title='bbox 2013 5616 2278 5686; x_wconf 87' lang='lat' dir='ltr'><strong>nomine,</strong></span> <span class='ocrx_word' id='word_1_888' title='bbox 2325 5605 2431 5680; x_wconf 81' lang='lat' dir='ltr'><strong>sed</strong></span> <span class='ocrx_word' id='word_1_889' title='bbox 2490 5618 2672 5682; x_wconf 86' lang='lat' dir='ltr'><strong>etiam</strong></span> <span class='ocrx_word' id='word_1_890' title='bbox 2715 5631 2970 5680; x_wconf 86' lang='lat' dir='ltr'><strong>numero</strong></span> <span class='ocrx_word' id='word_1_891' title='bbox 3033 5616 3358 5687; x_wconf 79' lang='lat' dir='ltr'><strong>lignorum,</strong></span> <span class='ocrx_word' id='word_1_892' title='bbox 3419 5611 3659 5682; x_wconf 69' lang='lat' dir='ltr'><strong>signum</strong></span> 
     </span>
    </p>
   </div>
  </div>
