4092 6178
433 217 538 274 479

1532 217 1886 274 ANGELOMI
1929 212 2385 272 LUXOVIENSIS
2424 218 2736 274 MONACHI

3747 221 3854 276 480

436 344 628 400 crucis
652 343 1025 416 exprimitur,
1050 357 1173 412 quo
1205 340 1378 396 nobis
1409 346 1498 396 est
1526 341 1700 415 panis
1747 342 1876 398 vitae
1928 357 2080 413 prae-
2123 346 2168 396 A
2201 347 2368 396 ratur
2421 344 2648 399 malitia
2713 344 3080 409 Judaeorum,
3144 343 3247 398 sed
3305 343 3584 398 misertus
3637 346 3849 418 populi

435 438 682 505 paratus
714 437 969 486 aeternae.
1002 430 1380 486 Benedicitur
1411 429 1601 486 farina
1629 433 1758 502 ejus
1784 437 1838 486 et
1867 431 2086 497 oleum,

435 522 548 576 hoc
587 523 695 585 est,
730 520 922 589 gratia
969 521 1238 590 corporis
1298 520 1585 575 Dominici
1638 525 1694 576 et
1750 519 2089 576 chrismatis

434 609 655 673 unctio,
710 609 828 664 sive
875 609 1102 664 fructus
1151 613 1206 664 et
1266 608 1534 664 hilaritas
1581 610 1903 678 charitatis,
1953 623 2089 682 qua;

436 713 575 752 cum
602 696 988 768 impenditur,
1022 712 1141 751 non
1169 695 1454 753 defecisse
1490 697 1736 754 dicitur:
1770 722 1798 749 «
1835 698 2088 754 Hilarem

436 787 596 841 enim
647 785 917 840 datorem
959 785 1148 855 diligit
1191 788 1343 840 Deus
1395 786 1482 856 (II
1507 788 1644 843 Cor.
1677 792 1776 853 ιχ).
1807 809 1834 836 ››
1895 786 2090 842 Vidua

437 879 636 928 autem
661 873 772 928 ista
802 889 988 945 quam
1018 874 1303 929 Dominus
1335 891 1457 930 non
1481 876 1784 946 frumenti,
1818 876 1925 932 sed
1956 891 2088 931 ver-

434 960 496 1015 bi
527 977 683 1032 pane
711 962 1017 1032 pascebat,
1041 963 1252 1018 eadem
1288 963 1420 1034 ipsa
1451 968 1556 1031 est,
1591 964 1664 1019 de
1714 980 1838 1037 qua
1875 964 2091 1020 dicitur

435 1049 494 1104 in
529 1049 815 1104 Psalmis:
861 1073 888 1100 ‹‹
941 1051 1192 1106 Viduam
1250 1051 1380 1122 ejus
1437 1052 1798 1108 benedicens
1842 1052 2090 1108 benedi-

436 1153 570 1192 cam
591 1139 713 1207 (Ps.
751 1154 936 1202 cxxxr,
970 1161 996 1186 η
1030 1144 1085 1194 et
1115 1139 1366 1211 reliqua.
1415 1140 1578 1196 Illam
1611 1141 1850 1208 scilicet,
1870 1141 1946 1197 de
1967 1156 2090 1213 qua

434 1232 489 1280 et
512 1226 732 1281 Paulus
767 1227 845 1282 ait
876 1229 1065 1293 (Rom.
1098 1228 1236 1298 vn):
1271 1230 1496 1283 Mortuo
1531 1228 1674 1296 viro,
1710 1229 1932 1302 quibus
1988 1245 2091 1283 vo-

435 1314 514 1370 let
542 1316 763 1387 nuptiis
792 1315 978 1372 libera
1009 1321 1115 1385 est,
1167 1317 1311 1389 quia
1355 1317 1663 1375 desinente
1706 1319 1852 1389 legis
1900 1318 2092 1374 littera

439 1405 632 1474 (cujus
663 1404 798 1459 finis
823 1405 1086 1460 Christus
1114 1406 1227 1477 est)
1251 1405 1327 1461 ad
1351 1407 1552 1476 gratia:
1575 1407 1910 1464 libertatem
1936 1412 2091 1462 tran-

440 1491 620 1546 situm
692 1492 941 1555 faciens.
1000 1493 1259 1549 Ecclesia
1314 1495 1587 1552 videlicet
1633 1497 1709 1552 ad
1769 1497 2086 1564 Christum,

435 1580 609 1652 quasi
653 1581 837 1637 vidua
886 1581 1033 1648 legis
1094 1583 1314 1654 nupsit.
1374 1584 1556 1652 Hujus
1600 1601 1761 1640 nunc
1819 1585 1877 1638 in
1930 1583 2089 1638 vasis

437 1667 636 1723 oleum
663 1671 865 1739 gratiae
896 1675 951 1725 et
977 1670 1406 1727 benedictionis
1463 1673 1655 1728 farina
1695 1689 1816 1728 non
1866 1672 2085 1738 deﬁcit,
2122 1696 2160 1748 Β

435 1758 497 1813 in
523 1759 808 1813 omnibus
831 1760 949 1815 fere
979 1759 1256 1830 gentibus
1306 1761 1463 1816 fame
1492 1769 1793 1829 manente,
1825 1779 2089 1834 quarum

437 1845 605 1900 cibus
640 1846 774 1902 vita:
829 1848 1086 1902 esuriem
1157 1864 1227 1903 ac
1285 1849 1424 1904 fidei
1470 1850 1762 1906 Trinitatis
1800 1851 2087 1919 inediam,

436 1950 699 2004 congrue
723 1937 1128 2007 prtetiguravit
1164 1937 1265 1992 illa
1322 1938 1634 2011 quondam
1701 1939 1954 1996 triennio
2007 1941 2089 1994 fa-

438 2039 585 2079 mes.

508 2136 535 2162 «
565 2115 808 2170 Factum
839 2121 928 2170 est
955 2119 1156 2171 autem
1192 2121 1330 2188 post
1358 2116 1543 2172 verba
1593 2118 1742 2182 haec,
1795 2119 2092 2187 agrotavit

439 2223 468 2250 «
496 2202 656 2256 ﬁlius
704 2203 971 2258 mulieris
1015 2204 1504 2271 matrisfamilias,
1557 2211 1613 2262 et
1661 2212 1786 2262 erat
1831 2207 2090 2278 languor

438 2313 466 2340 «
499 2291 626 2362 ejus
665 2290 1046 2361 fortissimus,
1077 2292 1156 2348 ita
1189 2299 1252 2349 ut
1288 2309 1410 2349 non
1440 2300 1776 2351 remaneret
1799 2296 1859 2351 in
1888 2312 1959 2352 eo
1979 2297 2086 2353 ha-

437 2398 465 2426 «
496 2377 652 2432 litus.
689 2380 841 2435 Dixit
869 2397 1012 2450 ergo
1043 2381 1121 2436 ad
1155 2382 1377 2438 Ellam:
1399 2383 1549 2448 Quid
1581 2384 1727 2438 mihi
1759 2390 1815 2439 et
1846 2384 1967 2453 tibi,
2001 2384 2089 2438 vir

438 2487 465 2514 ‹‹
495 2467 637 2522 Dei?
689 2471 997 2536 Ingressus
1029 2486 1092 2523 es
1131 2471 1208 2525 ad
1264 2488 1382 2537 me,
1436 2477 1498 2527 ut
1544 2477 2090 2527 rememorarentur

437 2553 836 2624 «iniquitates
867 2573 1038 2625 meae,
1090 2563 1146 2612 et
1191 2559 1550 2614 interﬁceres
1582 2559 1773 2614 ﬁlium
1833 2576 2036 2615 meum
2059 2561 2087 2615 ‘I

435 2659 464 2687 «
499 2641 564 2694 Et
610 2639 692 2695 ait
740 2641 815 2697 ad
847 2658 1014 2697 eam:
1048 2645 1132 2698 Da
1181 2645 1326 2700 mihi
1356 2645 1547 2701 ﬁlium
1595 2651 1784 2701 tuum.
1817 2647 2087 2720 Tulitque

436 2749 463 2776 α
497 2743 637 2783 eum
669 2729 744 2783 de
767 2730 902 2785 sinu
932 2730 1088 2786 illius
1127 2737 1184 2787 et
1206 2734 1462 2805 portavit
1489 2735 1548 2790 in
1575 2736 1956 2792 ccenaculum
1981 2737 2087 2792 ubi

437 2837 463 2865 ‹‹
497 2816 624 2888 ipse
650 2819 955 2886 manebat,
989 2824 1046 2875 et
1092 2822 1293 2892 posuit
1324 2839 1504 2894 super
1551 2823 1770 2880 lectum
1816 2842 2018 2895 suum,
2055 2847 2084 2876 »

433 2910 490 2960 et
527 2905 774 2978 reliqua.
807 2908 905 2963 Hic
936 2913 1105 2964 actus
1140 2910 1293 2980 Eliae,
1322 2910 1396 2966 de
1430 2912 1712 2968 suscitato
1746 2919 1984 2969 mortuo
2013 2915 2084 2968 ﬁ-

436 2992 515 3048 lio
543 2994 760 3063 viduae,
794 2996 959 3070 apud
988 3014 1174 3070 quam
1214 3000 1652 3072 hospitabatur,
1685 3008 1741 3057 et
1770 3003 1943 3074 cujus
1981 3004 2084 3059 be-

432 3083 658 3140 nedixit
681 3086 888 3142 farinae
935 3092 991 3142 et
1020 3087 1173 3156 oleo,
1213 3089 1366 3145 bene
1425 3091 1698 3163 exprimit
1742 3098 1942 3148 actum
1983 3097 2086 3149 Re-

431 3171 759 3246 demptoris
784 3177 988 3244 nostri,
1023 3178 1083 3232 in
1110 3179 1538 3235 resurrectione
1560 3181 1766 3252 populi
1795 3182 1874 3236 ad
1905 3183 2086 3238 tidem

433 3263 722 3318 conversi.
753 3266 894 3330 Quae
944 3267 1103 3322 enim
1161 3268 1288 3323 haec
1337 3268 1521 3324 vidua
1578 3270 1790 3326 melius
1842 3271 2087 3342 intelligi

430 3356 644 3422 potest,
679 3369 868 3424 quam
927 3358 1248 3426 Synagoga
1297 3357 1666 3425 Iudaeorum,
1722 3376 1859 3432 quae
1898 3361 2085 3432 Moysi

429 3455 598 3495 more
624 3441 872 3498 viduata
900 3443 1092 3498 ﬁlium
1121 3445 1419 3500 nutriebat
1448 3447 1784 3517 parvulum,
1831 3448 1944 3503 hoc
1976 3453 2082 3516 est,

431 3528 725 3600 pOpulum
756 3530 1060 3586 carnalem
1115 3533 1482 3587 Iudaeorum.
1537 3534 1634 3588 Hic
1691 3550 1833 3604 ergo
1873 3535 1951 3590 ad
2002 3537 2086 3591 in-

431 3632 710 3686 gressum
772 3618 926 3682 Elite,
961 3619 1074 3673 hoc
1119 3624 1222 3682 est,
1257 3618 1579 3675 Salvatoris
1609 3622 1792 3677 nostri
1819 3622 2084 3679 inﬁrma-

427 3705 626 3775 batur,
654 3707 798 3778 quia
828 3708 889 3762 in
917 3723 1053 3762 eum
1085 3723 1202 3761 non
1234 3707 1554 3775 credendo,
1590 3711 1690 3764 sed
1721 3711 2081 3783 spernendo,

428 3793 628 3849 valida
657 3795 822 3850 febre
849 3795 1210 3850 inﬁdelitatis
1237 3798 1565 3866 mgrotavit.
1603 3799 1766 3854 Unde
1800 3805 1856 3854 et
1895 3804 2084 3856 mater

428 3882 564 3956 ipsa
596 3884 1022 3956 conquerendo
1055 3884 1130 3938 de
1178 3885 1520 3942 inﬁrmitate
1561 3889 1750 3960 pueri,
1808 3889 1884 3944 ad
1941 3906 2082 3962 pro-

427 3973 670 4044 phetam
701 3972 876 4026 dicit:
909 3995 935 4021 «
966 3972 1119 4038 Quid
1151 3974 1297 4029 mihi
1328 3981 1383 4030 et
1417 3975 1541 4044 tibi,
1565 3976 1654 4031 vir
1689 3977 1830 4033 Dei?
1857 3979 2081 4049 ingres-

429 4075 531 4113 sus
553 4074 616 4112 es
639 4057 717 4112 ad
742 4075 839 4113 me
870 4065 934 4114 ut
964 4058 1507 4118 rememora’rentur
1537 4065 1877 4138 iniquitates
1909 4083 2078 4135 mete,

430 4151 484 4201 et
505 4145 865 4202 interﬁceres
894 4148 1084 4203 ﬁlium
1107 4153 1355 4206 meum?
1383 4170 1414 4203 »
1439 4152 1586 4208 Cum
1627 4156 1948 4225 Synagoga
1975 4156 2079 4209 Ju-

427 4231 698 4286 dworum
719 4233 794 4288 de
826 4235 1088 4292 adventu
1123 4237 1440 4293 Salvatoris
1471 4242 1873 4311 conqueritur,
1902 4241 2079 4314 quasi

426 4321 555 4393 ipse
585 4327 740 4378 esset
768 4340 952 4379 causa
980 4325 1402 4382 interfectionis
1429 4329 1635 4400 populi
1655 4329 1904 4386 Iudaici.
1937 4333 2078 4387 Hinc

427 4391 706 4482 estquod
733 4412 994 4486 Caiphas
1028 4415 1383 4487 conspirans
1409 4391 1484 4471 de
1513 4391 1671 4472 -nece
1724 4419 1956 4487 Christi,
1999 4421 2077 4476 ad
2108 4391 2151 4442 υ

427 4499 668 4556 turbam
700 4501 812 4557 ait:
867 4524 895 4551 ‹‹
949 4503 1194 4575 Expedit
1233 4504 1393 4560 enim
1445 4511 1508 4561 ut
1538 4522 1694 4561 unus
1726 4509 1910 4564 homo
1947 4526 2076 4564 mo-

424 4587 612 4644 riatur
642 4605 750 4661 pro
777 4591 1023 4664 populo,
1059 4596 1116 4647 et
1153 4607 1276 4648 non
1304 4598 1427 4649 tota
1458 4609 1606 4662 gens
1654 4602 1875 4667 pereat:
1914 4597 1967 4654 Si
1997 4598 2081 4654 di-

427 4677 716 4735 mittimus
746 4697 884 4736 eum
919 4681 1025 4750 sic,
1057 4697 1268 4738 omnes
1296 4682 1539 4739 credent
1585 4685 1646 4739 in
1673 4701 1832 4742 eum.
1885 4691 1949 4742 Et
1989 4705 2081 4743 ve-

425 4766 590 4822 nient
621 4770 873 4824 Romani
913 4775 969 4825 et
998 4771 1203 4826 tollent
1233 4776 1503 4828 nostrum
1535 4772 1733 4829 locum
1757 4781 1814 4831 et
1842 4782 2078 4846 gentem

426 4855 620 4919 (Joan.
648 4871 804 4922 xvm,
841 4859 943 4927 χι).
978 4881 1005 4908 ››
1051 4861 1162 4916 Sed
1193 4861 1345 4915 sicut
1373 4863 1666 4934 propheta
1715 4865 1835 4931 Dei,
1887 4865 2079 4922 verbis

425 4940 624 4995 viduas
662 4957 783 4997 non
827 4953 1244 5015 exasperatus:
1278 4949 1424 5020 quin
1463 4951 1660 5022 potius
1703 4953 1976 5010 misertus
2002 4957 2082 5010 ait

427 5027 506 5083 ad
533 5043 704 5083 eam:

500 5137 529 5165 «
566 5118 649 5172 Da
677 5117 825 5172 mihi
853 5117 1043 5175 ﬁlium
1073 5125 1274 5177 tuum:
1323 5125 1597 5199 Tulitque
1631 5144 1770 5183 eum
1826 5129 1901 5184 de
1944 5130 2079 5183 sinu

433 5223 453 5255 ι
492 5203 648 5260 illius
676 5211 732 5261 et
770 5209 1028 5278 portavit
1065 5209 1124 5264 in
1153 5213 1525 5270 caanaculum
1555 5216 1658 5271 ubi
1695 5217 1822 5288 ipse
1871 5233 2077 5272 mane-

428 5312 458 5342 «
489 5291 613 5359 bat,
645 5299 702 5350 et
728 5297 929 5366 posuit
959 5313 1140 5370 super
1167 5299 1385 5357 lectum
1415 5319 1591 5357 suum
1614 5307 1670 5358 et
1689 5305 2076 5374 expanditse,

431 5402 460 5431 «
491 5385 672 5453 atque
699 5399 944 5440 mensus
965 5392 1054 5442 est
1082 5405 1263 5460 super
1309 5407 1563 5462 puerum
1606 5391 1792 5446 tribus
1823 5393 2075 5463 vicibus,

430 5489 459 5517 ‹‹
494 5467 893 5544 clamavitque
921 5473 999 5530 ad
1032 5473 1352 5532 Dominum
1383 5482 1440 5532 et
1473 5477 1585 5532 ait:
1621 5479 1888 5547 Domine,
1925 5484 2076 5537 Deus

429 5579 459 5608 α
493 5573 687 5627 meus,
719 5567 1067 5627 revertatur,
1101 5581 1229 5629 oro,
1249 5567 1453 5620 anima
1473 5567 1641 5637 pueri
1671 5566 1852 5639 hujus
1876 5571 1936 5626 in
1961 5572 2074 5628 vis-

431 5662 569 5706 cera
590 5649 742 5721 ejus.
773 5671 801 5699 »
824 5652 912 5709 Ita
939 5657 996 5709 et
1023 5653 1384 5726 Redemptor
1412 5659 1614 5711 noster
1664 5673 1787 5715 non
1832 5677 2077 5736 exaspe-

2200 430 2512 501 credentis,
2556 432 2683 487 tulit
2715 449 2852 491 eum
2883 433 2958 488 de
2990 433 3122 488 sinu
3167 432 3394 498 matris,
3428 449 3565 488 cum
3596 450 3734 490 eum
3768 441 3854 491 tu-

2196 517 2261 573 lit
2289 519 2362 573 de
2392 519 2614 574 carnali
2646 519 3027 576 observantia
3051 519 3222 589 legis.
3261 542 3290 568 «
3318 521 3386 575 Et
3429 522 3631 592 posuit
3672 538 3853 595 super

2199 606 2419 662 lectum
2445 624 2642 674 suum,
2676 631 2702 657 »
2729 608 2843 663 hoc
2869 613 2977 670 est,
3009 607 3415 664 demonstavit
3443 609 3495 663 ei
3523 609 3706 666 vitam
3746 611 3854 666 ha-

2196 697 2338 752 bere
2369 697 2428 752 in
2456 703 2644 753 morte
2677 714 2803 753 sua.
2839 721 2866 746 ‹‹
2907 697 3324 770 Expanditque
3367 713 3429 752 se
3484 697 3676 754 tribus
3714 700 3855 756 vici-

2196 785 2331 847 bus,
2363 791 2543 858 atque
2559 802 2804 842 mensus
2821 791 2912 842 est
2942 801 3120 858 super
3139 801 3415 857 puerum.
3444 810 3470 835 ››
3493 791 3642 843 Cum
3675 789 3857 845 Trini-

2198 874 2332 928 tatis
2352 874 2534 929 ﬁdem
2565 874 2645 929 illi
2680 875 3064 946 praadicando
3095 879 3150 929 et
3182 873 3458 929 faciendo
3485 874 3852 932 insinuabat.

2199 965 2264 1016 Et
2283 961 2552 1018 clamans
2579 963 2656 1017 ad
2689 963 2947 1028 Patrem,
2994 962 3177 1017 dixit:
3223 985 3250 1011 ‹‹
3286 963 3476 1029 Pater,
3519 963 3766 1033 ignosce
3796 964 3858 1020 il-

2197 1050 2288 1117 lis,
2323 1052 2466 1122 quia
2513 1051 2786 1107 nesciunt
2815 1051 2964 1123 quid
2996 1051 3221 1106 faciunt
3251 1051 3417 1122 (Luc.
3446 1054 3632 1123 XXIII).
3679 1075 3707 1102 »
3742 1054 3858 1108 Eti-

2200 1144 2313 1194 tem
2343 1157 2355 1194 :
2389 1160 2419 1194 α
2453 1140 2647 1206 Pater,
2699 1140 2909 1212 inquit.
2938 1140 3196 1195 clariﬁca
3230 1139 3437 1195 Filium
3460 1144 3653 1207 tuum,
3677 1145 3742 1196 ut
3763 1142 3856 1198 Fi-

2196 1227 2310 1282 lius
2342 1233 2480 1283 tuus
2512 1227 2792 1284 clariﬁcet
2822 1233 2908 1284 te:
2948 1228 3108 1284 Sicut
3137 1227 3352 1284 dedisti
3391 1228 3445 1284 ei
3498 1235 3854 1300 potestatem

2199 1318 2396 1372 omnis
2420 1318 2638 1381 carnis,
2666 1322 2731 1372 ut
2756 1333 2934 1373 omne
2960 1317 3127 1389 quod
3158 1317 3376 1372 dedisti
3395 1317 3471 1386 ei,
3501 1318 3597 1374 det
3637 1319 3718 1374 eis
3759 1320 3849 1374 vi-

2201 1411 2320 1461 tam
2347 1411 2654 1462 aeternam.
2682 1409 2813 1460 Haec
2843 1411 2931 1460 est
2973 1410 3175 1461 autem
3209 1406 3326 1461 vita
3379 1411 3620 1472 aeterna,
3660 1412 3726 1462 ut
3755 1424 3854 1463 co-

2200 1500 2492 1562 gnoscant
2523 1500 2575 1550 te
2615 1494 2812 1550 solum
2838 1496 3025 1549 Deum
3056 1509 3288 1561 verum,
3321 1498 3380 1550 et
3406 1510 3591 1566 quem
3639 1495 3854 1551 misisti

2196 1587 2399 1638 Jesum
2423 1584 2720 1639 Christum
2763 1586 2956 1654 (Joan.
2984 1589 3149 1650 xvu).
3181 1604 3208 1632 »

2273 1695 2299 1721 ‹‹
2337 1672 2661 1728 Exauditus
2692 1676 2780 1728 est
2813 1678 3014 1728 autem
3049 1671 3223 1739 Elias,
3257 1677 3313 1728 et
3342 1687 3584 1728 reversa
3612 1678 3703 1728 est
3732 1673 3859 1729 ani-

2200 1785 2227 1812 «
2265 1779 2363 1817 ma
2389 1763 2559 1835 pueri
2582 1763 2736 1818 intra
2765 1778 2904 1817 eum
2936 1767 2992 1817 et
3032 1762 3260 1817 revixit.
3293 1761 3574 1833 Tulitque
3605 1762 3772 1818 illum
3800 1769 3856 1818 et

2200 1876 2226 1901 ‹‹
2253 1851 2512 1908 reddidit
2549 1852 2723 1908 matri
2751 1869 2894 1921 sum,
2945 1875 2972 1900 ››
3005 1854 3154 1906 Cum
3183 1851 3472 1906 Dominus
3521 1855 3723 1906 noster
3752 1867 3855 1923 po-

2198 1964 2225 1988 «
2260 1941 2469 2013 pulum
2500 1941 2741 1996 salvans
2763 1939 3126 2008 credentem,
3154 1938 3326 2009 signa
3346 1944 3402 1994 et
3441 1939 3734 1995 miracula
3763 1955 3856 1995 os-

2199 2052 2226 2078 «
2255 2029 2537 2085 tendebat
2559 2028 2953 2084 incredulisut
2983 2033 3371 2097 agnoscerent
3396 2028 3674 2084 veraciter
3689 2027 3856 2083 illum

2196 2118 2415 2185 vivere,
2447 2119 2550 2190 qui
2583 2119 2768 2174 credit
2793 2118 2854 2173 in
2884 2118 3128 2172 nomine
3159 2118 3312 2186 ejus.
3353 2119 3417 2172 Et
3462 2116 3544 2172 sic
3598 2117 3851 2181 eveniet,

2197 2213 2261 2262 ut
2290 2208 2474 2263 verba
2515 2207 2778 2262 mulieris
2818 2206 3172 2261 admirantis
3201 2206 3274 2260 de
3309 2205 3595 2261 suscitato
3640 2221 3850 2276 puero,

2196 2295 2366 2367 plebs
2406 2296 2656 2352 Iudaica
2711 2296 2955 2352 veritate
3015 2300 3318 2366 superata,
3363 2293 3710 2366 praeclamet
3767 2294 3847 2350 ad

2195 2385 2494 2440 Christum
2517 2401 2585 2440 ac
2609 2385 2768 2440 dicat
2797 2403 2810 2439 :
2835 2389 2998 2440 Nunc
3024 2383 3085 2439 in
3114 2384 3225 2439 isto
3255 2383 3528 2453 cognovi,
3560 2383 3846 2455 quoniam

2196 2496 2224 2524 «
2256 2474 2346 2528 vir
2380 2473 2475 2528 Dei
2507 2489 2570 2528 es
2604 2479 2684 2540 tu,
2731 2478 2788 2530 et
2827 2472 3078 2528 verbum
3124 2472 3359 2528 Domini
3388 2471 3450 2526 in
3481 2486 3580 2526 ore
3609 2477 3704 2526 tuo
3746 2485 3841 2525 ve-

2197 2585 2224 2612 «
2253 2578 2387 2617 rum
2419 2567 2525 2618 est.
2562 2583 2590 2611 ))

2793 2701 3017 2755 CAPUT
3058 2699 3252 2754 XVIII.

2269 2842 2299 2875 ‹
2335 2823 2473 2878 Post
2492 2821 2618 2877 dies
2644 2821 2866 2878 multos
2897 2822 3146 2878 verbum
3174 2820 3755 2878 Domiuifactumest
3775 2821 3849 2876 ad

2199 2935 2226 2961 «
2261 2911 2446 2966 Eliam
2476 2911 2533 2966 in
2562 2927 2722 2967 anno
2754 2913 2943 2976 tertio,
2967 2911 3207 2966 dicens:
3242 2910 3406 2967 Vade
3436 2914 3494 2966 et
3517 2909 3769 2966 ostende
3799 2914 3852 2966 te

2199 3022 2226 3052 «
2261 3000 2487 3063 Achab,
2520 3005 2583 3055 ut
2612 3001 2749 3055 dem
2797 2999 3059 3072 pluviam
3108 3015 3291 3072 super
3327 2998 3545 3054 faciem
3599 3003 3793 3054 terrae.
3821 3018 3849 3046 »

2197 3091 2340 3144 Tres
2365 3090 2506 3144 anni
2531 3089 2724 3155 famis,
2761 3089 3070 3144 scientiam
3114 3092 3335 3144 sancta;
3381 3088 3699 3158 Trinitatis,
3743 3102 3850 3159 po-

2195 3178 2339 3250 pqu
2369 3177 2718 3232 Judmorum
2757 3177 2850 3232 vel
2878 3178 2936 3232 in
2971 3182 3092 3232 toto
3126 3175 3357 3232 mundo
3397 3175 3662 3231 defuisse
3706 3191 3851 3247 prte-

2195 3266 2560 3335 tigui'abant.
2595 3267 2706 3320 Sex
2731 3282 2872 3321 vero
2905 3281 3142 3321 menses
3172 3265 3250 3320 ad
3281 3280 3436 3336 opus
3460 3264 3694 3319 bonum
3725 3279 3850 3336 per—

2195 3355 2404 3424 tinent,
2433 3355 2598 3426 quod
2624 3354 2861 3426 penitus
2899 3354 3156 3409 desierat
3202 3352 3281 3408 ab
3327 3352 3462 3422 illis,
3499 3352 3576 3408 de
3625 3352 3847 3424 quibus

2195 3443 2488 3514 propheta
2517 3443 2689 3499 dicit:
2723 3466 2750 3491 ‹‹
2786 3446 2911 3498 Non
2943 3447 3031 3498 est
3055 3442 3158 3513 qui
3188 3441 3365 3498 faciat
3412 3441 3665 3506 bonum,
3723 3457 3848 3496 non

2194 3539 2283 3586 est
2312 3547 2502 3603 usque
2535 3532 2610 3587 ad
2637 3547 2849 3586 unum.
2886 3553 2914 3580 »
2967 3531 3194 3586 Abdias
3223 3531 3501 3603 princeps
3551 3530 3845 3585 exercitus

2194 3619 2392 3686 Israel,
2425 3621 2598 3690 cujus
2628 3635 2850 3675 nomen
2872 3621 3338 3692 interpretantur
3354 3635 3549 3676 servus
3578 3619 3834 3682 Domini,

2191 3707 2324 3763 illos
2357 3708 2816 3779 quodammodo
2845 3708 3271 3781 praesignabat,
3305 3709 3408 3779 qui
3458 3723 3527 3764 ex
3556 3704 3836 3778 principi-

2191 3796 2306 3851 bus
2336 3796 2682 3852 Judaaorum
2721 3797 3098 3853 crediderant
3125 3803 3182 3852 et
3227 3802 3398 3852 erant
3427 3794 3638 3852 occulti
3671 3793 3846 3848 disci-

2192 3884 2316 3958 puli
2350 3886 2604 3952 Domini,
2654 3890 2716 3941 ut
2760 3885 3120 3942 Nicodemus
3153 3891 3212 3941 et
3248 3885 3464 3940 caeteri.
3498 3887 3645 3940 Nam
3678 3881 3846 3955 quod

2193 3975 2273 4030 ait
2301 3975 2378 4030 ad
2405 3975 2737 4048 populum:
2771 3998 2797 4023 ‹‹
2853 3978 3179 4047 Usquequo
3206 3973 3555 4030 claudicatis
3596 3973 3656 4028 in
3688 3971 3846 4027 duas

2193 4068 2395 4135 partes
2413 4064 2440 4118 ?
2477 4088 2504 4113 »
2536 4065 2618 4119 ita
2646 4068 2842 4136 potest
2871 4063 3136 4132 intelligi.
3170 4063 3254 4118 llli
3282 4063 3444 4118 enim
3472 4067 3728 4133 utroque
3753 4075 3855 4132 pe-

2191 4151 2266 4207 de
2306 4152 2669 4219 claudicant,
2711 4153 2813 4224 qui
2842 4152 2961 4207 Deo
3017 4151 3238 4223 pariter
3284 4156 3341 4207 et
3395 4149 3641 4206 diabolo
3671 4148 3847 4204 obse-

2192 4241 2400 4312 quium
2423 4246 2708 4313 praastare
2740 4241 3011 4313 cupiunt.

2265 4353 2291 4378 «
2327 4331 2598 4399 Ivitergo
2629 4329 2785 4385 Elias
2829 4335 2892 4386 ut
2920 4330 3261 4387 ostenderet
3314 4345 3378 4385 se
3428 4329 3654 4385 Achab.
3712 4330 3854 4383 Erat

2195 4441 2220 4467 «
2255 4423 2454 4474 autem
2482 4417 2670 4473 fames
2714 4419 3036 4474 vehemens
3063 4420 3123 4474 in
3165 4417 3453 4474 Samaria.
3484 4419 3851 4488 Vocavitque

2192 4529 2220 4555 «
2253 4506 2460 4561 Achab
2491 4506 2747 4562 Abdiam
2781 4507 3263 4580 dispensatorem
3293 4507 3514 4562 domus
3545 4520 3698 4563 suae.
3731 4526 3762 4552 ι»
3796 4510 3855 4560 et

2189 4595 2618 4667 reliqua.0uod
2651 4601 2852 4652 autem
2902 4597 3058 4652 Elias
3087 4611 3461 4666 congregans
3492 4595 3854 4650 universum

2192 4684 2392 4752 Israel,
2421 4690 2632 4740 contra
2656 4685 2983 4758 prophetas
3016 4684 3154 4740 Baal
3182 4683 3577 4756 disceptabat,
3606 4682 3852 4754 illisque

2190 4773 2405 4829 frustra
2471 4774 2817 4840 nitentibus,
2881 4775 3007 4847 ipse
3065 4773 3248 4829 altare
3316 4773 3549 4828 Domini
3617 4771 3857 4827 curavit

2189 4864 2354 4935 quod
2420 4863 2790 4919 destructum
2876 4865 3087 4928 fuerat,
3174 4867 3230 4918 et
3311 4862 3436 4918 tulit
3518 4859 3855 4916 duodecim

2188 4951 2418 5024 lapides
2443 4953 2615 5024 juxta
2670 4969 2990 5008 numerum
3021 4951 3284 5006 tribuum
3317 4950 3580 5006 ﬁliorum
3631 4949 3851 5015 Iacob,

2190 5041 2269 5094 ad
2299 5057 2482 5112 quem
2530 5041 2719 5096 factus
2758 5047 2847 5096 est
2872 5056 3069 5096 sermo
3100 5039 3354 5105 Domini,
3388 5039 3624 5095 dicens:
3661 5036 3854 5094 Israel

2187 5129 2296 5183 erit
2322 5145 2544 5184 nomen
2579 5135 2748 5184 tuum
2775 5146 2788 5184 :
2827 5151 2854 5178 »
2875 5133 2930 5184 et
2961 5127 3280 5183 aedificavit
3312 5127 3388 5184 de
3417 5127 3726 5201 lapidibus
3759 5126 3855 5183 al-

2189 5220 2312 5271 tare
2361 5217 2421 5271 in
2476 5217 2722 5271 nomine
2778 5217 3031 5272 Domini.
3090 5240 3117 5269 α
3179 5218 3452 5290 Fecitque
3511 5217 3853 5290 aqumduc-

2189 5326 2217 5357 ‹
2249 5309 2377 5360 tum
2431 5306 2604 5378 quasi
2659 5321 2766 5378 per
2820 5306 2974 5361 duas
3023 5306 3427 5372 aratiunculas
3479 5307 3540 5363 in
3589 5307 3854 5364 circuitu

2188 5416 2217 5444 «
2250 5395 2484 5462 altaris,
2551 5401 2607 5450 et
2682 5395 3025 5467 composuit
3105 5395 3270 5465 ligna
3341 5395 3658 5467 divisitque
3736 5413 3856 5468 per

2187 5507 2215 5534 ‹‹
2250 5484 2524 5539 membra
2549 5485 2790 5552 bovem,
2840 5491 2896 5542 et
2925 5486 3124 5559 posuit
3179 5502 3358 5558 super
3384 5485 3568 5556 ligna,
3609 5490 3667 5540 et
3719 5487 3849 5542 ait:

2189 5595 2216 5623 «
2244 5573 2483 5645 lmplete
2509 5580 2770 5647 quatuor
2798 5575 3054 5648 hydrias
3106 5591 3286 5648 aqua,
3310 5580 3367 5631 et
3396 5575 3626 5630 fundite
3659 5591 3854 5648 super

2191 5661 2666 5721 «holocaustum
2707 5670 2764 5722 et
2792 5681 2974 5738 super
3003 5666 3184 5736 ligna.
3245 5667 3622 5736 Rursumque
3654 5663 3848 5721 dixit:
