4092 6178
191 145 288 201 481
1165 145 1250 198 EN
1258 143 1418 198 ABR.
1464 145 1529 198 IN
1570 140 1818 199 LIBROS

1956 145 2112 202 GUM.
2153 175 2226 189 —
2265 149 2331 202 1N
2373 146 2484 203 LIB
2524 149 2613 202 111.

3501 149 3610 205 482

188 294 216 320 ‹‹
258 268 453 324 Etiam
487 265 756 335 secundo
784 266 900 322 hoc
925 266 1116 323 facite.
1152 267 1262 332 Qui
1293 284 1429 322 cum
1456 265 1730 321 fecissent
1758 282 1845 321 se-
1875 271 1918 321 A
1955 289 1982 316 «
2025 269 2314 344 protinus
2343 269 2406 325 in
2435 273 2653 325 terram
2711 268 2914 341 posuit
2969 268 3185 326 faciem
3229 269 3382 326 inter
3411 285 3610 340 genua

187 383 214 407 «ε
256 357 485 423 eundo,
528 355 645 410 ait:
705 355 892 411 Etiam
923 356 1090 411 tertio
1151 355 1415 428 idipsuin
1464 355 1656 421 facite,
1693 356 1842 411 fece-

185 470 211 497 ‹‹
254 451 521 518 runtque
547 449 602 500 et
633 445 822 500 tertio.
855 447 918 498 Et
947 445 1268 500 currebant
1307 461 1482 516 aquae
1513 445 1670 500 circa
1697 444 1842 500 alta-

183 559 210 586 ιι
250 552 338 604 re,
371 540 427 590 et
463 534 628 590 fossa
683 533 1077 606 aquaeductus
1120 533 1346 605 repleta
1396 538 1503 602 est,
1540 555 1566 580 »
1621 539 1676 588 et
1715 533 1846 588 reli-

177 641 323 698 qua.
362 623 519 688 Quid
573 622 1023 678 convenientius
1078 621 1337 691 ﬁgurare
1401 626 1609 692 potest,
1659 638 1845 694 quam

176 713 348 787 quod
382 716 749 784 Redemptor
780 717 981 767 noster
1011 717 1218 766 contra
1251 711 1461 766 mundi
1513 711 1844 783 principem

177 804 437 874 ejusque
489 801 770 858 satellites
801 801 1113 856 decertans
1166 816 1236 856 ac
1285 816 1600 872 superans,
1660 800 1846 856 altare

179 891 418 947 Domini
446 890 615 962 quod
644 889 1013 945 destructum
1046 889 1258 957 fuerat,
1292 890 1404 944 hoc
1435 895 1542 957 est,
1574 888 1844 944 ﬁdelium

177 997 434 1037 suorum
467 979 652 1035 corda
678 979 758 1035 ab
790 979 954 1034 omni
1007 979 1142 1034 labe
1200 979 1526 1051 iniquitatis
1576 995 1846 1052 purgans

179 1087 347 1126 aram
398 1071 521 1123 Deo
552 1069 832 1124 dedicat?
882 1071 1022 1133 Qua:
1051 1085 1124 1124 ex
1165 1067 1485 1124 duodecim
1541 1068 1845 1140 lapidibus

184 1164 529 1215 constructa
559 1174 687 1212 esse
720 1163 1106 1220 memoratur,
1140 1158 1284 1230 quia
1333 1174 1406 1213 ex
1432 1157 1544 1224 his,
1575 1158 1681 1229 qui
1711 1175 1845 1230 pro-

179 1249 486 1322 pheticam
515 1252 573 1302 et
596 1246 992 1319 apostolicam
1026 1247 1209 1302 ﬁdem
1240 1263 1344 1302 seu
1391 1246 1725 1302 doctrinam
1754 1263 1844 1301 se-

177 1343 474 1410 quuntur,
523 1335 864 1405 gratissima
894 1336 1016 1390 Deo
1052 1351 1158 1391 ara
1207 1335 1586 1397 construitur,
1617 1336 1678 1390 in
1724 1352 1846 1408 qua

178 1425 452 1499 quotidie
499 1424 859 1480 sacriﬁcium
907 1424 1104 1481 laudis
1133 1425 1194 1480 in
1235 1425 1484 1481 odorem
1534 1425 1842 1481 suavitatis

174 1516 447 1572 offertur.
495 1514 775 1587 Fecitque
833 1515 1260 1588 aquaeductum
1304 1514 1480 1588 quasi
1537 1531 1644 1588 per
1691 1514 1844 1571 duas

174 1603 594 1662 aratiunculas
637 1604 698 1660 in
724 1605 970 1660 circuitu
1002 1604 1224 1675 altaris,
1266 1621 1339 1661 ex
1365 1605 1615 1660 contrito
1645 1604 1844 1661 videli-
1873 1620 1914 1675 Β

176 1699 262 1751 cet
288 1694 501 1759 corde,
527 1697 586 1748 et
610 1693 922 1749 humiliato
945 1694 1155 1767 spiritu
1181 1693 1432 1749 ﬂumina
1455 1693 1844 1766 producendo

175 1782 593 1854 lacrymarum
620 1797 730 1853 pro
758 1781 970 1837 timore
1001 1782 1312 1850 gehennae,
1343 1787 1400 1837 et
1444 1781 1739 1837 desiderio
1774 1781 1846 1836 vi-

181 1875 245 1926 tae
272 1877 547 1926 aeternas.
578 1869 665 1926 lbi
691 1875 748 1926 et
775 1870 1115 1942 composuit
1141 1869 1328 1940 ligna,
1359 1869 1504 1943 quia
1534 1875 1589 1926 et
1615 1874 1846 1926 sancto-

177 1977 308 2016 rum
338 1959 512 2016 dicta
541 1964 597 2015 et
626 1959 782 2015 facta
811 1959 890 2015 ad
911 1959 1674 2032 exemplum,credentibus
1707 1975 1845 2015 con-

179 2048 378 2104 stituit.
415 2047 746 2120 Divisi'que
777 2064 884 2120 per
940 2047 1216 2103 membra
1245 2049 1478 2116 bovem,
1531 2053 1589 2103 et
1645 2047 1845 2120 posuit

184 2153 360 2210 super
389 2137 559 2206 ligna
588 2152 728 2192 cum
761 2153 972 2192 omnes
999 2141 1167 2193 actus
1199 2152 1342 2192 suos
1378 2136 1456 2192 ad
1496 2136 1840 2208 exemplum

184 2232 534 2284 sanctorum
573 2230 814 2298 patrum
849 2224 1054 2280 ﬁdeles
1086 2225 1341 2282 formare
1389 2225 1610 2281 docuit.
1636 2225 1844 2281 Jussit-

189 2333 303 2389 que
324 2333 502 2388 super
528 2315 943 2372 holocaustem
973 2321 1030 2371 et
1077 2331 1257 2387 super
1311 2315 1495 2385 ligna,
1529 2313 1715 2370 semel
1745 2315 1844 2369 ite-

188 2421 342 2475 rum,
374 2413 550 2478 atque
601 2405 790 2472 tertio,
849 2421 1071 2477 aquam
1117 2404 1466 2460 infundere:
1512 2405 1655 2478 quia
1679 2403 1844 2459 omni

185 2499 451 2569 tempore
481 2511 729 2551 necesse
755 2498 846 2554 est
867 2494 1044 2550 nobis
1077 2494 1283 2562 verba,
1318 2494 1631 2565 cogitatus,
1662 2500 1842 2566 atque

182 2601 360 2658 opera
391 2583 692 2652 nostra,in
719 2599 873 2657 pura
889 2583 1154 2639 oratione
1186 2589 1364 2656 atque
1383 2583 1842 2656 conipunctione

182 2673 588 2747 lacrymarum
621 2673 938 2737 mundare,
971 2677 1026 2728 et
1051 2689 1172 2728 non
1207 2673 1370 2745 prius
1397 2688 1842 2744 cessare,quam

186 2763 353 2818 fossae
380 2763 786 2836 aqumductus
817 2761 1179 2834 repleantur,
1213 2761 1273 2817 id
1320 2766 1406 2818 est
1458 2762 1649 2818 donec
1684 2760 1843 2816 futu-

186 2867 314 2908 rum
345 2851 956 2924 gaudium,prmsenti
979 2851 1283 2907 memoriae
1315 2851 1642 2906 succedens
1658 2849 1846 2923 perfe-

1956 379 1984 405 «
2026 375 2155 425 sua,
2188 365 2243 414 et
2269 357 2414 414 dixit
2443 358 2519 415 ad
2541 375 2798 431 puerum
2821 375 2999 414 suum
3024 377 3037 414 :
3073 359 3287 431 Aspice
3313 364 3371 415 et
3399 375 3609 416 ascen-

1955 468 1983 494 «
2024 445 2098 501 de
2137 453 2344 503 contra
2375 462 2564 503 mare.
2591 447 2697 513 Qui
2730 462 2866 502 cum
2889 446 3254 503 ascendisset
3281 452 3611 503 etcontem-

1954 557 1980 584 α
2023 537 2219 609 platus
2249 541 2424 605 esset,
2454 537 2572 592 ait:
2607 538 2737 592 Non
2767 542 2857 593 est
2886 536 3241 609 quidquam.
3273 539 3337 592 Et
3363 553 3609 593 rursum

1954 646 1982 675 «
2025 625 2103 680 ait
2132 626 2250 681 illi:
2311 630 2617 682 Revertere
2665 631 2895 698 septem
2943 625 3193 681 vicibus.
3258 630 3322 681 In
3353 625 3610 698 septima

1957 734 1986 766 ι
2023 717 2223 769 autem
2239 714 2386 782 vice,
2401 731 2536 770 ecce
2559 713 2858 770 nubecula
2883 730 3072 786 parva
3093 713 3270 785 quasi
3291 713 3608 784 vestigium

1952 802 2211 858 hominis
2241 803 2609 859 ascendebat
2637 803 2710 858 de
2743 803 2914 870 mari,
2951 826 2977 852 »
3010 808 3066 858 et
3092 802 3338 874 reliqua.
3361 802 3515 868 Quid
3544 802 3607 857 in

1953 891 2066 946 hac
2120 908 2180 946 re
2237 892 2628 962 signiﬁcatur,
2681 892 2792 946 nisi
2818 891 2983 963 quod
3009 896 3288 946 nascente
3311 891 3414 945 Dei
3445 891 3608 947 Chri-

1954 987 2045 1037 sto
2071 981 2208 1037 Filio
2238 982 2389 1038 inter
2408 982 2703 1042 homines,
2726 985 2783 1036 et
2806 981 3262 1036 teneritudinem
3283 980 3481 1036 carnis
3505 996 3610 1036 no-

1952 1076 2086 1126 strae
2116 1071 2462 1142 accipiente,
2487 1075 2811 1143 postquam
2839 1075 3093 1124 mortem
3122 1069 3402 1138 gustavit,
3430 1074 3486 1124 et
3518 1069 3606 1123 vi-

1953 1164 2078 1215 ctor
2109 1159 2183 1215 de
2215 1160 2443 1215 mundo
2474 1159 2552 1215 ad
2592 1159 2773 1214 caelos
2799 1158 3083 1225 ascendit,
3119 1158 3373 1214 imbrem
3405 1158 3608 1228 gratiae

1952 1248 2170 1304 divinae
2202 1265 2308 1320 per
2338 1248 2744 1321 septiformem
2795 1247 3074 1320 Spiritum
3123 1247 3198 1302 de
3225 1247 3499 1318 supernis
3529 1246 3608 1303 ad

1953 1341 2138 1393 terras
2173 1337 2352 1404 misit,
2387 1337 2490 1410 qui
2522 1352 2631 1391 nos
2667 1352 2703 1391 a
2741 1342 2987 1408 peccato
3018 1335 3360 1405 mundaret,
3407 1341 3462 1391 et
3494 1334 3610 1407 spi-

1952 1425 2151 1482 ritales
2178 1426 2406 1483 fructus
2438 1427 2685 1496 gignere
2719 1425 2954 1481 faceret.

2582 1550 2810 1606 CAPUT
2857 1551 2984 1606 XIX.

2025 1698 2052 1725 ‹‹
2094 1675 2306 1731 Timuit
2337 1675 2489 1731 Elias
2519 1679 2574 1731 et
2603 1691 2852 1745 surgens
2893 1673 3038 1729 abiit
3080 1688 3447 1746 quocunque
3469 1689 3610 1728 eum

1952 1787 1979 1814 «
2022 1763 2246 1821 ferebat
2270 1763 2566 1820 voluntas.
2603 1764 2894 1836 V'enitque
2920 1763 2981 1818 in
3011 1762 3301 1819 Bersabee
3330 1762 3522 1830 Judaa,
3557 1766 3614 1818 et

1954 1876 1980 1902 ‹‹
2023 1853 2246 1909 dimisit
2273 1853 2354 1908 ibi
2374 1869 2631 1926 puerum
2660 1859 2922 1922 suum,et
2951 1851 3201 1924 perrexit
3219 1850 3600 1922 injdesertum

1955 1965 1980 1992 «
2024 1942 2182 1998 viam
2215 1943 2392 1998 unius
2423 1942 2555 1997 diei.
2580 1943 2849 2014 Cumque
2878 1942 3143 1997 venisset
3172 1946 3230 1996 et
3258 1940 3489 1996 sederet
3518 1955 3612 1994 su-

1961 2054 1986 2079 ‹‹
2036 2031 2166 2088 bter
2192 2047 2374 2087 unam
2397 2030 2992 2102 juniperum,petivit
3013 2029 3228 2084 animae
3257 2045 3378 2083 suae
3406 2033 3470 2082 ut
3489 2043 3615 2082 mo-

1957 2143 1983 2170 ‹‹
2028 2125 2277 2186 reretur,
2309 2125 2363 2174 et
2393 2119 2509 2174 ait:
2565 2117 2790 2174 Sufﬁcit
2819 2117 2985 2185 mihi,
3010 2117 3278 2182 Domine,
3315 2115 3450 2170 tolle
3481 2113 3610 2170 ani-

1955 2232 1980 2257 ‹‹
2028 2225 2190 2264 main
2224 2224 2444 2269 meam,
2481 2223 2677 2280 neque
2707 2207 2866 2262 enim
2895 2205 3105 2261 melior
3128 2221 3262 2260 sum
3286 2220 3472 2276 quam
3503 2219 3612 2276 pa-

1953 2321 1980 2347 ‹‹
2023 2303 2138 2352 tres
2165 2296 2301 2352 mei.
2338 2296 2703 2368 Projecitque
2732 2311 2814 2363 se,
2843 2299 2899 2350 et
2924 2293 3290 2350 obdormivit
3336 2292 3449 2348 sub
3480 2309 3613 2347 um-

1953 2410 1980 2438 ‹‹
2021 2387 2131 2442 bra
2155 2385 2436 2458 juniperi,
2468 2404 2496 2436 ν
2531 2390 2588 2441 et
2613 2384 2861 2457 reliqua.
2887 2383 3085 2438 Sancti
3119 2382 3224 2438 viri
3250 2381 3377 2454 qui,
3411 2379 3611 2436 suble-

1952 2481 2129 2532 vante
2162 2475 2398 2548 Spiritu,
2459 2475 2536 2530 ad
2573 2491 2812 2530 summa
2854 2473 3189 2545 rapiuntur,
3243 2469 3518 2545 quandiu
3545 2469 3605 2524 in

1952 2567 2066 2622 hac
2099 2566 2216 2621 vita
2248 2570 2405 2634 sunt,
2437 2581 2512 2621 ne
2542 2565 2745 2637 aliqua
2773 2563 3026 2620 elatione
3079 2561 3450 2634 superbiant,
3483 2559 3614 2632 qui-

1955 2655 2214 2711 busdam
2280 2653 2708 2710 tentationibus
2781 2652 3205 2724 reprimuntur,
3266 2654 3332 2706 ut
3393 2663 3617 2720 nequa-

1952 2762 2138 2817 quam
2167 2749 2397 2800 tantum
2441 2743 2729 2815 proﬁcere
2757 2741 3014 2807 valeant,
3056 2743 3353 2812 quantum
3383 2737 3611 2794 volunt.

1957 2833 2069 2890 Sed
2100 2850 2174 2888 ne
2203 2832 2560 2888 extollantur
2599 2829 2900 2904 superbia,
2952 2829 3183 2884 etiamsi
3223 2828 3299 2883 sit
3327 2827 3388 2882 in
3418 2826 3504 2882 eis
3528 2826 3613 2898 ip-

189 2947 271 2998 cte
301 2943 700 3016 compleatur.
717 2942 929 3014 Sicque
950 2941 1057 2998 erit
1079 2942 1251 3013 juxta
1271 2941 1331 2996 id
1362 2941 1528 3014 quod
1552 2941 1837 3013 sequitur:
1871 2968 1916 3024 c
1955 2921 2474 3024 Sal‘ufnnflumqilm
2506 2935 2790 3024 ξυεῗηεξιιξδ
2811 2917 3302 3024 ,ΥξΡιυίξιωσιξῙίηο
3333 2921 3424 3024 θέί
3450 2914 3612 3024 fani?

253 3074 279 3101 α
317 3051 478 3123 Ignis
509 3051 588 3106 de
615 3050 768 3106 coelo
811 3049 1035 3105 cadens
1065 3049 1144 3105 ad
1191 3049 1634 3105 invocationem
1679 3049 1838 3117 Eliae,

190 3162 215 3187 α
251 3140 485 3196 voravit
507 3139 956 3204 holocaustum,
975 3138 1138 3209 ligna
1167 3142 1223 3194 et
1249 3137 1500 3210 lapides,
1531 3137 1841 3209 pulverem

192 3251 216 3276 «
253 3245 493 3302 quoque
527 3233 586 3284 et
613 3243 839 3300 aquam
869 3243 1007 3298 quae
1037 3230 1162 3282 erat
1207 3226 1266 3280 in
1307 3225 1668 3298 aquaeductu
1692 3225 1842 3280 lam-

193 3335 226 3369 ‹
262 3318 428 3372 hens.
459 3317 630 3382 Quod
658 3333 798 3372 cum
828 3315 1074 3372 vidisset
1098 3313 1295 3370 omnis
1325 3313 1604 3387 populus,
1635 3313 1845 3370 cecidit

202 3425 234 3457 ι
270 3405 331 3460 in
359 3403 570 3460 faciem
596 3422 765 3461 suam
792 3409 850 3461 et
901 3405 982 3460 ait
1007 3422 1020 3460 :
1065 3404 1350 3460 Dominus
1381 3403 1508 3475 ipse
1537 3407 1629 3459 est
1668 3406 1842 3466 Deus,

207 3515 236 3541 ‹‹
277 3492 562 3549 Dominus
584 3494 696 3566 ipse
725 3498 816 3551 est
847 3495 1027 3549 Deus.
1048 3515 1076 3543 »
1109 3493 1362 3559 Quando
1390 3490 1712 3548 discrimen
1747 3507 1844 3547 su-

201 3583 362 3655 perni
383 3583 599 3654 judicis
617 3584 773 3640 dicta
789 3589 845 3641 et
871 3585 1124 3651 facta,ac
1149 3587 1332 3639 totam
1362 3582 1546 3639 vitam
1572 3587 1841 3638 nostram

201 3673 441 3745 perfecte
472 3676 851 3742 examinans,
871 3673 1221 3747 probandos
1243 3689 1352 3729 nos
1376 3672 1527 3728 sicut
1547 3673 1682 3741 igne
1713 3687 1846 3744 pro-

205 3761 368 3816 batur
395 3769 727 3832 argentum,
779 3763 1148 3819 immortales
1180 3779 1249 3818 ac
1312 3762 1520 3818 beatos
1565 3761 1754 3817 factos
1785 3760 1845 3816 in

217 3848 343 3904 sede
371 3852 677 3909 collocabit
698 3860 985 3925 perpetua
1011 3869 1024 3907 :
1058 3858 1119 3907 ut
1146 3851 1224 3907 ad
1251 3851 1440 3906 instar
1471 3851 1734 3906 virorum
1766 3855 1845 3905 ls-

213 3939 522 3998 raelitarum
593 3943 656 3998 in
731 3947 1020 3998 aeternum
1087 3940 1446 4011 gratulando
1511 3956 1840 3996 canamus:

208 4050 234 4076 «
255 4030 531 4086 Dominus
557 4030 689 4102 ipse
719 4036 810 4086 est
840 4033 1014 4100 Deus,
1046 4030 1172 4103 ipse
1201 4028 1336 4084 fecit
1364 4043 1475 4082 nos
1501 4033 1556 4083 et
1585 4042 1707 4082 non
1733 4025 1846 4098 ipsi

198 4133 311 4174 nos.
338 4123 459 4176 Nos
485 4124 693 4176 autem
726 4119 987 4192 populus
1017 4123 1148 4188 ejus
1179 4122 1235 4174 et
1262 4133 1401 4173 oves
1441 4132 1683 4188 pascuae
1711 4115 1841 4186 ejus

195 4206 361 4276 (Ρεαι.
395 4211 575 4279 xmx).
613 4231 642 4258 »
696 4207 974 4266 Mundato
1031 4207 1232 4280 itaque
1285 4205 1455 4262 altari
1500 4205 1753 4271 Domini,
1787 4209 1843 4261 et

194 4299 556 4372 consumptis
611 4297 999 4369 holocaustis,
1031 4297 1177 4352 dixit
1223 4295 1376 4352 Elias
1416 4296 1706 4368 propheta
1740 4295 1838 4351 Dei
1867 4319 1917 4377 ι)

191 4387 255 4442 ad
281 4389 612 4463 populum.

247 4503 760 4579 «Apprehendite
818 4519 1028 4559 omnes
1081 4503 1406 4576 prophetas
1465 4502 1620 4564 Baal,
1673 4506 1730 4558 et
1767 4519 1841 4557 ne

189 4615 211 4641 κ
246 4610 397 4651 unus
427 4593 687 4667 quidem
744 4592 932 4663 fugiat
963 4609 1033 4648 ex
1086 4593 1188 4648 eis.
1217 4611 1246 4644 ›
1307 4594 1468 4658 Quos
1510 4609 1648 4646 cum
1675 4605 1842 4646 com-

185 4683 847 4754 prehendissent,duxit
872 4698 975 4738 eos
1007 4681 1160 4738 Elias
1189 4681 1267 4738 ad
1291 4686 1609 4737 torrentem
1643 4682 1839 4743 Cison,

185 4773 736 4847 quiinterpretatur
789 4773 1017 4828 duritia
1071 4787 1293 4838 eorum,
1341 4777 1397 4826 et
1425 4770 1713 4826 interfecit
1741 4787 1844 4826 eos

182 4860 272 4918 ibi.
305 4866 396 4922 Sic
431 4878 691 4938 quoque
728 4862 1089 4935 Redemptor
1114 4867 1335 4926 noster,
1369 4860 1718 4917 adveniente
1750 4861 1846 4915 die

179 4950 392 5025 judicii,
461 4954 662 5008 mittet
719 4951 965 5022 angelos
1021 4968 1165 5007 suos
1222 4955 1279 5007 et
1321 4949 1600 5021 colligent
1642 4950 1846 5006 omnia

187 5043 470 5100 scandala
503 5041 578 5096 de
609 5057 796 5111 regno
826 5041 980 5112 ejus,
1015 5046 1071 5096 et
1118 5055 1221 5095 eos
1251 5039 1354 5112 qui
1383 5043 1709 5111 operantur
1734 5039 1845 5094 ini-

185 5132 494 5198 quitatem,
527 5135 585 5186 et
640 5129 874 5185 mittent
903 5146 1005 5186 eos
1063 5129 1124 5184 in
1154 5133 1437 5197 stagnum
1466 5127 1620 5197 ignis
1647 5133 1703 5183 et
1731 5127 1847 5182 sul-

186 5216 398 5288 phuris,
437 5220 549 5275 ubi
575 5224 668 5275 est
725 5219 918 5274 bestia
949 5224 1004 5274 et
1043 5217 1608 5292 pseudoprOphetaa,
1659 5217 1760 5272 ubi
1793 5222 1850 5273 et

187 5307 390 5364 missus
424 5313 523 5365 est
551 5307 834 5364 diabolus
867 5308 968 5380 qui
998 5306 1339 5363 deducebat
1364 5322 1488 5377 eos,
1531 5310 1587 5361 et
1620 5305 1847 5361 crucia-

184 5391 397 5454 buntur
423 5397 514 5454 ibi
553 5397 887 5452 secundum
921 5395 1201 5452 duritiam
1227 5400 1282 5451 et
1333 5394 1716 5467 impoenitens
1748 5410 1849 5450 cor

186 5497 407 5558 eorum,
441 5486 544 5543 die
571 5503 640 5542 ac
670 5489 841 5542 nocte
871 5484 930 5541 in
963 5485 1182 5541 saecula
1212 5484 1593 5540 saeculorum.

249 5625 275 5651 ιι
315 5606 465 5662 Post
488 5605 619 5662 haec
648 5603 804 5660 Elias
835 5602 1102 5660 ascendit
1122 5603 1182 5658 in
1203 5601 1485 5658 verticem
1510 5598 1763 5658 Carmeli
1790 5604 1847 5656 et

1954 3010 2116 3083 quod
2151 3009 2303 3065 Elias
2335 3007 2483 3064 dum
2515 3012 2600 3064 tot
2647 3007 2964 3063 virtutibus
2993 3006 3055 3061 in
3091 3005 3210 3061 alta
3240 3003 3612 3077 profecisset,

1953 3099 2222 3172 quadam
2289 3114 2574 3154 mensura
2632 3112 2959 3169 suspensus
3012 3100 3119 3161 est,
3183 3094 3331 3149 dum
3383 3091 3615 3148 Jezabel

1953 3188 2362 3262 postmodum,
2396 3186 2674 3259 quamvis
2731 3184 3024 3253 reginam,
3069 3188 3268 3239 tamen
3294 3181 3613 3238 muliercu-

1952 3277 2074 3334 lam
2101 3276 2267 3345 fugit.
2302 3273 2611 3347 Perpendo
2633 3273 2857 3346 quippe
2880 3272 3042 3328 hunc
3073 3271 3238 3326 mirae
3263 3271 3460 3326 virum
3499 3269 3614 3324 vir-

1954 3367 2090 3424 tutis
2121 3367 2322 3436 ignem
2352 3365 2426 3421 de
2458 3363 2604 3420 coelo
2630 3364 2881 3429 trahere,
2915 3367 2974 3418 et
3011 3361 3278 3417 secundo
3309 3360 3612 3433 quinqua-

1955 3455 2229 3526 genarios
2259 3455 2442 3522 viros,
2473 3470 2612 3509 cum
2644 3453 2766 3508 suis
2791 3451 3076 3507 omnibus
3104 3450 3384 3522 petitione
3413 3448 3614 3504 subita

1955 3561 2359 3609 concremare,
2378 3542 2562 3599 verbo
2594 3541 2775 3598 caelos
2797 3558 2832 3596 a
2858 3540 3074 3614 pluviis
3105 3538 3404 3608 claudere,
3427 3537 3613 3593 verbo

1956 3635 2137 3691 caelos
2168 3633 2385 3707 pluviis
2413 3631 2664 3704 aperire,
2699 3630 3087 3685 suscitantem
3118 3633 3415 3693 mortuos,
3470 3641 3613 3682 ven-

1957 3730 2088 3780 tura
2115 3739 2374 3796 quaeque
2425 3721 2875 3794 praevidentem,
2904 3725 2960 3774 et
3006 3733 3142 3773 ecce
3168 3733 3378 3772 rursus
3410 3715 3614 3771 animo

1953 3813 2229 3878 occurrit,
2251 3827 2374 3883 quo
2407 3825 2626 3882 pavore
2659 3813 2795 3865 ante
2854 3824 3036 3862 unam
3080 3805 3495 3861 mulierculam
3527 3803 3615 3858 fu-

1956 3902 2056 3972 git.
2093 3899 2418 3958 Considero
2448 3899 2642 3954 virum
2674 3897 2883 3953 timore
2943 3895 3289 3968 perculsum
3320 3893 3394 3948 de
3425 3907 3613 3948 manu

1954 3990 2054 4046 Dei
2082 3993 2333 4046 mortem
2365 3992 2562 4061 petere
2605 4002 2715 4042 nec
2746 3986 3036 4058 accipere,
3065 3984 3139 4040 de
3173 3998 3358 4039 manu
3402 3980 3612 4037 mulie-

1952 4079 2032 4134 ris
2059 4082 2314 4133 mortem
2343 4073 2629 4146 fugiendo
2658 4075 2862 4130 vitare.
2909 4072 3224 4139 Quaerebat
3249 4071 3410 4126 enim
3451 4084 3611 4125 mor-

1953 4173 2072 4224 tem
2099 4167 2323 4237 fugere,
2357 4164 2594 4220 dicens:
2649 4187 2676 4215 «
2707 4162 2932 4220 Sufficit
2958 4161 3125 4229 mihi,
3181 4159 3313 4217 tolle
3344 4158 3616 4216 animam

1952 4273 2174 4328 meam,
2208 4271 2404 4328 neque
2433 4253 2594 4310 enim
2626 4252 2834 4309 melior
2865 4269 3002 4308 sum
3030 4267 3217 4324 quam
3243 4254 3442 4323 patres
3473 4247 3614 4334 mei,

1955 4353 2012 4403 et
2036 4346 2398 4403 obdormivit
2426 4344 2538 4400 sub
2569 4343 2782 4401 umbra
2803 4341 3085 4416 juniperi.
3107 4361 3138 4396 ›
3172 4339 3336 4397 Unde
3367 4355 3509 4408 ergo
3533 4337 3614 4392 sic

1951 4441 2188 4510 potens,
2220 4441 2284 4491 ut
2315 4440 2397 4491 tot
2423 4434 2553 4490 illas
2595 4434 2839 4489 virtutes
2871 4433 3096 4489 faciat?
3141 4429 3306 4486 Unde
3338 4429 3420 4484 sic
3449 4428 3614 4482 inﬁr-

1952 4541 2110 4594 mus,
2143 4529 2208 4580 ut
2232 4525 2312 4581 ita
2359 4523 2650 4579 feminam
2704 4520 3135 4594 pertimescat?
3175 4516 3291 4572 nisi
3320 4514 3463 4587 quia
3491 4513 3611 4568 dis-

1954 4613 2336 4685 pensationes
2369 4611 2610 4684 superni
2642 4615 2843 4674 nutus,
2873 4621 3156 4663 mensura
3190 4603 3406 4660 occulti
3436 4601 3614 4656 libra-

1954 4701 2134 4756 minis
2174 4701 2620 4773 appenduntur,
2662 4703 2725 4753 ut
2744 4697 2858 4770 ipsi
2887 4694 3074 4750 sancti
3094 4693 3368 4748 homines
3391 4695 3448 4746 et
3467 4688 3614 4745 mul-

1955 4794 2082 4845 tum
2110 4789 2470 4861 valeantper
2495 4786 2823 4860 potentiam
2848 4784 2965 4849 Dei,
2988 4787 3045 4838 et
3074 4797 3313 4837 rursum
3345 4779 3612 4853 quadam

1956 4893 2241 4933 mensura
2262 4875 2554 4932 moderati
2585 4875 2701 4930 sint
2751 4889 2858 4946 per
2882 4871 3291 4928 inﬁrmitatem
3314 4886 3512 4926 suam.
3548 4872 3610 4924 ln

1954 4966 2068 5022 illis
2120 4965 2436 5020 virtutibus
2491 4963 2644 5020 Elias
2676 4962 2846 5036 quod
2891 4961 2964 5018 de
3009 4965 3124 5016 Deo
3182 4964 3517 5032 acceperat,
3552 4958 3613 5014 in

1955 5055 2082 5111 istis
2108 5053 2574 5124 inﬁrmitatibus,
2601 5052 2748 5124 quid
2770 5051 2844 5108 de
2877 5069 2940 5107 se
2961 5054 3195 5123 poterat
3223 5047 3609 5119 agnoscebat.

1959 5143 2062 5200 llla
2092 5143 2355 5217 potentia
2384 5142 2570 5198 virtus
2601 5141 2726 5211 fuit,
2782 5141 2894 5197 ista
2924 5138 3241 5196 inﬁrmitas
3272 5143 3474 5194 custos
3503 5137 3614 5192 vir-

1958 5233 2118 5290 tutis.
2137 5234 2200 5289 ln
2226 5232 2337 5288 illis
2365 5231 2680 5287 virtutibus
2702 5229 3057 5287 ostendebat
3082 5227 3248 5300 quod
3279 5230 3610 5300 acceperat,

1955 5323 2015 5378 in
2047 5323 2176 5378 istis
2229 5320 2676 5377 inﬁrmitatibus
2706 5320 2821 5376 hoc
2851 5318 3019 5393 quod
3058 5321 3392 5389 acceperat,
3423 5320 3614 5372 custo-

1957 5410 2178 5468 diebat.
2209 5415 2271 5466 In
2297 5410 2601 5467 miraculis
2643 5407 3095 5466 monstrabatur
3139 5405 3312 5474 Elias,
3361 5404 3420 5461 in
3449 5403 3612 5460 inﬁr-

1959 5499 2262 5556 mitatibus
2290 5500 2659 5557 servabatur.

2031 5621 2059 5647 ‹‹
2093 5601 2160 5653 Et
2190 5613 2326 5655 ecce
2356 5598 2607 5671 angelus
2639 5597 2826 5669 tetigit
2846 5600 3070 5665 eum,et
3097 5594 3245 5651 dixit
3271 5592 3383 5649 illi:
3403 5592 3607 5657 Surge,
