4102 6184
449 133 555 204 483

1555 123 1920 198 attentam
1958 117 2405 196 LUXOVIENsis‘
2444 127 2753 196 nomen:
3754 127 3848 197 tsi

454 289 483 324 α
525 272 792 329 comede.
826 253 1114 342 Respeirit,
1143 261 1200 322 et
1230 267 1366 321 ecce
1390 265 1466 321 ad
1494 259 1676 337 eaput
1701 273 1878 320 suum
1905 259 2097 318 subci-
2129 252 2176 313 Α
2210 270 2348 316 eum
2377 264 2548 317 mens
2586 259 3106 333 contemplationis
3143 259 3510 316 sublimitate
3543 259 3853 334 suspendi-

455 379 484 410 ‹‹
525 359 775 416 uericius
797 355 987 428 panis,
1014 351 1070 410 et
1095 362 1198 408 vas
1227 355 1420 425 aquae".
1452 346 1722 409 Comedit
1750 368 1892 422 ergo
1937 353 1993 406 et
2012 350 2098 405 bi-

453 469 482 500 «
524 447 625 512 bit,
656 452 711 500 et
734 450 971 499 rursum
1012 438 1393 498 obdormivit:
1424 443 1832 513 Reversusque‘
1878 443 1968 496 est
1997 455 2098 495 an-

453 557 482 585 «
520 533 688 605 gelus
719 531 951 588 Domini
1001 528 1287 597 secundo,
1320 528 1376 585 et
1424 529 1606 602 tetigit
1649 528 1808 592 eum,
1833 527 2097 600 dixitdue

454 641 482 674 α
518 619 638 679 illi:
665 623 870 690 Surge,
891 617 1428 675 comede:Grandis
1459 617 1740 674 enimtibi
1769 623 1950 672 restat
1977 617 2093 671 via.

452 734 482 764 «
523 713 632 778 Qui
663 710 799 767 cum
831 708 1179 764 surrexisset
1201 707 1457 764 comedit
1473 714 1527 763 et
1547 706 1714 776 bibit,
1739 711 1794 762 et
1822 701 2098 764 ambula-

451 821 480 851 α
520 801 602 856 vit
630 800 689 853 in
715 795 1055 853 fortitudine
1099 795 1214 852 cibi
1251 797 1408 851 illius
1437 795 1840 868 quadraginta
1885 793 2098 850 diebus

449 909 478 939 «
519 893 575 944 et
603 886 1004 960 quadraginta
1056 885 1330 942 noctibus
1360 899 1550 958 usque
1583 884 1656 940 ad
1699 889 1967 940 montem
2000 883 2097 938 Dei

451 999 481 1028 «
521 976 738 1046 Horeb,
771 998 799 1025 »
829 981 885 1031 et
911 975 1158 1047 reliqua”.
1193 975 1346 1040 Quid
1377 987 1518 1043 ergo
1558 975 1651 1029 hic
1685 971 1835 1028 Elias
1870 973 1958 1028 bis
1990 985 2096 1044 pa-

451 1071 578 1121 stus
608 1065 685 1121 ab
718 1062 931 1132 angelo
957 1062 1383 1135 exprimit,nisi
1409 1067 1634 1118 natura:
1669 1061 2100 1116 inﬁrmitatem?

450 1153 678 1220 Quibus
727 1163 851 1208 non
896 1150 1113 1207 sufficit
1152 1149 1404 1224 simplex
1446 1152 1671 1224 pastus,
1707 1151 1811 1205 sed
1856 1149 2098 1222 duplex,

447 1244 745 1316 quatenus
795 1240 872 1296 ad
912 1243 1175 1313 superna
1220 1240 1532 1296 valeamus
1570 1238 1912 1295 ascendere.
1945 1239 2104 1294 Sicut

449 1332 608 1388 enim
659 1346 876 1402 corpus
927 1330 1051 1384 sine
1101 1329 1384 1384 alimento
1432 1326 1728 1401 corporali
1779 1326 2102 1383 subsistere

448 1420 672 1494 nequit,
700 1419 780 1475 ita
808 1435 918 1474 nec
948 1418 1148 1474 anima
1181 1418 1376 1473 vivere
1398 1419 1591 1490 potest
1621 1416 1746 1471 sine
1777 1417 1958 1471 verbo
1987 1414 2099 1472 Dei.

447 1508 707 1578 Angelus
733 1507 892 1563 enim
923 1507 1024 1580 qui
1047 1507 1235 1562 Eliam
1263 1506 1442 1579 pavit,
1466 1521 1647 1578 quem
1678 1505 2102 1574 congruentius

2207 356 2300 405 tur
2328 350 2620 422 quidquid
2679 350 2932 422 perfecte
2963 349 3310 422 conspicere
3365 350 3672 421 przevalet,
3707 353 3854 408 Deus

2205 447 2325 493 n‘o‘n
2353 443 2458 493 est.
2497 438 2643 493 Cum
2691 455 2825 493 vero
2871 437 3084 494 subtile
3129 435 3358 510 aliquid
3389 439 3705 512 conspicit,
3751 440 3856 498 hoc

2205 532 2310 593 est,
2343 526 2510 600 qiiod
2540 527 2613 583 de
2651 527 3239 600 incomprehensibili
3265 527 3598 584 substantia
3638 531 3857 586 zeterni-

2208 615 2338 672 tatis
2371 616 2554 672 audit.
2581 617 2759 683 Quasi
2785 617 2945 672 enim'
2979 615 3221 672 sibilum
3247 617 3442 672 tenuis
3473 633 3636 673 aurae
3666 619 3857 690 perce-

2207 702 2431 774 pimus,
2455 717 2594 756 cum
2617 718 2895 774 saporem
2913 701 3413 773 incircumsciptee
3441 701 3705 758 veritatis
3730 708 3856 760 cou-

2207 790 2594 863 templatione
2643 791 2840 846 subita
2893 791 3184 846 subtiliter
3251 790 3667 859 degustamus,
3727 796 3859 848 tunc

2207 890 2347 949 ergo
2397 885 2604 935 verum
2642 884 2751 950 est,
2783 879 2954 952 quod
2983 880 3058 934 de
3102 881 3218 935 Deo
3255 881 3684 949 cognoscimus
3729 899 3859 938 cum

2207 968 2380 1042 plene
2431 985 2540 1024 nos
2593 969 2820 1040 aliquid
2851 969 2925 1024 de
2956 968 3056 1024 illo
3113 984 3480 1038 cognoscere
3513 987 3636 1026 non
3691 988 3860 1044 posse

2209 1059 2519 1114 sentimus.
2562 1059 2728 1114 Unde
2753 1059 2907 1114 bene
2935 1058 3053 1114 illic
3104 1059 3414 1114 subditur:
3451 1083 3478 1108 «
3515 1063 3687 1126 Quod
3729 1071 3861 1117 cum

2211 1149 2476 1203 audisset
2508 1148 2679 1217 Elias,
2725 1148 2960 1219 operuit
3022 1147 3253 1203 vultum
3305 1148 3507 1220 pallio,
3564 1156 3620 1205 et
3681 1159 3863 1222 egreS-

2213 1255 2313 1294 sus
2345 1238 2501 1293 stetit
2546 1238 2605 1293 in
2639 1239 2788 1293 ostio
2821 1237 3142 1309 speluncse,
3175 1242 3231 1293 et
3261 1252 3396 1293 ecce
3457 1257 3570 1294 vox
3617 1241 3692 1296 ad
3725 1257 3861 1296 eum

2211 1329 2447 1383 dicens:
2484 1327 2632 1394 Quid
2658 1328 2752 1382 hic
2781 1327 2930 1397 agis,
2984 1327 3152 1382 Elia?
3184 1347 3210 1375 n
3239 1333 3350 1382 etc.
3403 1331 3538 1384 Post
3585 1345 3742 1384 aurze
3788 1340 3865 1384 te-

2212 1418 2348 1472 nuis
2381 1417 2624 1473 sibilum
2675 1417 2906 1472 vultum
2939 1433 3118 1471 suum
3169 1418 3462 1489 propheta
3505 1417 3687 1491 pallio
3725 1433 3864 1492 ope-

2209 1508 2345 1573 ruit,
2377 1506 2522 1579 quia
2552 1507 2611 1561 in
2641 1507 2772 1578 ipsa
2796 1505 3189 1560 subtilissima
3220 1507 3729 1578 contemplatione
3768 1525 3863 1565 ve-

449 1615 634 1672 quam
683 1598 882 1670 ipsum
933 1596 1153 1650 summi
1201 1594 1432 1651 consilii
1463 1593 1745 1664 angelum
1786 1593 2100 1663 signiﬁcat,
2134 1594 2173 1667 ﬁ
2212 1593 2417 1664 ritatis,
2449 1600 2675 1668 quanta
2719 1594 3055 1664 ignorantia
3098 1595 3283 1650 homo
3305 1599 3538 1664 tegatur
3563 1599 3847 1668 agnoscit.

450 1687 621 1757 cujus
651 1702 763 1758 ope
788 1691 906 1740 tam
937 1684 996 1739 in
1024 1683 1316 1756 corporali
1347 1685 1531 1760 quam
1565 1683 1739 1738 etiam
1773 1682 1832 1737 in
1857 1681 2102 1754 spiritali

450 1781 662 1831 natura
689 1769 1116 1829 subsistimus?
1158 1769 1504 1827 Ambulavit
1547 1771 1705 1826 enim
1749 1769 1897 1826 Elias’
1949 1773 2100 1843 post-

448 1881 633 1938 quam
674 1867 1006 1918 surreiterat
1047 1878 1083 1918 a
1118 1867 1352 1931 somno,
1381 1864 1436 1916 et
1466 1860 1727 1916 comedit
1756 1866 1812 1914 et
1841 1859 2006 1925 bibit,
2041 1859 2101 1914 in

449 1952 788 2008 fortitudine
820 1951 934 2006 cibi
987 1947 1142 2005 illius
1172 1949 1574 2022 quadraginta
1628 1948 1840 2004 diebus
1868 1953 1923 2003 et
1952 1964 2101 2020 qua-

449 2039 729 2109 draginta
758 2038 1032 2094 noctibus
1078 2043 1265 2110 usque
1311 2036 1389 2092 ad
1430 2041 1693 2092 montem
1746 2027 1845 2091 Dei
1885 2033 2100 2092 Horeb.

449 2127 539 2184 Sic
572 2127 626 2183 et
649 2144 760 2182 nos
789 2126 936 2182 dum
954 2125 1176 2181 inertia:
1204 2125 1485 2180 Somn‘uin
1504 2142 1539 2180 a
1555 2124 1730 2180 nobis
1747 2125 2102 2191 exeutimus,

450 2233 691 2272 necesse
719 2221 781 2271 ut
806 2216 1010 2271 divino
1038 2205 1246 2271 solatio
1279 2212 1590 2270 conforta‘ti
1618 2223 1889 2284 gressum
1920 2205 2106 2268 bono-

449 2322 584 2361 rum
602 2320 852 2377 Operum
874 2320 978 2377 per
1006 2319 1185 2358 omne
1203 2307 1438 2374 tempus
1457 2302 1587 2356 vitae
1616 2302 1924 2373 praesentis
1945 2300 2105 2354 sum-

451 2407 695 2466 mopere
724 2393 1140 2448 continuemus'
1187 2390 1654 2463 festinemusq'ue
1696 2390 2018 2445 ascendere
2043 2387 2104 2443 in

451 2486 716 2537 montem
745 2481 863 2541 Dei.
897 2483 951 2534 et
976 2479 1034 2534 in
1060 2471 1259 2534 locum
1308 2483 1582 2534 sanctum
1615 2479 1766 2549 ejus,
1813 2471 1875 2532 ut
1905 2477 1984 2532 ibi
2013 2493 2103 2532 re-

449 2569 652 2642 quiem
679 2567 1056 2623 inVenia‘mus
1087 2571 1392 2622 aeternam.

523 2677 552 2706 «
595 2653 862 2728 Cumque
893 2656 1146 2710 venisset
1172 2655 1331 2719 illuc,
1365 2654 1586 2710 mansit
1614 2654 1670 2709 iu
1702 2653 2008 2725 spelunca.
2039 2657 2104 2709 Et

453 2768 480 2795 «
523 2761 656 2801 ecce
675 2760 872 2800 sermo
896 2744 1126 2799 Domini
1149 2743 1226 2799 ad
1249 2741 1679 2814 eum,dixitque
1702 2742 1801 2797 illi:
1829 2743 1976 2805 Quid
2007 2742 2103 2798 hic

452 2855 483 2889 ‹
522 2833 834 2906 agis,Elia?
854 2837 924 2890 At
941 2831 1036 2889 ille
1060 2833 1432 2906 respondens
1451 2833 1548 2888 ait:
1576 2832 1707 2887 Zelo
1730 2832 1949 2887 zelatus
1968 2848 2103 2886 sum

453 2949 479 2976 «
522 2933 631 2998 pro
663 2924 910 2980 Domino
945 2925 1060 2979 er
1087 2923 1474 2993 exercituum,
1498 2923 1641 2996 quia
1663 2921 2106 2994 dereliquerunt
2132 2942 2177 3016 ἃ

451 3037 481 3065 ‹‹
522 3019 767 3087 pactum
786 3015 954 3068 tuum
975 3010 1077 3067 ﬁlii
1105 3007 1509 3066 lsraeIAtaria'
1531 3015 1633 3066 tua
1654 3005 2102 3081 dentruXerunt,

453 3126 479 3153 «
522 3107 579 3159 et
606 3103 928 3176 prophetas
954 3104 1090 3157 tuos
1105 3099 1451 3156 oeciderunt
1472 3097 1689 3168 gladio,
1707 3105 1762 3154 et
1791 3095 2103 3154 derelictus

453 3215 480 3244 ‹‹
523 3207 656 3248 sum
705 3205 818 3261 ego
865 3189 1048 3258 solus,
1099 3194 1155 3246 et
1201 3191 1478 3262 quaerunt
1515 3189 1784 3245 animam
1815 3202 2014 3244 meam
2043 3193 2106 3245 ut

451 3304 480 3332 ‹‹
523 3279 794 3338 auferant
822 3296 977 3336 eam.
998 3281 1063 3334 Et
1086 3280 1166 3334 ait
1185 3280 1235 3334 ei
1259 3297 1272 3333 :
1303 3279 1610 3348 Egredere,
1626 3283 1680 3334 et
1707 3284 1796 3333 sta
1821 3279 1879 3333 in
1903 3283 2104 3333 monte

452 3393 481 3422 ‹‹
523 3385 726 3424 coram
756 3368 1028 3422 Domino.
1065 3369 1128 3421 Et
1149 3382 1282 3422 ecce
1315 3369 1600 3423 Dominus
1632 3369 1878 3436 transiit,
1912 3373 1967 3423 et
1991 3368 2104 3439 spi-

453 3480 479 3506 «
521 3457 669 3510 ritus
701 3454 944 3526 grandis
971 3458 1026 3508 et
1047 3452 1206 3508 fortis
1228 3455 1578 3509 subvertcns
1608 3461 1864 3519 montes,
1889 3461 1943 3510 et
1965 3471 2102 3510 con-

455 3547 481 3594 α
525 3545 720 3596 terens
751 3545 950 3614 petras
981 3545 1117 3596 ante
1149 3541 1487 3596 Dominum.
1510 3546 1632 3597 Non
1658 3543 1720 3596 in
1752 3542 1960 3614 spiritu
1993 3543 2103 3597 Do-

522 3631 742 3686 minus.
764 3631 828 3687 Et
856 3635 990 3702 post
1019 3629 1291 3702 spiritum
1324 3631 1666 3686 commotio.
1703 3635 1826 3686 Non
1859 3631 1916 3686 in
1946 3649 2105 3687 com-

522 3719 786 3776 motione
819 3716 1127 3775 Dominus.
1163 3721 1228 3773 Et
1264 3723 1399 3790 post
1429 3719 1895 3775 commotionem
1923 3720 2099 3790 ignis.

522 3815 649 3869 Non
670 3811 732 3866 in
761 3809 898 3880 igne
929 3808 1236 3865 Dominus.
1271 3813 1335 3864 Et
1361 3813 1497 3882 post
1527 3809 1728 3879 ignem
1760 3810 1967 3866 sibilus
1996 3829 2101 3866 au-

521 3917 602 3957 rae
634 3900 845 3956 tenuis.
881 3897 1053 3966 Quod
1081 3905 1216 3955 cum
1250 3899 1533 3969 audisset,
1562 3899 1714 3956 Elias
1742 3901 1975 3973 operuit
2005 3917 2104 3956 vu-

453 4015 480 4042 «
520 3990 670 4046 ltum
701 3997 878 4044 suum
907 3987 1112 4061 pallio,
1134 3992 1190 4044 et
1209 4003 1482 4057 egressus
1514 3987 1670 4045 stetit
1693 3990 1753 4045 in
1787 3991 1936 4046 ostio
1968 4007 2102 4062 spe-

453 4101 481 4128 «
521 4077 796 4144 luncaa,et
819 4092 954 4132 ecce
968 4092 1086 4132 vox
1117 4075 1195 4132 ad
1227 4077 1626 4147 eum,dicens:
1653 4078 1808 4144 Quid
1835 4079 1928 4134 hic
1952 4081 2098 4149 agis,

453 4185 484 4221 ‹
525 4165 696 4221 Elia?
740 4168 806 4220 Et
851 4165 946 4220 ille
973 4164 1319 4237 respondit:
1370 4165 1502 4221 Zelo
1548 4165 1768 4221 zelatus
1817 4183 1950 4222 sum
1990 4182 2100 4239 pro

453 4276 480 4304 ‹‹
523 4253 776 4308 Domino
811 4255 928 4308 Deo
961 4251 1508 4325 exercituUm,quia
1525 4253 1968 4325 dereliquerunt
1992 4271 2100 4327 pa-

453 4365 482 4393 «
523 4344 686 4398 ctum
714 4339 884 4396 tuum
914 4337 1016 4395 ﬁlii
1046 4337 1240 4396 Israel.
1275 4340 1498 4396 Altaria
1529 4343 1630 4396 tua
1658 4341 2096 4412 destru‘xerunt,

454 4454 481 4480 α
524 4433 580 4488 et
605 4429 928 4504 prophetas
961 4431 1092 4485 tuos
1121 4427 1465 4485 occiderunt
1485 4429 1686 4499 gladio
1711 4435 1766 4485 et
1787 4429 2100 4488 derelictus

453 4544 479 4570 ‹‹
522 4535 655 4577 sum
683 4535 794 4590 ego
843 4519 1026 4588 solus,
1058 4521 1114 4573 et
1169 4521 1445 4590 quaerunt
1473 4518 1742 4574 animam
1789 4535 1990 4575 meam
2039 4525 2102 4577 ut

450 4633 478 4661 «
520 4610 792 4667 auferant
808 4611 1038 4666 eam.Et
1067 4607 1148 4664 ait
1170 4607 1458 4664 Dominus
1483 4607 1560 4663 ad
1576 4624 1736 4664 eum:
1763 4608 1920 4665 Vade
1944 4613 1999 4665 et
2017 4617 2103 4665 re-

452 4715 479 4751 ‹‹
521 4705 746 4758 vertere
757 4699 991 4756 inviam
1013 4702 1179 4755 tuam
1199 4713 1306 4771 per
1321 4697 1622 4754 desertum
1633 4697 1696 4754 in
1718 4698 2098 4756 Damascum.

453 4811 481 4838 ‹‹
524 4791 795 4861 Cumque
832 4788 1173 4860 perveneris
1219 4787 1379 4859 illuc,
1427 4803 1613 4859 unges
1658 4788 1868 4846 Hazael
1898 4793 2102 4860 regem

452 4899 482 4928 ι(
522 4881 704 4947 super
732 4877 985 4948 Syriam,
1011 4875 1160 4934 Jebu'
1187 4874 1399 4933 ﬁlium.
1427 4881 1573 4934 Nam
1607 4878 1654 4934 si
1681 4893 1868 4949 unges
1897 4895 2102 4950 regem

453 4989 481 5017 ‹‹
523 4980 701 5036 super
733 4964 946 5019 Israel:
980 4965 1254 5022 Eliseeum
1285 4963 1712 5036 autem,ﬁlium
1736 4971 1976 5041 Saphat,
1997 4969 2102 5042 qui

455 5078 483 5105 «
523 5059 610 5110 est
636 5055 709 5110 de
737 5043 1170 5124 Abelm‘ehuda,
1200 5071 1387 5126 unges
1429 5059 1788 5130 prophetam
1819 5075 1928 5130 pro
1962 5062 2033 5125 te,
2076 5069 2095 5112 ἡ

451 5147 509 5202 et
535 5143 783 5215 reliqua.
819 5141 1067 5214 Spiritus
1100 5148 1301 5200 autem
1347 5146 1581 5202 Domini
1612 5152 1845 5202 montes
1874 5148 2097 5217 evertit,

450 5227 508 5290 et
560 5236 758 5306 petras
811 5232 1078 5300 conterit,
1132 5231 1276 5304 quia
1322 5250 1532 5306 pavor,
1583 5234 1686 5307 qui
1728 5251 1799 5288 ex
1838 5233 2101 5292 adventu

452 5321 582 5393 ejus
626 5320 812 5388 irruit,
871 5324 930 5376 et
976 5321 1346 5377 altitudinem
1396 5323 1592 5378 cordis
1646 5323 1834 5378 nostri
1877 5323 2096 5394 dejicit,

454 3654 482 3681 α

453 3742 481 3770 ‹‹

452 3832 482 3866 α

453 3926 480 3954 (‹

450 5415 508 5467 et
535 5410 816 5465 duritiam
846 5408 1167 5481 liquefacit.
1205 5409 1316 5467 Sed
1347 5411 1405 5466 in
1435 5412 1647 5482 Spiritu
1677 5415 2096 5471 commotionis

449 5505 506 5558 et
528 5500 682 5569 ignis
720 5515 842 5556 non
892 5515 1019 5554 esse
1069 5501 1352 5557 dominus
1396 5497 1642 5558 dicitur:
1695 5519 1822 5559 esse
1871 5515 2007 5561 vero
2038 5507 2097 5563 in

450 5590 622 5649 sibilo
657 5595 823 5648 aurae
873 5590 1067 5646 tenuis
1119 5597 1244 5648 non
1291 5593 1561 5662 negatur,
1612 5593 1756 5667 quia
1809 5595 2096 5654 nimirum

2128 4291 2179 4370 ﬂ

2213 1684 2402 1738 Vultui
2425 1697 2688 1756 namque
2718 1683 2967 1756 pallium
3001 1683 3532 1757 superducti-reget,
3561 1700 3637 1740 ne
3664 1686 3869 1741 altiora

2214 1773 2382 1828 mens
2413 1788 2677 1844 qumrere
2711 1772 2951 1839 audeat,
2985 1772 3142 1827 hanc
3166 1771 3713 1829 considerationem
3739 1777 3869 1847 pro-

2211 1861 2355 1935 priae
2372 1862 2730 1917 infirmitatis
2747 1861 3024 1928 velare,et
3044 1877 3432 1933 nequaquam
3450 1861 3866 1934 intelligentiae,

2212 1951 2438 2018 oculos,
2471 1945 2624 2006 ultra
2659 1966 2720 2005 se
2757 1950 3198 2022 pracipitanter
3236 1952 3483 2022 aperiat,
3518 1951 3621 2007 sed
3654 1953 3731 2007 ad
3761 1954 3868 2008 hoc

2211 2041 2376 2113 quod
2407 2040 2856 2112 apprehendere
2885 2055 3006 2096 non
3032 2039 3207 2108 valet,
3235 2045 3575 2096 reverenter
3604 2041 3864 2097 claudat.

2214 2131 2322 2196 Qui
2355 2131 2480 2185 hmc
2504 2145 2710 2200 agens,
2744 2129 2804 2184 in
2834 2129 3137 2200 speluncae
3155 2129 3306 2184 ostio
3333 2130 3560 2186 stetisse
3592 2131 3870 2186 describi-

2212 2223 2323 2275 tur.
2361 2218 2512 2284 Quid
2540 2231 2803 2290 namque
2850 2217 3138 2290 spelunca
3187 2223 3392 2274 nostra
3443 2223 3552 2287 est,
3593 2220 3706 2275 nisi
3747 2219 3870 2275 haec

2213 2307 2605 2379 corruptionis
2636 2306 2943 2375 habitatio,
2981 2307 3042 2361 in
3081 2321 3204 2378 qua
3236 2308 3435 2364 adhuc
3479 2324 3549 2363 ex
3584 2313 3869 2364 vetustate

2211 2397 2582 2452 retinemur?
2617 2395 2730 2451 Sed
2759 2411 2899 2450 cum
2930 2394 3160 2467 aliquid
3190 2396 3490 2468 percipere
3529 2397 3603 2451 de
3636 2397 3865 2464 cogita-

2212 2486 2370 2540 tione
2400 2484 2722 2539 divinitatis
2749 2483 3094 2555 incipimus,
3125 2486 3298 2557 quasi
3320 2485 3446 2555 jam
3470 2484 3530 2538 in
3557 2483 3857 2554 speluncae

2211 2578 2430 2630 nostrae
2447 2575 2597 2629 ostio
2614 2576 3023 2638 stamus.Quia
3035 2574 3188 2629 enim
3200 2573 3442 2646 prdgedi
3454 2572 3714 2644 profe'cte
3730 2587 3862 2626 non

2211 2679 2564 2734 possumus,
2590 2663 2666 2718 ad
2699 2662 3095 2732 cognitionem
3124 2661 3320 2717 tamen
3338 2660 3600 2716 Veritatis
3628 2660 3873 2716 inhian-

2212 2757 2317 2816 tes,
2347 2752 2476 2822 jam
2503 2751 2729 2824 aliquid
2761 2751 2834 2807 de
2856 2751 3136 2808 libertatis
3158 2751 3304 2806 aura
3329 2750 3752 2822 captamusln
3789 2750 3874 2804 in-

2213 2857 2421 2912 gressu
2439 2849 2581 2911 ergo
2599 2840 2899 2912 spelunCae
2918 2845 3094 2910 stare,
3110 2841 3197 2896 est
3214 2849 3483 2913 represso
3501 2843 3725 2895 nostrae
3747 2845 3876 2895 eor-

2211 2931 2503 3004 ruptionis
2532 2929 2864 3000 obstaculo,
2899 2930 2976 2985 ad
3007 2930 3408 3000 cognitionem
3435 2929 3708 2985 veritatis
3731 2929 3876 2984 inci-

2212 3039 2350 3094 pere
2367 3021 2545 3076 exire.
2558 3019 2719 3075 Unde
2732 3024 2787 3076 et
2800 3020 2959 3075 nube
2971 3020 3032 3074 in
3045 3019 3434 3075 tabernaculo
3448 3017 3873 3084 descendente,

2213 3110 2488 3166 lsraelitae
2501 3125 2532 3164 e
2553 3109 2884 3181 longinquo
2904 3113 3231 3176 cernentes,
3255 3109 3316 3164 in
3331 3107 3710 3182 papilionum
3735 3125 3874 3164 suo-

2211 3216 2347 3256 rum
2377 3197 2544 3254 ostiis
2567 3198 2796 3253 stetisse
2827 3203 3260 3268 memorantur,
3285 3199 3432 3272 quia
3460 3198 3522 3253 hi
3547 3197 3874 3253 adventum

2213 3289 2540 3345 Divinitatis
2569 3293 2874 3360 utcunque
2903 3289 3493 3361 conspiciunt,vquasi
3514 3289 3646 3360 jam
3673 3305 3747 3344 ex
3772 3289 3876 3344 lia-

2211 3378 2471 3434 bitaculo
2502 3378 2698 3433 carnis
2727 3378 3080 3448 procedunt.
3107 3400 3136 3426 ‹‹
3160 3381 3224 3434 Et
3249 3393 3384 3433 ecce
3405 3393 3523 3433 vox
3554 3377 3633 3433 ad
3661 3377 3872 3446 Eliam,

2210 3469 2446 3524 dicens:
2483 3467 2633 3532 Quid
2665 3467 2759 3521 hic
2781 3467 2930 3536 agis,
2956 3466 3078 3522 Elia
3102 3468 3130 3522 ?
3147 3469 3211 3523 Et
3233 3467 3327 3523 ille
3359 3467 3736 3539 respondens
3762 3468 3874 3523 ait-

2211 3556 2342 3612 Zelo
2369 3556 2590 3612 zelatus
2619 3571 2754 3610 sum
2779 3571 2888 3628 pro
2914 3556 3167 3612 Domino
3199 3558 3318 3612 Deo
3335 3556 3875 3628 exercituum,quia

2209 3646 2655 3718 dereliquerunt
2679 3652 2924 3719 pactum
2954 3652 3124 3702 tuum
3150 3647 3255 3703 ﬁlii
3286 3646 3478 3703 Israel.
3497 3643 3727 3726 'Altaria
3759 3651 3868 3702 tua

2210 3735 2648 3806 destruxerunt,
2707 3740 2762 3791 et
2812 3737 3135 3809 prophetas
3169 3741 3306 3793 tuos
3354 3735 3698 3793 occiderunt
3741 3733 3870 3804 gla-

2211 3826 2332 3890 dio,
2365 3830 2420 3881 et
2461 3824 2778 3881 derelictus
2813 3842 2948 3881 sum
2992 3842 3106 3896 ego
3147 3827 3332 3893 solus,
3365 3831 3422 3883 et
3446 3829 3721 3900 quael-ant
3746 3825 3880 3881 ani-

2212 3931 2378 3971 mam
2403 3929 2599 3970 meam
2632 3919 2695 3969 ut
2714 3913 2987 3970 auferant
3012 3929 3168 3972 eam.
3199 3917 3265 3970 Et
3293 3916 3374 3972 ait
3388 3915 3460 3970 ei:
3486 3914 3801 3985 Egredere,
3818 3919 3879 3969 et

2211 4008 2301 4059 sta
2324 4002 2383 4058 in
2415 4007 2616 4058 monte
2639 4017 2844 4057 coram
2856 4003 3128 4059 Domino.
3160 4006 3225 4059 Et
3245 4019 3382 4059 ecce
3398 4003 3688 4058 Dominus
3715 4008 3878 4059 tran-

2211 4087 2324 4157 siit,
2353 4092 2410 4142 et
2439 4087 2676 4158 spiritus
2699 4086 2944 4157 grandis
2974 4093 3031 4143 et
3053 4087 3216 4144 fortis
3232 4087 3587 4144 subvertens
3603 4093 3872 4154 montes,

2211 4180 2268 4231 et
2307 4179 2618 4232 conterens
2657 4181 2858 4247 petras
2887 4181 3024 4232 ante
3063 4177 3405 4233 Dominum.
3441 4181 3571 4233 Non
3628 4177 3690 4232 in
3749 4177 3878 4249 spi-

2210 4264 2323 4320 ritu
2350 4263 2655 4318 Dominus.
2683 4265 2748 4318 Et
2777 4268 2917 4335 post
2955 4265 3231 4337 spiritum
3261 4267 3614 4322 commotio.
3649 4268 3780 4321 Non
3810 4265 3882 4320 in

2209 4351 2612 4410 commotione
2635 4352 3016 4409 Dominus.Et
3040 4359 3176 4425 post
3201 4354 3670 4410 commotionem
3685 4354 3880 4424 ignis.

2209 4445 2337 4497 Non
2371 4441 2432 4496 in
2457 4441 2594 4512 igne
2627 4441 2937 4498 Dominus.
2978 4446 3043 4498 Et
3070 4448 3208 4516 post
3225 4443 3429 4514 ignem
3461 4443 3668 4499 sibilus
3705 4459 3883 4499 aura:

2209 4530 2421 4586 tenuis.
2455 4531 2625 4594 Quod
2678 4547 2816 4586 cum
2847 4531 3132 4602 audisset,
3168 4533 3318 4589 Elias
3361 4534 3598 4606 operuit
3633 4533 3885 4589 vultum

2211 4637 2388 4676 suum
2441 4619 2643 4692 pallio,
2673 4643 2702 4671 ››
2733 4625 2845 4676 etc.
2893 4622 3130 4678 Certum
3161 4626 3249 4678 est
3304 4624 3472 4696 quod
3520 4622 3720 4678 cordis
3780 4622 3886 4678 sui

2209 4711 2450 4768 oculum
2483 4727 2589 4784 per
2608 4710 2878 4766 elationis
2902 4712 3180 4768 tenebras
3209 4713 3554 4783 exstinguit,
3596 4713 3704 4785 qui
3729 4728 3886 4768 cum

2207 4807 2371 4858 recta
2407 4800 2548 4871 agit,
2583 4800 2961 4856 considerare
2991 4801 3308 4857 meliorum
3347 4803 3560 4858 merita
3599 4801 3884 4873 negligit.

2208 4898 2279 4949 At
2306 4896 2532 4959 contra,
2580 4905 2816 4960 magnae
2847 4890 3194 4947 humilitatis
3249 4891 3420 4948 radio
3471 4891 3890 4964 semetipsum

2210 4981 2522 5050 illuminat,
2541 4980 2647 5052 qui
2671 4979 2926 5036 aliorum
2952 4979 3118 5037 bona
3149 4980 3439 5037 subtiliter
3460 4986 3700 5055 pensat,
3725 4982 3895 5053 quia

2208 5072 2355 5126 dum
2397 5087 2489 5137 ea,
2521 5086 2655 5142 quae
2703 5072 2829 5142 ipse
2860 5070 3081 5137 fecerit,
3123 5070 3281 5127 facta
3311 5072 3454 5127 foris
3503 5076 3560 5128 et
3617 5070 3701 5127 ab
3740 5071 3896 5126 aliis

2207 5159 2368 5214 videt
2431 5174 2499 5213 ac
2572 5159 2876 5231 conspicit,
2939 5175 3079 5215 eum
3145 5161 3250 5234 qui
3313 5161 3388 5216 de
3459 5160 3896 5230 singularitate

2208 5247 2366 5302 intus
2387 5263 2700 5320 erumpere
2741 5249 2945 5304 nititur
2970 5249 3265 5322 superbiae
3295 5255 3597 5307 tumorem
3625 5251 3893 5324 premit.

2211 5337 2354 5393 Hinc
2379 5341 2468 5394 est
2489 5337 2654 5410 quod
2683 5354 2829 5394 voce
2881 5338 2982 5394 Dei
3011 5340 3089 5395 ad
3142 5339 3327 5396 Etiam
3359 5341 3556 5398 solum
3590 5356 3655 5396 se
3711 5341 3898 5397 aesti-

2207 5431 2494 5497 mantem,
2529 5426 2769 5482 dicitur:
2807 5450 2834 5476 «
2866 5427 3093 5500 Reliqui
3119 5429 3263 5484 mihi
3297 5435 3526 5502 septem
3558 5429 3749 5484 millia
3787 5431 3902 5486 vi-

2206 5531 2434 5587 rorum,
2482 5517 2588 5590 qui
2639 5531 2762 5572 non
2809 5524 3208 5574 curvaverunt
3257 5535 3456 5588 genua
3525 5525 3667 5576 ante
3721 5521 3903 5577 Baal

2206 5599 2396 5670 (Rom.
2427 5606 2502 5663 x1)
2524 5619 2536 5656 :
2557 5624 2583 5653 »
2614 5607 2680 5657 ut
2710 5617 2840 5659 eum
2887 5617 3009 5658 non
3039 5603 3232 5661 solum
3263 5617 3326 5660 se
3373 5604 3742 5661 remansisse
3776 5619 3908 5662 co—
