4102 6184
240 187 346 242 485

1218 177 1471 235 ENARR.
1513 172 1581 230 IN
1620 160 1867 230 manus
1905 158 2166 225 Rasum.
2207 182 2275 211 ιι
2312 156 2381 227 IN
2420 162 2548 227 LIB.
2589 170 2680 227 III.

3547 162 3654 233 486

243 298 587 380 g‘nosceret,
606 302 883 360 elationis
915 300 1160 374 gloriam
1190 316 1325 374 quae
1374 300 1425 355 ei
1454 298 1528 354 de
1585 288 1893 380 singulari-
1919 274 1963 348 Α
2006 306 2180 349 suum
2207 293 2267 349 in
2295 310 2449 368 opus
2477 292 2945 363 evangelizandd
2974 294 3279 364 convertit,
3310 297 3473 354 unde
3494 298 3657 355 suill-

242 376 357 453 tate
390 393 700 463 surgebat,
728 383 1059 447 inclinaret.
1092 391 1385 464 Propheta
1413 402 1630 460 nempe
1670 376 1815 450 erat,
1842 382 1898 437 et

238 501 396 558 saepe
430 481 716 555 mysteria
743 496 1003 553 superna
1030 480 1432 550 cognoverat:
1466 476 1615 550 quid
1633 490 1774 543 ergo
1794 471 1900 527 dif-

235 573 389 630 ﬁcile
420 570 531 627 fuit
561 585 886 641 agnoscere
930 569 992 624 in
1038 569 1153 624 hoc
1206 567 1439 623 mundo
1493 564 1744 621 ﬁdeliter
1780 564 1897 617 Deo

238 661 506 719 famulos
530 659 890 716 remansisse
910 660 937 714 ?
972 658 1082 715 Sed
1112 656 1209 713 hic
1256 656 1502 712 solerter
1546 646 1897 709 intuendum

244 756 357 821 est,
389 749 629 807 oculum
655 747 846 804 cordis
877 745 1051 803 elatio
1081 762 1269 819 quam
1313 743 1585 818 nequiter
1635 737 1898 805 claudat,

247 841 497 916 quando
526 838 627 912 qui
650 836 889 893 humilis
918 841 975 892 et
1002 835 1236 893 occulta
1262 834 1361 891 Dei
1401 836 1665 900 noverat,
1707 828 1898 886 elatus

248 934 309 987 et
338 924 544 1003 aperta
574 925 886 984 nesciebat.
932 949 959 976 «
994 928 1060 982 Et
1090 926 1173 982 ait
1200 924 1487 981 Dominus
1534 922 1613 979 ad
1661 919 1847 977 Eliam
1882 935 1895 973 :

253 1019 412 1076 Vade
443 1010 498 1073 et
523 1020 806 1073 revertere
832 1016 894 1071 in
922 1015 1081 1071 viam
1108 1019 1275 1071 tuam
1304 1030 1410 1087 per
1453 1012 1759 1069 desertum
1789 1009 1900 1062 Da-

251 1107 460 1164 masci.
512 1108 777 1179 Cumque
824 1104 1185 1178 perveneris,
1218 1119 1408 1173 unges
1438 1099 1651 1158 Hazael
1694 1113 1896 1169 regem

245 1213 427 1269 super
458 1196 690 1268 Syriam
719 1198 777 1250 et
805 1194 956 1249 Jehu
982 1193 1196 1248 ﬁlium.
1217 1195 1364 1248 Nam
1395 1191 1442 1246 si
1473 1205 1662 1260 unges
1692 1200 1896 1257 regem

243 1294 425 1358 Super
451 1280 944 1352 Israel,Elisa3um
974 1284 1196 1347 autem,
1224 1278 1407 1336 ﬁlium
1427 1275 1789 1352 Saphat,qui
1810 1278 1901 1330 est

241 1372 318 1429 de
332 1372 744 1442 Abelm‘ehula,
760 1388 839 1427 un
848 1386 949 1441 ges
962 1371 1318 1444 pr0phetam
1336 1384 1445 1443 pro
1461 1372 1533 1423 te.
1549 1370 1614 1422 Et
1625 1366 1750 1430 erit,
1764 1362 1898 1437 qui-

243 1472 480 1535 cunque
492 1461 711 1532 fugerit
732 1459 998 1531 gladium
1012 1457 1244 1525 Hazael,
1258 1456 1635 1514 occideteum
1646 1455 1823 1510 Jehu:
1845 1456 1902 1508 et

242 1551 589 1624 quicunque
617 1546 835 1620 fugerit
855 1548 1121 1618 gladium
1142 1547 1293 1604 Jehu
1310 1546 1615 1602 interﬁciet
1630 1560 1767 1599 eum
1790 1541 1898 1597 Eli-

2004 382 2257 440 cientem
2286 382 2531 457 pastum
2561 380 2933 441 auditoribus
2964 384 3086 440 suis
3134 386 3399 457 praebere
3445 390 3652 460 possit.

2007 476 2134 544 Ipse
2161 488 2300 530 vero
2330 475 2599 548 sequitur
2626 479 2898 531 nostrum
2934 474 3119 530 Eliam
3160 478 3218 531 et
3245 474 3541 534 ministrat
3581 476 3654 547 ei,

2004 564 2108 637 qui
2139 564 2388 633 vestigia
2418 565 2547 636 ejus
2574 578 2854 639 sequens,
2888 564 3001 621 hoc
3033 564 3143 628 est,
3171 564 3461 623 mandata
3502 566 3657 623 illius

2002 653 2254 710 ﬁdeliter
2277 652 2628 719 observans,
2662 653 3056 711 ministerium
3096 654 3149 710 ei
3171 654 3471 712 bonorum
3518 668 3659 729 ope-

2003 754 2140 798 rum
2172 739 2470 812 condigne
2501 740 2779 798 exhibere
2809 736 3043 813 satagit.

2648 830 2863 889 CAPU']
2914 832 3017 889 XX.

2081 942 2109 969 ‹‹
2151 922 2335 974 Porro
2359 918 2640 975 Beuadab
2666 928 2769 975 rex
2802 916 2983 992 Syrias
3008 921 3394 993 congregavit
3413 926 3657 981 omnem

2016 1032 2043 1058 ‹‹
2083 1006 2404 1065 exercitum
2433 1024 2611 1063 suum
2641 1012 2697 1063 et
2726 1006 2965 1077 triginta
2993 1008 3050 1064 et
3076 1009 3230 1065 duos
3260 1026 3429 1079 reges
3454 1028 3658 1069 secum

2016 1122 2041 1148 et
2084 1102 2141 1153 et
2168 1111 2355 1169 equos
2380 1100 2438 1151 et
2465 1098 2698 1163 currus,
2729 1100 2787 1151 et
2811 1096 3143 1153 ascendens
3181 1098 3493 1169 pugnabat
3521 1104 3660 1157 coti-

2014 1210 2041 1237 ‹‹
2083 1190 2173 1242 tra
2207 1184 2543 1242 Samariam
2585 1191 2642 1241 et
2678 1182 2999 1242 obsidebat
3040 1198 3196 1253 eam,
3233 1208 3261 1237 ››
3304 1193 3362 1244 et
3407 1186 3656 1263 reliqua.

2011 1271 2182 1341 Quod
2214 1272 2497 1329 Beuadab
2522 1290 2624 1330 rex
2654 1274 2857 1347 Syrias,
2885 1272 3169 1331 obsidens
3207 1281 3264 1331 et
3305 1276 3660 1350 impugnare

2009 1361 2299 1435 incipiens
2333 1362 2690 1433 Samariam,
2722 1360 2805 1418 ait
2834 1380 2848 1418 :

2081 1474 2109 1501 ‹‹
2144 1450 2274 1506 Haec
2302 1450 2519 1506 faciant
2546 1450 2691 1506 mihi
2722 1450 2826 1515 dii,
2857 1448 2913 1507 et
2942 1451 3066 1507 haec
3090 1452 3317 1509 addant
3342 1453 3389 1509 si
3418 1455 3663 1512 suffece-

2010 1564 2036 1590 ‹‹
2079 1540 2151 1595 rit
2174 1538 2370 1612 pulvis
2405 1539 2686 1595 Samaria:
2719 1536 2958 1612 pugillis
2983 1541 3179 1597 omnis
3208 1540 3415 1614 pepuli
3443 1544 3547 1616 Qui
3569 1554 3659 1601 se-

243 1648 427 1703 sasu’s,
457 1662 485 1690 »
512 1643 570 1695 et
593 1638 845 1711 reliqua.
878 1636 1001 1693 Hoc
1044 1653 1165 1693 non
1212 1637 1291 1692 ita
1317 1633 1732 1707 accipiendum
1786 1630 1898 1696 est,
1926 1639 1971 1693 Β
2009 1648 2040 1682 ‹
2080 1627 2282 1700 quitur
2312 1643 2426 1683 me.
2461 1650 2488 1677 ››
2518 1630 2679 1683 Hunc
2712 1627 2891 1685 habet
2919 1642 3161 1685 sensum
3195 1647 3208 1685 :
3253 1630 3523 1690 samaria
3561 1638 3662 1689 ne-

241 1729 410 1803 quod
440 1729 736 1802 propheta
768 1722 865 1783 Dei
910 1722 1149 1782 Elisaeus
1197 1724 1502 1782 homicida
1541 1723 1775 1779 futurus
1829 1717 1903 1775 sit

242 1824 305 1876 et
335 1823 648 1893 tyrannus,
697 1816 799 1873 sed
842 1817 1035 1887 magis
1063 1815 1398 1889 spiritaliter
1421 1811 1898 1884 intelligendum,

241 1909 393 1982 quia
416 1902 649 1979 justitia
674 1907 878 1963 divina
905 1923 1041 1980 quae
1074 1905 1322 1976 singulis
1348 1904 1539 1960 reddit
1566 1899 1901 1959 secundum

242 2012 436 2071 opera
456 2013 590 2059 sua,
614 1996 785 2068 punit
805 1998 1049 2068 peccata
1068 1992 1404 2064 hominum,
1428 1991 1754 2065 aliquando
1770 2005 1902 2045 ma-

241 2084 467 2141 nifesta
495 2085 738 2149 ultione,
772 2083 1098 2156 aliquando
1129 2082 1360 2139 occulto
1384 2079 1905 2153 judicio.Vindicat

243 2188 363 2246 per
385 2181 556 2243 reges
586 2174 641 2227 et
670 2168 872 2238 duces,
900 2171 1162 2227 vindicat
1196 2182 1304 2243 per
1341 2169 1666 2243 prophetas
1718 2174 1773 2223 et
1814 2184 1906 2222 sa-

254 2259 533 2315 cerdotes
561 2276 699 2314 cum
727 2259 840 2314 alio
870 2262 1149 2314 nocentes
1204 2258 1343 2313 facit
1381 2256 1556 2332 plecti
1598 2271 1902 2325 mucrone,

260 2345 419 2403 alios
449 2347 885 2402 transverberat
913 2347 1110 2416 gladio
1149 2346 1388 2417 linguae.
1432 2346 1594 2402 Unde
1627 2344 1810 2401 D’avid
1854 2350 1907 2400 et

250 2432 571 2502 Salomon,
606 2438 662 2491 et
690 2436 880 2491 caeteri
912 2450 1077 2507 reges
1105 2450 1345 2509 pmnam
1388 2436 1519 2491 aeris
1569 2435 1899 2503 exigebant,

244 2539 398 2579 cum
422 2537 525 2578 eos
559 2523 837 2579 trucidari
858 2524 1166 2594 jubebant.
1204 2520 1265 2579 Et
1287 2525 1419 2580 item
1449 2524 1584 2579 alibi
1616 2523 1901 2597 scriptum

240 2612 341 2669 est
372 2604 448 2665 de
479 2611 877 2683 superborum
912 2617 968 2667 et
993 2611 1457 2668 inobedientium
1488 2628 1701 2685 paena:
1734 2634 1761 2661 ‹‹
1788 2612 1900 2667 Do-

238 2699 372 2757 lavi
403 2709 505 2754 eos
539 2700 773 2773 (inquit)
799 2703 858 2754 in
887 2700 1191 2774 prophetis
1212 2705 1267 2755 et
1288 2700 1473 2756 occidi
1499 2717 1601 2756 eos
1624 2701 1684 2756 in
1708 2700 1904 2757 verbis

242 2789 370 2846 o‘ris
401 2788 517 2844 mei
545 2790 697 2855 (Ose.
732 2790 827 2860 vi).

322 2900 349 2927 ‹‹
386 2877 689 2932 Profectus
712 2893 853 2946 ergo
881 2877 1018 2933 inde
1045 2877 1218 2945 Elias,
1250 2878 1466 2950 reperit
1510 2879 1807 2946 Elisreum,
1841 2878 1906 2934 ﬁ-

2010 1732 2179 1772 cesse
2209 1721 2315 1782 est,
2343 1717 2515 1787 juxta
2545 1730 2772 1771 morem
2804 1715 3109 1774 civitatum
3155 1720 3221 1775 ut
3260 1720 3507 1778 haberet
3552 1724 3663 1778 ter-

2008 1820 2140 1861 ram
2188 1805 2431 1859 interius
2488 1810 2732 1877 propter
2782 1814 3009 1873 muros;
3066 1804 3210 1879 ipsis
3266 1818 3418 1882 pene
3470 1808 3658 1867 inuris

2009 1893 2325 1966 aequalem,
2359 1902 2433 1948 ne
2464 1893 2736 1949 videlicet
2765 1910 2868 1950 eos
2900 1896 3027 1951 sine
3059 1896 3327 1955 subsidio
3359 1902 3527 1955 terrae
3552 1899 3659 1956 ad-

2003 1982 2258 2054 jacentis
2292 1987 2539 2048 erectos,
2571 1983 2778 2037 creber
2806 1982 3111 2040 insistente
3141 1990 3326 2042 manu
3348 1988 3543 2044 hostili
3564 1989 3662 2044 de-

2006 2071 2210 2143 jiceret
2236 2068 2386 2126 ictus
2421 2070 2638 2125 arietis.
2676 2071 3047 2127 Extrinsecus
3098 2075 3300 2130 autem
3348 2080 3661 2132 murorum

2012 2158 2260 2215 altitudo
2310 2159 2487 2229 longe
2545 2158 2917 2231 superﬁciem
2978 2165 3143 2217 terra!
3192 2154 3658 2233 transCenderat,

2016 2249 2275 2304 maxime
2307 2263 2445 2302 cum
2474 2246 2533 2301 in
2559 2246 2779 2303 montis
2802 2248 3081 2305 verticem
3120 2251 3207 2322 (ut
3250 2250 3550 2323 Seriptura
3572 2268 3663 2308 re-

2017 2339 2149 2409 fert)
2179 2337 2351 2392 fuerit
2378 2337 2521 2392 urbs
2545 2337 2754 2393 eadem
2782 2338 2993 2411 posita.
3026 2340 3118 2397 Ait
3142 2352 3284 2411 ergo
3327 2357 3430 2396 rex
3461 2353 3663 2414 snper-

2016 2424 2134 2483 bus
2192 2426 2505 2482 obsessam
2560 2430 2782 2481 terrens
2838 2427 3156 2498 civitatem,
3212 2426 3378 2500 quod
3431 2430 3663 2484 tantum

2016 2516 2264 2572 haberet
2288 2531 2490 2571 secum
2511 2514 2800 2570 exercitus
2830 2514 3290 2586 multitudinem,
3319 2516 3584 2574 utetiam
3615 2514 3664 2573 si

2018 2606 2272 2679 quisque
2300 2605 2550 2660 militum
2582 2605 2730 2676 ejus,
2765 2622 2953 2662 unum
2985 2606 3370 2664 solummodo
3398 2606 3664 2681 lapidem

2017 2695 2110 2750 vel
2162 2694 2467 2766 cespitem,
2497 2692 2591 2750 vel
2621 2695 2876 2767 stipitem
2910 2696 2988 2751 ad
3025 2696 3495 2754 construendum
3525 2712 3665 2753 cou-

2016 2788 2105 2839 tra
2134 2782 2345 2838 urbem
2372 2798 2654 2853 aggerem
2685 2786 3078 2857 apportasset,
3111 2791 3296 2856 agger
3323 2787 3667 2857 exsurgeret

2014 2872 2118 2945 qui
2144 2871 2474 2944 superﬁciei
2505 2872 2754 2928 civitatis
2783 2872 2991 2944 ipsius,
3023 2880 3157 2946 quae
3183 2879 3310 2931 erat
3336 2874 3492 2933 intra
3536 2888 3667 2932 mu;

249 2990 281 3019 ‹‹
318 2965 467 3022 lium
500 2966 743 3038 Saphat,
777 2970 1046 3021 arantem
1074 2966 1131 3021 in
1170 2965 1488 3022 duodecim
1517 2968 1674 3039 jugis
1694 2967 1903 3038 boum,
1935 2987 1977 3042 ο
2015 2976 2133 3030 ros,
2164 2977 2292 3016 esse
2311 2960 2606 3017 videretur
2625 2962 2892 3035 aequalis,
2915 2962 2995 3019 ita
3015 2967 3078 3019 ut
3099 2978 3169 3019 ex
3199 2964 3373 3037 aqua
3392 2978 3670 3039 pugnan-

248 3076 279 3103 ‹‹
319 3059 377 3110 et
407 3054 533 3126 ipse
563 3053 624 3108 in
655 3052 976 3109 duodecim
1009 3054 1317 3109 arantibus
1346 3064 1503 3109 unds
1553 3058 1698 3110 erat.
1733 3056 1907 3119 Cum-

251 3164 279 3191 ‹‹
319 3157 438 3216 que
461 3141 723 3197 Venisset
746 3134 896 3198 Elias
922 3142 1002 3197 ad
1023 3141 1359 3212 eum,misit
1386 3142 1634 3214 pallium
1658 3150 1858 3209 Suum,
1880 3165 1908 3191 ››

252 3235 357 3287 etc.
391 3230 576 3301 Igitur
603 3229 902 3302 profectus
927 3224 1081 3287 Elias
1109 3230 1327 3304 reperit
1380 3230 1676 3297 Elisaeum,
1718 3228 1910 3286 ﬁlium

259 3319 479 3393 Saphat
525 3322 799 3375 arantem
839 3319 900 3374 in
941 3319 1262 3375 duodecim
1306 3319 1470 3389 jugis
1511 3317 1720 3386 boum,
1771 3335 1907 3376 cum

253 3408 614 3482 Redemptor
636 3411 837 3464 noster
863 3406 1233 3464 descendens
1263 3408 1338 3464 de
1369 3407 1538 3475 caelo,
1591 3408 1794 3465 divino
1818 3410 1913 3481 ju-

253 3494 411 3552 dicio
441 3497 759 3570 act1uisivit
787 3498 1079 3570 populum
1112 3498 1310 3554 adhuc
1342 3497 1584 3554 terrenis
1628 3499 1910 3571 operibus

257 3585 605 3652 inhiantem,
633 3586 693 3641 in
724 3600 849 3658 quo
880 3586 1133 3641 salutem
1163 3584 1316 3651 fecit,
1370 3602 1503 3642 cum
1551 3604 1689 3643 eum
1739 3587 1818 3644 ad
1846 3588 1912 3642 ﬁ-

255 3673 405 3730 dem
431 3677 731 3730 convertit.
782 3673 932 3731 Elias
985 3675 1145 3731 enim
1187 3676 1603 3749 interpretatur
1654 3680 1742 3745 (ut
1781 3679 1910 3749 jam

263 3762 560 3829 diximus)
588 3764 863 3820 Dominus
894 3765 1051 3821 Deus
1077 3780 1100 3820 ,ο
1144 3762 1387 3841 Saphat,
1424 3767 1763 3837 judicantis
1797 3785 1809 3822 :
1857 3771 1915 3824 et

271 3844 522 3907 Eliszeus
550 3852 650 3906 Dei
671 3855 774 3909 mei
796 3854 984 3911 salus.
1009 3856 1140 3909 Jam
1165 3852 1511 3911 mirabiliter
1536 3870 1717 3928 super
1730 3870 1913 3929 quem

261 3937 561 4011 propheta
584 3939 826 4012 pallium
877 3952 1058 3997 suum
1100 3941 1280 4010 misit,
1328 3958 1466 3998 cum
1506 3943 1672 4000 illum
1712 3944 1912 4000 Domi-

248 4034 376 4084 nus
408 4026 528 4083 ﬁde
556 4030 844 4087 catholica
865 4030 1077 4088 induit.
1121 4054 1149 4082 «
1184 4034 1426 4099 Omnes,
1460 4032 1540 4089 ait
1565 4033 1911 4106 Apostolus,

246 4117 358 4190 qui
391 4116 455 4172 in
504 4119 735 4175 Christo
776 4120 1057 4194 baptizati
1102 4122 1241 4177 estis
1295 4122 1589 4179 Christum
1639 4122 1916 4179 induistis

246 4207 415 4279 (Gal.
450 4208 551 4277 ιιι).
586 4230 615 4258 ››

320 4317 350 4347 ιι
371 4295 554 4352 Atille
577 4298 776 4353 statim
795 4298 1008 4354 relictis
1025 4297 1242 4370 bobus,
1280 4299 1535 4357 cucurrit
1556 4304 1690 4374 post
1724 4301 1911 4357 Etiam

248 4409 276 4437 κ
318 4392 379 4443 et
412 4385 498 4442 ait
527 4404 540 4442 :
572 4380 832 4456 Osculer,
867 4404 971 4444 oro
994 4394 1069 4455 te,
1095 4394 1325 4462 patrem
1349 4400 1552 4445 meum
1576 4393 1631 4446 et
1659 4395 1914 4447 matrem

252 4488 280 4525 α
318 4491 557 4547 meum,
575 4481 633 4532 et
654 4476 737 4532 sic
758 4490 976 4549 sequar
996 4482 1068 4534 te.
1096 4500 1125 4528 ››
1158 4478 1306 4545 Quia
1334 4495 1477 4534 mox
1503 4482 1568 4534 ut
1594 4478 1917 4536 electorum

248 4562 478 4621 chorus
510 4564 743 4621 audivit
780 4565 1123 4639 loquentem
1153 4583 1259 4641 per
1288 4567 1677 4638 Evangelium
1722 4569 1920 4625 Domi-

248 4657 440 4711 nutn:
477 4678 506 4706 «
534 4655 645 4720 Qui
675 4670 798 4711 non
827 4657 1251 4712 renuntiaverit
1287 4657 1571 4713 omnibus
1598 4674 1731 4730 quae
1778 4675 1917 4731 pos-

251 4744 431 4811 sidet,
457 4757 585 4802 non
610 4748 807 4818 potest
829 4762 999 4802 meus
1027 4758 1156 4803 esse
1182 4746 1511 4821 discipulus
1530 4748 1674 4821 (Luc
1696 4750 1915 4820 xxtv),»

250 4833 458 4890 statim
489 4834 749 4890 cessavit
777 4835 1022 4892 terrenis
1051 4832 1229 4891 lucris
1258 4835 1504 4898 inhiare,
1529 4836 1916 4892 Saecularibus

250 4920 575 4980 desideriis
615 4924 938 4981 deservire.
972 4924 1189 4982 Totum
1220 4941 1281 4981 se
1313 4918 1558 4982 contulit
1604 4925 1684 4983 ad
1735 4924 1917 4982 servi-

252 5010 419 5067 tium
450 5010 676 5075 Christi.
704 5030 814 5071 nec
840 5019 1041 5072 tamen
1068 5014 1197 5071 aliis
1234 5013 1481 5071 verbum
1526 5014 1660 5072 vitae
1708 5013 1921 5088 praedi-

261 5114 409 5154 care
438 5099 661 5159 desinit.
698 5096 823 5159 Hoc
852 5105 1012 5159 enim
1043 5103 1297 5159 osculari
1326 5108 1553 5176 patrem
1586 5121 1724 5160 cum
1774 5121 1923 5177 quo-

264 5192 535 5262 scunque
565 5193 775 5266 possit,
808 5193 933 5249 sive
960 5181 1033 5250 de
1063 5191 1303 5261 Iudaeis,
1355 5192 1474 5250 sive
1522 5192 1597 5249 de
1643 5194 1921 5264 gentibus

255 5272 413 5335 velle
439 5294 717 5338 sermone
749 5281 1065 5352 corrigere.

326 5391 359 5420 «
399 5370 555 5426 Tulit
595 5370 805 5444 itaque
848 5371 1090 5427 Elismus
1136 5387 1247 5444 par
1294 5371 1481 5427 boum
1530 5375 1587 5426 et
1638 5368 1926 5426 mactavit

244 5480 276 5508 α
319 5457 500 5523 illud,
535 5464 595 5516 et
634 5461 695 5515 in
723 5464 922 5515 aratro
969 5458 1155 5516 boum
1200 5461 1357 5516 coxit
1402 5475 1612 5515 carnes
1660 5462 1716 5514 et
1760 5458 1927 5513 dedit

245 5570 277 5597 α
319 5548 585 5622 populo,
618 5554 675 5603 et
705 5549 1110 5606 comederunt.
1139 5571 1166 5598 »
1197 5552 1345 5606 Cum
1371 5547 1636 5621 populus
1662 5548 1928 5604 christia-

242 5646 368 5695 uus
406 5639 688 5696 carnalia
713 5634 1010 5696 desideria
1056 5643 1353 5709 mactans,
1384 5634 1575 5694 totum
1600 5638 1926 5695 exercitum

2014 3048 2101 3106 tes
2134 3052 2340 3105 contra
2367 3046 2660 3106 civitatem
2692 3050 2809 3106 tela
2836 3051 2924 3105 vel
2950 3049 3110 3107 faece
3144 3050 3371 3108 mittere
3397 3056 3663 3126 possent.

2017 3140 2197 3211 Cujus
2251 3139 2641 3194 temeritatem
2684 3134 3038 3208 arrogantiae
3086 3140 3363 3196 modesto
3392 3142 3667 3197 sermune

2016 3234 2407 3299 compescens
2435 3240 2532 3283 rex
2562 3226 2739 3283 Israel
2771 3227 2854 3282 ait
2880 3243 2894 3282 :

2089 3336 2118 3366 ‹‹
2160 3316 2335 3371 Dicite
2367 3315 2459 3371 ei:
2492 3332 2565 3371 ne
2596 3315 2878 3386 glorietur
2913 3315 3213 3373 accinctus
3260 3324 3430 3390 teque
3477 3321 3543 3374 ut
3583 3317 3669 3374 di-

2019 3428 2048 3455 «
2090 3406 2370 3462 scinctus.
2404 3427 2431 3456 »
2488 3405 2661 3462 Aliud
2712 3411 2799 3463 est
2846 3406 3005 3463 enim
3035 3408 3357 3480 accinctus,
3389 3408 3543 3466 alius
3584 3402 3671 3465 cli-

2020 3497 2303 3562 scinctus,
2334 3497 2486 3553 alius
2514 3513 2636 3554 non
2667 3497 2987 3555 accinctus.
3013 3498 3325 3556 Accinctus
3338 3514 3482 3558 nam
3503 3498 3673 3574 quod

2018 3589 2111 3644 est
2154 3587 2258 3660 qui
2297 3588 2537 3659 cingulo
2590 3589 2993 3645 circumdatus
3038 3588 3275 3649 ince‘dit.
3322 3590 3669 3661 Discincttis,

2021 3677 2121 3748 qui
2148 3677 2456 3748 cingulum
2496 3695 2689 3752 nuper
2737 3679 3035 3751 deposuit.
3086 3680 3259 3737 Verbi
3306 3682 3495 3752 gratia
3545 3681 3674 3739 b‘al-

2019 3774 2203 3823 neum
2233 3767 2579 3835 intraturus,
2628 3766 2722 3823 vel
2768 3768 2987 3823 Ieotum
3039 3778 3418 3838 ascensurUS,
3468 3760 3563 3827 vel
3593 3769 3675 3828 ad

2021 3859 2242 3912 terram
2300 3854 2446 3911 forte
2492 3855 2762 3911 tunicam
2809 3854 3146 3912 indutums.
3196 3860 3324 3913 Non
3372 3857 3673 3914 aecinctus

2022 3943 2127 4016 qui
2155 3958 2335 4015 super
2366 3942 2565 3999 tunica
2594 3942 2839 3998 indutus
2868 3944 3129 4000 necdum
3157 3961 3219 4001 se
3259 3940 3465 4002 abdita
3509 3948 3673 4002 zo‘n’ee

2024 4032 2549 4105 circumpositione
2588 4032 2856 4089 munivit.
2888 4031 2978 4089 Sic
3007 4042 3153 4105 ergo‘
3192 4034 3253 4091 in
3297 4032 3674 4109 expeditione

2024 4121 2336 4191 castrensi,
2363 4121 2467 4195 qui
2496 4122 2725 4195 positus
2747 4126 2835 4179 est
2864 4122 3018 4179 recte
3049 4123 3349 4182 accinctus
3394 4126 3674 4184 nomina-

2026 4216 2142 4280 tur,
2173 4210 2235 4267 id
2261 4215 2350 4269 est
2380 4211 2562 4268 armis
2591 4210 2858 4270 indutus.
2903 4211 3013 4278 Qui
3056 4218 3262 4284 pugna
3295 4216 3563 4274 confecta
3587 4218 3675 4275 vi-

2026 4305 2152 4359 ctor
2181 4294 2433 4358 domum
2462 4302 2632 4372 redit,
2659 4302 2793 4373 jure
2823 4301 3149 4359 discinctus
3192 4309 3440 4362 vocatur
3472 4323 3486 4363 :
3532 4307 3679 4380 quia

2028 4391 2313 4447 nimirum
2342 4391 2628 4463 depositis
2661 4391 2843 4447 armis
2885 4394 3102 4464 optata
3145 4394 3310 4467 pacis
3356 4392 3544 4452 otium
3576 4410 3677 4465 ge-

2026 4480 2116 4536 rit.
2152 4479 2262 4544 Qui
2290 4495 2429 4535 vero
2458 4476 2717 4535 nechm
2747 4494 3041 4552 pugnare,
3073 4482 3269 4553 neque
3302 4488 3366 4538 Se
3395 4483 3473 4537 ad
3497 4487 3681 4538 certa-

2026 4580 2429 4643 men-parare
2467 4569 2596 4640 jam
2643 4572 2925 4639 coeperat,
2962 4568 3173 4622 merito
3204 4578 3325 4624 non
3376 4567 3680 4624 accinctus

2026 4672 2155 4714 esse
2198 4656 2433 4713 dicitur.
2479 4652 2573 4713 Ait
2619 4668 2761 4725 ergo
2808 4664 2913 4712 rex
2960 4655 3163 4723 Israel,
3195 4655 3319 4725 regi
3349 4656 3530 4728 Syriae
3557 4656 3682 4725 glo-

2026 4747 2221 4814 rianti,
2237 4747 2409 4819 quasi
2426 4747 2554 4818 jam
2573 4746 2824 4818 cepisset
2847 4743 3197 4809 Samariam,
3212 4760 3395 4817 quam
3408 4736 3681 4803 obsidere

2031 4838 2326 4907 coeperat:
2353 4856 2379 4883 ‹‹
2405 4838 2483 4889 Ne
2506 4834 2788 4904 glorietur
2825 4833 3145 4903 accinctus,
3186 4849 3323 4906 qua:
3362 4838 3427 4892 ut
3461 4832 3682 4893 discin-

2032 4927 2231 4979 ctus.»
2254 4926 2335 4977 Ac
2373 4922 2420 4977 si
2460 4927 2660 4994 aperte
2699 4921 2893 4978 uicat:
2922 4919 3049 4977 Noli
3094 4921 3333 4992 gloriari
3351 4924 3529 4998 quasi
3553 4925 3684 4998 jam

2031 5013 2218 5069 victor
2242 5010 2435 5068 bellici
2455 5010 2833 5083 discriminis,
2866 5011 2970 5085 qui
2986 5011 3184 5069 adhuc
3204 5012 3263 5069 in
3282 5014 3407 5071 acie
3426 5014 3683 5090 positus,

2028 5118 2210 5178 quem
2239 5100 2483 5157 victoria
2508 5105 2791 5173 sequatur
2812 5100 3072 5171 ignoras.
3101 5104 3166 5159 Et
3190 5112 3398 5160 verum
3419 5100 3684 5179 profecto

2028 5192 2300 5249 dicebat:
2333 5195 2481 5248 Nam
2516 5204 2657 5246 mox
2700 5190 2843 5248 inito
2874 5193 3215 5260 certamine,
3249 5195 3536 5252 Benadab
3561 5210 3686 5253 non

2031 5280 2199 5337 victis
2219 5279 2578 5338 adversariis
2609 5279 3007 5353 triumphans,
3058 5281 3162 5337 sed
3201 5283 3355 5339 caelo
3383 5286 3495 5341 suo
3526 5282 3690 5342 exer-

2035 5369 2153 5426 citu
2191 5369 2424 5441 fugiens
2454 5370 2705 5426 domum
2735 5370 2927 5426 rediit.
2981 5370 3215 5443 Mystice
3265 5378 3465 5431 autem
3510 5376 3691 5431 Bena-

2034 5459 2155 5516 dab
2176 5461 2363 5517 hostis
2394 5460 2575 5517 Israel
2606 5460 2902 5531 signiﬁcat
2924 5458 3254 5530 diabolum,
3279 5462 3553 5519 omnium
3584 5465 3689 5519 bo-

2034 5565 2251 5604 norum
2276 5550 2609 5618 inimicum,
2636 5551 2742 5623 qui
2770 5549 3040 5605 diversos
3080 5551 3371 5606 exercitus
3398 5551 3691 5619 maligno-

2033 5646 2170 5693 rum
2191 5636 2507 5709 spirituum
2521 5638 2603 5695 ad
2624 5634 3091 5695 subvertendum
3110 5630 3403 5710 populum
3423 5632 3525 5693 Dei
3543 5642 3688 5692 eou-
