4102 6184
427 136 533 191 487

1533 121 1892 179 ANGELOMI
1933 113 2384 196 LUXOVIENSIS
2422 115 2735 174 ΜΟΝΑοΗί

3739 116 3844 170 488

428 257 624 314 trahit.
674 255 786 314 Sed
835 270 940 327 per
963 267 1182 325 pueros
1225 247 1563 321 principum
1595 243 1775 300 Israel
1804 240 2075 307 vincitur,
2114 237 2165 294 Δ
2191 253 2359 292 mum
2391 237 2777 327 subverteret,
2799 251 2908 293 nec
2938 239 3142 327 tamen
3170 234 3230 290 in
3251 233 3366 290 hoc
3390 233 3745 327 praevaleret
3770 238 3847 293 ad

429 363 567 403 cum
616 361 720 417 per
769 343 964 398 bonos
1005 338 1307 395 auditores
1355 340 1700 391 sanctorum
1743 332 2078 391 doctorum,

428 431 724 507 quidquid
751 444 893 484 aure
910 426 1183 496 audiunt,
1201 425 1368 480 factis
1390 423 1637 495 implere
1658 422 1945 477 nituntur.
1971 421 2082 471 An-

427 523 626 593 tiquus
646 518 837 574 hostis
855 517 916 574 in
937 517 1143 586 fugam
1165 514 1408 570 vertitur
1428 511 1748 584 omnisque
1767 525 1910 564 suus
1923 521 2083 562 exer-

427 610 577 664 citus
600 625 636 664 a
665 606 951 662 militibus
977 603 1186 658 Christi
1219 600 1623 674 proturbatur.
1654 598 1763 665 Qui
1795 598 1946 653 bene
1971 595 2082 649 du-

429 703 600 755 centa
625 695 807 752 millia
837 700 893 750 et
922 693 1164 762 triginta
1192 691 1314 746 duo
1345 706 1473 746 esse
1503 688 1802 757 dicuntur,
1849 683 1994 758 quia
2023 682 2084 737 hi

428 787 532 860 qui
562 785 867 856 utriusque
892 781 1228 838 testamenti
1254 778 1561 835 scientiam
1582 776 1837 850 perfecte
1864 776 2081 836 tenent,

428 881 484 932 et
509 873 801 930 Trinitatis
827 871 1010 927 fidem
1041 887 1178 926 cum
1211 868 1450 940 gemina
1481 866 1765 922 charitate
1793 863 1895 919 Dei
1918 861 2083 917 vide-

426 964 558 1019 licet
588 966 644 1017 et
672 960 930 1034 proximi
961 963 1337 1026 conservant,
1367 958 1488 1029 apti
1527 971 1632 1028 per
1680 969 1921 1009 omnem
1955 965 2083 1005 mo-

427 1052 576 1107 dum
606 1050 826 1106 militiae
858 1049 1079 1104 summi
1108 1047 1262 1118 regis
1292 1061 1419 1102 esse
1450 1042 1939 1116 comprobantur.

500 1163 528 1190 ‹‹
555 1140 728 1210 Fugit
754 1153 998 1210 quoque
1030 1135 1312 1192 Benadab
1340 1151 1444 1190 rex
1477 1133 1656 1205 Syriae
1683 1132 1742 1187 in
1770 1145 1925 1202 equo
1947 1144 2085 1184 cum

429 1253 458 1280 «
500 1228 818 1303 equitibus.
847 1231 961 1284 Nec
991 1242 1112 1282 non
1142 1241 1420 1296 egressus
1452 1239 1555 1279 rex
1586 1219 1768 1277 Israel
1793 1217 2087 1292 percussit

430 1343 457 1370 ‹‹
500 1335 690 1392 equos
719 1322 777 1374 et
815 1333 1041 1384 currus,
1076 1320 1132 1371 et
1156 1313 1450 1387 percussit
1498 1315 1713 1384 Syrum
1745 1309 1927 1382 plaga
1956 1323 2084 1362 ma-

433 1431 459 1459 ‹‹
503 1423 642 1479 gna.
673 1430 701 1457 »
759 1405 911 1470 Quid
957 1409 1044 1461 est
1091 1403 1255 1477 quod
1287 1400 1588 1468 Benadab,
1636 1415 1737 1454 rex
1781 1397 1982 1470 Syrite,
2023 1395 2086 1450 in

429 1513 586 1570 equo
609 1512 748 1551 cum
780 1493 1077 1567 equitibus
1108 1492 1310 1562 fugere
1355 1489 1731 1557 describitur,
1772 1486 1884 1542 nisi
1921 1484 2086 1558 quod

429 1585 710 1659 princeps
761 1583 1034 1640 omnium
1085 1581 1430 1653 iniquorum
1476 1577 1773 1646 diabolus,
1826 1589 2085 1648 quorum

431 1673 587 1730 oculi
637 1672 924 1729 sublimes
985 1670 1166 1726 sunt?
1223 1671 1403 1741 Syrus
1453 1667 1613 1724 enim
1670 1665 2088 1737 interpretatur

429 1763 720 1832 sublimis,
761 1761 822 1817 in
852 1777 1009 1833 equo
1039 1777 1159 1815 suae
1191 1756 1507 1830 superbire,
1558 1753 1894 1820 considens,
1948 1767 2086 1806 cum

431 1851 729 1925 equitibus
789 1851 929 1918 suis,
991 1848 1210 1905 scilicet
1266 1846 1548 1902 omnibus
1591 1843 1886 1916 superbis,
1945 1841 2088 1913 quia

428 1941 556 2014 ipse
603 1945 691 1996 est
742 1945 925 2012 caput
968 1954 1144 2011 super
1191 1953 1402 1994 omnes
1449 1933 1601 2014 ﬁlios
1655 1931 1970 2005 superbiae,
2008 1929 2086 1985 ab

429 2012 688 2085 exercitu
716 2027 950 2098 Christi,
1004 2027 1118 2082 hoc
1165 2030 1273 2090 est,
1323 2012 1653 2080 humilibus
1703 2026 1758 2077 et
1809 2023 1994 2075 Deum
2025 2018 2090 2074 ti-

428 2117 730 2174 mentibus
789 2121 1123 2189 superatus,
1184 2114 1245 2169 in
1294 2113 1503 2184 fugam
1558 2110 1820 2168 vertitur.
1872 2112 1936 2165 Et
1985 2124 2090 2163 rex

430 2205 605 2262 Israel
633 2205 881 2278 percutit
913 2221 1100 2277 equos
1131 2207 1188 2258 et
1216 2219 1445 2269 currus,
1471 2199 1616 2273 quia
1655 2199 1730 2254 de
1758 2199 1892 2270 ipso
1934 2199 2087 2265 Rege

427 2312 640 2366 regum
663 2294 951 2367 scriptum
973 2291 1265 2364 est,quod
1287 2308 1495 2346 currus
1512 2289 1836 2345 Pharaonis
1856 2292 2088 2343 etexer-

427 2386 611 2440 citum
637 2385 786 2454 ejus,
811 2399 1038 2455 equum
1068 2386 1125 2437 et
1161 2395 1541 2436 ascensorem
1592 2379 1722 2449 ejus
1769 2375 2090 2432 submersit

426 2472 487 2527 in
520 2471 720 2526 Rubro
745 2470 930 2526 mari:
959 2469 1104 2524 dum
1138 2467 1434 2539 nequitias
1460 2464 1753 2538 spiritales
1785 2480 1922 2518 cum
1944 2479 2086 2518 vero

426 2558 757 2623 Pharaone,
791 2556 1038 2626 antiquo
1070 2554 1337 2610 videlicet
1379 2554 1570 2620 hoste,
1592 2551 1732 2623 aqui
1754 2549 2084 2622 baptisma-

427 2646 499 2701 tis
529 2645 728 2701 obruit
756 2643 1007 2700 humani
1033 2643 1266 2714 generis
1295 2641 1551 2697 delendo
1582 2647 1848 2712 peccata.

501 2757 528 2784 ‹‹
549 2733 851 2789 Accedens
875 2737 1076 2788 autem
1095 2731 1389 2804 propheta
1411 2730 1487 2786 ad
1505 2745 1705 2798 regem
1725 2728 1922 2796 Israel,
1940 2728 2087 2784 dixit

427 2846 456 2874 «
498 2823 550 2879 ei
577 2841 589 2879 :
616 2823 773 2879 Vade
804 2827 860 2878 et
889 2821 1241 2892 confortare,
1273 2826 1329 2877 et
1360 2820 1503 2876 scito
1550 2824 1604 2875 et
1650 2819 1785 2874 vide
1829 2818 1974 2891 quid
2001 2818 2088 2873 fa-

427 2937 453 2965 ‹‹
499 2914 641 2969 cias.
699 2912 977 2986 Sequenti
1017 2912 1176 2967 enim
1217 2927 1377 2966 anno
1428 2926 1530 2965 rex
1575 2909 1756 2981 Syriae
1803 2907 2084 2964 ascendet
2121 2945 2163 3001 Ο

427 3025 455 3053 ‹‹
497 3007 704 3058 contra
729 3006 803 3057 te.
837 3000 995 3056 Servi
1025 3016 1160 3055 vero
1183 3000 1337 3070 regis
1367 2998 1547 3071 Syria:
1565 2997 1842 3054 dixerunt
1867 2997 1918 3052 ei
1945 3015 1956 3051 :
1982 2996 2082 3052 Dei

425 3114 454 3142 ‹‹
497 3091 794 3146 montium
852 3095 991 3145 sunt
1053 3089 1135 3145 dii
1187 3105 1417 3154 eorum,
1470 3087 1604 3143 ideo
1652 3089 2086 3159 superaverunt

426 3204 453 3231 «
495 3182 706 3252 (Exod.
725 3181 845 3252 xv),
870 3203 897 3230 ››
929 3184 984 3236 et
1001 3179 1249 3251 reliqua.
1275 3176 1446 3244 Quod
1465 3176 1882 3243 Benadab,rex
1904 3177 2082 3248 Syriae

424 3269 607 3326 semel
655 3270 869 3336 victus,
929 3269 1145 3324 iterum
1193 3268 1486 3323 instaurat
1542 3265 1814 3338 praelium
1875 3271 2084 3321 contra

423 3357 623 3424 Israel,
659 3357 954 3426 signiﬁcat
978 3356 1288 3411 diabolum
1321 3372 1356 3412 a
1387 3355 1627 3410 malitiae
1651 3371 1775 3410 suae
1805 3354 2080 3410 intentio-

422 3463 496 3501 ne
521 3461 835 3516 nunquam
860 3460 1111 3499 cessarc.
1145 3444 1254 3508 Qui
1279 3443 1413 3498 licet
1443 3459 1479 3498 a
1529 3443 1751 3497 sanctis
1803 3443 1935 3498 viris
1969 3460 2080 3498 saa-

421 3535 556 3606 pius
581 3532 869 3597 vincatur,
893 3537 1089 3586 tamen
1113 3531 1325 3585 iterum
1342 3531 1635 3585 instaurat
1653 3530 1922 3602 praelium
1946 3548 2083 3586 con-

423 3626 512 3676 tra
532 3619 682 3674 illos.
708 3619 934 3675 Etdum
962 3634 1080 3673 uno
1105 3618 1285 3674 modo
1308 3618 1701 3684 vincitur,alio
1729 3619 1927 3674 statim
1952 3620 2079 3674 vin-

421 3725 552 3765 cere
601 3712 868 3764 conatur.
933 3707 1079 3762 Hinc
1133 3711 1221 3762 est
1266 3705 1430 3780 quod
1483 3706 1632 3760 servi
1689 3706 1845 3776 regis
1898 3709 2078 3779 Syriae

421 3799 698 3856 dixerunt
719 3797 798 3853 ei:
826 3819 853 3846 «
879 3796 963 3852 Dii
987 3796 1280 3852 montium
1307 3799 1444 3851 sunt
1465 3794 1544 3850 dii
1567 3811 1794 3864 eorum,
1819 3796 1952 3853 ideo
1977 3815 2077 3852 su-

423 3893 784 3963 peraverunt
803 3903 936 3944 nos.
959 3885 1072 3944 Sed
1093 3885 1305 3941 melius
1325 3890 1412 3941 est
1433 3890 1496 3940 ut
1510 3901 1852 3958 pugnemus
1872 3893 2078 3944 contra

418 3994 521 4034 eos
546 3977 605 4032 in
622 3975 1081 4049 campestribus,
1105 3980 1161 4030 et
1176 3974 1578 4030 obtinebimus
1593 3991 1716 4030 eos.
1737 3999 1762 4025 ››
1783 3975 1932 4041 Quia
1955 3993 2078 4032 ma-

419 4065 566 4135 ligni
589 4081 824 4138 semper
845 4064 1053 4121 dolose
1089 4064 1444 4120 sentientes:
1481 4064 1528 4119 si
1552 4064 1917 4137 spiritalibus
1953 4065 2076 4121 vin-

421 4160 656 4223 cuntur,
687 4154 747 4210 in
773 4153 1182 4226 corporalibus
1205 4152 1428 4208 bellum
1467 4169 1806 4226 praeparare
1837 4158 2076 4210 conten-

416 4243 584 4300 dunt.
597 4247 711 4300 Hoc
723 4259 964 4316 quoque
976 4241 1392 4310 diabolus,hoc
1405 4249 1626 4298 ettotus
1639 4243 1928 4298 exercitus
1942 4245 2071 4314 ejus

416 4333 677 4390 maxime
706 4336 1002 4403 satagunt,
1031 4337 1096 4388 ut
1146 4333 1381 4388 animas
1412 4332 1728 4387 hominum
1759 4330 1832 4386 de
1865 4348 2070 4404 super-

414 4422 508 4478 nis
537 4423 616 4478 ad
663 4422 787 4478 ima
815 4421 1204 4496 praecipitent,
1236 4437 1358 4494 quo
1409 4420 1639 4476 facilius
1685 4435 1788 4474 eos
1836 4420 2070 4477 vincere

413 4512 665 4584 possint.
692 4511 750 4570 Si
775 4511 1028 4568 viderint
1051 4527 1152 4566 eos
1173 4509 1434 4566 coelestia
1457 4507 1815 4577 desiderare,
1841 4512 2072 4566 terrena

412 4604 469 4656 et
498 4601 726 4658 caduca
761 4599 840 4657 ad
884 4597 1217 4657 amandum
1251 4598 1546 4668 ingerunt.
1601 4597 1658 4651 Si
1704 4595 1955 4653 viderint
2007 4597 2070 4653 il-

409 4689 499 4746 los
538 4690 925 4764 prosperitate
975 4703 1260 4746 concessa
1296 4688 1415 4742 Deo
1459 4686 1681 4756 gratias
1724 4702 1921 4756 agere,
1951 4692 2068 4743 stu-

410 4780 553 4836 dent
583 4786 645 4836 ut
689 4796 796 4852 per
841 4779 1099 4834 adversa
1149 4776 1517 4846 frangantur.
1563 4775 1676 4832 Sed
1719 4775 1869 4832 sicut
1914 4777 2070 4846 regis

411 4867 590 4940 Syriae
620 4872 676 4923 et
709 4882 1017 4922 servorum
1049 4867 1178 4938 ejus
1209 4881 1330 4923 non
1386 4866 1665 4922 convenit
1709 4866 1885 4923 dictio
1930 4883 2068 4923 cum

410 4970 622 5026 opere:
657 4954 801 5026 quia
825 4954 925 5009 ubi
956 4971 1017 5010 se
1042 4971 1326 5026 superare
1349 4972 1524 5027 posse
1548 4956 1951 5026 confidebant,
1987 4955 2069 5010 ibi

411 5044 674 5116 superati
704 5047 877 5099 sunt:
907 5043 986 5099 ita
1006 5049 1062 5099 et
1083 5045 1360 5116 princeps
1393 5047 1600 5102 mortis
1641 5062 1799 5117 saepe
1825 5045 1907 5099 ibi
1935 5045 2066 5098 vin-

409 5133 580 5203 citur,
630 5148 770 5187 cum
818 5131 1077 5187 exercitu
1124 5148 1252 5194 suo,
1299 5132 1400 5187 ubi
1431 5149 1495 5188 se
1533 5135 1788 5189 aestimat
1833 5131 2066 5186 vincere

407 5237 625 5296 posse:
659 5243 687 5270 «
721 5221 869 5286 Quia
889 5220 1128 5276 inﬁrma
1159 5220 1366 5276 mundi
1391 5221 1566 5291 elegit
1607 5225 1778 5287 Deus,
1813 5225 1876 5274 ut
1923 5235 2064 5276 eon-

407 5309 681 5368 funderet
701 5309 873 5367 fortia
899 5329 910 5365 :
937 5315 993 5366 et
1013 5325 1085 5366 ea
1113 5327 1248 5383 qua:
1271 5326 1390 5367 non
1413 5316 1570 5381 sunt,
1597 5314 1662 5366 ut
1682 5326 1751 5364 ea
1771 5325 1905 5382 quae
1930 5314 2065 5367 sunt

406 5399 796 5472 destrueret(1
831 5399 966 5456 Cor.
998 5404 1060 5467 1).
1088 5421 1116 5450 »
1145 5398 1434 5455 Tentabat
1456 5399 1636 5468 igitur
1661 5399 1941 5469 antiquus
1964 5399 2064 5454 ho-

406 5489 510 5546 stis
539 5488 785 5545 beatum
813 5488 944 5556 Job,
976 5493 1032 5545 et
1061 5487 1210 5544 dum
1252 5487 1363 5543 sibi
1389 5486 1784 5543 substantiam
1835 5488 1964 5558 ejus
2008 5494 2064 5545 et

403 5579 558 5640 ﬁlios
588 5578 744 5638 tradi
763 5595 800 5638 a
819 5578 1074 5636 Domino
1091 5581 1408 5652 expeteret,
1431 5582 1493 5635 ut
1515 5593 1622 5652 per
1649 5577 1763 5635 hoc
1780 5578 1909 5650 ejus
1931 5579 2058 5636 ani-

2191 330 2546 390 extremum,
2579 331 2644 381 ut
2671 326 2732 381 in
2762 326 2965 399 ipsum
2998 323 3106 380 sibi
3131 328 3394 396 potestas
3421 322 3686 394 daretur,
3715 341 3848 396 pos-

2192 413 2418 470 tulavit.
2454 416 2582 480 Quo
2633 431 2939 481 concesso,
2973 415 3148 486 quasi
3185 429 3328 468 mox
3359 412 3543 468 victor
3574 413 3851 471 existeret

2193 520 2434 560 carnem
2467 505 2596 575 ejus
2627 505 2793 574 gravi
2816 503 3012 560 ulcere
3039 502 3396 558 vulneravit.
3435 501 3548 559 Sed
3575 519 3700 576 quo
3751 521 3848 561 ve-

2191 593 2530 649 hementius
2547 593 2620 650 de
2650 593 3041 668 prosperitate
3062 593 3122 649 in
3144 592 3349 648 dolore
3374 608 3482 665 per
3505 592 3849 666 depositum

2190 683 2683 756 persequebatur,
2714 700 2786 740 eo
2829 683 3085 740 validius
3114 699 3221 756 per
3277 682 3627 756 patientiam
3657 684 3845 757 ipsius

2191 773 2775 846 prosternebatur.Et
2804 774 2986 847 paulo
3014 773 3291 846 apostolo
3318 772 3495 829 datus
3520 779 3612 830 est
3643 775 3851 831 stimu-

2191 861 2285 918 lus
2316 863 2512 919 carnis
2543 881 2666 919 sua;
2693 862 2942 933 angelus
2976 865 3230 930 Satanae,
3255 867 3320 918 ut
3349 878 3488 918 eum
3519 862 3850 936 colaphiza-

2192 955 2307 1007 ret:
2340 957 2639 1025 quatenus
2665 952 2851 1008 virtus
2879 952 2940 1008 in
2978 950 3321 1007 inﬁrmitate
3347 951 3734 1024 perﬁceretur
3764 955 3855 1025 (II

2197 1042 2332 1097 Cor.
2366 1042 2488 1113 xu).

2267 1151 2294 1180 ‹‹
2327 1133 2487 1185 Tunc
2522 1129 2608 1186 vir
2637 1130 2888 1203 quidam
2935 1129 3011 1184 de
3051 1128 3186 1185 ﬁliis
3213 1129 3668 1202 prophetarum,
3701 1131 3850 1187 dixit

2196 1241 2224 1269 «
2255 1219 2332 1275 ad
2365 1219 2596 1276 socium
2645 1237 2823 1275 suum
2872 1220 2934 1274 in
2964 1234 3240 1275 sermone
3281 1219 3555 1274 Domini:
3600 1221 3849 1277 Percute

2198 1330 2227 1359 ‹‹
2252 1325 2365 1364 me.
2397 1309 2577 1365 Atille
2599 1308 2790 1365 noluit
2817 1315 3145 1380 percutere.
3179 1308 3282 1364 Cui
3306 1308 3421 1364 ait:
3451 1309 3597 1375 Quia
3624 1308 3848 1365 noluis-

2197 1419 2225 1449 ‹
2257 1400 2298 1453 ti
2324 1398 2530 1456 audire
2557 1414 2765 1455 vocem
2802 1397 3053 1465 Domini,
3107 1393 3243 1452 ecce
3290 1397 3534 1453 recedes
3579 1414 3615 1454 θ.
3641 1415 3762 1465 me,
3791 1403 3852 1455 et

2197 1510 2224 1538 «
2255 1487 2538 1560 percutiet
2560 1491 2614 1543 te
2643 1487 2757 1542 leo.
2780 1489 3049 1559 Cumque
3075 1484 3392 1558 paululum
3417 1487 3849 1544 recessissetab

2128 1593 2166 1647 Β
2197 1599 2225 1628 ‹‹
2257 1592 2348 1648 eo,
2379 1575 2604 1632 invenit
2624 1591 2763 1631 eum
2784 1575 2877 1630 leo
2907 1579 3087 1647 atque
3126 1575 3436 1646 percussit.
3474 1576 3584 1632 Sed
3618 1581 3677 1632 et
3705 1576 3849 1633 alte-

2197 1689 2226 1718 ‹‹
2259 1682 2392 1722 rum
2440 1665 2804 1721 conveniens
2834 1664 3052 1732 virum,
3089 1664 3238 1720 dixit
3266 1663 3346 1721 ad
3374 1681 3552 1721 eum:
3610 1668 3851 1723 Percute

2197 1775 2228 1809 ‹
2257 1772 2372 1811 me.
2406 1755 2514 1818 Qui
2544 1753 2836 1826 percussit
2863 1770 3004 1809 eum
3040 1759 3097 1810 et
3133 1753 3486 1811 vulneravit.
3519 1755 3680 1811 Abiit
3709 1772 3848 1826 ergo

2198 1868 2226 1896 ‹‹
2251 1847 2562 1919 propheta,
2597 1851 2653 1902 et
2680 1845 2936 1902 occurrit
2987 1845 3112 1916 regi
3142 1845 3202 1900 in
3233 1845 3352 1915 via,
3389 1851 3447 1902 et
3475 1847 3732 1904 mutavit
3757 1863 3849 1903 as-

2199 1957 2227 1983 ‹‹
2259 1935 2532 2008 persione
2550 1935 2810 2007 pulveris
2834 1934 3042 1990 oculos
3066 1950 3226 1990 suos.
3262 1937 3532 2008 Cumque
3559 1951 3663 1991 rex
3691 1940 3851 1992 tran-

2199 2046 2225 2072 «
2256 2023 2446 2095 sisset,
2489 2024 2770 2080 clamavit
2798 2023 2876 2079 ad
2930 2039 3153 2093 regem,
3188 2029 3244 2079 et
3293 2023 3405 2080 ait:
3467 2027 3685 2082 Servus
3717 2031 3853 2081 tuus

2199 2136 2226 2163 «
2259 2129 2532 2183 egressus
2553 2117 2640 2169 est
2669 2113 2746 2169 ad
2776 2113 3197 2184 praaliandum,
3232 2136 3259 2162 η
3287 2118 3344 2169 et
3385 2113 3635 2186 reliqua.
3671 2116 3854 2170 Porro

2198 2201 2312 2257 hoc
2339 2205 2412 2256 de
2443 2201 2555 2256 hac
2580 2201 2795 2257 eadem
2833 2217 2894 2256 re
2925 2201 3225 2274 Josephus
3250 2201 3439 2258 taliter
3463 2202 3668 2258 refert:
3701 2207 3852 2258 Inte-

2196 2306 2299 2346 rea
2319 2289 2565 2362 quidem
2588 2290 2903 2362 propheta,
2934 2289 3179 2347 nomine
3237 2291 3507 2355 Itticheas,
3558 2298 3851 2347 accedens

2197 2379 2270 2434 ad
2301 2395 2487 2434 unum
2513 2378 2935 2450 Israelitarum,
2965 2379 3130 2452 petiit
3161 2383 3225 2436 ut
3257 2397 3392 2436 eum
3423 2381 3480 2435 in
3507 2380 3698 2451 capite
3728 2396 3842 2450 pro

2197 2467 2501 2524 voluntate
2533 2468 2768 2523 Domini
2792 2472 3142 2540 percuteret.
3182 2469 3284 2525 Cui
3315 2468 3528 2523 nolenti
3555 2465 3830 2538 praedixit

2196 2556 2268 2623 ei,
2300 2572 2371 2612 eo
2393 2558 2557 2627 quod
2582 2556 2934 2613 inobediens
2965 2562 3119 2613 esset
3141 2559 3275 2626 Deo,
3307 2557 3543 2626 ejusque
3572 2568 3833 2626 praecep-

2196 2650 2276 2712 to,
2309 2644 2480 2700 leone
2520 2651 2887 2716 occurrente,
2931 2646 3326 2718 perimeretur.
3375 2642 3541 2708 Quod
3571 2641 3723 2698 dum
3751 2641 3841 2696 illi

2193 2733 2424 2789 homini
2455 2734 2816 2804 contigisset,
2877 2735 3120 2791 accessit
3164 2732 3456 2806 propheta
3499 2747 3713 2786 rursus
3765 2730 3846 2786 ad

2195 2822 2400 2889 alium,
2423 2827 2480 2878 et
2500 2822 2659 2878 idem
2678 2827 2743 2879 ut
2766 2823 2983 2879 faceret
3002 2822 3330 2895 imperavit.
3361 2819 3516 2888 Quid
3544 2819 3696 2875 dum
3715 2835 3847 2891 per-

2193 2910 2475 2966 cussisset
2503 2927 2664 2981 eum,
2693 2917 2750 2967 et
2778 2911 2906 2982 ejus
2937 2912 3217 2966 verticem
3247 2913 3618 2966 cruentasset
3637 2907 3848 2977 alliga-

2191 3004 2250 3056 to
2280 3000 2470 3072 capite
2501 2999 2752 3056 accessit
2777 2999 2850 3056 ad
2879 3017 3102 3072 regem,
3144 2999 3350 3055 dicens
3379 2997 3462 3054 ei:
3495 2996 3670 3063 Quod
3700 2996 3848 3051 dum

2191 3093 2348 3145 esset
2367 3089 2428 3144 in
2458 3088 2716 3145 exercitu
2747 3089 3118 3156 constitutus,
3154 3088 3483 3160 accepisset
3510 3104 3546 3142 a
3576 3086 3848 3159 quodam

2193 3178 2430 3234 tribuno
2462 3177 2824 3235 servandum
2869 3177 3199 3251 captivum,
3229 3177 3461 3250 sibique
3515 3175 3594 3232 ab
3625 3192 3696 3231 eo
3728 3174 3851 3230 dic-

2192 3272 2340 3334 tum,
2375 3271 2438 3322 ut
2481 3267 2529 3322 si
2557 3266 2828 3339 captivus
2857 3267 3106 3338 fugeret,
3154 3266 3280 3339 ipse
3325 3270 3672 3321 moreretur.
3722 3268 3848 3330 Quo

2191 3356 2472 3426 fugiente,
2495 3356 2564 3419 is,
2591 3355 2695 3429 qui
2725 3372 2864 3411 eum
2896 3355 3240 3421 tradiderat,
3278 3362 3531 3410 mortem
3564 3352 3617 3410 ei
3649 3353 3847 3408 mina-

2189 3450 2349 3500 retur
2378 3444 2611 3500 inferre.
2636 3446 2786 3500 Dum
2817 3445 3216 3516 respondente
3263 3442 3470 3500 Achab
3509 3447 3763 3498 mortem
3791 3441 3848 3498 ei

2188 3533 2500 3590 imminere
2535 3534 2952 3604 justissimam,
2978 3532 3150 3589 solvit
3174 3538 3376 3605 caput,
3408 3536 3464 3588 et
3487 3531 3719 3601 agnitus
3749 3537 3846 3586 est

2188 3623 2440 3678 Micheas
2473 3639 2598 3678 esse
2626 3623 2938 3696 propheta.
2974 3624 3092 3679 Hac
3119 3623 3279 3678 enim
3305 3619 3588 3695 parabola
3631 3617 3842 3673 uteba-

2187 3715 2283 3766 tur
2325 3716 2568 3784 propter
2599 3727 2906 3767 scrmones
2955 3728 3106 3784 quos
3150 3716 3277 3767 erat
3319 3711 3372 3767 ei
3425 3711 3700 3766 dicturus.
3745 3705 3843 3761 Ait

2185 3815 2453 3872 namque
2477 3800 2785 3872 quomodo
2809 3801 2960 3856 Deus
2991 3800 3042 3856 ei
3072 3799 3484 3865 concessisset,
3514 3802 3578 3853 ut
3614 3794 3848 3869 suppli-

2187 3889 2344 3944 cium
2374 3889 2558 3945 hostis
2589 3890 3039 3962 evaderetzipse
3069 3889 3378 3945 inimicum
3401 3890 3530 3960 ejus
3562 3885 3850 3942 Benadab

2184 3979 2288 4052 qui
2311 3980 2497 4035 Deum
2521 3979 3064 4052 blasphemaverat,
3097 3978 3419 4034 dimisisset
3447 3983 3503 4034 et
3528 3982 3848 4051 propterea

2186 4071 2340 4124 Deus
2375 4068 2752 4133 decrevisset,
2785 4069 2988 4141 ipsum
3029 4068 3276 4141 quidem
3323 4067 3402 4123 ab
3445 4066 3547 4123 illo
3606 4065 3841 4138 perirui,

2182 4157 2478 4229 populum
2509 4173 2644 4214 vero
2667 4158 2746 4214 ab
2769 4157 3061 4214 exercitus
3089 4157 3395 4213 invasione
3427 4155 3851 4213 consumi.Ira-

2181 4251 2279 4302 tus
2312 4263 2452 4302 vero
2505 4246 2712 4302 Achab
2763 4247 3120 4320 prOphetam
3172 4245 3343 4302 illum
3381 4245 3632 4320 quidem
3685 4244 3851 4300 clau-

2181 4353 2312 4392 sum
2343 4335 2562 4392 servari
2581 4335 2782 4406 jussit.
2833 4335 3134 4393 Confusus
3193 4339 3395 4392 autem
3436 4334 3692 4392 Michaaae
3720 4351 3846 4389 ser-

2178 4424 2462 4480 monibus
2510 4425 2588 4481 ad
2647 4441 2821 4481 suam
2847 4425 3100 4481 domum
3155 4425 3459 4482 remeavit.
3494 4423 3846 4480 Secundum

2175 4512 2337 4583 leges
2372 4530 2508 4570 vero
2558 4513 2908 4586 tropologiae
2958 4513 3220 4570 maxime
3250 4512 3699 4587 providendum
3750 4517 3846 4567 est

2177 4602 2364 4658 servis
2393 4603 2514 4674 Dei,
2555 4619 2630 4660 ne
2662 4603 2998 4660 secundum
3046 4603 3391 4676 exemplum
3444 4601 3652 4658 Achab
3682 4601 3847 4671 regis

2177 4691 2376 4760 Israel,
2405 4692 2745 4764 perniciosa
2767 4692 3078 4748 securitate
3103 4691 3215 4747 sibi
3236 4690 3628 4747 blandiantur
3645 4705 3848 4763 quan—

2175 4780 2282 4836 diu
2310 4781 2496 4837 hostis
2525 4781 2757 4838 Vivitne
2779 4781 2927 4837 dum
2959 4799 3020 4837 se
3037 4780 3215 4853 quasi
3231 4781 3486 4836 victores
3507 4785 3847 4852 perpetuos

2175 4870 2553 4939 arbitrentur,
2587 4888 2693 4944 per
2714 4871 2988 4928 fraudem
3014 4869 3237 4926 diaboli
3263 4886 3477 4944 pacem
3492 4868 3848 4942 promitten-

2177 4959 2272 5028 tis,
2295 4960 2466 5017 citius
2499 4959 2811 5017 elidantur.
2840 4960 2990 5026 Quia
3012 4959 3163 5015 sicut
3190 4963 3330 5015 tunc
3360 4958 3654 5030 propheta
3685 4972 3848 5029 prae-

2175 5049 2334 5105 dicto
2381 5051 2505 5120 regi
2537 5066 2646 5122 pro
2678 5049 3124 5106 inconsiderata
3173 5049 3390 5121 pietate
3422 5046 3846 5120 pronuntiavit

2177 5136 2349 5192 citius
2373 5138 2602 5208 justam
2619 5139 2806 5194 affore
2831 5138 3138 5204 ultionem,
3165 5137 3246 5192 ita
3275 5152 3438 5192 nunc
3453 5135 3852 5210 propheticus

2175 5240 2372 5280 sermo
2409 5226 2790 5297 praenuntiat,
2844 5227 2893 5282 si
2934 5226 3318 5300 paciscamur
3373 5242 3511 5282 cum
3569 5223 3847 5292 diabolo,

2172 5316 2458 5370 aeternam
2483 5314 2659 5371 nobis
2686 5331 2796 5388 pro
2823 5316 2935 5372 hoc
2965 5314 3279 5370 imminere
3309 5330 3579 5387 poenam.

2797 5405 3022 5462 CAPUT
3062 5405 3207 5460 XXI.

2244 5516 2271 5542 «
2301 5494 2441 5550 Post
2463 5494 2647 5551 verba
2671 5500 2870 5551 autem
2892 5495 3042 5564 haec,
3065 5495 3245 5551 vinea
3266 5497 3390 5550 erat
3425 5492 3664 5549 Naboth
3709 5494 3846 5549 Jez-

2171 5603 2200 5633 «
2227 5581 2444 5638 raelitae
2468 5583 2574 5657 qui
2609 5589 2733 5642 erat
2777 5583 2841 5641 in
2867 5583 3083 5641 Jezreel
3107 5583 3282 5656 juxta
3301 5580 3599 5656 palatium
3622 5582 3847 5639 Achab
