4092 6178
263 143 368 217 489

1226 164 1477 219 ENARR.
1520 165 1588 218 ΙΝ
1628 162 1874 218 LIBROS
1912 162 2169 219 REGUM.
2209 194 2279 204 —
2326 167 2393 222 IN
2434 167 2562 222 LIB.
2604 166 2694 222 Ill.

3567 176 3675 233 490

262 308 287 335 ‹‹
318 283 479 353 regis
511 284 811 342 Samariae.
845 288 1097 342 Locutus
1128 291 1218 343 cst
1252 302 1394 357 ergo
1435 286 1642 343 Achab
1681 285 1759 342 ad
1795 288 1906 341 Na-
1943 289 1990 341 Α
2023 304 2056 340 ‹
2086 302 2308 356 regem,
2341 292 2397 346 et
2443 289 2529 346 sic
2572 290 2855 348 eductum
2887 292 2962 347 de
2987 292 3220 350 civitate
3248 295 3584 368 lapidarent
3613 304 3678 356 ut

261 396 287 424 α
320 373 489 439 both,
518 373 759 429 dicens:
796 376 877 430 Da
909 373 1049 430 mihi
1078 374 1314 430 vincam
1352 381 1536 443 tuam,
1584 379 1648 431 ut
1695 374 1912 430 faciam

257 484 284 512 «ι
316 462 468 518 mihi
497 463 742 519 hortum
774 463 1024 534 olerum,
1075 463 1219 536 quia
1270 464 1466 519 vicina
1513 468 1602 520 est
1643 468 1699 519 et
1726 478 1912 536 prope

254 573 284 600 α
316 549 577 606 domum
603 568 824 608 meam.
856 552 1141 625 Daboque
1168 552 1273 607 tibi
1301 568 1411 625 pro
1432 568 1504 610 ea
1522 552 1762 609 vineam
1791 568 1913 607 me-

251 660 283 687 a
316 639 566 695 liorem:
589 645 695 695 aut
714 640 762 695 si
783 640 1160 696 commodius
1181 640 1286 696 tibi
1314 646 1510 713 putas,
1538 640 1765 711 argenti
1787 655 1914 712 pre-

208 790 211 791 ν
250 749 281 776 ‹‹
318 727 494 793 tium,
528 732 754 800 quanto
779 729 963 798 digna
993 735 1101 785 est.
1157 728 1260 785 Cui
1304 728 1614 801 respondit
1639 727 1908 784 Naboth:

250 837 278 862 ‹‹
314 815 617 888 Propitius
645 816 720 871 sit
743 817 888 872 mihi
911 817 1219 883 Dominus,
1246 832 1319 871 ne
1341 816 1478 872 dem
1504 816 1911 872 haereditatem

250 926 280 954 ‹‹
319 908 567 976 patrum
592 921 864 961 meorum
884 905 1181 962 tibi.Venit
1197 922 1338 976 ergo
1352 905 1556 961 Achab
1576 905 1637 960 in
1658 905 1910 960 domum

253 1015 281 1040 ιι
320 1008 523 1057 suam,
559 992 906 1063 indignatus
938 999 993 1049 et
1017 994 1299 1049 frendens
1330 1010 1508 1066 super
1530 993 1715 1050 verbo
1745 991 1911 1064 quod

252 1103 282 1129 ι‹
314 1080 557 1136 locutus
575 1080 765 1137 fuerat
783 1081 864 1138 ad
880 1098 1018 1138 eum
1039 1082 1637 1149 Nabothlezraelites,
1662 1081 1868 1137 dicens
1893 1099 1905 1135 :

254 1191 285 1217 ‹‹
318 1170 445 1224 Non
476 1168 643 1224 dabo
674 1169 778 1225 tibi
805 1170 1214 1227 haereditatem
1261 1176 1502 1243 patrum
1550 1186 1843 1235 meorum,
1879 1191 1908 1219 »

245 1260 305 1312 et
329 1256 588 1331 reliqua.
623 1262 832 1315 Narrat
877 1261 1179 1332 Scriptura
1207 1260 1372 1333 quod
1402 1259 1608 1315 Achab
1634 1275 1740 1315 rex
1770 1274 1910 1313 con-

241 1345 550 1418 cupiverit
573 1346 811 1403 vineam
850 1347 1084 1404 Naboth
1120 1348 1455 1418 Jezraelitae,
1505 1364 1637 1421 quae
1677 1351 1805 1403 erat
1847 1347 1908 1402 in

238 1434 471 1491 Jezrael
497 1435 672 1506 juxta
696 1436 990 1509 palatium
1015 1437 1189 1508 regis,
1240 1442 1305 1493 ut
1348 1437 1569 1493 faceret
1601 1437 1684 1493 ibi
1729 1436 1791 1492 in
1836 1451 1907 1492 ea

236 1522 495 1580 hortum
529 1524 782 1581 olerum.
835 1529 961 1592 Quo
998 1526 1236 1582 nolente
1280 1542 1416 1582 eam
1462 1526 1543 1582 illi
1579 1525 1742 1593 dare,
1799 1540 1905 1597 per

239 1613 573 1670 consilium
603 1614 976 1687 impiissimaa
1006 1616 1208 1672 uxoris
1238 1616 1388 1687 ejus,
1438 1614 1711 1671 videlicet
1751 1613 1903 1685 regi-

239 1718 339 1759 nae
387 1702 654 1774 Iezabel,
711 1704 874 1761 idem
918 1706 1170 1773 Naboth,
1224 1703 1691 1761 subintroductis
1740 1702 1904 1759 falsis

242 1790 529 1861 testibus,
556 1791 861 1864 lapidatus
887 1798 996 1865 est,
1028 1797 1087 1850 et
1114 1798 1406 1861 mortuus,
1451 1794 1701 1865 ejusque
1728 1791 1905 1849 vinea

239 1880 486 1953 direpta
515 1897 556 1937 a
583 1897 722 1952 rege
752 1888 809 1939 et
836 1899 1120 1956 possessa
1147 1889 1257 1940 est.
1301 1884 1443 1950 Quis
1479 1899 1622 1953 ergo
1661 1882 1767 1938 iste
1799 1885 1907 1938 Na-

239 1968 394 2026 both
418 1971 737 2028 Jezraelita
766 1972 960 2045 fuerit,
1010 1978 1066 2029 et
1106 1989 1244 2046 quae
1272 1973 1404 2044 ejus
1434 1973 1614 2029 vinea
1641 1971 1908 2028 conside-

243 2073 477 2114 remus.
510 2062 932 2134 Interpretatur
959 2075 1101 2131 ergo
1128 2060 1360 2117 Naboth
1381 2062 1754 2131 conspicuus,
1788 2060 1907 2115 sive

240 2150 577 2219 possessio;
605 2148 854 2215 Jezrael,
886 2151 1162 2207 honestas
1195 2151 1324 2229 Dei,
1372 2149 1494 2205 sive
1539 2164 1735 2206 semen
1778 2149 1906 2205 Dei.

251 2238 318 2290 Et
345 2253 532 2308 quem
562 2238 778 2294 melius
806 2240 1200 2308 honestatem,
1224 2239 1320 2296 vel
1350 2255 1554 2295 semen
1587 2238 1685 2295 Dei
1713 2238 1908 2295 dicere

253 2338 607 2397 possumus,
659 2343 846 2400 quam
896 2328 1108 2384 Filium
1162 2329 1283 2398 Dei,
1334 2328 1437 2401 qui
1493 2332 1585 2384 est
1627 2326 1910 2400 splendor

247 2414 452 2484 gloriae
478 2421 537 2473 et
576 2416 776 2487 ﬁgura
806 2417 1152 2474 substantiae
1192 2419 1343 2489 ejus,
1388 2434 1572 2491 quem
1608 2417 1909 2473 constituit

245 2503 402 2562 Deus
432 2506 745 2563 hmredem
780 2508 1223 2575 universorum,
1273 2524 1380 2580 per
1432 2523 1614 2580 quem
1672 2506 1808 2562 fecit
1852 2511 1909 2562 et

244 2595 491 2653 saecula.
525 2595 616 2651 Ad
646 2606 832 2669 quem
861 2596 1177 2653 Psalmista
1205 2596 1557 2670 deprecans,
1588 2595 1667 2653 ait
1697 2613 1709 2651 :
1740 2618 1767 2646 ‹‹
1798 2594 1907 2660 Qui

243 2687 416 2743 sedes
461 2700 653 2757 super
701 2685 1032 2756 cherubim,
1081 2701 1308 2758 appare
1350 2702 1554 2743 coram
1602 2683 1905 2757 Ephraim,

250 2774 564 2846 Benjamin
591 2778 651 2829 et
675 2775 963 2830 Manasse.
1025 2775 1222 2831 Excita
1271 2774 1600 2848 potentiam
1649 2778 1815 2829 tuam
1855 2775 1911 2828 et

248 2862 404 2929 veni,
458 2864 527 2918 ut
577 2861 776 2917 salvos
820 2861 1003 2919 facias
1056 2878 1168 2919 nos
1207 2864 1393 2935 (Psal.
1446 2863 1649 2932 Lxx1x).
1710 2885 1738 2912 ››
1798 2864 1909 2916 lste

246 2951 479 3008 Naboth
514 2950 732 3040 habuit
760 2950 1001 3040 vineam
1048 2951 1124 3008 de
1171 2968 1294 3025 qua
1342 2953 1520 3009 Isaias
1567 2949 1908 3040 plenissime
1938 2986 1980 3040 ο

245 3056 351 3114 per
375 3040 690 3097 canticum
714 3039 979 3112 loquitur
1004 3040 1081 3097 ad
1113 3046 1446 3097 extremum
1474 3040 1752 3096 inferens.
1803 3038 1903 3094 Vi-

246 3146 359 3186 nea
388 3128 634 3185 Domini
663 3128 919 3184 sabaoth
949 3129 1170 3185 domus
1198 3130 1377 3186 Israel
1407 3134 1511 3186 est.
1560 3132 1628 3184 Et
1656 3128 1716 3183 in
1748 3126 1908 3182 Psal-

248 3234 388 3274 mo:
444 3242 473 3266 ‹‹
522 3217 795 3285 Vineam,
850 3217 1062 3290 inquit,
1120 3218 1195 3274 de
1247 3222 1498 3290 [Egypto
1538 3213 1904 3281 transtulisti,

259 3305 476 3374 ejecisti
506 3310 712 3375 gentes
742 3310 799 3362 et
823 3306 1110 3379 plantasti
1137 3323 1272 3362 eam
1305 3307 1505 3378 (Ibid.)
1536 3327 1565 3355 ››
1622 3304 1727 3359 Cui
1779 3318 1910 3375 sep-

264 3395 387 3447 tem
416 3392 817 3457 circumdedit,
870 3394 1023 3450 utin
1055 3394 1375 3465 Evangelio
1412 3393 1647 3463 legitur,
1701 3391 1764 3448 id
1822 3393 1911 3446 est

268 3480 357 3536 vel
383 3497 624 3537 murum
653 3482 836 3550 urbis,
867 3482 963 3539 vel
987 3483 1354 3555 Angelorum
1385 3482 1623 3539 auxilia.
1669 3485 1735 3538 Et
1761 3478 1909 3537 fodit

258 3570 320 3626 in
350 3586 417 3627 ea
452 3570 727 3635 torcular,
778 3577 882 3628 aut
907 3572 1111 3640 altare,
1153 3577 1258 3629 aut
1286 3572 1386 3629 illa
1411 3571 1730 3628 toreularia
1760 3588 1909 3645 quo-

253 3676 385 3716 rum
413 3664 470 3716 et
502 3665 620 3714 tres
648 3660 867 3733 psalmi
898 3660 1062 3717 titulo
1086 3666 1518 3734 praenotantur,
1547 3660 1608 3717 id
1633 3666 1722 3717 est
1749 3666 1909 3718 octa-

261 3764 371 3802 vus
396 3751 448 3803 et
472 3747 884 3819 octogesimus
931 3753 1152 3805 sextus.
1204 3753 1270 3805 Et
1322 3750 1643 3807 aediﬁcavit
1692 3749 1907 3806 turrim

266 3834 429 3907 hanc,
458 3835 630 3893 haud
661 3836 912 3893 dubium
936 3837 1082 3911 quin
1103 3837 1416 3911 templum,
1444 3838 1519 3895 de
1544 3855 1668 3912 quo
1694 3838 1909 3894 dicitur

257 3939 359 3997 per
396 3926 749 3982 Michaeam:
814 3948 842 3976 «
896 3929 964 3982 Et
1014 3927 1189 3983 turris
1237 3927 1532 3984 nebulosa
1585 3928 1709 3984 ﬁlia
1769 3930 1909 3985 Sion

247 4014 448 4085 (Mich.
477 4016 585 4086 1v).
640 4017 709 4070 Et
752 4013 970 4072 locavit
1015 4032 1154 4072 eam
1212 4015 1510 4087 agricolis,
1556 4032 1710 4089 quos
1767 4016 1910 4074 alibi

242 4101 432 4159 vineae
496 4102 811 4175 operarios
869 4103 1190 4177 appellavit
1257 4103 1353 4161 vel
1405 4102 1675 4160 colonos.
1742 4105 1910 4162 Hanc

238 4191 489 4249 vineam
519 4191 868 4263 concupivit
889 4192 1094 4249 Achab
1124 4193 1226 4266 qui
1257 4192 1676 4266 interpretatur
1709 4195 1910 4264 frater

230 4284 460 4352 ραινὶε,
490 4279 761 4354 populus
784 4280 1056 4338 videlicet
1080 4282 1388 4347 Iudaicus,
1428 4282 1503 4338 de
1547 4298 1670 4356 quo
1721 4282 1909 4339 Chris-

231 4376 323 4428 tus
348 4386 617 4429 carnem
643 4385 950 4427 assumere
979 4370 1261 4443 dignatus
1306 4376 1418 4437 est,
1468 4374 1534 4428 ut
1565 4371 1804 4428 fecisset
1845 4371 1908 4428 in

228 4476 299 4517 ea.
326 4461 597 4517 hortum
636 4458 889 4531 olerum,
933 4459 1047 4516 hoc
1076 4464 1164 4517 est
1190 4464 1256 4516 ut
1285 4460 1390 4517 ubi
1418 4459 1745 4532 virgultum
1776 4476 1909 4532 gra-

227 4549 319 4605 tia:
352 4545 659 4623 spiritalis
681 4548 1016 4617 germinare
1045 4547 1274 4619 debuit,
1297 4548 1379 4605 ibi
1400 4549 1636 4621 fragilia
1650 4566 1908 4623 quasque

225 4636 541 4709 dogmata
584 4651 690 4709 per
729 4636 1135 4709 pharisaicam
1186 4638 1669 4712 superstitionem
1718 4643 1909 4695 trans-

223 4724 569 4797 plantaret.
621 4723 735 4780 Sed
774 4724 1008 4781 Naboth
1037 4725 1194 4782 hanc
1221 4726 1459 4783 vineam
1491 4726 1636 4782 dare
1661 4726 1904 4791 nolenti,

222 4811 287 4869 id
316 4817 417 4870 est
449 4810 688 4869 Christo
736 4812 1173 4871 Pharisaeorum
1220 4814 1742 4887 superstitionibus
1784 4829 1909 4870 non

223 4899 664 4967 consentienti,
690 4899 878 4972 impia
900 4917 1053 4957 uxor
1073 4901 1306 4958 Iezabel
1326 4901 1609 4958 insidiata
1633 4908 1739 4965 est,
1771 4917 1907 4974 quae

220 4989 671 5065 interpretatur
699 4989 1110 5046 cohabitatrzlr
1133 4990 1256 5046 sive
1275 4992 1479 5061 ﬂuxus
1510 5006 1720 5056 vanus,
1742 4989 1909 5063 quod

220 5078 384 5137 bene
416 5077 713 5135 convenit
741 5079 1099 5150 Synagogee,
1131 5095 1268 5152 quae
1296 5080 1567 5137 habitare
1596 5079 1911 5136 videbatur

222 5164 285 5222 in
314 5167 526 5224 domo
552 5165 812 5237 Domini,
843 5166 950 5223 sed
979 5182 1087 5240 per
1113 5166 1283 5225 varia
1306 5167 1603 5226 desideria
1629 5167 1910 5227 vanitatis

224 5252 578 5312 defluebat.
966 5300 971 5303 ,

295 5367 325 5394 α
363 5342 533 5402 Misit
561 5357 707 5413 ergo
755 5342 989 5399 Iezabel
1029 5343 1253 5401 litteras
1301 5344 1382 5402 ad
1428 5345 1691 5417 majores
1740 5350 1907 5415 natu,

220 5453 251 5481 ιι
285 5440 353 5489 et
387 5430 483 5489 ad
509 5431 830 5504 optimates
855 5432 959 5504 qui
991 5436 1160 5489 erant
1182 5433 1243 5489 in
1274 5432 1526 5497 civitate.
1568 5437 1654 5504 ut,
1708 5433 1911 5490 subin-

222 5543 254 5571 ει
288 5519 605 5578 traductis
624 5519 789 5577 falsis
812 5519 1083 5588 testibus,
1103 5521 1513 5578 testimonium
1534 5520 1752 5578 falsum
1773 5538 1911 5580 con-

226 5631 257 5659 α
291 5613 401 5667 tra
428 5607 670 5667 Naboth
699 5614 1008 5682 ponerent,
1035 5609 1203 5682 quod
1222 5608 1625 5668 benedixisset
1645 5612 1833 5668 Deum
1853 5615 1912 5668 et

903 5698 1155 5758 PATROL.
1196 5699 1356 5757 CXV.

1937 4336 1984 4389 D

2024 397 2051 425 ‹‹
2085 382 2428 434 moreretur.
2465 402 2492 429 »
2525 380 2673 435 Cum
2699 382 3017 451 Synagoga
3039 397 3145 454 per
3169 384 3502 456 pontiﬁces,
3536 389 3677 444 scri-

2020 462 2152 534 bas,
2182 469 2240 521 et
2266 467 2590 539 pharisaeos
2615 468 2900 525 meditata
2929 474 3017 525 est
3043 476 3299 528 mortem
3325 474 3553 543 Christi,
3598 476 3673 534 de

2020 568 2144 625 qua
2164 554 2449 628 scriptum
2475 562 2564 613 est
2587 557 2649 613 in
2674 559 3027 629 Evangelio:
3078 581 3105 608 ‹‹
3147 560 3446 633 Principes
3471 569 3674 621 autem

2021 646 2422 713 sacerdotum,
2454 649 2511 699 et
2537 660 2717 701 omne
2738 646 3057 703 concilium
3078 649 3431 720 quaerebant
3450 650 3675 709 falsum

2021 730 2424 787 testimonium
2441 738 2647 789 contra
2660 736 2882 804 Iesum,
2908 738 2972 790 ut
2990 750 3130 790 eum
3150 737 3327 792 morti
3354 738 3671 809 traderent,

2019 821 2078 873 et
2100 834 2223 874 non
2246 819 2623 887 invenerunt,
2660 838 2798 877 cum
2830 823 3006 878 multi
3029 822 3161 879 falsi
3187 829 3361 881 testes
3386 828 3672 883 accessis-

2022 911 2171 962 sent.
2207 908 2535 964 Novissime
2562 915 2763 965 autcm
2800 916 3089 967 venerunt
3144 913 3266 968 duo
3312 913 3444 970 falsi
3492 919 3672 972 testes

2020 999 2073 1049 et
2093 993 2408 1051 dixerunt:
2440 997 2542 1052 Hic
2568 997 2715 1053 dixit
2740 1016 2751 1053 :
2782 1000 3032 1054 Possum
3057 998 3361 1058 destruere
3381 1003 3674 1075 templum

2021 1081 2141 1150 Dei,
2219 1086 2275 1139 et
2327 1090 2463 1156 post
2518 1085 2781 1141 triduum
2831 1087 3193 1143 reaediﬁcare
3242 1088 3390 1146 illud
3434 1091 3671 1162 (Matth.

2019 1172 2195 1242 xxvn).
2232 1194 2259 1220 »
2293 1174 2420 1228 Duo
2450 1188 2591 1243 ergo
2639 1174 2772 1231 falsi
2820 1180 2995 1232 testes
3040 1182 3250 1234 contra
3302 1179 3535 1235 Naboth
3564 1180 3674 1237 fal-

2021 1275 2159 1314 sum
2211 1260 2617 1317 testimonium
2674 1263 2974 1333 dicebant,
3055 1266 3222 1337 quod
3276 1267 3678 1326 benedixisset

2020 1349 2206 1403 Deum
2233 1354 2288 1405 et
2317 1365 2557 1420 regem:
2611 1357 2667 1407 et
2708 1352 2893 1407 Judaei
2948 1366 3051 1425 per
3097 1353 3251 1410 duos
3288 1354 3471 1411 falsos
3500 1361 3677 1414 testes

2029 1436 2260 1493 Christo
2289 1440 2699 1512 opponebant,
2732 1440 2898 1513 quod
2929 1443 3258 1513 potentiam
3299 1449 3356 1500 et
3394 1451 3675 1502 naturam

2023 1525 2133 1581 sibi
2161 1527 2484 1585 divinitatis
2514 1530 2853 1586 ascriberet.
2912 1532 3075 1588 Unde
3099 1532 3284 1590 Pilato
3315 1534 3395 1590 ad
3431 1536 3675 1592 Iudaeos

2019 1614 2101 1671 ita
2130 1615 2396 1673 dicente:
2435 1642 2461 1668 «
2504 1620 2765 1691 Accipite
2810 1636 2953 1676 eum
3001 1638 3129 1690 vos,
3186 1628 3243 1679 et
3300 1625 3670 1695 cruciﬁgite:

2016 1718 2129 1773 ego
2159 1705 2318 1761 enim
2356 1722 2481 1762 non
2509 1707 2749 1764 invenio
2779 1709 2840 1764 in
2867 1726 2937 1765 eo
2966 1726 3233 1767 causam.
3264 1733 3292 1763 ››
3327 1714 3674 1787 Responde-

2014 1796 2154 1848 runt
2180 1792 2234 1849 ei
2260 1794 2477 1850 Judaei:
2530 1815 2560 1849 ‹
2607 1799 2722 1852 Nos
2752 1796 2946 1868 legem
2973 1798 3297 1871 habemus,
3355 1806 3411 1857 et
3465 1819 3676 1859 secun-

2015 1878 2160 1935 dum
2194 1880 2389 1951 legem
2419 1883 2597 1940 debet
2622 1886 2809 1941 mori:
2843 1886 2988 1958 quia
3020 1887 3228 1944 Filium
3261 1889 3362 1945 Dei
3379 1906 3440 1946 se
3461 1890 3616 1948 fecit.
3645 1913 3672 1941 »

2087 1989 2115 2019 α
2160 1969 2481 2043 Lapidatus
2512 1976 2600 2028 est
2630 1972 2832 2045 itaque
2866 1975 3097 2031 Naboth
3135 1981 3300 2033 extra
3349 1978 3670 2047 civitatem,

2018 2078 2045 2105 ‹‹
2090 2055 2408 2127 instigante
2465 2060 2721 2129 Iezabel,
2773 2064 2839 2116 ut
2894 2078 2965 2117 eo
3014 2069 3272 2134 mortuo,
3323 2065 3530 2122 Achab
3588 2066 3673 2121 vi-

2020 2165 2049 2193 «
2088 2159 2266 2199 neam
2303 2146 2433 2216 ejus
2460 2147 2807 2218 possideret.
2844 2171 2871 2197 ››
2931 2150 3021 2206 Sic
3076 2154 3132 2206 et
3192 2151 3461 2208 Salvator
3507 2158 3673 2209 extra

2015 2236 2253 2305 portam
2291 2250 2513 2307 passus
2562 2241 2668 2304 est,
2725 2236 3045 2293 crucifixus
3097 2238 3374 2296 videlicet
3424 2241 3488 2297 in
3537 2241 3671 2298 loco

1958 2325 1965 2331 ’
2019 2321 2320 2390 Calvariae,
2371 2324 2664 2381 excitante
2718 2341 2824 2398 per
2873 2325 3069 2382 zelum
3113 2329 3435 2400 Synagoga
3481 2346 3671 2404 popu-

2016 2410 2165 2474 lum,
2206 2417 2269 2468 ut
2318 2416 2583 2485 peterent
2627 2419 2881 2471 mortem
2939 2415 3169 2485 Christi,
3229 2423 3552 2491 quatenus,
3600 2436 3672 2476 eo

2019 2502 2237 2569 occiso,
2271 2502 2538 2558 securius
2568 2502 2847 2560 viverent.
2884 2504 3049 2561 Unde
3079 2506 3253 2578 quasi
3298 2506 3410 2562 sibi
3456 2523 3671 2564 consu-

2017 2588 2223 2661 lentes,
2252 2590 2529 2647 aiebant:
2578 2613 2605 2641 «
2654 2594 2798 2647 Ecce
2843 2592 3109 2648 mundus
3153 2597 3312 2649 totus
3357 2599 3495 2667 post
3533 2611 3675 2652 eum

2019 2678 2181 2735 abiit.
2216 2682 2282 2734 Et
2313 2680 2361 2734 si
2382 2679 2735 2736 dimittimus
2766 2698 2906 2737 eum
2937 2682 3042 2754 sic,
3089 2699 3299 2738 omnes
3344 2685 3589 2741 credent
3611 2685 3675 2742 in

2018 2783 2158 2823 eum
2187 2768 2386 2839 (Joan.
2420 2776 2503 2836 ιι).
2542 2791 2569 2819 ››
2618 2770 2938 2826 Hect-editas
2992 2787 3134 2842 ergo
3179 2771 3393 2829 Christi
3420 2773 3679 2830 Ecclesia

2019 2860 2126 2926 est,
2159 2856 2292 2927 conj
2305 2858 2494 2912 unctis
2527 2858 2579 2913 ei
2608 2858 2751 2915 data
2779 2863 2867 2915 est
2895 2859 2969 2915 de
3001 2860 3299 2931 gentibus,
3333 2877 3521 2933 quam
3551 2879 3677 2918 nou

2018 2946 2280 3001 moriens
2309 2944 2391 3000 illi
2418 2950 2589 3017 pater
2616 2946 2872 3019 reliquit,
2917 2948 3023 3002 sed
3050 2947 3176 3020 ipse
3208 2965 3319 3005 sua
3349 2954 3541 3006 morte
3568 2951 3678 3006 mi-

2016 3032 2279 3089 rabiliter
2330 3033 2662 3104 acquisivit,
2736 3035 2878 3107 quia
2949 3036 3319 3105 resurgendo
3385 3038 3673 3109 possedit.

2019 3123 2179 3176 Hanc
2232 3124 2455 3188 autem,
2512 3121 2708 3176 occiso
2754 3138 2846 3189 eo,
2902 3122 3045 3176 mali
3098 3122 3294 3178 coloni
3353 3124 3676 3196 praeripere

2016 3208 2442 3275 moliebantur,
2475 3226 2613 3264 cum
2644 3208 3057 3278 cruciﬁgentes
3086 3226 3225 3265 eum
3246 3211 3456 3279 Judmi,
3486 3211 3676 3269 ﬁdem

2017 3313 2153 3370 quae
2194 3313 2301 3370 per
2340 3314 2479 3354 eum
2515 3303 2625 3365 est,
2674 3297 3073 3368 exstinguere,
3135 3304 3191 3355 et
3242 3316 3419 3356 suam
3475 3303 3675 3372 magis

2017 3402 2153 3458 quae
2180 3402 2254 3441 ex
2282 3385 2412 3456 lege
2444 3390 2548 3453 est,
2602 3385 2893 3457 justitiam
2936 3386 3231 3459 praeferre,
3280 3405 3349 3445 ac
3399 3390 3678 3459 gentibus

2016 3473 2366 3531 imbuendis
2427 3474 2804 3531 conabantur
2850 3476 3127 3532 inserere.
3206 3479 3385 3534 Extra
3435 3479 3677 3536 vineam

2015 3563 2208 3620 haeres
2232 3564 2416 3619 vineae
2444 3564 2770 3620 trucidatur
2798 3563 3037 3636 (Matth.
3070 3569 3208 3634 xxx),
3232 3566 3378 3640 quia
3408 3568 3582 3623 Jesus
3612 3572 3679 3624 ut

2018 3653 2414 3710 sanctiﬁcaret
2443 3669 2549 3726 per
2591 3669 2768 3708 suum
2798 3654 3154 3724 sanguinem
3185 3656 3482 3728 populum
3512 3661 3680 3714 extra

2014 3747 2252 3814 portam
2282 3758 2503 3814 passus
2545 3746 2651 3798 est.
2705 3744 2771 3796 Et
2810 3741 2964 3797 bene
3004 3744 3284 3800 convenit
3327 3745 3465 3800 huic
3521 3763 3681 3819 mys-

2015 3831 2161 3886 terio
2209 3831 2378 3904 quod
2428 3830 2490 3886 in
2541 3830 2675 3886 loco
2732 3831 2849 3886 hoc
2928 3847 3051 3903 quo
3127 3831 3430 3889 linxerunt
3495 3850 3676 3890 canes

2016 3919 2373 3990 sanguinem
2412 3919 2666 3987 Naboth,
2710 3921 3047 3976 secundum
3095 3922 3403 3994 propheta:
3449 3927 3680 3978 senten—

2015 4008 2160 4064 tiam
2195 4006 2550 4063 lambebant
2598 4008 2776 4064 etiam
2825 4009 3185 4079 sanguinem
3233 4010 3463 4067 Achab.
3518 4015 3586 4068 Et
3615 4012 3678 4068 in

2016 4112 2163 4168 agro
2220 4097 2441 4153 Jezrael
2489 4113 2669 4153 canes
2717 4097 3109 4155 comederunt
3162 4114 3374 4155 carnes
3425 4100 3676 4173 Iezabel,

2014 4186 2160 4259 quia
2189 4202 2329 4242 cum
2358 4202 2540 4242 canes
2565 4186 2649 4242 illi
2673 4186 2747 4241 de
2775 4187 2995 4259 quibus
3028 4188 3316 4261 scriptum
3337 4193 3425 4246 est
3453 4208 3465 4246 :
3503 4212 3531 4240 ‹‹
3564 4190 3681 4248 Cir-

2015 4274 2454 4330 cumdederunt
2482 4290 2581 4331 me
2610 4290 2792 4331 canes
2824 4275 2996 4332 multi
3037 4276 3224 4347 (Psal.
3270 4278 3401 4348 xm),
3455 4302 3483 4329 ››
3543 4294 3680 4335 san-

2015 4362 2260 4432 guinem
2286 4362 2700 4435 Redemptoris
2728 4364 2913 4421 nostri
2944 4363 3152 4435 lingua
3180 4371 3475 4422 venenata
3505 4382 3680 4439 expe-

2014 4450 2253 4507 tebant:
2280 4451 2399 4524 ipsi
2427 4452 2607 4507 etiam
2638 4468 2675 4507 a
2706 4452 2960 4509 canibus
2984 4452 3119 4523 illis,
3170 4453 3243 4508 de
3284 4453 3507 4525 quibus
3537 4454 3680 4509 item

2017 4539 2320 4611 Scriptura
2347 4539 2490 4596 dicit
2514 4557 2526 4595 :
2577 4562 2604 4589 ‹‹
2656 4544 2783 4596 Non
2809 4546 2901 4596 est
2934 4540 3168 4595 bonum
3195 4556 3430 4595 sumere
3457 4554 3681 4611 panem

2012 4627 2296 4697 ﬁliorum,
2319 4633 2376 4683 et
2402 4627 2630 4684 mittere
2658 4627 2910 4683 canibus
2936 4627 3178 4697 (Matth.
3205 4629 3328 4692 xv),
3357 4631 3423 4682 ut
3441 4626 3682 4699 nequis-

2016 4716 2151 4771 simi
2172 4721 2442 4789 raptores
2463 4721 2519 4772 et
2543 4714 2940 4771 scelestissimi
2960 4729 3343 4787 possessores
3367 4714 3554 4771 vineae
3572 4717 3682 4772 Do-

2015 4804 2183 4873 mini,
2210 4804 2271 4858 in
2301 4804 2517 4860 eodem
2543 4803 2675 4859 loco
2704 4818 2827 4876 quo
2855 4802 3144 4858 Dominus
3165 4818 3385 4876 passus
3415 4808 3526 4874 est,
3558 4808 3680 4861 tru-

2015 4891 2392 4960 cidabantur,
2433 4897 2491 4947 et
2525 4907 2735 4947 carnes
2774 4905 2984 4946 eorum
3014 4890 3219 4947 bestiis
3246 4895 3303 4948 et
3332 4891 3683 4950 volucribus

2015 4980 2405 5037 comedendas
2423 4980 2910 5037 tradebantur.Et
2923 4980 3005 5037 ita
3023 4980 3217 5054 impia
3240 4997 3389 5053 gens
3408 4982 3529 5048 illa,
3545 5000 3683 5057 quas

2014 5070 2079 5126 in
2101 5070 2385 5144 passione
2407 5070 2642 5128 Domini
2663 5069 2920 5143 profana
2935 5087 3082 5127 voce
3103 5070 3408 5129 clamabat
3431 5090 3444 5128 :
3470 5091 3502 5126 ‹
3532 5075 3685 5131 San-

2017 5164 2152 5234 guis
2175 5163 2225 5235 ej
2235 5179 2305 5219 us
2329 5178 2509 5235 super
2527 5178 2640 5218 nos
2660 5166 2715 5218 et
2737 5178 2921 5235 super
2938 5161 3094 5218 ﬁlios
3109 5167 3370 5231 nostros,
3397 5184 3425 5213 »
3449 5163 3680 5221 ibidem

2019 5252 2375 5323 sanguinem
2406 5268 2584 5307 suum
2613 5250 3062 5309 fmtidissimum
3096 5252 3312 5309 meruit
3353 5252 3546 5322 fundi,
3576 5251 3686 5309 ubi

2020 5342 2385 5399 Salvatorem
2416 5357 2595 5396 suum
2622 5340 2939 5414 expetebat
2966 5340 3180 5397 occidi.
3212 5341 3405 5398 Refert
3428 5341 3686 5415 quidem

2017 5432 2311 5505 Iosephus
2321 5431 2486 5504 quod
2500 5447 2573 5487 ex
2593 5430 2760 5486 omni
2773 5430 2981 5487 Iudaea
2998 5429 3209 5504 populi
3228 5430 3291 5486 in
3313 5430 3410 5487 die
3428 5430 3686 5499 solemni

2020 5521 2260 5594 paschae
2263 5519 2765 5592 ,Hierosolymam
2784 5519 2948 5576 velut
2966 5519 3187 5576 exitiali
3203 5518 3472 5592 quadam
3496 5532 3685 5574 manu

2028 5612 2279 5679 cogente
2307 5612 2739 5679 convenerunt,
2785 5625 2942 5683 quos
2973 5609 3169 5666 tricies
3214 5612 3465 5666 centena
3500 5603 3689 5662 millia

3108 5702 3173 5752 16
