4102 6184
402 164 501 221 491
1506 157 1866 215 ANGELOMI
1906 156 2359 216 LUXOVIENSIS
2399 160 2714 218 MONACHI
3721 167 3830 223 492

402 286 722 344 hominum
776 283 918 341 dicit
962 282 1142 337 fuisse
1182 282 1365 354 justo,
1416 282 1638 338 scilicet
1675 281 1776 337 Dei
1804 279 2050 351 judicio,
2092 284 2139 336 Α
2170 282 2274 355 qui
2305 283 2483 340 vitam
2511 285 2834 358 reprobam
2863 300 2984 340 non
3017 287 3229 355 mutat,
3270 290 3325 340 et
3349 300 3387 341 a
3414 288 3837 359 perpetrandis

403 381 669 450 tempore
698 376 813 429 hoc
842 370 1082 428 ultionis
1111 371 1317 439 electo,
1352 376 1415 427 ut
1444 372 1549 444 qui
1573 372 1634 427 in
1673 371 1887 426 diebus
1914 370 2053 425 Pas-
2169 365 2424 443 peccatis
2463 374 2736 430 animum
2787 391 2911 430 non
2967 374 3199 444 avertit,
3254 390 3392 429 cum
3442 391 3479 431 a
3534 377 3837 449 propheta

404 467 531 522 chae
563 464 930 522 Salvatorem
980 477 1158 517 suum
1194 464 1251 518 et
1289 461 1548 518 salutare
1601 461 1896 519 Christum
1944 462 2057 515 Do-
2168 460 2393 533 aliquid
2439 463 2701 536 requirit,
2750 463 2851 519 illa
2891 463 3057 520 audit
3100 465 3223 519 Deo
3269 463 3648 536 disponente,
3694 482 3836 533 qua)

403 553 551 610 mini
578 550 835 610 cruentis
859 550 1144 608 manibus
1175 555 1232 607 et
1257 550 1562 622 sacrilegis
1592 550 1842 607 vocibus
1872 548 2059 605 viola—
2168 551 2508 609 merebatur
2558 552 2765 609 audire
2812 553 3224 610 damnandus.
3306 557 3453 610 Ecce
3531 555 3716 626 enim,
3772 562 3837 613 ut

399 646 630 713 verant,
674 641 736 698 in
779 640 922 714 ipsis
957 640 1171 696 diebus
1206 639 1371 696 velut
1417 641 1479 695 in
1521 656 1713 696 unum
1759 652 2058 695 carcerem
2166 655 2357 696 unum
2386 640 2478 696 vel
2507 641 2630 697 duo
2673 658 2746 696 ex
2786 641 2988 697 multis
3025 641 3370 714 loquamur,
3423 642 3503 699 ab
3551 644 3834 717 omnipo-

401 732 599 788 omnis
627 729 947 786 multitudo
978 729 1284 799 conclusa,
1329 729 1527 786 feralis
1565 745 1762 802 pcenze
1812 727 2056 784 exitium
2164 730 2339 784 tentis
2370 730 2470 786 Dei
2496 731 2658 787 cultu
2684 730 2905 787 domus
2938 730 3117 787 Israel
3156 731 3269 786 sub
3305 731 3610 789 idolorum
3653 735 3834 790 servi-

400 820 568 894 quod
594 819 958 888 merebatur,
992 819 1306 893 exciperet.
2165 821 2285 873 tute
2307 824 2652 890 recesserat,
2677 824 2734 876 et
2757 824 2958 876 tamen
2980 820 3061 876 ad
3086 819 3414 893 prophetas
3430 837 3467 878 a
3485 822 3713 894 quibus
3735 823 3836 880 de-

1015 961 1247 1019 CAPUT
1285 965 1369 1019 xx
1377 962 1417 1018 η
2164 906 2281 980 cipi
2293 913 2705 977 consueverat,
2715 924 2872 1019 saepe
2886 909 3483 981 veniebat,prospera
3493 912 3832 984 requirens,

1426 1004 1439 1018 '
1502 1058 1514 1071 ι
2166 1011 2306 1051 cum
2339 1012 2412 1051 ex
2440 1012 2542 1054 ore
2572 998 3006 1071 prophetarum
3028 1013 3317 1071 perversa
3333 1013 3521 1067 agens
3540 1016 3835 1075 prospera

469 1112 498 1142 ‹‹
528 1088 773 1149 Vocavit
798 1103 940 1161 ergo
975 1104 1081 1145 rex
1115 1087 1294 1145 Israel
1323 1087 1671 1143 eunuchum
1701 1085 2056 1159 quemdam,
2166 1082 2373 1139 audire
2402 1084 2765 1141 merebatur.
2792 1085 2943 1150 Quid
2969 1084 3134 1141 aliud
3161 1101 3425 1158 superna
3440 1086 3672 1157 judicia
3694 1104 3834 1160 age-

399 1203 428 1233 α
460 1184 518 1237 et
546 1179 696 1237 dixit
736 1179 825 1235 ei:
876 1179 1112 1235 Festina
1154 1177 1455 1235 adducere
1513 1176 1818 1233 Michzeam
1869 1174 2059 1231 ﬁlium
2165 1172 2331 1239 bant,
2364 1173 2479 1228 nisi
2512 1177 2577 1229 ut
2604 1180 2885 1246 peccator
2912 1174 3178 1248 populus
3208 1174 3271 1230 in
3301 1191 3410 1231 suo
3442 1175 3620 1232 corde
3648 1193 3833 1250 cape-

398 1291 426 1320 «
458 1269 668 1326 Jemla.
715 1272 836 1325 Rex
865 1272 1068 1325 autem
1098 1266 1277 1324 Israel
1324 1272 1381 1323 et
1424 1266 1713 1339 Josaphat
1753 1282 1856 1321 rex
1905 1265 2062 1322 Juda
2167 1264 2345 1331 retur,
2385 1267 2682 1334 quatenus
2725 1262 2830 1335 qui
2870 1262 3188 1335 perﬁdiam
3218 1263 3530 1335 sequendo
3557 1251 3829 1337 delique-

398 1383 426 1413 c
460 1358 767 1427 sedebant,
822 1358 1238 1432 unusquisque
1308 1356 1371 1411 in
1445 1355 1593 1411 solio
1660 1372 1791 1424 suo,
1870 1347 2062 1411 vestiti
2166 1355 2278 1420 rat,
2321 1350 2407 1407 sic
2435 1352 2871 1424 prophetarum
2897 1368 3147 1407 suorum
3172 1351 3415 1408 blandis
3448 1354 3828 1413 sermonibus

397 1469 426 1499 ‹‹
467 1447 632 1504 cultu
670 1447 854 1517 regio,
890 1470 919 1498 »
949 1454 1004 1503 et
1030 1446 1281 1520 reliqua.
1334 1444 1505 1512 Quod
1537 1449 1738 1500 autem
1785 1444 2060 1501 Michteas
2167 1439 2558 1513 deciperetur,
2592 1445 2657 1497 ut
2676 1441 2807 1512 jam
2846 1456 2957 1497 nec
2984 1440 3449 1513 pertimesceret,
3499 1442 3646 1516 quia
3681 1443 3831 1501 deli-

393 1541 644 1594 vocatus
670 1536 748 1593 ad
778 1552 979 1608 regem
1012 1535 1214 1607 Israel,
1246 1535 1327 1591 ita
1356 1534 1562 1590 dicens
1594 1551 1606 1589 :
1764 1526 1765 1529 “
2166 1529 2424 1601 quisset:
2460 1535 2516 1585 et
2539 1533 2704 1586 tanto
2732 1535 2873 1603 post
2898 1529 3106 1586 durius
3126 1535 3436 1604 raperetur
3456 1532 3536 1588 ad
3556 1548 3829 1607 prunam,

467 1650 495 1680 ‹‹
522 1626 651 1682 Vidi
675 1627 998 1683 Dominum
1020 1625 1323 1682 sedentem
1350 1640 1528 1697 super
1546 1623 1762 1679 solium
1786 1640 1983 1688 suum,
2001 1627 2058 1687 et
2088 1638 2128 1692 Β
2164 1624 2391 1692 quanto
2415 1635 2578 1675 nunc
2605 1620 2871 1676 securius
2899 1620 3125 1676 viveret
3153 1622 3214 1677 in
3245 1620 3425 1694 culpa
3444 1622 3473 1678 ?
3523 1621 3639 1679 Sed
3692 1639 3831 1680 ecce

396 1741 425 1769 ‹‹
457 1716 780 1774 exercitum
809 1716 943 1773 coeli
971 1716 1345 1772 assistentem
1375 1713 1426 1768 ei
1453 1731 1488 1770 a
1508 1714 1730 1769 dextris
1750 1719 1807 1770 et
1827 1730 1863 1769 a
1890 1713 2055 1768 sinis-
2159 1710 2288 1781 jam
2317 1710 2603 1781 largiente
2634 1711 3030 1784 omnipotenti
3058 1715 3196 1779 Deo,
3246 1712 3324 1769 ab
3373 1712 3678 1770 idolorum
3704 1714 3828 1772 cul-

394 1828 424 1857 ‹‹
454 1806 556 1863 tris
576 1806 627 1878 ej
638 1822 725 1861 us.
746 1807 812 1863 Et
830 1805 1057 1861 dictum
1077 1807 1191 1859 est:
1215 1807 1277 1859 In
1293 1818 1416 1875 quo
1434 1802 1730 1874 decipiam
1748 1802 1976 1873 Achab,
1990 1806 2055 1858 ut
2164 1804 2296 1857 tura
2323 1805 2556 1857 motum
2586 1805 2675 1857 est
2703 1800 3224 1874 quamplurimum
3245 1818 3437 1871 genus
3463 1804 3824 1871 humanum,

394 1918 422 1946 ‹‹
453 1894 739 1953 ascendat
760 1898 817 1950 et
836 1893 1016 1951 cadat
1034 1893 1096 1949 in
1112 1892 1369 1950 Ramoth
1390 1890 1717 1947 Galaad.Et
1736 1890 1882 1946 dixit
1901 1891 2052 1947 alius
2162 1904 2369 1946 veram
2397 1889 2580 1945 ﬁdem
2611 1889 2849 1962 publice
2879 1890 3112 1960 fatetur,
3152 1890 3330 1947 subdi
3369 1890 3548 1963 lignis
3593 1899 3652 1951 et
3674 1894 3826 1966 lapi-

394 2004 422 2034 «
454 1983 554 2053 ita,
573 1987 630 2040 et
649 1982 802 2040 alius
822 1982 1083 2039 aliter.Et
1103 1996 1385 2051 egressus
1409 1996 1590 2048 unus,
1613 1980 1785 2036 dixit:
1816 1982 1937 2049 Ego
1954 1979 2052 2035 de-
2161 1978 2362 2046 dibus,
2393 1978 2488 2035 vel
2512 1978 2753 2036 cuilibet
2781 1985 3066 2036 creaturae
3108 1980 3170 2036 in
3223 1980 3575 2038 adoratione
3606 1984 3821 2041 renuit.

394 2095 422 2124 «
456 2071 676 2146 cipiam
706 2088 866 2129 eum.
895 2074 963 2128 Et
989 2070 1219 2127 dictum
1244 2074 1366 2125 est:
1394 2074 1451 2125 In
1474 2086 1597 2142 quo
1616 2068 1918 2141 decipies?
1939 2068 2051 2135 Qui
2164 2069 2416 2125 Securus
2450 2069 2578 2140 jam
2614 2069 2973 2141 prophetam
3014 2069 3267 2142 quilibet
3314 2071 3375 2127 in
3424 2071 3544 2128 ﬁde
3591 2075 3824 2145 positus

392 2183 420 2213 ‹‹
450 2160 779 2235 respondit,
811 2159 1052 2217 dicens:
1082 2158 1363 2231 Egrediar
1392 2163 1449 2215 et
1470 2174 1568 2214 ero
1592 2157 1853 2214 mendax
1875 2159 2048 2232 spiri-
2160 2155 2436 2225 consulit,
2469 2157 2612 2229 quia
2632 2157 3082 2217 hoaauditurus
3114 2165 3220 2228 est,
3249 2160 3417 2232 quod
3447 2161 3653 2240 audire
3678 2162 3824 2219 ﬁdeo

280 2259 286 2266 '
391 2272 421 2300 «
450 2249 598 2307 ritus
627 2250 690 2306 in
721 2264 823 2306 ore
853 2248 1129 2306 omnium
1159 2246 1592 2322 prophetarum
1622 2247 1773 2318 ejus.
1819 2270 1845 2297 ››
1900 2247 2047 2314 Quid
2157 2244 2277 2301 lem
2292 2244 3484 2315 decetl‘identerdicam,abimmunditiis
3496 2249 3625 2322 aliis
3642 2256 3823 2324 atque

387 2355 495 2415 per
523 2338 742 2395 solium
773 2338 1026 2408 Domini,
1060 2337 1175 2396 nisi
1202 2335 1503 2408 angelicas
1534 2341 1856 2409 potestates
1888 2338 2044 2393 acci-
2158 2351 2195 2391 a
2214 2335 2415 2407 pravis
2433 2335 2665 2392 actibus
2688 2336 3048 2405 recessisset,
3072 2353 3419 2395 recessurus
3452 2345 3630 2395 esset.
3663 2343 3817 2397 Nam

386 2430 589 2503 pimus
608 2431 635 2485 ‘2
664 2431 931 2495 Quarum
969 2427 1271 2486 mentibus
1302 2430 1457 2483 Deus
1491 2426 1665 2481 altius
1695 2426 2043 2503 praesidens,
2160 2441 2300 2482 cum
2328 2426 2547 2481 Paulus
2572 2426 2845 2498 egregius
2876 2426 3236 2499 praedicator
3259 2430 3487 2491 clamet,
3518 2435 3573 2484 et
3603 2450 3621 2479 ι
3658 2429 3814 2497 fugit

385 2517 634 2575 inferius
657 2522 871 2574 cuncta
892 2516 1172 2593 disponit.
1196 2518 1262 2572 Et
1286 2516 1432 2591 quid
1454 2516 1744 2573 exercitus
1766 2515 1918 2586 coeli,
1934 2516 2044 2572 nisi
2155 2515 2472 2571 avaritiam
2497 2516 2557 2571 in
2588 2532 2711 2589 qua
2735 2521 2823 2572 est
2851 2516 3151 2573 idolorum
3184 2518 3426 2574 servitus
3452 2517 3603 2587 (Col.
3635 2519 3742 2586 ui),
3772 2538 3801 2565 »ι

389 2604 858 2663 ministrantium
900 2604 1255 2675 angelorum
1304 2604 1659 2659 describitur
1682 2605 1709 2659 ‘2
1763 2604 1916 2670 Quid
1959 2609 2046 2661 est
2154 2604 2427 2677 quisquis
2461 2605 2658 2661 adhuc
2683 2605 2945 2662 avaritiae
2978 2607 3273 2678 subjectus
3301 2611 3459 2673 est,a
3486 2605 3805 2662 cultuido-

387 2708 530 2765 ergo
553 2692 722 2768 quod
747 2693 1038 2750 exercitus
1068 2692 1196 2749 coeli
1221 2708 1257 2750 a
1277 2692 1497 2749 dextris
1519 2697 1573 2748 et
1595 2708 1628 2747 a
1647 2692 1899 2749 sinistris
1914 2695 2043 2766 ejus
2152 2691 2349 2749 lorum
2371 2693 2523 2749 liber
2547 2710 2671 2750 non
2698 2700 2802 2751 est.
2831 2695 2888 2752 Si
2913 2710 3053 2765 ergo
3069 2695 3117 2751 is
3145 2694 3247 2768 qui
3274 2694 3534 2752 avaritia:
3556 2694 3813 2751 aestibus

388 2787 545 2847 stare
572 2781 920 2857 perhibetur
938 2784 965 2839 ‘?
994 2785 1149 2839 Deus
1179 2781 1339 2838 enim
1368 2782 1472 2855 qui
1498 2782 1581 2838 ita
1612 2788 1699 2837 est
1725 2783 1881 2840 intra
1910 2800 2040 2839 om-
2154 2781 2485 2850 anhelat,in
2502 2782 2621 2838 ﬁde
2643 2783 2890 2855 quidem
2922 2784 3150 2856 positus
3174 2799 3301 2839 esse
3333 2782 3589 2851 videtur,
3614 2783 3728 2839 sed
3757 2799 3818 2840 a-

384 2872 506 2941 nia,
524 2888 635 2929 nec
657 2871 868 2931 dextra
885 2887 997 2928 nec
1020 2870 1258 2928 sinistra
1286 2869 1679 2927 concluditur.
1704 2872 1814 2927 Sed
1837 2872 2046 2930 dextra
2150 2868 2309 2928 liena
2350 2872 2539 2928 ambit
2585 2874 2874 2946 accipere,
2931 2873 3191 2930 honores
3243 2873 3457 2929 mundi
3511 2872 3819 2931 desiderat

382 2960 487 3018 Dei
513 2977 657 3036 pars
683 2960 1037 3033 angelorum
1059 2960 1281 3029 electa;
1306 2960 1543 3017 sinistra
1563 2964 1764 3017 autem
1782 2963 1883 3017 Dei
1904 2978 2043 3035 pars
2071 2991 2112 3044 ο
2150 2960 2681 3034 comprehendere,
2712 2962 2934 3019 habere
2964 2962 3358 3036 temporalem
3388 2962 3642 3035 gloriam
3673 2979 3816 3020 eon-

386 3050 744 3122 angelorum
770 3050 1033 3125 reproba
1059 3050 1426 3121 designatur.
1469 3052 1595 3105 Non
1614 3050 1773 3107 enim
1796 3053 1914 3108 Deo
1945 3068 2041 3109 so-
2150 3051 2419 3124 cupiscit,
2443 3055 2621 3125 atque
2636 3051 2711 3107 de
2730 3052 2844 3108 hac
2866 3052 3079 3109 eadem
3096 3052 3287 3122 gloria
3301 3053 3662 3127 prophetam
3682 3069 3813 3110 con-

377 3140 693 3199 lummodo
723 3140 869 3199 boni
898 3139 1004 3214 qui
1034 3138 1341 3213 adjuvent,
1372 3139 1480 3195 sed
1506 3140 1685 3195 etiam
1714 3141 1819 3215 qui
1848 3142 2040 3198 redire
2149 3139 2286 3197 sulit
2311 3157 2323 3195 :
2354 3142 2585 3212 justum
2614 3140 2789 3196 valde
2819 3145 2924 3211 est,
2945 3145 3010 3197 ut
3038 3156 3112 3197 ex
3137 3141 3329 3213 culpae
3355 3157 3479 3197 suae
3510 3142 3745 3208 merito,
3776 3157 3813 3199 a

378 3230 648 3289 nolentes
676 3233 946 3303 gravant.
997 3233 1114 3288 Nec
1150 3230 1316 3303 quod
1348 3229 1478 3286 coeli
1512 3230 1801 3287 exercitus
1826 3232 2041 3288 dicitur
2146 3230 2454 3303 prophetae
2471 3246 2572 3286 ore
2597 3245 2890 3303 prospera
2920 3230 3145 3299 audiat,
3168 3235 3470 3303 quatenus
3490 3232 3594 3304 qui
3626 3231 3813 3288 verba

380 3319 733 3391 angelorum
749 3334 892 3393 pars
909 3318 1188 3393 reproba,
1208 3318 1454 3390 intelligi
1474 3336 1649 3391 posse
1664 3320 2034 3394 prohibetur.
2148 3318 2248 3374 Dei
2277 3319 2484 3375 audire
2514 3319 2575 3374 in
2604 3335 2773 3376 sacro
2804 3318 3043 3392 eloquio
3072 3320 3284 3391 noluit,
3322 3323 3385 3376 ut
3408 3323 3645 3377 terrena
3673 3321 3810 3377 des-

380 3409 541 3472 Quas
570 3406 732 3467 enim
763 3406 1054 3479 suspendi
1101 3407 1163 3462 in
1211 3423 1345 3463 aere
1372 3407 1669 3476 novimus,
1716 3425 1857 3465 aves
1906 3409 2039 3466 coeli
2142 3407 2385 3488 piceret,
2418 3407 2677 3464 coelestia
2707 3407 2980 3476 ambiret,
3013 3407 3157 3463 illud
3179 3408 3383 3479 judice
3408 3410 3529 3464 Deo
3571 3424 3643 3465 ex
3673 3425 3808 3482 pro-

377 3494 792 3553 nominamus.
831 3497 899 3550 Et
926 3494 1001 3549 de
1027 3493 1254 3550 eisdem
1277 3495 1578 3566 spiritibus
1598 3496 1815 3552 Paulus
1840 3498 1987 3554 dixit
2019 3517 2033 3558 :
2143 3497 2335 3569 phetae
2368 3499 2459 3553 sui
2501 3514 2602 3553 ore
2633 3497 2856 3566 audiat,
2890 3496 3050 3553 unde
3077 3496 3336 3572 amplius
3374 3498 3670 3568 obligatus
3713 3514 3810 3554 ea-

384 3603 412 3632 (ι
440 3582 660 3639 Contra
688 3580 1003 3655 spitritalia
1025 3581 1302 3656 nequitiae
1346 3583 1407 3638 in
1428 3583 1764 3640 ccelestibus
1795 3587 2033 3656 (Ephes.
2142 3585 2265 3651 dat,
2297 3586 2444 3642 dum
2475 3603 2579 3658 spe
2610 3593 2854 3643 terrenae
2884 3587 3086 3658 gloria
3113 3586 3439 3644 delectatus
3468 3588 3584 3642 suis
3602 3588 3803 3658 ρειεοὶ-

377 3668 457 3742 v1)
484 3686 497 3737 ;
532 3691 560 3718 »
591 3684 853 3744 quorum
884 3672 1062 3742 caput
1094 3669 1436 3741 enuntians,
1468 3670 1586 3727 ait:
1632 3693 1658 3721 «
1692 3673 2034 3731 Secundum
2142 3680 2237 3732 tur
2264 3675 2591 3746 desideriis,
2611 3677 2688 3734 ad
2721 3676 2845 3732 ima
2862 3692 3102 3750 semper
3127 3676 3402 3734 ducatur.
3425 3680 3616 3749 Neque
3630 3675 3795 3731 enim

375 3755 711 3831 principem
741 3757 1047 3830 potestatis
1077 3756 1230 3814 aeris
1257 3758 1462 3829 hujus.
1498 3778 1527 3808 »
1578 3758 1627 3814 A
1656 3759 1865 3817 dextra
1890 3777 2032 3832 ergo
2138 3763 2340 3820 bonus
2390 3764 2499 3821 fuit
2526 3764 2621 3821 ille
2653 3765 2915 3838 spiritus,
2942 3764 3048 3838 qui
3087 3764 3355 3822 mendax
3381 3781 3511 3822 esse
3554 3763 3805 3838 appetiit

377 3850 435 3903 et
460 3846 700 3904 sinistra
730 3846 1084 3919 angelorum
1105 3847 1396 3904 exercitus
1418 3850 1551 3918 stat,
1574 3848 1719 3922 quia
1743 3853 1801 3906 et
1828 3850 2034 3908 volun-
2137 3856 2200 3910 in
2229 3869 2330 3910 ore
2352 3855 2802 3928 prophetarum.
2834 3854 2998 3911 Unde
3030 3858 3086 3910 et
3104 3856 3487 3929 praemissum
3515 3858 3626 3925 est,
3656 3854 3807 3928 quia

375 3939 469 3993 tas
495 3935 820 3995 electorum
852 3935 1170 4011 spirituum
1198 3936 1412 3993 divinas
1446 3936 1650 4010 pietati
1683 3940 2028 4005 concordat,
2138 3945 2430 4005 exercitus
2478 3944 2612 4000 coeli
2658 3945 2813 4001 stetit
2860 3961 2897 4000 a
2941 3944 3164 4000 dextris
3201 3949 3258 4000 et
3286 3961 3323 4001 a
3364 3943 3615 4001 sinistris
3648 3944 3800 4017 ejus.

375 4029 433 4081 et
459 4023 858 4098 reproborum
887 4041 1102 4082 sensus
1135 4042 1261 4082 suas
1300 4026 1541 4083 malitiae
1582 4028 1845 4086 serviens
1868 4029 2029 4101 judi—
2136 4033 2292 4090 Deus
2324 4033 2485 4090 enim
2511 4033 2617 4107 qui
2658 4032 3173 4106 incircumscripta
3201 4037 3289 4089 est
3333 4033 3553 4089 veritas
3593 4033 3658 4089 in
3702 4033 3801 4089 illa

374 4111 468 4168 cio
496 4110 876 4171 districtionis
897 4115 946 4186 ej
960 4131 1026 4171 us
1057 4114 1450 4187 obtemperat.
1485 4116 1649 4172 Unde
1678 4122 1733 4172 et
1752 4134 1898 4175 mox
1924 4118 2031 4175 fal-
2137 4125 2358 4178 aeterna
2403 4121 2789 4191 beatitudine,
2815 4138 2952 4196 quae
3000 4121 3242 4179 dextera
3272 4122 3401 4194 ejus
3450 4121 3685 4184 dicitur,
3722 4121 3806 4178 si-

371 4201 475 4258 lax
499 4200 739 4273 spiritus
766 4202 830 4258 in
866 4203 1137 4260 medium
1157 4203 1503 4278 prosiluisse
1524 4205 1897 4277 describitur,
1923 4225 2032 4284 per
2135 4211 2388 4267 nistram
2416 4227 2542 4267 non
2570 4210 2773 4280 habet,
2811 4211 2957 4284 quia
2994 4210 3140 4268 nihil
3169 4214 3257 4267 est
3286 4209 3453 4285 quod
3480 4209 3811 4284 displicere

373 4304 557 4396 quem
595 4289 821 4396 Achab.
851 4307 955 4348 rex
982 4291 1368 4396 exigentibus
1413 4293 1643 4395 meritis.
1677 4295 2026 4396 decipiatur.
2052 4339 2102 4396 Β
2135 4300 2342 4377 possit.
2399 4300 2514 4358 Sed
2555 4301 2701 4374 quia
2748 4300 2927 4357 simul
2983 4301 3189 4358 omnia
3244 4304 3581 4371 contuetur,
3616 4300 3818 4360 simul

372 4382 574 4457 Neque
603 4377 765 4442 enim
793 4379 885 4437 fas
911 4384 1000 4438 est
1027 4381 1266 4441 credere
1293 4380 1526 4440 bonum
1556 4384 1830 4458 spiritum
1860 4386 2028 4447 falla-
2052 4377 2100 4396 ⁸
2135 4396 2351 4448 cuncta
2387 4390 2617 4464 aspicit,
2638 4406 2710 4449 ea
2755 4391 2833 4460 vi,
2864 4391 2927 4447 in
2969 4407 3094 4465 qua
3132 4395 3190 4448 et
3216 4391 3411 4449 bonos
3451 4391 3719 4466 spiritus,
3749 4399 3820 4450 et

373 4469 479 4527 ciae
507 4469 805 4529 deservire
834 4470 1114 4544 voluisse,
1164 4476 1229 4533 ut
1256 4472 1511 4531 diceret:
1564 4495 1594 4525 «
1644 4477 1927 4546 Egrediar
1973 4485 2029 4539 et
2132 4480 2328 4537 malos
2357 4480 2548 4537 videt:
2582 4480 2872 4537 exercitus
2901 4480 3035 4537 coeli
3062 4496 3099 4537 a
3127 4480 3348 4537 dextris
3369 4484 3428 4538 et
3469 4497 3508 4538 a
3539 4481 3817 4539 sinistris

367 4574 473 4618 ero
500 4561 765 4621 mendax
796 4562 1038 4637 spiritus
1063 4563 1128 4622 in
1156 4578 1259 4623 ore
1287 4564 1562 4627 omnium
1592 4567 2027 4642 prophetarum
2131 4570 2354 4627 habere
2370 4569 2742 4641 describitur,
2764 4573 2831 4627 ut
2859 4586 2965 4643 per
2983 4570 3253 4627 dextram
3266 4569 3679 4643 intelligamus
3699 4588 3826 4630 an-

370 4650 520 4724 ejus.
554 4672 585 4703 n
633 4653 748 4711 Sed
787 4654 934 4728 quia
969 4652 1177 4713 Achab
1219 4670 1326 4713 rex
1365 4655 1627 4729 peccatis
1678 4659 2026 4732 praeceden-
2133 4659 2298 4732 gelos
2327 4660 2565 4731 electos,
2595 4675 2703 4736 per
2730 4659 3032 4717 sinistram
3055 4676 3197 4718 vero
3223 4660 3463 4734 spiritus
3477 4660 3822 4734 reprobos.

368 4739 528 4798 tibus
585 4742 807 4814 dignus
861 4748 1007 4823 erat,
1060 4749 1128 4803 ut
1171 4745 1275 4803 tali
1328 4745 1635 4805 debuisset
1678 4747 2026 4823 deceptione
2130 4750 2251 4806 Nec
2280 4765 2523 4807 movere
2547 4749 2725 4807 debet
2751 4748 2917 4824 quod
2960 4750 3249 4806 exercitus
3294 4749 3447 4823 caali,
3481 4749 3668 4809 etiam
3713 4768 3831 4811 re-

368 4828 667 4917 damnari,
708 4836 1007 4906 quatenus
1051 4835 1157 4913 qui
1198 4850 1357 4910 saepe
1399 4836 1609 4895 volens
1640 4838 1935 4899 ceciderat
1962 4841 2026 4899 in
2128 4838 2288 4917 pulsi
2330 4839 2527 4912 angeli
2568 4843 2875 4910 vocantur,
2905 4838 3050 4913 quia
3099 4842 3156 4895 et
3196 4838 3333 4912 ipsi,
3373 4840 3663 4917 quamvis
3723 4843 3832 4901 ab

370 4916 634 5004 culpam,
671 4922 1040 4995 quandoque
1069 4924 1276 4982 volens
1304 4931 1617 5001 caperetur
1646 4927 1725 4984 ad
1752 4944 2020 5002 poenam,
2130 4930 2386 4987 aethereo
2417 4928 2651 5004 expulsi
2689 4928 2822 4997 sint,
2848 4927 3048 4986 adhuc
3078 4933 3280 4989 tamen
3328 4916 3399 4985 in
3433 4944 3612 4988 aereo
3641 4933 3835 4994 coelo

369 5003 601 5095 occulta
621 5006 868 5079 justitia,
901 5008 1139 5067 licentia
1161 5012 1441 5087 malignis
1474 5015 1777 5087 spiritibus
1801 5019 1979 5077 datur
2006 5037 2019 5074 :
2129 5003 2539 5090 demorantur,
2571 5018 2725 5076 sicut
2751 5016 2967 5075 Paulus
2997 5018 3079 5074 ait
3111 5035 3124 5074 :
3180 5040 3208 5069 ‹‹
3258 5020 3476 5077 Contra
3501 5019 3841 5095 spiritalia

367 5090 652 5183 volenteS,
673 5099 740 5153 ut
763 5110 918 5173 quos
949 5096 1011 5154 in
1038 5098 1271 5171 peccati
1298 5099 1517 5176 laqueo
1537 5104 1933 5178 strangulant,
1958 5107 2022 5169 in
2128 5109 2395 5183 nequitia
2422 5108 2483 5165 in
2513 5107 2850 5167 coelestibus
2884 5108 3126 5180 (Ephes.
3157 5108 3261 5181 v1).
3290 5130 3321 5160 »

366 5181 600 5261 peccati
616 5197 865 5258 poenam
891 5185 1074 5251 etiam
1093 5185 1365 5252 nolentes
1387 5190 1647 5253 trahant.
1672 5193 1939 5273 Denique
1968 5195 2020 5253 is

1594 5443 2551 5505 *κδ-Μ-
