4092 6178
243 228 351 284 493

1211 232 1470 289 eumn.
1511 234 1585 289 1N
1624 233 1873 289 uanos
1910 232 2170 289 neeum.
2210 264 2279 273 -
2314 232 2385 290 IN
2422 204 2552 291 ΠΒ.
2596 238 2683 291 1v.

3549 245 3656 301 494

1295 470 1409 561 IN
1497 470 1930 563 LIBRUM
2022 469 2589 574 QUARTUM.

1739 623 2154 639 _

875 712 1256 769 PREFA'I‘lO.

301 794 575 852 Tandem
622 796 972 870 aliquando,
1007 800 1258 857 Domino
1312 807 1688 876 cooperante,
1719 818 1895 875 quar-

232 890 359 941 tum
391 885 854 957 quodammodo
881 888 1225 958 navigando
1272 891 1618 965 appulimus
1649 890 1891 963 librum,

228 991 355 1048 quo
386 974 587 1032 valeat
605 976 975 1050 quandoque
1002 981 1273 1053 requiem
1296 986 1499 1039 nostra
1527 982 1749 1039 habere
1774 998 1895 1037 ma-

225 1081 367 1135 nus,
402 1081 539 1138 quae
588 1066 752 1124 ducit
803 1067 1045 1141 oblique
1075 1086 1293 1139 remos,
1329 1087 1434 1144 per
1462 1088 1705 1145 zequora
1736 1088 1895 1144 quae-

232 1170 351 1227 que
380 1153 722 1211 doctorum.
753 1158 996 1214 Vastum
1026 1160 1187 1215 enim
1216 1177 1326 1217 ceu
1357 1162 1740 1218 transivimus
1771 1177 1895 1217 ma-

229 1261 313 1314 re,
340 1245 846 1325 prosperantibus
888 1248 1285 1321 zephyrorum
1332 1250 1536 1308 ﬂabris
1568 1250 1890 1324 superioris

222 1331 435 1401 libelli,
468 1337 528 1389 et
548 1333 802 1390 Domino
830 1334 1012 1392 ﬂante
1037 1337 1494 1410 quodammodo
1525 1344 1611 1409 (ut
1639 1340 1891 1413 quidam

225 1421 350 1493 ait),
384 1421 662 1479 carmina
689 1438 1043 1495 syrenarum
1092 1426 1275 1482 surda
1306 1428 1891 1498 transnavigavimus

222 1526 393 1579 aure,
428 1515 648 1567 nautas
674 1511 799 1568 imo
830 1514 1166 1579 nauclerus,
1190 1516 1410 1573 scilicet
1430 1532 1651 1587 gnaros
1680 1517 1887 1587 maris,

220 1600 350 1673 qui,
386 1600 635 1657 afﬂante
666 1600 882 1674 Spiritu
912 1607 1140 1674 sancto,
1174 1604 1424 1678 pelagus
1456 1606 1637 1678 hujus
1668 1606 1890 1662 itineris

223 1688 442 1744 crebro
468 1689 756 1745 transiere
787 1689 932 1747 freti.
967 1689 1080 1747 Sed
1106 1691 1232 1762 jam
1265 1709 1427 1749 nunc
1466 1694 1601 1749 licet
1628 1694 1887 1766 alonge,

222 1776 403 1851 quasi
436 1782 681 1851 portum
710 1777 917 1834 littoris
945 1781 1280 1838 cernimus:
1319 1784 1771 1856 perpendimus,
1805 1784 1893 1839 in-

222 1884 437 1940 quam,
460 1867 614 1939 quid
634 1867 1037 1937 transivimus,
1054 1872 1481 1949 perpendimus
1504 1888 1746 1946 quoque
1768 1889 1890 1945 quo

224 1956 821 2031 appropinquamus,
846 1962 900 2013 et
927 1958 1317 2033 gratulamur,
1340 1968 1398 2018 et
1422 1963 1596 2037 quasi
1619 1962 1893 2018 transdu-

1922 715 1969 767 A
2007 733 2035 761 ‹‹
2067 712 2214 768 dum
2264 712 2611 771 Beelzebntb
2663 715 2846 772 deum
2896 717 3206 774 Accaron?
3250 719 3657 785 Quamobrem

2004 824 2031 850 ‹‹
2057 801 2185 857 lucc
2212 801 2353 858 dicit
2384 805 2670 861 Dominus
2691 806 2803 862 :De
2825 804 3043 863 lectulo
3056 822 3237 880 super
3251 823 3434 881 quem
3454 825 3660 868 ascen-

2003 909 2031 941 «
2065 890 2202 945 (iisti
2231 907 2351 947 non
2383 893 2854 965 descendes,sed
2875 900 3065 952 morte
3095 897 3421 970 morieris,»
3445 903 3502 956 et
3528 900 3659 956 reli-

2002 995 2140 1050 qua.
2180 983 2399 1036 Mortuo
2445 998 2689 1056 quoque
2735 983 3094 1056 impiissimo
3123 1000 3261 1056 rege
3290 986 3518 1059 Achab,
3550 988 3659 1045 im-

1999 1067 2135 1141 pius
2167 1070 2352 1124 haeres
2402 1071 2702 1140 successit,
2734 1071 2893 1128 ﬁlius
2936 1073 3140 1147 utique
3188 1075 3319 1146 ejus
3349 1077 3654 1146 Ochozias,

1999 1156 2073 1212 de
2104 1173 2225 1230 quo
2274 1159 2572 1232 Scriptura
2627 1165 2830 1218 narrat
2877 1162 3043 1235 quod
3089 1162 3309 1221 fecerat
3336 1165 3565 1224 malum
3595 1167 3657 1225 in

2000 1252 2321 1318 conspectu
2345 1248 2597 1319 Domini,
2617 1252 2673 1306 ct
2701 1249 3118 1309 ambulaverat
3146 1252 3208 1308 in
3231 1253 3327 1310 via
3355 1256 3542 1328 patris
3561 1255 3659 1313 sui

1999 1338 2056 1390 et
2086 1334 2289 1390 matris
2322 1352 2466 1405 suae,
2490 1342 2545 1393 et
2575 1338 2636 1394 in
2663 1338 2763 1396 via
2789 1340 3130 1411 Jeroboam,
3153 1340 3258 1398 ﬁlii
3279 1342 3534 1414 Naboth,
3553 1344 3659 1418 qui

2000 1438 2247 1495 peccare
2277 1424 2413 1481 fecit
2445 1426 2644 1484 Israel.
2671 1428 2915 1485 Servivit
2939 1445 3185 1503 quoque
3209 1430 3348 1488 Baal
3373 1437 3430 1489 et
3448 1433 3664 1491 adora-

1998 1511 2080 1568 vit
2104 1529 2263 1583 eum,
2297 1518 2354 1571 et
2379 1514 2630 1573 irritavit
2676 1518 2999 1575 Dominum
3042 1521 3229 1576 Deum
3260 1521 3463 1590 Israel,
3484 1523 3662 1594 juxta

1998 1604 2203 1658 omnia
2222 1618 2358 1677 quae
2389 1604 2610 1661 fecerat
2633 1610 2802 1679 pater
2826 1608 2974 1679 ejus.
3008 1609 3122 1665 Sed
3146 1624 3271 1666 non
3287 1609 3393 1667 diu
3408 1626 3661 1686 prospe-

1997 1706 2058 1745 re
2090 1691 2226 1759 egit,
2258 1692 2400 1765 quia
2426 1709 2533 1766 per
2562 1695 2861 1752 cancellos
2886 1697 3181 1754 caenaculi
3207 1699 3321 1771 sui,
3353 1699 3522 1775 quod
3552 1702 3660 1758 ha-

1998 1778 2182 1835 bebat
2226 1781 2284 1835 in
2343 1784 2630 1851 Samaria,
2663 1784 2876 1842 cecidit
2917 1791 2974 1842 et
2997 1788 3312 1858 agrotavit.
3347 1790 3660 1865 «Misitque

1998 1869 2239 1925 nuntios
2272 1870 2350 1926 ad
2386 1872 2709 1930 Beelzebub
2752 1875 2935 1931 deum
2979 1880 3267 1949 Accaron,
3299 1884 3366 1936 ut
3393 1880 3662 1937 consule-
3766 1894 3771 1898 ‘

1998 1964 2127 2014 rent
2157 1975 2294 2015 eum
2325 1965 2525 2017 utrum
2557 1962 2753 2019 vivere
2785 1970 2987 2037 posset
3015 1966 3089 2022 de
3110 1967 3225 2024 hac
3258 1967 3656 2027 inﬁrmitate.»

226 2046 329 2102 etis
361 2050 508 2120 post
541 2052 769 2115 tergum
806 2046 1009 2115 oculis,
1044 2048 1190 2105 dum
1230 2050 1706 2126 consideramus,
1739 2068 1889 2125 qua-
1923 2072 1960 2124 B
1998 2048 2103 2103 Cui
2133 2064 2270 2104 cum
2300 2048 2453 2106 Blias
2484 2051 2706 2107 nuntiis
2733 2054 2855 2108 suis
2881 2053 3133 2111 obvians
3158 2056 3233 2112 de
3250 2061 3440 2114 morte
3463 2057 3662 2115 vicina

226 2134 353 2191 liter
380 2135 694 2191 undosum
742 2137 1008 2206 gnaviter
1036 2154 1142 2212 per
1171 2138 1318 2197 freta
1360 2140 1703 2211 navigando
1733 2158 1893 2197 com-

228 2225 562 2298 pressimus
594 2243 823 2299 aequor.
848 2228 933 2283 Fit
954 2229 1171 2284 certius
1199 2229 1346 2286 illud
1378 2232 1544 2304 quod
1573 2232 1772 2288 adhuc
1804 2248 1891 2288 re-

239 2318 354 2371 stat
399 2320 709 2372 transnare
754 2316 833 2372 ad
861 2316 1054 2374 'littus.
1088 2318 1202 2376 Sed
1249 2337 1602 2394 quanquam
1634 2337 1891 2395 parvum

236 2403 505 2460 videatur
528 2408 814 2480 spatium,
842 2407 1006 2480 quod
1051 2408 1381 2466 debeamus
1412 2427 1654 2483 carpere
1685 2410 1890 2481 maris,

230 2510 437 2551 verum
467 2499 563 2551 est
590 2495 767 2552 nobis
793 2497 1221 2566 necessarium,
1248 2504 1311 2555 ut
1336 2500 1617 2572 aquilone
1648 2500 1896 2558 descen-

227 2583 398 2640 dente
424 2584 644 2641 leniter
671 2584 876 2640 ﬂabris
907 2586 1126 2661 aspiret
1145 2589 1639 2664 prosperantibus
1669 2595 1891 2663 auster,

227 2674 325 2749 qui
358 2681 667 2745 suSpensa
694 2674 830 2729 vela
873 2674 1145 2753 impellit,
1177 2682 1241 2732 ut
1286 2684 1671 2753 prosperctur
1695 2680 1891 2736 navis.

230 2765 374 2819 Nam
403 2762 629 2819 assolet
653 2762 800 2826 ﬁeri,
827 2768 887 2820 ut
908 2764 1055 2821 dum
1082 2765 1317 2822 incaute
1347 2767 1597 2847 cupiunt
1621 2769 1895 2825 nonnulli

235 2851 461 2929 absque
483 2853 637 2909 ﬂatu
669 2854 919 2933 Spiritus
948 2856 1437 2919 summitranslre
1465 2857 1683 2917 czerula
1702 2861 1891 2935 ponti,

229 2941 495 2999 incidant
521 2943 584 2998 in
617 2960 784 3010 saxa,
807 2943 930 3011 imo
950 2944 1258 3002 oﬂ‘endant
1281 2947 1343 3002 in
1375 2952 1661 3015 montem,
1691 2954 1747 3005 et
1770 2965 1894 3006 non

228 3030 540 3089 inveniant
591 3037 858 3109 portum,
917 3033 1022 3088 sed
1077 3033 1277 3105 potius
1331 3036 1677 3113 planctum:
1734 3038 1895 3094 ideo-

230 3138 341 3197 que
372 3128 465 3179 est
496 3120 677 3177 nobis
707 3124 877 3178 caute
909 3120 1205 3179 deducere
1234 3125 1511 3199 puppim,
1542 3126 1751 3183 leniter
1770 3142 1894 3201 quo

231 3216 426 3269 currat
456 3214 587 3268 tuta
629 3226 792 3266 mare
840 3226 948 3284 per
978 3210 1165 3267 altum
1213 3228 1337 3286 quo
1381 3218 1587 3286 portus
1618 3215 1891 3287 accipiat,

234 3298 427 3375 ipsam
458 3300 536 3355 de
574 3299 801 3372 gurgite
830 3299 1097 3373 tandem,
1128 3304 1186 3357 et
1216 3302 1419 3359 sedere
1448 3303 1658 3369 valeat,
1685 3302 1805 3361 ﬁxa
1830 3304 1893 3360 in

239 3386 431 3443 littore
463 3388 750 3459 gaudens,
782 3393 849 3445 ut
881 3388 1091 3449 saltem
1125 3390 1487 3449 commercia
1507 3391 1599 3485 vel
1626 3391 1892 3465 parvulis
1922 3428 1963 3485 ρ

248 3482 554 3547 congesta,
578 3479 754 3551 possit
805 3478 1071 3541 conferre
1110 3479 1445 3550 doctorum,
1479 3484 1534 3538 et
1561 3481 1694 3539 licet
1722 3497 1894 3556 supe-

245 3565 411 3622 rioris
437 3565 575 3622 libri
621 3568 907 3643 mysteria
955 3568 1165 3624 Christi
1206 3575 1261 3625 et
1290 3570 1564 3627 Ecclesiae
1595 3571 1890 3644 pandunt,

241 3671 438 3712 verum
487 3655 593 3712 iste
647 3672 770 3730 prae
802 3657 1088 3714 omnibus
1131 3658 1501 3732 passionem,
1532 3660 1657 3717 imo
1687 3676 1893 3717 ascen-

243 3744 461 3801 sionem
497 3744 877 3804 demonstrat
923 3745 1264 3803 Salvatoris.
1300 3748 1463 3805 Unde
1491 3748 1586 3805 isti
1613 3749 1750 3805 libri
1789 3752 1892 3805 Re-

254 3846 487 3904 gnorum
554 3850 681 3891 non
750 3834 1045 3893 immerito
1110 3836 1647 3910 praeﬁguraverunt
1707 3837 1894 3895 libros

249 3928 485 3997 quatuor
514 3923 1002 3995 Evangeliorum,
1036 3923 1141 3980 ubi
1171 3925 1473 3983 evidenter
1509 3926 1678 4003 quod
1721 3927 1784 3983 in
1826 3927 1894 3983 ﬂ-

238 4025 373 4087 gura
397 4016 467 4071 in
493 4013 725 4070 eisdem
758 4017 993 4084 gestum
1023 4017 1133 4085 est,
1165 4012 1228 4069 in
1259 4014 1500 4071 veritate
1531 4020 1671 4072 sunt
1695 4016 1892 4088 exple-

230 4105 300 4159 ta.
333 4103 573 4161 idcirco
600 4102 742 4160 volo
765 4103 986 4177 stylum
1011 4102 1149 4159 illuc
1169 4108 1460 4161 revertere
1485 4119 1699 4174 ovans,
1725 4104 1894 4162 abdi-

227 4194 279 4249 ta
304 4192 544 4250 diutius
575 4208 651 4249 ne
681 4196 968 4249 maneant
987 4192 1241 4267 mystica
1265 4191 1446 4251 dona.
1470 4192 1584 4252 Sed
1607 4210 1680 4250 ex
1708 4193 1892 4252 dicto-

220 4296 349 4338 rum
395 4282 735 4339 doctorum
781 4280 991 4363 [libris]
1045 4281 1302 4339 decerno
1345 4298 1665 4355 congerere
1695 4283 1888 4358 plura,

219 4371 357 4429 etin
402 4370 679 4429 modum
722 4369 904 4427 libelli
948 4370 1147 4445 cupio,
1179 4371 1435 4435 Domino
1464 4372 1720 4442 favente,
1756 4389 1893 4431 con-

216 4458 469 4519 cludere
513 4463 792 4517 nostrum
836 4474 1012 4536 opus,
1045 4460 1478 4537 compendiosa
1507 4460 1779 4519 videlicet
1821 4478 1893 4519 ac

212 4548 369 4608 brevi
409 4564 735 4623 sermone,
767 4563 840 4604 ne
864 4547 1067 4606 videar
1094 4548 1277 4606 libelli
1321 4552 1678 4611 stromatum
1721 4566 1892 4609 exce-

210 4637 346 4698 dere
374 4637 682 4699 modum.
712 4636 806 4695 Ait
835 4652 1010 4697 sacra
1034 4636 1299 4695 historia.

797 4799 1023 4856 CAPUT
1057 4800 1340 4857 PRIMUM.

278 4931 307 4957 ‹‹
338 4904 797 4966 Praevaricatus
826 4909 915 4963 est
958 4908 1161 4962 autem
1205 4905 1376 4963 Moab
1404 4905 1465 4962 in
1503 4905 1704 4974 Israel,
1736 4908 1897 4981 post-

212 5017 242 5065 ς
270 5014 469 5072 quam
523 4998 808 5053 mortuus
844 4998 934 5051 est
959 4994 1184 5051 Achab.
1217 4994 1557 5069 Ceciditque
1609 4994 1894 5052 Ochozias

210 5112 236 5138 α
267 5104 379 5163 per
410 5083 734 5144 cancellos
762 5082 1054 5141 ccenaculi
1098 5082 1191 5140 sui
1219 5083 1385 5156 quod
1411 5083 1678 5151 habebat
1702 5084 1765 5142 in
1797 5085 1896 5143 Sa-

211 5199 235 5225 ιι
266 5179 500 5247 maria,
536 5178 600 5231 et
624 5172 951 5247 tegrotavit.
984 5172 1250 5248 Misitque
1278 5172 1520 5229 nuntios
1568 5173 1771 5235 dicens
1815 5173 1895 5233 ad

212 5289 239 5317 ‹‹
269 5284 418 5324 eos:
474 5268 589 5331 Ite,
641 5261 929 5320 consulite
978 5260 1305 5318 Beelzebub
1357 5261 1541 5319 deum
1602 5267 1891 5332 Accaron,

211 5377 238 5403 «ς
271 5361 491 5413 utrum
546 5351 751 5409 vivere
791 5366 1013 5427 queam
1065 5350 1141 5407 de
1185 5349 1527 5408 inﬁrmitate
1573 5368 1711 5413 mea
1758 5353 1892 5408 hac.

208 5466 235 5494 «
268 5445 562 5518 Angelus
611 5446 815 5498 autem
867 5439 1102 5496 Domini
1159 5438 1393 5496 locutus
1447 5445 1535 5497 est
1579 5440 1657 5496 ad
1709 5440 1895 5497 Eliam

208 5554 237 5584 α
266 5534 614 5591 Thesbiten
643 5530 888 5586 dicens:
917 5530 1102 5599 Surge
1131 5532 1189 5585 et
1212 5529 1471 5587 ascende
1494 5529 1556 5586 in
1577 5544 1895 5586 occursum

206 5643 233 5672 α
264 5624 652 5681 nuntiorum
678 5618 837 5689 regis
867 5618 1174 5693 Samaritae,
1201 5623 1258 5675 et
1277 5619 1440 5675 dices
1469 5618 1547 5675 ad
1576 5633 1680 5677 eos
1706 5637 1718 5674 :
1744 5624 1899 5678 Nun.

207 5736 235 5760 «ί
263 5713 432 5786 quid
467 5726 601 5769 non
620 5713 712 5768 est
729 5709 885 5766 Deus
914 5707 977 5764 in
1004 5707 1205 5779 Israel,
1229 5713 1295 5767 ut
1317 5708 1468 5766 eatis
1483 5705 1562 5767 ad
1581 5709 1897 5766 consulen-

1996 2137 2422 2210 respondisset,
2439 2140 2598 2195 misit
2618 2140 2697 2196 ad
2722 2157 2861 2198 eum
2884 2143 3477 2216 quinquagenarium
3501 2146 3662 2220 prin-

1999 2225 2213 2299 cipem,
2247 2243 2385 2283 cum
2416 2228 2702 2285 militibus
2734 2229 2847 2286 sibi
2874 2230 3182 2303 subjectis,
3207 2236 3273 2289 ut
3297 2249 3438 2290 eum
3470 2234 3661 2292 addu-

2000 2319 2215 2370 cerent.
2247 2314 2361 2372 Sed
2409 2316 2504 2371 his
2554 2317 2692 2388 igne
2737 2316 2959 2375 caelesti
3005 2321 3396 2394 consumptis,
3443 2321 3661 2380 iterum

1999 2403 2160 2459 misit
2210 2403 2396 2461 alium
2439 2405 3051 2480 quinquagenarium,
3082 2410 3188 2483 qui
3227 2406 3494 2469 similiter
3521 2428 3662 2469 cum

2000 2493 2123 2549 suis
2167 2493 2518 2549 combustus
2575 2498 2684 2551 est.
2716 2495 2862 2553 Misit
2911 2497 3148 2570 iterum,
3180 2498 3286 2572 qui
3320 2504 3661 2558 reservatus

2000 2585 2110 2637 est.
2142 2584 2348 2655 Itaque
2379 2598 2482 2639 rex
2511 2583 2621 2640 iste
2652 2585 2949 2658 populum
2978 2585 3350 2657 Judaeorum,
3383 2592 3442 2646 et
3468 2589 3663 2647 maxi-

2001 2686 2097 2727 me
2128 2671 2426 2744 principes
2454 2673 2769 2745 signiiicat,
2805 2675 2910 2748 qui
2930 2677 3193 2749 peccatis
3226 2681 3283 2734 et
3310 2677 3468 2734 vitiis
3493 2676 3664 2735 dedi-

2002 2761 2061 2824 ti,
2088 2761 2399 2817 veritatem
2417 2778 2454 2819 a
2484 2779 2547 2817 se
2569 2762 2958 2836 repellebant,
2981 2765 3105 2822 imo
3125 2767 3661 2841 persequebantur.

2006 2849 2169 2906 Unde
2197 2849 2415 2920 legitur
2462 2851 2525 2906 in
2559 2851 2914 2925 Evangelio:
2952 2876 2981 2904 «
3002 2855 3152 2917 Quia
3179 2856 3473 2914 miserunt
3498 2856 3664 2930 prin-

2002 2940 2164 3013 cipes
2196 2947 2252 2997 et
2281 2942 2557 2998 Pharisaei
2587 2943 2894 3000 ministros
2923 2950 2989 3001 ut
3013 2946 3534 3019 apprehenderent
3561 2949 3660 3004 Je-

2004 3046 2140 3084 sum
2186 3031 2379 3100 (Joan.
2433 3032 2608 3101 vn)»
2660 3034 2725 3087 Et
2768 3032 3020 3088 iterum:
3068 3035 3476 3100 «Quaerebam
3522 3051 3665 3106 ergo

2005 3134 2142 3173 cum
2178 3118 2648 3191 apprehendere,
2672 3124 2730 3177 et
2756 3136 2937 3178 nemo
2967 3121 3128 3179 misit
3154 3123 3217 3180 in
3246 3140 3387 3180 eum
3418 3139 3659 3193 manus,

2004 3207 2149 3280 quia
2176 3207 2451 3263 nondum
2492 3212 2737 3265 venerat
2771 3208 2923 3265 hora
2953 3210 3102 3282 ejus,
3135 3213 3193 3267 et
3217 3211 3369 3282 fugit
3395 3216 3457 3268 in
3488 3226 3664 3269 mon-

2004 3302 2122 3353 tem
2162 3297 2325 3354 solus
2373 3312 2545 3354 orare
2575 3297 2764 3369 (Joan.
2798 3299 2974 3372 vm).»
3006 3302 3073 3357 Et
3101 3299 3354 3359 iterum:
3386 3322 3415 3351 «
3435 3301 3667 3374 Cogita-

2002 3390 2215 3442 veruut
2242 3390 2308 3442 ut
2336 3385 2732 3443 interﬁcerent
2755 3402 2894 3444 eum
2916 3388 3117 3461 (Joan.
3144 3390 3245 3462 x1).
3272 3409 3301 3439 »
3331 3392 3499 3447 Iesus
3520 3405 3664 3462 ergo

2002 3491 2123 3531 non
2156 3474 2375 3549 palam,
2388 3474 2742 3532 ambulabat
2765 3475 2897 3549 jam
2917 3476 3084 3550 apud
3107 3476 3370 3549 Iudaeos,
3389 3477 3497 3535 sed
3517 3479 3665 3536 abiit

2001 3565 2065 3620 iu
2094 3564 2401 3635 regionem
2442 3564 2600 3620 intra
2624 3564 2946 3634 desertum,
2978 3565 3042 3622 in
3079 3566 3376 3624 civitatem
3399 3583 3535 3641 quae
3563 3567 3658 3624 di-

2001 3651 2151 3709 citur
2175 3651 2476 3724 Ephraim.
2508 3656 2731 3708 Domus
2760 3668 2901 3724 ergo
2924 3652 3193 3711 Ochozias
3225 3657 3551 3728 Synagoga
3574 3658 3665 3713 est

2002 3741 2371 3812 Judzeorum,
2404 3757 2541 3815 quae
2568 3741 2864 3813 legalibus
2886 3743 3195 3817 praeceptis
3221 3745 3397 3817 quasi
3425 3744 3661 3802 cancel-

2000 3832 2073 3888 lis
2113 3831 2430 3901 coenaculi,
2461 3831 2729 3905 undique
2778 3832 3149 3890 circumdata
3190 3837 3336 3890 erat.
3365 3833 3482 3889 Sed
3510 3833 3662 3891 sicut

2004 3922 2288 3979 Ochozias
2317 3921 2421 3995 qui
2452 3937 2560 3995 per
2600 3922 2897 3979 cancellos
2944 3921 3166 3995 quibus
3212 3922 3363 3979 tueri
3389 3921 3664 3980 debuerit

2001 4028 2202 4081 ruens,
2232 4011 2646 4082 aegritudinem
2685 4011 2937 4068 nimiam
2978 4011 3244 4081 incurrit,
3275 4011 3357 4069 ita
3386 4016 3444 4070 et
3470 4027 3664 4086 popu-

2000 4099 2095 4157 lus
2121 4100 2487 4168 Judaeorum,
2518 4099 2669 4170 legis
2712 4100 3047 4158 custodiam
3086 4099 3402 4164 excedens,
3441 4100 3503 4157 in
3533 4101 3663 4159 lan-

2002 4206 2252 4262 guorem
2311 4189 2754 4263 desperabilem
2822 4194 3210 4264 peccatorum
3266 4189 3497 4249 cecidit.
3551 4189 3661 4248 Ubi

2000 4279 2146 4354 quia
2194 4277 2401 4336 divina
2447 4278 2726 4352 praesidia
2772 4278 3108 4354 dereliquit,
3139 4280 3345 4337 salutis
3391 4279 3661 4338 remedia

2000 4368 2265 4427 invenire
2294 4384 2417 4425 non
2446 4369 2682 4425 meruit.
2725 4368 3002 4440 Confugit
3028 4369 3209 4439 enim,
3244 4369 3395 4427 sicut
3406 4385 3522 4451 rex
3544 4368 3660 4426 im-

1999 4458 2136 4537 pius
2165 4457 2320 4527 fecit,
2354 4457 2433 4515 ad
2458 4457 2749 4516 falsorum
2767 4458 3023 4516 deorum
3051 4459 3350 4533 praesidia,
3370 4475 3409 4516 a
3435 4457 3661 4532 quibus

2001 4547 2196 4619 magis
2222 4547 2405 4605 laesus
2434 4563 2620 4620 quam
2645 4547 2887 4619 adjutus
2913 4550 3023 4603 est.
3052 4549 3120 4603 Et
3140 4547 3275 4602 ideo
3296 4544 3372 4601 de
3402 4544 3662 4617 prophe-

2003 4638 2119 4693 tico
2143 4652 2244 4693 ore
2274 4636 2609 4709 corripitur,
2640 4639 2698 4692 et
2725 4635 2799 4692 de
2825 4636 2956 4706 ejus
2980 4634 3178 4691 vicina
3219 4636 3411 4690 morte
3447 4630 3662 4708 praedi-

2005 4726 2173 4784 citur.
2224 4726 2368 4781 Hinc
2418 4741 2526 4801 per
2578 4724 2795 4780 Isaiam
2843 4723 3095 4780 dicitur:
3150 4746 3178 4775 «
3207 4725 3356 4780 Cum
3403 4719 3662 4779 dixerint

1920 4790 1965 4845 Β
2006 4816 2085 4872 ad
2107 4831 2234 4885 vos,
2261 4790 2504 4887 quaerite
2535 4829 2571 4869 a
2600 4811 2971 4885 pythonibus
3001 4815 3060 4868 et
3086 4828 3125 4870 a
3151 4810 3369 4869 divinis
3399 4810 3505 4889 qui
3532 4810 3662 4870 stri-

2004 4905 2157 4960 dunt
2204 4903 2268 4958 in
2315 4900 2821 4959 incantationibus
2866 4900 2992 4957 suis
3023 4902 3161 4974 (Isa.
3193 4902 3350 4975 vu).»
3377 4899 3663 4976 Nunquid

2003 5010 2129 5051 non
2174 4990 2437 5067 populus
2489 5008 2526 5048 a
2579 4991 2698 5048 Deo
2753 5007 2863 5049 suo
2919 4991 3180 5069 requiret
3228 5008 3339 5067 pro
3381 4990 3534 5050 vivis
3590 5008 3664 5049 ac

2002 5076 2276 5157 mortuis,
2336 5081 2416 5139 ad
2457 5082 2654 5154 legem
2715 5082 2912 5154 magis
2972 5087 3030 5139 et
3078 5083 3157 5140 ad
3212 5082 3664 5141 testimonium?

2004 5174 2175 5242 Quod
2205 5173 2253 5230 si
2281 5188 2405 5230 non
2421 5171 2677 5229 dixerint
2695 5173 2868 5246 juxta
2884 5173 3136 5230 verbum
3162 5172 3297 5244 hoc,
3310 5189 3435 5233 non
3451 5172 3560 5231 erit
3577 5170 3662 5228 eis

2004 5264 2298 5321 matutina
2326 5263 2448 5319 lux.
2486 5266 2551 5319 Et
2580 5263 2685 5336 qui
2730 5263 3027 5321 transierit
3066 5279 3174 5339 per
3226 5280 3297 5321 ea
3345 5266 3580 5321 corruet
3606 5265 3666 5318 et

2005 5353 2239 5422 esuriet,
2266 5357 2320 5409 et
2350 5370 2489 5410 cum
2517 5352 2790 5410 esurierit
2808 5346 3114 5424 irascetur,
3133 5357 3191 5410 et
3209 5352 3526 5410 maledicet
3537 5349 3664 5427 regi

2006 5460 2137 5513 suo,
2168 5448 2225 5500 et
2255 5443 2538 5519 suspiciet
2578 5459 2837 5512 sursum,
2870 5447 2927 5500 et
2954 5444 3033 5502 ad
3064 5447 3287 5501 terram
3313 5441 3657 5500 intuebitur.

2006 5536 2153 5588 Ecce
2187 5534 2484 5590 tribulatio
2527 5538 2583 5588 et
2630 5533 2910 5604 tenebrae,
2939 5532 3272 5602 dissolutio,
3301 5530 3578 5603 angustia
3608 5530 3664 5581 et

2006 5621 2201 5693 caligo
2230 5637 2618 5696 persequens,
2643 5626 2701 5677 et
2722 5637 2847 5678 non
2875 5623 3090 5699 poterit
3111 5622 3349 5693 avolare
3378 5621 3452 5676 de
3469 5631 3660 5684 angu-

2011 5709 2123 5770 stia
2152 5726 2281 5768 sua.
2314 5708 2477 5768 Mittit
2504 5726 2607 5766 rex
2652 5710 2873 5784 impius
2915 5712 3069 5771 duos
3112 5703 3663 5784 quinquagenarias
