4102 6184
453 182 561 240 495

459 398 563 469 qui
616 395 814 450 divino
860 393 997 460 igne
1050 390 1391 462 consumpti
1444 394 1616 446 sunt:
1663 390 1866 446 tertius
1910 392 2109 444 autem

458 485 675 539 missus
707 480 990 535 salvatur.
1021 477 1584 549 Quinquagenarius
1611 493 1878 550 namque
1904 492 2113 532 nume-

455 588 559 627 rus
591 568 884 625 confessio
932 566 1293 639 poenitentiae
1336 576 1444 635 est,
1477 582 1599 639 quo
1645 565 1985 622 declaratur
2019 580 2110 620 re-

455 658 661 716 missio
687 659 1091 730 peccatorum.
1123 653 1311 710 Judaei
1342 669 1484 725 ergo
1519 654 1789 710 nolentes
1816 653 2112 711 Christum

458 748 645 804 Deum
674 761 803 801 esse
847 743 1176 817 perfectum
1225 759 1335 799 nec
1366 742 1697 816 principem
1726 741 2109 815 paenitentiae,

456 837 663 891 dicunt
708 834 784 889 ad
829 848 1007 889 eum:
1062 856 1089 883 «
1116 832 1564 905 Quinquaginta
1607 848 1800 889 annos
1838 831 2111 888 nondum

456 924 665 993 habes,
693 928 750 978 et
777 921 1083 978 Abraham
1112 921 1318 978 nosti?
1340 943 1368 971 ››
1412 926 1476 977 ln
1514 921 1712 977 futuro
1744 921 1947 978 divino
1975 922 2112 991 igne

456 1012 859 1069 incenduntur
937 1015 994 1066 et
1069 1010 1549 1081 exstinguuntur.
1605 1009 1837 1066 Tertius
1913 1014 2114 1066 autem

455 1099 1034 1175 quinquagenarius,
1070 1100 1215 1171 quia
1253 1114 1576 1155 conversus
1602 1098 1682 1155 ad
1722 1098 1906 1155 ﬁdem
1936 1097 2116 1155 Trini-

454 1191 611 1260 tatis,
642 1188 997 1263 pcenitentiae
1046 1192 1424 1245 sacramenta
1473 1187 1772 1259 cognovit,
1802 1187 2115 1259 indulgen-

456 1281 601 1337 tiam
631 1279 867 1336 meruit.

1114 1368 1339 1423 CAPUT
1379 1370 1446 1422 lI.

532 1483 560 1511 «
592 1462 835 1516 Factum
856 1461 943 1514 est
972 1462 1175 1513 autem
1215 1473 1354 1512 cum
1396 1456 1593 1512 levare
1621 1455 1800 1513 vellet
1824 1456 2113 1513 Dominus

460 1572 488 1601 «
520 1549 708 1605 Eliam
736 1563 844 1622 per
872 1546 1168 1603 turbinem
1220 1545 1283 1601 in
1308 1544 1549 1618 caelum,
1580 1543 1708 1603 ibat
1736 1545 1889 1602 Elias
1914 1548 1972 1602 et
2000 1546 2110 1600 Eli-

1556 178 1914 235 ANGELOMI
1954 173 2406 237 LUXOVIENSIS
2444 177 2777 233 MONACHI.
3764 183 3855 237 498

458 324 598 363 cum
648 306 900 363 subditis
940 303 1051 358 sibi
1096 301 1407 370 militibus,
1434 305 1499 356 ut
1535 300 1857 357 exhibeant
1898 298 2104 366 Eliam,
2136 299 2184 353 Α
2222 301 2345 354 tute
2369 303 2724 371 penetraret.
2753 300 2864 366 Qui
2893 298 3068 355 nobis
3111 298 3173 353 in
3221 314 3285 353 se
3313 297 3709 371 credentibus,
3737 319 3849 359 car-

2216 388 2309 444 nis
2338 405 2580 463 quoque
2626 389 2985 446 munditiem
3034 388 3367 459 largiretur,
3398 394 3454 444 et
3505 390 3617 445 sub
3662 407 3729 447 eo
3757 409 3851 465 per

2215 479 2581 535 incrementa
2608 484 2946 551 temporum
2972 478 3161 533 virtus
3184 477 3467 533 castitatis
3488 486 3846 537 excresceret.

2217 568 2281 623 In
2308 568 2442 641 ipsa
2468 584 2712 641 quoque
2743 584 2952 624 eorum
2996 565 3403 632 translatione,
3432 566 3535 639 qui
3576 569 3852 624 ascensio-

2217 673 2356 714 nem
2375 657 2770 726 Dominicam,
2786 662 2843 714 et
2862 656 3131 713 videlicet
3151 654 3363 712 famuli
3383 655 3848 727 designaverunt,

2217 750 2272 804 et
2317 746 2378 803 in
2424 747 2558 821 ipso
2603 762 2688 814 se,
2719 746 2824 820 qui
2873 747 2953 803 ad
3001 745 3219 801 coelum
3268 744 3558 815 ascendit,
3588 746 3854 803 Dominus

2216 835 2491 892 ostendit.
2523 839 2669 893 Nam
2702 834 2903 891 Enoch
2950 833 3198 908 quidem
3228 849 3446 895 uxores
3487 838 3545 889 et
3594 833 3741 889 ﬁlios
3766 835 3855 891 ha-

2216 923 2366 995 buit,
2400 924 2552 980 Elias
2579 940 2722 980 vero
2751 940 2947 996 neque
2972 938 3223 979 uxorem
3252 938 3453 995 neque
3482 921 3637 977 ﬁlios
3661 922 3855 992 legitur

2217 1012 2522 1069 habuisse.
2556 1016 2802 1069 Pensate
2832 1028 2974 1083 ergo
3017 1010 3329 1084 quomodo
3370 1026 3478 1082 per
3508 1010 3856 1067 incrementa

2218 1102 2466 1158 creverit
2504 1101 2800 1157 munditia
2824 1100 3110 1157 castitatis
3140 1099 3305 1173 quod
3332 1106 3394 1155 et
3423 1115 3531 1172 per
3560 1100 3854 1156 translatos

2216 1189 2476 1247 famulos
2524 1195 2581 1246 et
2604 1206 2709 1264 per
2742 1189 3118 1246 ascendentis
3145 1188 3383 1244 Domini
3414 1204 3727 1262 personam
3755 1204 3854 1260 pa-
4054 1190 4055 1264 Ἰ

2218 1283 2406 1335 tenter
2446 1278 2794 1335 ostenditur.
2826 1276 3169 1334 ’l‘ranslatus
3208 1291 3480 1350 namque
3517 1281 3600 1333 est
3645 1277 3848 1345 Enoch,

2217 1385 2325 1443 per
2354 1369 2574 1425 coitum
2628 1371 2884 1439 genitus,
2918 1370 2976 1424 et
3025 1383 3134 1440 per
3161 1368 3393 1423 coitum
3432 1381 3728 1438 generans.
3758 1368 3854 1420 As-

2221 1462 2497 1531 sumptus
2539 1463 2626 1513 est
2651 1473 2792 1514 vero
2840 1456 3147 1523 Dominus,
3181 1472 3383 1529 neque
3409 1472 3517 1529 per
3542 1455 3751 1512 coitum
3771 1470 3857 1524 ge-

2220 1562 2458 1615 nerans,
2509 1562 2705 1619 neque
2752 1562 2858 1619 per
2904 1545 3128 1601 coitum
3183 1552 3529 1615 generatus.
3590 1545 3856 1611 Quaeritur

459 1660 486 1688 ‹‹
521 1654 675 1692 saeus
718 1636 793 1691 de
837 1635 1114 1705 Galgalis.
1162 1634 1432 1708 Dixitque
1474 1632 1625 1691 Elias
1674 1633 1754 1691 ad
1791 1634 2065 1691 Elisaaum
2096 1653 2108 1687 :
2141 1653 2181 1707 Β
2220 1640 2420 1694 autem
2486 1634 2796 1708 quomodo
2860 1633 3105 1689 Elisaeus
3188 1650 3327 1690 cum
3399 1651 3543 1690 suus
3597 1633 3855 1703 magister

458 1748 486 1775 «
524 1726 670 1782 Sede
718 1724 811 1780 hic
843 1724 987 1797 quia
1034 1724 1322 1779 Dominus
1367 1722 1529 1778 misit
1557 1739 1655 1779 me
1681 1739 1876 1796 usque
1909 1723 1989 1780 ad
2016 1727 2113 1779 Be-

461 1838 489 1866 «
522 1813 660 1870 thel.
692 1814 797 1870 Cui
826 1812 908 1868 ait
933 1812 1176 1868 Elisaeus
1204 1829 1217 1867 :
1246 1810 1398 1868 Vivit
1419 1812 1709 1875 Dominus
1741 1817 1799 1869 et
1821 1812 1965 1869 vivit
1993 1811 2114 1869 ani-

460 1926 488 1955 ‹‹
516 1918 621 1960 ma
661 1906 784 1969 tua,
816 1900 959 1974 quia
1008 1916 1131 1957 non
1176 1899 1593 1973 derelinquam
1625 1905 1736 1969 te,»
1767 1904 1826 1958 et
1860 1900 2108 1975 reliqua.

460 1992 614 2059 Quid
658 1994 747 2046 est
796 1990 964 2062 quod
1011 1989 1165 2045 Elias
1211 1989 1291 2046 ad
1336 1988 1558 2045 coelum
1603 1995 1813 2063 raptus
1851 1989 2113 2046 dicitur?

456 2079 735 2154 nunquid
760 2095 900 2135 eum
925 2077 1125 2134 adhuc
1166 2077 1227 2134 in
1257 2078 1371 2134 hac
1402 2094 1580 2135 carne
1611 2078 1981 2151 corruptibili
2007 2094 2114 2152 po-

458 2171 658 2239 situm,
684 2169 764 2227 ad
806 2167 952 2225 illud
984 2184 1239 2224 summae
1267 2166 1481 2240 quietis
1508 2167 1723 2223 caelum
1754 2171 1891 2224 ante
1920 2183 2115 2224 resur-

454 2260 781 2317 rectionem
802 2259 1344 2330 ascensionemque
1377 2258 1612 2314 Domini
1649 2257 1950 2314 credimus
1979 2272 2112 2314 esse

454 2349 846 2424 perductum:
905 2346 1011 2402 sed
1059 2346 1223 2403 aliud
1274 2350 1363 2402 est
1406 2345 1623 2403 coelum
1666 2347 1916 2415 aerium,
1948 2344 2113 2403 aliud

455 2440 801 2493 aethereum.
831 2435 1060 2492 Caelum
1089 2435 1314 2509 quippe
1344 2435 1573 2492 aerium
1593 2440 1762 2491 terra;
1793 2439 1884 2491 est
1911 2434 2110 2508 proxi-

455 2543 664 2582 mum:
697 2526 868 2581 Unde
899 2530 956 2580 et
1003 2545 1034 2577 ‹
1057 2541 1199 2581 aves
1228 2524 1361 2579 caeli
1403 2525 1645 2595 (Matth.
1673 2529 1798 2592 v1)»
1832 2523 2107 2593 dicimus,

455 2613 601 2684 quia
639 2627 742 2667 eas
774 2611 1027 2667 volitare
1077 2611 1137 2666 in
1176 2626 1311 2666 aere
1342 2611 1637 2666 videmus.
1672 2613 1737 2666 In
1763 2610 1978 2666 coelum
2007 2610 2112 2667 ita-

454 2716 574 2773 que
603 2700 832 2756 aerium
863 2699 1016 2756 Elias
1064 2697 1412 2754 sublevatus
1461 2703 1552 2753 est
1603 2702 1659 2755 ut
1710 2699 1772 2754 in
1821 2703 2110 2755 secretam

453 2788 788 2861 quamdam
819 2792 987 2844 terras
1023 2787 1332 2858 regionem
1361 2792 1606 2859 repente
1635 2785 1973 2854 duceretur,
2008 2788 2111 2843 ubi

454 2894 679 2949 magna
692 2877 823 2949 jam
850 2876 1046 2932 carnis
1075 2879 1132 2932 et
1163 2874 1403 2948 spiritus
1433 2875 1631 2948 quiete
1655 2876 1898 2947 viveret,
1917 2892 2110 2949 quou-

455 2983 606 3059 sque
654 2965 749 3059 adA
777 2965 963 3059 ﬁnem
1001 2964 1214 3021 mundi
1262 2963 1573 3059 redeatht
1602 2964 1809 3021 mortis
1838 2964 2107 3059 debitum
2139 3002 2179 3059 ρ

453 3054 662 3110 solvat.
721 3052 1075 3110 Sublevatus
1133 3068 1398 3124 namque
1461 3051 1634 3120 Elias,
1690 3046 2108 3109 ascensionem

453 3142 824 3199 Dominicam
873 3142 1228 3212 designavit.
1257 3141 1355 3197 Ille
1386 3141 1546 3197 enim
1576 3146 1830 3198 mortem
1860 3142 2105 3214 distulit,

450 3247 576 3288 non
630 3230 839 3299 evasit,
880 3231 1242 3303 Redemptor
1285 3233 1489 3287 autem
1538 3235 1763 3300 noster,
1792 3231 1938 3304 quia
1983 3246 2107 3287 non

451 3320 696 3389 distulit,
727 3320 1052 3393 superavit,
1084 3334 1341 3393 eamque
1381 3319 1752 3390 resurgendo
1783 3335 2109 3393 consump-

452 3409 545 3480 sit,
575 3416 631 3465 et
657 3408 1103 3465 resurrectionis
1136 3425 1260 3463 suae
1287 3407 1562 3478 gloriam,
1590 3408 1975 3465 ascendendo
2000 3409 2106 3466 de-

451 3498 720 3555 claravit.
755 3497 1098 3554 Notandum
1127 3512 1371 3570 quoque
1396 3502 1484 3553 est
1514 3496 1679 3569 quod
1702 3497 1856 3553 Elias
1887 3497 1948 3552 in
1976 3514 2107 3553 cur-

352 3655 360 3661 _
450 3603 524 3644 ru
554 3587 900 3644 ascendisse
923 3587 1156 3658 legitur,
1186 3591 1250 3642 ut
1283 3585 1550 3642 videlicet
1578 3591 1779 3659 aperte
1811 3590 2109 3644 monstra-

451 3681 632 3744 retur,
663 3678 809 3748 quia
854 3676 1042 3732 homo
1071 3691 1259 3749 purus
1311 3674 1610 3745 adjutorio
1641 3675 1859 3745 egebat
1887 3674 2102 3733 alieno.

452 3768 558 3821 Per
578 3765 826 3835 angelos
853 3767 1077 3838 quippe
1106 3764 1207 3820 illa
1235 3764 1394 3820 facta
1425 3767 1482 3820 et
1502 3769 1742 3820 ostensa
1773 3768 1911 3820 sunt
1940 3765 2108 3837 adju-

450 3861 676 3923 menta,
710 3857 853 3928 quia
904 3872 1014 3912 nec
1064 3855 1143 3910 ad
1186 3853 1405 3910 coelum
1446 3854 1693 3927 quidem
1723 3870 1967 3911 aereum
2000 3870 2108 3927 per

453 3961 515 3999 se
544 3945 865 4001 ascendere
885 3949 1138 4018 poterat,
1162 3960 1346 4016 quem
1374 3949 1603 4001 natura:
1635 3960 1757 4000 suae
1788 3944 2106 4002 inﬁrmitas

453 4033 763 4101 gravabat.
814 4034 1173 4106 Redemptor
1219 4039 1421 4090 autem
1468 4037 1688 4102 noster,
1728 4049 1853 4090 non
1904 4050 2103 4103 curru,

451 4135 575 4175 non
606 4120 833 4190 angelis
863 4122 1210 4178 sublevatus
1244 4121 1477 4192 legitur,
1507 4123 1652 4195 quia
1680 4123 1731 4177 is
1759 4124 1864 4196 qui
1887 4121 2108 4179 fecerat

453 4208 657 4264 omnia
682 4208 966 4264 nimirum
1022 4226 1202 4282 super
1239 4211 1445 4266 omnia
1471 4227 1581 4267 sua
1610 4211 1823 4267 virtute
1871 4210 2105 4269 fereba-

451 4301 566 4351 tur.
623 4296 765 4352 lllue
826 4298 985 4352 enim
1034 4297 1439 4353 revertebatur
1491 4298 1595 4353 ubi
1645 4304 1791 4367 erat,
1846 4304 1903 4355 et
1964 4300 2104 4357 inde

450 4383 687 4441 redibat
724 4383 827 4440 ubi
874 4385 1264 4442 remanebat:
1313 4386 1457 4458 quia
1502 4402 1643 4443 cum
1692 4403 1799 4460 per
1828 4388 2105 4445 humani-

448 4478 634 4531 tatem
686 4474 1040 4531 ascenderet
1081 4474 1143 4531 in
1191 4474 1432 4543 coelum,
1472 4491 1580 4549 per
1625 4476 2015 4547 divinitatem,
2049 4482 2107 4535 et

448 4570 672 4624 terram
702 4565 922 4639 pariter
963 4565 1307 4623 continebat
1347 4570 1405 4621 et
1441 4565 1679 4623 coelum.
1714 4565 1872 4623 Sicut
1901 4571 2105 4624 autem

447 4657 673 4730 Joseph
721 4672 758 4712 a
786 4654 1066 4713 fratribus
1095 4655 1373 4712 venditus
1405 4655 1812 4712 venditionem
1858 4656 2108 4713 Redem-

447 4747 635 4817 ptoris
664 4745 849 4802 nostri
884 4745 1184 4817 ﬁguravit,
1216 4746 1299 4802 sic
1331 4746 1535 4801 Enoch
1564 4745 1893 4802 translatus
1925 4750 2106 4819 atque

451 4833 532 4889 ad
560 4834 779 4889 coelum
823 4850 1066 4890 aereum
1100 4835 1254 4891 Elias
1284 4834 1652 4904 sublevatus,
1685 4835 2107 4893 ascensionem

451 4918 818 4974 dominicam
856 4920 1194 4990 designavit
1236 4925 1402 4994 (Gen.
1433 4925 1682 4997 xxxvu).
1724 4929 1801 4981 As
1816 4924 2108 4982 censionis

453 5023 580 5061 suae
625 5005 912 5061 Dominus
941 5010 1310 5080 praenuntios
1358 5016 1416 5067 et
1444 5017 1620 5068 testes
1650 5012 1882 5077 habuit,
1914 5029 2107 5068 unum

454 5098 589 5151 ante
614 5094 830 5165 legem,
861 5095 1046 5151 alium
1078 5097 1191 5152 sub
1222 5097 1369 5168 lege,
1400 5105 1464 5155 ut
1487 5100 1858 5174 quandoque
1883 5102 2107 5158 veniret

450 5184 603 5256 ipse,
627 5183 729 5256 qui
746 5185 1031 5241 veraciter
1060 5185 1242 5241 caelos
1267 5192 1579 5260 penetrare
1608 5189 1915 5262 potuisset.
1938 5189 2104 5246 Unde

453 5279 510 5330 et
536 5273 662 5345 ipse
714 5273 863 5330 ordo
910 5274 971 5329 in
1012 5291 1221 5331 eorum
1276 5293 1518 5350 quoque
1552 5283 1802 5350 utraque
1834 5277 2105 5336 subleva-

451 5362 632 5428 tione,
665 5377 772 5434 per
800 5363 1084 5434 quaedam
1105 5364 1473 5423 incrementa
1510 5365 1915 5435 distinguitur.
1952 5371 2100 5426 Nam

453 5452 655 5508 Enoch
685 5451 1026 5521 translatus,
1059 5454 1213 5509 Elias
1247 5470 1388 5510 vero
1425 5455 1502 5511 ad
1534 5453 1753 5511 coelum
1781 5456 2103 5514 subvectus

452 5556 581 5596 esse
624 5543 1012 5609 memoratur,
1040 5546 1105 5596 ut
1152 5541 1375 5599 veniret
1403 5542 1816 5617 postmodum,
1848 5546 1951 5619 qui
1992 5563 2101 5604 nec

452 5628 772 5688 translatus
793 5645 902 5687 nec
926 5630 1270 5706 subvectus,
1283 5632 1503 5692 caalum
1523 5635 1848 5693 aethereum
1864 5653 1974 5695 sua
1990 5637 2103 5694 vir-

2220 1725 2372 1781 Elias
2399 1724 2601 1781 locum
2644 1722 2988 1796 postulandi
3036 1722 3090 1778 ei
3117 1713 3377 1791 offerret,
3412 1722 3709 1796 duplicem
3754 1719 3854 1793 spi-

2218 1816 2397 1872 ritum
2448 1814 2582 1871 Eliae
2621 1812 3028 1887 postulaverit,
3079 1828 3219 1868 cum
3279 1812 3569 1869 Dominus
3618 1811 3752 1868 dicit
3799 1809 3852 1864 in

2220 1903 2563 1974 Evangelio:
2590 1926 2618 1952 ‹‹
2643 1906 2769 1959 Non
2800 1906 2890 1957 est
2912 1900 3248 1974 discipulus
3277 1917 3464 1975 super
3487 1900 3851 1971 magistrum:

2216 1993 2514 2066 perfectus
2563 1996 2760 2048 autem
2793 1989 2991 2047 omnis
3037 1991 3144 2046 erit
3191 1989 3241 2045 si
3281 1989 3357 2046 sit
3400 1991 3549 2046 sicut
3593 1988 3855 2059 magister

2219 2082 2349 2155 ejus
2402 2081 2641 2153 (Matth.
2698 2081 2827 2152 x).»
2895 2078 3002 2134 Cui
3054 2078 3358 2152 petitionis
3422 2078 3762 2151 mysterium
3811 2072 3852 2129 si

2219 2170 2645 2234 consideretur,
2670 2184 2794 2224 non
2819 2168 3166 2240 importuna
3188 2167 3296 2224 sed
3317 2166 3645 2225 necessaria
3662 2168 3853 2239 postu-

2217 2259 2359 2316 latio
2383 2275 2510 2315 esse
2534 2257 2885 2315 decernitur.

2292 2371 2319 2397 «
2345 2347 2497 2404 Dixit
2518 2362 2661 2417 ergo
2692 2345 2846 2402 Elias
2874 2344 2953 2401 ad
2984 2344 3291 2401 Elisaeum:
3321 2345 3550 2401 Postula
3577 2342 3733 2416 quod
3761 2340 3844 2395 vis

2220 2460 2249 2489 ‹‹
2279 2441 2342 2493 ut
2368 2437 2587 2493 faciam
2614 2435 2722 2491 tibi
2744 2439 3073 2507 antequam
3102 2434 3280 2490 tollar
3307 2451 3342 2491 a
3373 2441 3437 2490 te.
3465 2431 3716 2501 Dixitque
3735 2426 3837 2481 Eli-

2220 2550 2247 2577 ‹‹
2282 2541 2473 2581 secus:
2507 2524 2765 2581 Obsecro
2793 2527 2857 2578 ut
2880 2523 2986 2579 ﬁat
3007 2522 3245 2596 spiritus
3260 2529 3388 2579 tuus
3413 2518 3621 2591 duplex
3641 2516 3698 2571 in
3719 2528 3829 2569 me.

2218 2635 2250 2669 ‹
2281 2612 2740 2686 Quirespondit:
2772 2615 2916 2668 Rem
2936 2612 3232 2668 difﬁcilem
3253 2606 3843 2682 postulasti.Attamen

2219 2726 2248 2755 ‹‹
2286 2703 2333 2758 si
2362 2701 2580 2758 videris
2610 2716 2706 2757 me
2746 2700 2994 2773 quando
3026 2699 3189 2756 tollar
3219 2715 3254 2754 a
3284 2703 3358 2761 te,
3385 2696 3490 2754 erit
3517 2692 3680 2768 quod
3709 2689 3852 2765 peti-

2218 2814 2247 2843 ‹‹
2282 2791 2353 2848 sti
2378 2808 2390 2846 :
2426 2790 2475 2846 si
2506 2794 2706 2846 autem
2732 2805 2854 2845 non
2888 2789 3121 2855 videris,
3149 2803 3272 2843 non
3291 2788 3452 2843 erit.»
3483 2787 3671 2851 Quem
3696 2780 3852 2837 enim

2216 2881 2331 2937 hoc
2350 2880 2483 2937 loco
2505 2877 2797 2949 signiﬁcat
2818 2878 2988 2945 Elias,
3008 2877 3123 2933 nisi
3151 2881 3330 2950 caput
3355 2880 3645 2940 nostrum,
3664 2868 3857 2928 Domi-

2217 2985 2365 3026 num
2394 2967 2615 3024 scilicet
2646 2966 3147 3039 Redemptorem?
3178 2968 3245 3021 Et
3272 2981 3453 3038 quem
3484 2962 3721 3019 Elisaeus
3751 2958 3857 3014 nisi

2217 3074 2439 3130 corpus
2456 3056 2588 3128 ejus
2608 3055 2776 3129 quod
2798 3062 2885 3111 est
2902 3054 3163 3111 Ecclesia
3181 3055 3208 3110 ‘?
3234 3057 3342 3110 Dat
3355 3054 3555 3110 locum
3570 3048 3861 3125 postulan-

2217 3147 2276 3203 di
2306 3147 2458 3204 Elias
2489 3150 2713 3212 noster,
2743 3162 2884 3201 cum
2915 3144 2975 3200 in
3003 3144 3327 3215 Evangelio
3353 3144 3526 3200 dicit:
3560 3164 3589 3191 «
3614 3140 3787 3196 Petite
3812 3140 3862 3193 et

2216 3235 2460 3293 dabitur
2487 3234 2659 3291 vobis
2710 3234 2948 3305 (Matth.
2981 3237 3143 3299 vu).»
3186 3236 3253 3289 Et
3278 3234 3459 3290 item:
3511 3254 3538 3282 «
3565 3230 3757 3299 Petite,
3784 3226 3864 3283 in-

2214 3325 2363 3398 quit,
2387 3328 2445 3382 et
2468 3323 2790 3395 accipietis,
2815 3327 2879 3379 ut
2907 3322 3200 3393 gaudium
3228 3328 3501 3379 vestrum
3531 3320 3775 3395 plenum
3798 3315 3865 3371 sit

2215 3409 2413 3483 (Joan.
2445 3412 2627 3476 xm.»
2658 3412 2778 3464 Hac
2807 3422 2950 3478 ergo
2987 3406 3212 3463 ﬁducia
3260 3412 3515 3481 accepta
3539 3422 3576 3463 a
3603 3402 3865 3471 Domino,

2214 3498 2478 3572 postulat
2507 3498 2770 3567 Eliseeus,
2800 3497 2917 3552 hoc
2965 3500 3053 3552 est
3098 3495 3363 3569 populus
3390 3495 3778 3562 Christianus,
3807 3493 3869 3545 ut

2215 3588 2320 3644 ﬁat
2357 3586 2597 3659 spiritus
2626 3585 2837 3644 Christi
2889 3584 3109 3658 duplex
3144 3585 3205 3641 in
3257 3585 3365 3655 eis,
3401 3586 3519 3643 hoc
3542 3587 3627 3640 est
3650 3578 3863 3652 duplex

2215 3675 2408 3747 gratia
2422 3674 2669 3748 Spiritus
2692 3675 2903 3745 sancti,
2923 3675 2983 3730 in
3004 3673 3430 3731 remissionem
3448 3674 3643 3746 utique
3666 3682 3865 3743 pecca-

2215 3770 2414 3822 torum
2452 3768 2508 3820 et
2559 3763 2936 3820 collationem
2978 3764 3280 3819 virtutum.
3315 3766 3681 3836 Redemptor
3703 3758 3871 3829 igitur

2214 3859 2435 3919 noster,
2463 3853 2567 3927 qui
2598 3876 2626 3904 «
2649 3869 2772 3909 non
2810 3852 3021 3910 habuit
3051 3858 3395 3926 peccatum,
3424 3869 3632 3928 neque
3682 3862 3881 3924 pecca-

2212 3949 2344 4001 tum
2369 3943 2521 4007 fecit,
2541 3958 2651 4000 nec
2672 3942 2849 3999 dolus
2864 3942 3141 3999 inventus
3163 3948 3254 3999 est
3273 3942 3335 3999 in
3357 3959 3474 4000 ore
3497 3944 3633 4015 ejus
3658 3941 3708 4014 (1
3727 3941 3879 3995 Petr.

2212 4033 2330 4104 11),»
2362 4032 2711 4088 remissione
2742 4036 3127 4103 peccatorum
3170 4046 3293 4087 non
3321 4033 3523 4102 eguit,
3558 4030 3671 4105 qui
3697 4041 3887 4104 pecca-

2213 4125 2344 4178 tum
2368 4121 2603 4177 nullum
2630 4119 2859 4177 habuit.
2890 4121 3084 4194 Opera
3113 4124 3316 4176 autem
3342 4120 3653 4178 virtutum
3683 4120 3746 4176 in
3775 4113 3887 4190 Spi-

2215 4211 2330 4268 ritu
2358 4215 2567 4266 sancto
2597 4209 2750 4276 fecit,
2786 4208 2936 4265 sicut
2981 4210 3109 4282 ipse
3156 4210 3219 4265 in
3261 4211 3612 4281 Evangelio
3641 4208 3784 4268 dicit
3805 4208 3894 4262 Ju-

2216 4299 2390 4356 daeis:
2425 4322 2463 4350 «ο
2482 4299 2538 4357 Si
2566 4315 2679 4369 ego
2720 4299 2783 4354 in
2823 4298 3008 4370 digito
3042 4298 3138 4355 Dei
3166 4299 3337 4371 ejicio
3376 4299 3728 4368 daemonia,
3762 4311 3892 4372 pro-

2216 4390 2370 4447 fecto
2419 4389 2688 4462 pervenit
2742 4389 2805 4444 in
2839 4405 2947 4446 vos
2993 4404 3248 4460 regnum
3297 4389 3398 4445 Dei
3430 4391 3700 4461 (Matth.
3732 4387 3897 4460 xu)»

2216 4478 2645 4552 Inseparabilia
2683 4482 2820 4535 sunt
2861 4478 3040 4550 igitur
3068 4494 3253 4552 opera
3301 4485 3546 4537 sanctae
3579 4477 3896 4545 Trinitatis,

2214 4569 2277 4626 id
2308 4573 2395 4625 est
2418 4567 2604 4625 Patris
2637 4572 2694 4624 et
2722 4567 2847 4624 Filii
2874 4572 2930 4623 et
2971 4568 3219 4640 Spiritus
3252 4568 3468 4637 sancti,
3511 4571 3792 4628 Veritate
3820 4569 3902 4624 at-

2215 4661 2466 4715 testante
2497 4673 2631 4729 quae
2664 4656 2775 4714 ait:
2826 4679 2855 4707 «
2876 4656 3027 4722 Quia
3055 4674 3191 4728 quae
3230 4660 3401 4713 Pater
3431 4657 3618 4731 facit,
3654 4661 3788 4716 haec
3815 4672 3905 4713 ea-

2215 4747 2355 4803 dem
2377 4745 2643 4803 similiter
2666 4750 2722 4802 et
2740 4745 2919 4801 Filius
2936 4745 3079 4802 facit
3094 4748 3402 4818 (Joan.v)»
3426 4748 3503 4804 Et
3529 4747 3904 4822 Apostolus:

2216 4836 2402 4892 «Haec
2428 4836 2634 4892 omnia
2664 4838 2947 4907 operatur
2986 4851 3142 4890 unus
3186 4839 3365 4907 atque
3414 4834 3599 4892 idem
3656 4836 3911 4910 Spiritus

2216 4924 2488 4981 dividens
2535 4923 2782 4994 singulis
2834 4927 3013 4996 prout
3043 4922 3172 4979 vult
3201 4923 3261 4990 (Ῑ
3299 4923 3441 4979 Cor.
3478 4930 3711 4994 xxn).»
3761 4927 3913 4981 Bene

2214 5015 2462 5087 quidem
2481 5012 2744 5085 postulat
2770 5012 3028 5069 Ecclesia
3051 5016 3118 5069 ut
3137 5011 3417 5085 spiritum
3439 5012 3791 5088 duplicem
3822 5029 3917 5070 ac-

2216 5102 2395 5174 cipiat
2443 5101 2674 5169 Christi,
2705 5117 2828 5175 qua
2873 5106 2932 5158 et
2971 5100 3321 5158 remissione
3367 5108 3803 5174 peccatorum
3829 5103 3917 5158 in-

2214 5190 2396 5260 diget,
2414 5190 2559 5262 quia
2586 5206 2709 5246 non
2729 5190 2892 5262 eguit
2914 5191 3198 5259 Christus,
3232 5195 3289 5247 et
3312 5207 3586 5249 munere
3617 5195 3926 5252 virtutum

2214 5295 2367 5353 quas
2398 5295 2470 5335 ex
2486 5278 2855 5352 plenitudine
2887 5297 3001 5336 sua
3030 5296 3136 5354 per
3163 5280 3446 5354 Spiritum
3477 5288 3804 5341 sanctum
3831 5280 3928 5339 tri-

2212 5366 2343 5424 buit
2374 5368 2655 5437 Christus,
2688 5370 2793 5442 qui
2821 5393 2849 5420 «
2878 5369 3210 5426 ascendens
3253 5369 3315 5425 in
3348 5369 3555 5427 altum
3587 5376 3931 5446 captivam

2213 5456 2383 5513 duxit
2411 5457 2836 5530 captivitatem,
2870 5458 3033 5515 dedit
3058 5459 3222 5516 dona
3247 5457 3626 5517 hominibus
3663 5463 3928 5535 (Ephes.

2212 5551 2314 5606 ιν).
2344 5568 2371 5596 ››
2405 5546 2518 5601 Illis
2545 5545 2812 5603 videlicet
2841 5548 3191 5605 hominibus
3221 5548 3325 5622 qui
3357 5563 3543 5622 spem
3593 5568 3804 5610 suam
3831 5552 3937 5608 ﬁr-

2211 5635 2384 5693 miter
2409 5634 2470 5692 in
2501 5636 2670 5693 illum
2698 5642 2954 5710 ponunt.
2980 5638 3127 5695 Hinc
3149 5642 3238 5696 est
3261 5637 3426 5712 quod
3451 5637 3642 5698 Elias
3666 5642 3833 5700 dicit
3854 5640 3937 5698 ad
