4092 6178
247 155 354 210 497

1218 155 1475 218 ENARR.
1521 162 1591 217 IN
1636 159 1884 216 LIBROS
1927 162 2183 223 REGUM.
2216 201 2283 210 —
2318 171 2384 228 IN
2434 175 2561 231 LIB.
2606 175 2699 232 IV.

3561 189 3669 243 498

246 276 528 332 Elisaeum
564 296 575 332 :
608 300 643 374 «-
663 279 720 334 Si
759 280 978 336 videris
1009 298 1105 338 me
1155 285 1404 356 quando
1430 285 1603 341 tollar
1629 301 1664 340 a
1694 289 1768 354 te,
1801 284 1908 340 erit
1940 288 1988 341 A
2014 303 2147 345 ram
2173 293 2382 352 Christi
2407 298 2602 366 gessit.
2642 301 2903 374 Denique
2932 305 3298 362 vocabulum
3329 308 3475 364 illud
3504 313 3669 368 salus

243 365 408 438 quod
441 365 647 438 petisti
673 384 684 421 :
713 368 762 422 si
795 373 993 425 autem
1017 387 1137 426 non
1165 373 1400 445 videris,
1427 390 1549 429 non
1568 375 1736 429 erit.»
1758 374 1906 440 Quia

2012 380 2124 435 Dei
2149 382 2586 458 interpretatur.
2622 391 2801 447 Salus
2833 398 3033 448 autem
3065 398 3174 451 Dei
3203 398 3338 469 quis
3394 405 3480 455 est
3519 401 3670 456 alius

237 454 357 508 nisi
379 454 522 526 quis
554 459 709 511 recte
742 457 879 512 fidei
895 459 1101 515 oculos
1128 461 1188 516 in
1209 461 1377 518 illum
1405 468 1592 536 ponat
1618 467 1674 518 et
1703 464 1908 520 credat
2013 469 2125 526 nisi
2159 454 2330 530 Filius
2356 477 2507 547 ejus,
2537 481 2640 551 qui
2668 486 2724 536 et
2779 483 3048 540 Salvator
3091 454 3314 558 ubique
3367 493 3669 547 vocatur?

237 542 498 599 fideliter
546 545 922 616 passionem,
951 551 1446 608 resurrectionem
1491 557 1547 608 et
1602 552 1904 609 ascensio-

231 647 378 687 nem
414 633 550 703 ejus
582 633 662 689 ad
704 637 959 706 Patrem,
999 639 1297 709 petitionis
1338 658 1460 696 sua:
1493 640 1752 698 fructum
1781 655 1903 702 non

233 721 456 793 capiet,
485 722 651 794 quod
679 723 1053 798 subsequens
1082 729 1233 784 ratio
1258 729 1552 800 designat.

309 832 338 859 ιι
381 809 544 866 Elias
575 812 737 867 enim
769 829 976 870 secum
1002 818 1322 874 comitante
1351 818 1559 875 Elisaso
1602 819 1680 875 ad
1707 819 1902 892 ripam

232 921 261 947 ‹‹
303 899 596 955 Jordanis
623 901 888 964 veniens,
924 904 1052 960 tulit
1080 906 1331 978 pallium
1360 924 1540 964 suum
1570 912 1627 964 et
1656 907 1904 963 involvit

230 1011 260 1037 α
303 987 481 1058 illud,
545 994 600 1044 et
648 993 943 1062 percussit
983 1009 1175 1066 aquas
1221 1012 1356 1068 quae
1405 996 1609 1052 divisae
1656 1001 1797 1052 sunt
1839 997 1901 1052 in

233 1101 262 1125 ει
307 1083 631 1150 utramque
662 1085 920 1151 patrem,
951 1087 1007 1139 et
1060 1085 1423 1141 transierunt
1451 1086 1634 1142 ambo
1660 1102 1767 1160 per
1792 1086 1900 1141 sic-

235 1190 266 1218 ‹‹
307 1184 467 1223 cum.
495 1171 766 1242 Cumque
801 1170 951 1226 Elias
980 1177 1189 1245 raptus
1220 1179 1398 1246 esset,
1420 1175 1662 1232 Elismus
1681 1176 1900 1233 levavit

228 1277 259 1310 ι
300 1256 560 1328 pallium
620 1258 775 1327 Elite,
805 1261 969 1332 quod
1026 1263 1320 1319 ceciderat
1374 1265 1445 1319 ei.
1480 1268 1884 1338 Reversusque

223 1368 249 1392 ιι
299 1347 468 1402 stetit
498 1363 678 1419 super
707 1348 904 1420 ripam
929 1350 1228 1416 Iordanis,
1251 1357 1308 1408 et
1326 1352 1508 1426 pallio
1536 1353 1672 1409 Elia:
1719 1354 1887 1426 quod

222 1457 248 1483 κ
295 1434 604 1490 ceciderat
630 1437 681 1491 ei
708 1439 1002 1508 percussit
1031 1456 1223 1512 aquas
1251 1447 1307 1497 et
1335 1457 1458 1497 non
1491 1447 1630 1497 sunt
1657 1442 1888 1513 divisae,

219 1547 244 1571 ‹‹
291 1530 352 1578 et
383 1523 540 1579 dixit
567 1543 578 1579 :
613 1525 723 1580 Ubi
754 1533 840 1582 est
870 1529 1022 1583 Deus
1057 1529 1190 1584 Eliae
1222 1531 1400 1587 etiam
1429 1531 1633 1586 nunc?
1657 1548 1894 1603 percus-

2012 561 2248 618 Parvuli
2281 581 2417 620 vero
2446 566 2527 622 illi
2557 567 2873 626 illudentes
2899 573 3073 628 saluti
3096 575 3215 645 Dei,
3243 576 3302 630 id
3327 581 3417 632 est
3437 577 3664 649 Elisaeo,

2009 649 2353 709 Iudaeorum
2382 655 2647 714 habuere
2679 675 3022 731 personam,
3048 663 3150 734 qui
3183 665 3260 720 ad
3291 682 3530 722 crucem
3560 668 3666 724 Do-

2010 737 2176 794 mino
2228 741 2515 800 Salvatori
2549 746 3026 822 subsannabant,
3078 753 3180 824 qui
3235 753 3457 810 dicunt.
3495 779 3522 804 ‹‹
3555 758 3665 811 As-

2010 828 2218 897 cende,
2248 831 2432 902 calve,
2484 836 2762 906 ascende,
2795 837 2958 893 calve
2989 859 3002 895 :
3038 863 3063 888 ‹‹
3099 842 3241 913 quia
3272 843 3330 896 in
3379 843 3661 899 Calvariae

2007 914 2142 971 loco
2193 919 2456 976 Christus
2513 939 2873 980 ascensurus
2919 933 3043 982 erat
3099 929 3157 984 in
3207 947 3462 986 crucem.
3495 934 3662 997 Quod

2008 1019 2150 1061 vero
2179 1023 2505 1066 conversus
2532 1012 2838 1070 maledixit
2870 1015 3134 1081 Eliszeus,
3163 1023 3218 1072 et
3245 1020 3512 1076 exierunt
3539 1021 3661 1078 duo

2008 1095 2131 1148 ursi
2154 1095 2227 1150 de
2259 1097 2425 1169 silva,
2452 1104 2506 1156 et
2545 1100 2963 1160 interfecerunt
2994 1107 3392 1177 quadraginta
3423 1115 3478 1164 et
3506 1109 3660 1165 duos

2007 1198 2226 1255 pueros
2272 1185 2742 1259 basphemantes
2779 1208 2790 1245 :
2825 1191 2907 1247 ita
2956 1198 3011 1248 et
3039 1194 3300 1250 Christus
3345 1202 3478 1268 post
3525 1215 3662 1269 pas-

2008 1271 2235 1326 sionem
2268 1278 2323 1329 et
2353 1278 2840 1334 resurrectionem
2893 1296 2966 1336 ex
3023 1284 3292 1352 mortuis,
3335 1290 3658 1357 postquam

2006 1362 2272 1418 ascendit
2315 1363 2372 1418 in
2423 1365 2624 1432 ecclos,
2660 1367 2812 1424 sicut
2858 1369 3105 1425 Eliszeus
3157 1373 3425 1427 ascendit
3471 1374 3530 1428 in
3564 1378 3660 1429 Be-

2007 1448 2144 1516 thel,
2177 1451 2238 1505 id
2289 1457 2375 1508 est
2421 1454 2480 1509 in
2529 1455 2780 1512 domum
2828 1459 2947 1523 Dei,
2982 1476 3307 1516 conversus
3352 1461 3662 1519 maledixit

2003 1538 2246 1609 Judteis,
2279 1546 2336 1596 et
2391 1544 2858 1615 quadragesimo
2918 1549 3182 1605 secundo
3241 1566 3401 1605 anno
3450 1568 3659 1607 ascen-

219 1637 243 1661 ‹‹
291 1613 366 1667 sit
415 1629 615 1684 aquas
646 1620 700 1668 et
746 1614 952 1671 divisas
1009 1623 1147 1674 sunt
1175 1619 1293 1675 huc
1326 1625 1504 1692 atque
1535 1619 1694 1689 illuc,
1721 1643 1749 1669 »
1777 1626 1886 1677 etc.
1938 1639 1976 1691 Β
2005 1627 2188 1684 sionis
2215 1647 2359 1702 suae,
2391 1613 2642 1690 immisit
2677 1635 2832 1691 duos
2858 1653 3027 1693 ursos
3055 1639 3128 1693 de
3167 1639 3330 1695 silvis
3364 1641 3653 1710 gentium,

219 1703 374 1768 Quid
414 1703 718 1772 signiﬁcat
747 1705 996 1776 pallium
1054 1708 1208 1775 Elite,
1254 1710 1370 1765 nisi
1415 1711 1889 1768 lncarnationem

218 1791 485 1859 Domini,
511 1809 621 1864 per
646 1809 833 1864 quam
857 1794 1220 1869 Redemptor
1244 1803 1446 1855 noster
1470 1799 1609 1854 lethi
1637 1801 1889 1856 fluvium

217 1881 571 1954 disrumpit.
605 1882 904 1955 nobisque
934 1888 1247 1943 transitum
1302 1889 1379 1944 ad
1435 1889 1620 1945 vitam
1651 1907 1887 1964 praepa-

217 1972 424 2026 ravit?
457 1973 584 2028 Hoc
637 1988 778 2042 ergo
810 1974 1058 2046 pallium
1116 1977 1356 2032 Elisaeus
1398 1975 1886 2051 post'transitum

222 2060 355 2115 ElitB
387 2061 658 2131 retinuit,
691 2063 835 2134 quia
865 2063 1046 2119 ﬁdem
1077 2065 1503 2122 lncarnationis
1529 2069 1740 2125 Christi
1787 2073 1887 2125 Ec-

223 2148 402 2205 clesia
442 2155 583 2222 post
608 2152 1029 2208 ascensionem
1058 2155 1186 2225 ejus
1218 2155 1294 2210 ad
1322 2156 1504 2212 cmlos
1543 2159 1882 2225 reservavit,

223 2251 329 2307 per
350 2253 537 2308 quam
573 2242 884 2310 praesentis
915 2242 1046 2298 vitae
1078 2244 1293 2300 ﬂuctus
1346 2246 1592 2302 transire
1645 2249 1882 2318 satagit.

234 2324 342 2380 Sed
378 2327 524 2383 sicut
556 2329 802 2383 Elisa’us
830 2331 1166 2402 percutiens
1189 2333 1372 2405 pallio
1395 2335 1668 2406 fluvium,
1692 2353 1885 2409 aquas

223 2427 343 2468 non
399 2414 621 2484 divisit,
651 2421 977 2488 antequam
1029 2419 1221 2476 dixit:
1259 2421 1364 2476 Ubi
1422 2427 1508 2478 est
1556 2427 1708 2479 Deus
1749 2425 1883 2481 Elite

217 2501 394 2557 etiam
429 2506 714 2560 nunc?et
746 2505 830 2560 sic
862 2508 1157 2577 percussit
1184 2525 1375 2580 aquas
1395 2516 1451 2565 et
1471 2510 1676 2567 divisse
1701 2519 1843 2569 sunt
1867 2532 1879 2570 :

216 2590 291 2646 ita
315 2591 584 2648 Ecclesia
617 2593 729 2647 nisi
761 2610 866 2664 per
887 2596 1325 2653 invocationem
1346 2599 1605 2655 nominis
1625 2603 1878 2670 Domini,

215 2679 453 2735 virtutes
507 2681 666 2735 ullas
718 2681 912 2738 facere
966 2699 1086 2739 non
1121 2691 1337 2757 potest.
1373 2688 1524 2752 Quia
1575 2689 1725 2746 sicut
1751 2691 1878 2764 ipse

220 2767 362 2823 dixit
394 2788 406 2824 :
437 2793 465 2818 ι(
511 2771 653 2826 Sine
684 2787 780 2826 me
812 2771 958 2827 nihil
987 2775 1230 2846 potestis
1261 2776 1452 2831 facere
1485 2779 1676 2848 (Joan.
1705 2783 1826 2851 xv),
1849 2805 1878 2830 ››

219 2857 362 2912 nihil
391 2865 476 2915 est
512 2860 680 2914 enim
733 2861 1070 2917 humanum
1099 2865 1384 2930 studium,
1410 2867 1524 2922 nisi
1555 2868 1707 2925 adsit
1737 2871 1880 2926 divi-

217 2961 358 3002 num
385 2947 782 3019 adjutorium.
819 2950 981 3005 Unde
1012 2953 1330 3024 Apostolus
1354 2955 1536 3012 dixit:
1564 2980 1590 3005 ‹‹
1625 2958 1776 3013 Deus
1793 2963 1881 3014 est
1919 2989 1961 3045 α
1993 2973 2022 2999 α

216 3035 312 3107 qui
339 3043 632 3109 Operatur
663 3037 722 3092 in
747 3037 922 3093 nobis
946 3043 1001 3094 et
1029 3039 1176 3094 velle
1201 3043 1555 3113 etperficere
1583 3060 1690 3116 pro
1717 3045 1880 3102 bona

218 3125 521 3183 voluntate
557 3129 740 3194 (Phil.
777 3129 910 3200 VIII).
948 3153 975 3179 »
1008 3133 1073 3185 Et
1099 3133 1396 3204 propheta
1428 3133 1506 3188 ad
1537 3135 1874 3202 Dominum,

221 3216 334 3268 ait:
368 3220 432 3270 1n
462 3223 518 3271 te
552 3217 825 3273 inimicos
851 3225 1087 3275 nostros
1134 3222 1554 3277 ventilabimus
1585 3239 1793 3290 cornu,
1822 3229 1880 3280 et

226 3303 288 3356 in
339 3306 583 3360 nomine
641 3312 742 3362 tuo
811 3323 1170 3379 spernemus
1219 3311 1597 3378 insurgentes
1648 3311 1709 3367 in
1764 3329 1876 3369 nos

232 3391 420 3456 (Psat.
450 3395 604 3460 XLV),
636 3418 660 3443 η
683 3401 791 3451 etc.

309 3503 332 3527 ‹‹
378 3481 649 3537 Dixerunt
695 3501 940 3556 quoque
1000 3488 1102 3542 viri
1147 3489 1396 3544 civitatis
1440 3491 1516 3545 ad
1547 3490 1820 3548 Elisteum
1857 3510 1870 3548 :

233 3591 261 3617 κ
302 3571 441 3625 Ecce
467 3571 753 3628 habitatio
777 3575 1026 3630 civitatis
1047 3577 1226 3646 hujus
1255 3578 1482 3651 optima
1503 3585 1609 3649 est,
1635 3581 1786 3637 sicut
1808 3587 1872 3638 tu

228 3680 252 3706 κ
292 3659 428 3730 ipse,
461 3661 732 3727 Domine,
764 3664 1071 3736 perspicis,
1097 3665 1200 3719 sed
1232 3682 1403 3739 aqua;
1425 3670 1704 3741 pessimae
1732 3676 1874 3728 sunt

237 3769 262 3794 «
301 3753 353 3801 et
378 3754 523 3806 terra
556 3751 788 3806 sterilis.
834 3753 1018 3808 Atille
1051 3753 1165 3808 ait:
1200 3756 1409 3811 Afferte
1454 3759 1599 3814 mihi
1622 3776 1731 3815 vas
1760 3777 1870 3817 no-

241 3856 265 3881 α
301 3851 444 3902 vum,
477 3843 534 3894 et
569 3839 782 3895 mittite
813 3840 870 3895 in
926 3841 1073 3896 illud
1105 3842 1212 3897 sal.
1250 3866 1276 3892 ››
1298 3846 1715 3903 Postulabatur
1763 3849 1865 3904 Eli-

233 3939 366 3980 saeus
391 3943 425 3982 a
460 3929 691 4000 p0pulo
734 3933 791 3982 rt
831 3945 1019 4001 aquas
1047 3931 1279 3986 Jericlio
1311 3934 1608 4002 malignos
1629 3941 1686 3992 et
1711 3937 1871 3992 steri-

219 4011 295 4068 les
324 4020 591 4071 sanaret.
645 4018 885 4089 Accepit
914 4034 1016 4073 vas
1061 4034 1288 4074 novum
1337 4021 1513 4077 fictile
1544 4028 1600 4079 et
1640 4024 1780 4093 jecit
1808 4025 1869 4080 in

214 4102 342 4159 illud
402 4105 518 4174 sal,
555 4111 610 4160 et
659 4104 941 4161 demersit
981 4107 1129 4162 illud
1177 4107 1237 4162 in
1284 4108 1532 4176 flumen,
1566 4117 1622 4166 et
1668 4113 1868 4168 statim

212 4193 471 4249 fluminis
502 4210 680 4265 aqum
706 4200 936 4250 sanata;
967 4203 1125 4261 sunt,
1159 4213 1281 4268 quo
1321 4199 1476 4254 facto
1507 4202 1867 4272 praenuntia-

207 4278 299 4335 bat
324 4283 656 4354 propheta,
685 4282 828 4354 quia
851 4283 1103 4340 Verbum
1135 4303 1276 4342 caro
1303 4288 1467 4343 fieret
1487 4294 1541 4344 et
1569 4289 1864 4346 habitaret

207 4365 258 4421 in
286 4371 492 4425 nobis.
532 4371 672 4426 Inde
713 4372 773 4426 in
827 4372 1274 4430 similitudinem
1333 4377 1506 4432 Verbi
1543 4377 1650 4444 sal,
1685 4379 1744 4433 id
1776 4384 1865 4435 est

205 4459 590 4530 sapientiam,
621 4460 786 4515 dedit
814 4461 874 4515 in
906 4477 1014 4517 vas
1057 4463 1255 4530 ﬁctile,
1283 4465 1342 4519 in
1376 4481 1594 4537 corpus
1647 4467 1870 4524 scilicet

203 4546 568 4612 humanum,
604 4555 661 4606 et
689 4550 992 4607 immitens
1017 4552 1076 4606 in
1106 4568 1332 4625 aquam
1363 4555 1661 4612 demersit.
1696 4558 1866 4622 Quod

199 4637 453 4708 quidem
505 4639 889 4707 signiﬁcabat
939 4640 1083 4712 quia
1125 4657 1336 4698 omnes
1384 4645 1589 4716 populi
1619 4646 1722 4718 qui
1754 4646 1866 4702 sub

199 4724 384 4794 ﬁgura
418 4744 730 4799 aquarum
791 4729 849 4784 in
881 4734 1002 4785 toto
1030 4730 1258 4786 mundo
1291 4733 1515 4786 steriles
1545 4741 1730 4800 erant,
1761 4751 1868 4807 per

199 4813 403 4873 Christi
446 4817 930 4874 lncarnationem
965 4821 1386 4877 fecunditatem
1417 4828 1472 4877 et
1502 4823 1863 4879 benedictio-

195 4917 328 4959 nem
359 4907 679 4978 accepturi
713 4913 926 4962 essent.

263 5017 288 5040 u
330 4995 630 5050 Ascendit
657 5001 852 5050 autem
885 4995 1021 5051 inde
1049 4997 1106 5050 in
1139 4999 1332 5053 Bethel
1353 5017 1365 5054 :
1387 5016 1646 5073 cumque
1664 5017 1866 5057 ascen-

195 5099 223 5131 ‹
259 5082 437 5140 deret
469 5099 580 5155 per
610 5086 794 5150 viam,
827 5084 996 5156 pueri
1026 5086 1198 5157 parvi
1227 5089 1449 5156 egressi
1482 5096 1620 5145 sunt
1637 5089 1710 5145 de
1733 5091 1868 5146 civi-

199 5192 224 5220 ι
260 5177 404 5243 tate,
433 5178 495 5228 et
531 5172 866 5230 illudebant
891 5175 964 5240 ei,
1009 5175 1273 5232 dicentes
1310 5194 1322 5232 :
1358 5179 1646 5245 Ascendc,
1676 5180 1860 5247 calve,

199 5281 226 5306 α
264 5262 558 5330 ascende,
587 5261 773 5317 calve.
835 5263 945 5328 Qui
989 5280 1128 5319 cum
1185 5271 1324 5336 post
1373 5283 1432 5321 se
1483 5269 1860 5337 respexisset,

198 5371 222 5394 ο-
265 5351 410 5405 vidit
459 5366 580 5404 eos
627 5355 682 5406 et
727 5351 1032 5408 maledixit
1071 5353 1154 5408 eis
1201 5355 1260 5410 in
1321 5356 1562 5411 nomine
1609 5357 1860 5414 Domini.

196 5460 221 5486 σε
264 5439 637 5510 Egressique
669 5445 810 5494 sunt
859 5440 932 5495 de
965 5441 1120 5496 saltu
1167 5443 1288 5498 duo
1319 5445 1458 5514 ursi,
1488 5451 1543 5500 et
1571 5445 1864 5501 lacerave-

195 5550 221 5574 α
261 5534 410 5584 runt
447 5544 520 5584 ex
566 5528 650 5583 eis
697 5529 1098 5602 quadraginta
1149 5536 1206 5586 et
1231 5531 1385 5587 duos
1423 5549 1665 5605 pueros.
1701 5557 1727 5584 »
1761 5535 1867 5590 Eli-

195 5631 354 5672 saeus
383 5632 638 5690 quoque
684 5618 1000 5690 propheta,
1033 5619 1185 5676 sicut
1214 5636 1372 5693 saepe
1402 5620 1682 5689 diximus,
1715 5622 1864 5690 figu-

2005 1717 2439 1791 Vespasianum
2493 1723 2711 1780 scilicet
2763 1730 2819 1781 et
2865 1728 3076 1796 Titum,
3123 1729 3227 1802 qui
3283 1746 3385 1786 eos
3434 1731 3657 1786 crudeli

2002 1809 2197 1877 strage
2228 1809 2593 1881 dejecerunt.
3639 1837 3642 1840 ‘

2642 1943 2864 1997 CAPUT
2917 1946 3006 1997 ΙΙΙ.

2071 2081 2097 2108 ‹‹
2144 2063 2320 2116 Porro
2351 2066 2506 2120 Mesa
2529 2081 2633 2121 rex
2666 2067 2834 2123 Moab
2863 2068 3165 2124 nutriebat
3192 2085 3411 2141 pecora
3440 2071 3649 2138 multa,

1999 2167 2028 2196 «
2070 2152 2125 2202 et
2153 2150 2425 2207 solvebat
2448 2155 2572 2222 regi
2604 2154 2782 2210 Israel
2830 2160 3068 2211 centum
3095 2157 3280 2213 millia
3331 2173 3650 2226 agnorum,

1996 2257 2024 2284 «
2067 2240 2122 2291 et
2173 2245 2412 2295 centum
2444 2241 2631 2298 millia
2688 2243 2941 2298 arietum
2984 2261 3122 2299 cum
3151 2245 3470 2301 velleribus
3501 2247 3647 2304 suis.

1995 2345 2023 2374 «
2065 2325 2333 2399 Cumque
2370 2334 2642 2386 mortuus
2699 2332 2908 2388 fuisset
2964 2333 3192 2396 Achab.
3226 2335 3650 2406 praevaricatus

1997 2436 2026 2463 ‹‹
2066 2420 2157 2471 est
2184 2417 2378 2473 foedus
2407 2420 2574 2491 quod
2631 2421 2894 2478 habebat
2923 2438 3061 2478 cum
3104 2423 3250 2492 rege‘
3299 2425 3497 2496 Israel,
3536 2448 3562 2475 »
3594 2429 3652 2481 et

1993 2504 2243 2577 reliqua.
2281 2508 2462 2576 Igitur
2491 2515 2626 2581 post
2652 2511 2780 2566 haec
2801 2511 3025 2567 bellum
3053 2513 3372 2581 gerebatur
3398 2531 3505 2586 per
3533 2519 3650 2570 tres

1992 2607 2187 2662 reges,
2217 2596 2330 2652 hoc
2372 2601 2459 2653 est
2485 2614 2690 2668 regem
2714 2600 2907 2667 Israel,
2930 2615 3131 2669 regem
3161 2601 3333 2670 Juda,
3365 2607 3422 2657 et
3447 2618 3651 2672 regem

1994 2684 2202 2752 Edoni,
2237 2690 2444 2742 contra
2475 2687 2664 2744 Moab.
2690 2689 3130 2762 Consultusque
3158 2690 3236 2746 ab
3287 2691 3373 2746 eis
3409 2691 3649 2746 Eliszeus

1991 2775 2307 2846 propheta,
2333 2779 2468 2847 post
2496 2776 2612 2832 alia
2639 2777 2766 2833 haec
2797 2777 3001 2834 subdit
3029 2779 3234 2834 dicens
3263 2797 3275 2834 :

2068 2886 2094 2911 ‹‹
2137 2862 2328 2918 Facite
2381 2864 2620 2920 alveum
2664 2867 2939 2922 torrentis
2968 2867 3150 2937 hujus
3181 2872 3236 2923 et
3262 2866 3478 2923 fossas.
3512 2868 3649 2924 Haec

2064 2951 2221 3006 enim
2256 2951 2396 3006 dicit
2425 2954 2712 3008 Dominus
2741 2971 2752 3008 :
2799 2959 2926 3010 Non
2959 2955 3230 3011 videbitis
3262 2961 3506 3011 ventum
3548 2972 3649 3012 ne-

1991 3059 2018 3088 u
2061 3055 2180 3111 que
2211 3039 2496 3112 pluviam,
2531 3047 2588 3096 et
2616 3041 2820 3097 alveus
2869 3044 2976 3098 iste
3006 3043 3331 3115 replebitur
3361 3044 3553 3116 aquis,
3591 3050 3647 3099 et

1988 3149 2016 3175 ‹‹
2057 3127 2270 3182 bibetis
2301 3143 2408 3183 vos
2435 3133 2492 3183 et
2520 3129 2759 3185 familiae
2789 3135 3000 3186 vestrae
3026 3137 3082 3186 et
3107 3132 3381 3200 jumenta
3423 3136 3637 3186 vestra.

1988 3237 2014 3263 «
2059 3216 2395 3287 Parumque
2438 3216 2551 3271 hoc
2601 3221 2689 3272 est
2724 3217 2785 3272 in
2841 3222 3163 3290 conspectu
3196 3218 3450 3284 Domini,
3479 3218 3640 3273 insu-

1986 3323 2012 3349 ‹‹
2054 3318 2161 3374 per
2193 3303 2381 3358 tradet
2410 3303 2589 3359 etiam
2617 3304 2787 3360 Moab
2816 3305 2878 3360 in
2908 3321 3127 3360 manus
3150 3311 3402 3374 vestras,
3427 3312 3480 3362 et
3511 3322 3640 3378 per-

1986 3412 2014 3439 ››
2056 3391 2283 3447 cutictis
2313 3409 2557 3448 omnem
2589 3394 2885 3450 civitatem
2942 3395 3257 3465 munitam,
3286 3399 3343 3451 et
3393 3412 3638 3452 omnem

1982 3503 2012 3530 «
2056 3482 2265 3537 urbem
2297 3481 2567 3547 electam,
2600 3488 2658 3538 et
2702 3484 3054 3539 universum
3093 3485 3326 3554 lignum
3381 3485 3636 3540 fructife-

1982 3591 2011 3617 ‹‹
2053 3586 2184 3624 rum
2214 3571 2546 3636 succidetis,
2582 3577 2953 3644 cunctosque
2985 3573 3176 3629 fontes
3207 3589 3506 3644 aquarum
3532 3573 3636 3628 ob-

1983 3681 2010 3708 «
2055 3659 2346 3721 turabitis,
2380 3665 2436 3715 et
2461 3676 2702 3716 omnem
2745 3677 2958 3730 agrum
2991 3678 3306 3731 egregrum
3357 3662 3633 3733 operietis

1981 3771 2006 3795 ‹‹
2050 3748 2378 3820 lapidibus.
2417 3771 2443 3796 »
2470 3749 2623 3813 Quid
2666 3765 2807 3818 ergo
2839 3750 3175 3820 significant
3199 3754 3316 3805 tres
3339 3751 3435 3805 isti
3464 3766 3632 3818 reges

1978 3842 2190 3892 contra
2246 3837 2416 3892 Moab
2444 3837 2672 3892 bellum
2704 3843 2997 3906 gerentes,
3041 3839 3157 3893 nisi
3186 3843 3441 3892 rectores
3484 3839 3630 3892 fide-

1975 3925 2146 3989 lium,
2177 3925 2280 3997 qui
2306 3941 2412 3997 per
2442 3930 2660 3981 sanctae
2684 3926 2982 3982 Trinitatis
3006 3927 3210 3992 ﬁdem,
3233 3931 3438 3981 contra
3457 3942 3630 3980 mun-

1976 4012 2036 4067 di
2085 4012 2438 4084 principem,
2467 4019 2523 4069 ct
2567 4019 2774 4070 contra
2833 4015 3124 4087 populum
3183 4018 3332 4085 ejus,
3372 4015 3486 4070 hoc
3544 4019 3631 4069 est

1978 4101 2369 4174 philosophos
2427 4102 2760 4171 haereticos,
2807 4104 3240 4168 scliismaticos,
3275 4109 3452 4176 atque
3501 4121 3626 4159 om-

1978 4205 2084 4245 nes
2110 4190 2368 4263 iniquos,
2403 4208 2540 4246 cum
2571 4198 2739 4248 scuto
2778 4193 2915 4248 fidei
2960 4198 3138 4265 atque
3170 4193 3352 4248 armis
3401 4193 3628 4265 spirita-

1979 4279 2137 4334 libus
2167 4280 2497 4349 conﬂigunt
2517 4281 2543 4335 ?
2575 4281 2742 4337 Moab
2768 4298 2910 4352 ergo
2935 4283 3038 4354 qui
3069 4283 3144 4337 de
3182 4283 3408 4338 incesto
3452 4288 3627 4337 natus

1978 4376 2086 4432 est,
2113 4374 2170 4425 et
2196 4371 2612 4442 interpretatur
2641 4372 2714 4427 de
2735 4381 2932 4440 patre,
2973 4373 3126 4428 bene
3185 4373 3296 4428 illis
3351 4372 3627 4427 convenit

1978 4458 2057 4514 ad
2087 4475 2240 4530 quos
2269 4459 2554 4515 Dominus
2575 4460 2738 4516 dixit:
2761 4485 2788 4510 «
2814 4465 2926 4516 Vos
2949 4461 3022 4515 de
3054 4461 3296 4516 diabolo
3314 4460 3434 4514 nati
3463 4460 3620 4524 estis,

1977 4552 2034 4604 et
2082 4548 2258 4603 vultis
2311 4548 2505 4606 facere
2563 4549 2928 4606 voluntatem
2986 4551 3171 4620 patris
3213 4547 3390 4602 vestri
3424 4548 3620 4615 (Joan.

1978 4639 2114 4707 vui).
2145 4657 2175 4690 ›
2200 4638 2262 4692 Hi
2293 4655 2435 4708 ergo
2463 4639 2858 4694 adversantur
2889 4638 3155 4693 Ecclesiae
3181 4635 3396 4708 partim
3423 4634 3620 4700 minis,

1976 4727 2193 4798 partim
2224 4728 2760 4800 persecutionibus,
2791 4727 3006 4800 partim
3039 4726 3178 4781 dolo
3226 4742 3295 4780 ac
3326 4724 3491 4780 falsis
3516 4724 3622 4778 fic-

1973 4817 2240 4872 tionibus
2272 4835 2283 4871 :
2319 4817 2421 4871 sed
2454 4834 2558 4889 per
2606 4818 2818 4874 Christi
2860 4817 3156 4882 virtutem,
3189 4817 3293 4888 qui
3323 4821 3503 4888 caput
3533 4819 3624 4870 est

1974 4906 2181 4980 populi
2243 4907 2571 4977 Christiani,
2624 4911 2982 4978 superantur
3034 4912 3212 4978 atque
3261 4906 3618 4975 effugantur.

1973 4996 2202 5062 Quibus
2227 4997 2307 5052 ait
2333 4997 2625 5068 propheta
2647 4997 2880 5052 Domini
2913 5015 2925 5052 :
2961 5014 2995 5052 a
3028 4998 3214 5054 Facite
3241 4997 3478 5054 alveum
3511 5000 3625 5052 tor-

1973 5085 2152 5142 rentis
2183 5086 2384 5156 hujus,
2418 5086 2609 5142 fossas
2637 5090 2691 5142 et
2749 5087 2964 5143 fossas.
3015 5091 3141 5142 Non
3170 5087 3446 5144 videbitis
3479 5103 3622 5142 ven-

1975 5179 2102 5232 tum
2131 5193 2326 5250 neque
2349 5176 2926 5248 pluviam,etalveus
2952 5179 3059 5234 iste
3088 5178 3410 5250 replebitur
3426 5179 3620 5250 aquis,

1971 5271 2028 5321 et
2051 5265 2266 5322 bibetis
2292 5282 2398 5321 vos
2446 5271 2502 5322 et
2532 5267 2766 5323 familiae
2799 5275 3020 5330 vestrae,
3058 5291 3084 5317 »
3112 5274 3169 5324 et
3194 5268 3441 5340 reliqua.
3478 5271 3622 5322 Ecce

1972 5355 2264 5426 propheta
2290 5355 2520 5410 Domini
2553 5357 2778 5429 populo
2801 5358 2888 5413 siti
2919 5358 3186 5425 fatigato,
3229 5373 3336 5430 per
3367 5357 3620 5412 miracu-

1971 5443 2094 5499 lum
2143 5444 2364 5499 factum
2417 5461 2452 5501 a
2503 5447 2754 5503 Domino
2786 5448 3055 5512 consulit,
3087 5447 3170 5502 sic
3209 5452 3266 5502 et
3315 5446 3618 5518 prophetae

1973 5534 2130 5588 dicta
2159 5534 2476 5590 consilium
2507 5537 2774 5608 praebent
2817 5537 3115 5602 fidelibus,
3148 5537 3400 5609 qualiter
3449 5533 3617 5605 spiri-

1979 5621 2080 5677 tali
2111 5621 2381 5680 doctrina
2429 5627 2583 5683 sitim
2635 5644 2808 5682 suam
2838 5629 3240 5696 cxstinguant,
3282 5630 3460 5695 atque
3489 5621 3615 5676 ani-
