4102 6184
434 157 540 212 409

1528 144 1886 204 ANGELOMI
1926 140 2390 200 LUXOVIENSIS
2430 145 2743 202 MONAGHI

3746 147 3850 200 eoo

433 294 607 335 mum
629 276 916 334 reﬁciant.
945 273 1121 328 Jubet
1143 287 1285 341 ergo
1317 271 1513 328 fossas
1542 271 1735 326 facere
1773 269 1832 325 in
1859 273 2081 324 torren-
2111 272 2160 326 Α
2199 268 2251 339 (Ι
2277 270 2414 324 Cor.
2448 271 2508 341 1),
2551 289 2580 321 »
2612 284 2809 341 pauca
2856 266 2930 322 de
2983 266 3290 340 prophetis
3346 265 3626 339 exempla
3678 268 3858 341 repli-

436 368 510 424 tis
543 367 732 432 alveo,
766 367 822 419 et
872 362 954 417 ita
1001 359 1268 432 praedicit
1314 361 1544 432 absque
1584 359 1774 414 ventis
1802 364 1858 413 et
1884 358 2086 429 pluvia

434 469 733 528 aquarum
760 451 1118 520 largitatem.
1155 450 1303 515 Quid
1335 454 1422 505 est
1456 450 1648 504 fossas
1681 449 1741 504 in
1775 447 1940 503 alveo
1969 453 2085 502 tor-

431 543 614 601 rentis
641 539 985 607 facere,nisi
1011 539 1316 612 profunda
1338 541 1621 611 mysteria
1647 539 1706 594 in
1730 538 1912 593 sacris
1936 537 2086 592 Seri-

430 632 622 706 pturis
644 632 706 688 in
735 631 899 686 bono
917 628 1114 684 studio
1135 629 1440 701 quaerere?
1466 645 1601 700 qua:
1623 628 1852 700 absque
1883 626 2088 699 pluvia

433 727 490 779 et
519 725 694 778 vento
724 734 887 792 aqua
911 716 1233 790 replentur,
1265 717 1409 790 quia
1431 733 1587 788 saepe
1619 716 1847 789 absque
1877 716 2087 770 huma-

430 826 511 866 no
543 810 757 866 solatio
784 806 1141 880 sapientiam
1164 806 1390 862 confert
1421 807 1542 862 suis
1565 804 2086 875 iuvestigatoribus

429 899 698 972 potentia
750 897 975 953 divina.
1022 895 1187 952 Unde
1243 895 1386 952 dicit
1437 898 1695 951 Joannes
1724 894 2082 967 apostolus:

432 1013 460 1040 ‹‹
493 993 621 1046 Non
651 1002 897 1043 necesse
943 984 1194 1052 habetis,
1225 987 1291 1040 ut
1319 984 1534 1057 aliquis
1563 983 1777 1039 doceat
1820 999 1947 1052 vos,
1980 982 2086 1037 sed

431 1078 586 1135 sicut
614 1076 814 1133 unctio
840 1075 968 1146 ejus
990 1073 1164 1129 docet
1179 1089 1286 1129 vos
1308 1073 1382 1128 de
1399 1073 1680 1129 omnibus
1699 1075 1757 1140 (Ι
1769 1074 1947 1128 Joan.
1964 1088 2084 1143 11;.»

430 1199 499 1212 --
519 1190 547 1216 ‹‹
573 1166 739 1223 Unde
771 1164 986 1220 bibunt
1010 1163 1284 1218 homines
1305 1167 1363 1218 et
1386 1163 1680 1233 jumenta.
1702 1184 1729 1210 »
1754 1161 1818 1216 Id
1844 1165 1931 1216 est
1950 1161 2087 1216 doc-

427 1258 648 1317 trinam
695 1253 998 1326 accipiunt
1050 1251 1346 1322 ingeniosi
1393 1267 1619 1325 quique
1669 1257 1724 1307 et
1757 1250 2081 1322 simplices,

429 1348 576 1421 quia
612 1348 909 1417 quantum
936 1342 1156 1399 idonea
1185 1346 1273 1398 est
1323 1341 1527 1398 anima
1569 1340 1930 1414 accipientis,
1959 1343 2084 1396 tan-

429 1441 559 1493 tum
589 1433 670 1491 ibi
698 1431 962 1488 inveniet
989 1430 1337 1488 documenti
1365 1446 1487 1485 suae
1521 1429 1746 1486 salutis.
1771 1429 2044 1501 Sequitur
2068 1445 2080 1483 :

430 1546 458 1576 ι(
488 1527 826 1596 Parumque
851 1521 967 1577 hoc
996 1523 1084 1576 est
1111 1519 1172 1576 in
1200 1523 1525 1592 conspectu
1557 1518 1810 1585 Domini,
1841 1518 2086 1590 insuper

2196 357 2393 413 can-la
2424 363 2582 414 sunt.
2610 364 2794 413 Amos
2826 357 3088 428 loquitur
3108 375 3120 410 ι
3143 377 3169 404 ‹‹
3202 356 3339 411 Haec
3368 355 3508 411 dicit
3542 356 3858 422 Dominus,

2198 463 2380 520 super
2414 447 2596 502 tribus
2647 449 2726 502 im
2737 445 3054 518 pietatibus
3078 445 3274 512 Moab,
3304 450 3362 501 et
3387 461 3568 518 super
3596 453 3861 519 quatuor

2194 553 2316 592 non
2349 537 2683 592 adversabo
2716 551 2875 604 cum,
2908 551 3018 608 pro
3048 551 3120 592 eo
3151 535 3318 608 quod
3356 535 3696 592 combussit
3720 554 3861 595 ossa

2193 626 2348 696 regis
2401 626 2672 682 Idumaeas
2704 626 2766 681 in
2813 625 3060 681 cineres.
3091 648 3119 675 ››
3157 627 3297 680 Vere
3347 625 3509 680 enim
3555 626 3860 700 quidquid

2193 716 2252 770 in
2286 715 2498 771 saeculo
2548 715 2904 785 dogmatum
2957 730 3402 786 perversorum,
3433 714 3741 788 quidquid
3781 717 3862 774 ad

2192 809 2490 860 terrenam
2539 805 2892 877 sapientiam
2920 804 3172 876 pertinet
3191 807 3439 876 putatur
3481 821 3613 860 esse
3640 805 3858 862 robus-

2195 898 2342 949 tum.
2381 898 2496 950 Hoc
2523 893 2901 950 dialecticum
2934 893 3317 959 subvertitur,
3351 897 3408 949 et
3437 893 3624 949 instar
3649 895 3859 951 incen-

2195 983 2276 1040 dii
2326 984 2386 1039 iu
2433 984 2660 1040 cineres
2700 983 3052 1055 favillasque
3083 983 3450 1051 dissolvitur,
3477 987 3540 1038 ut
3565 985 3861 1057 probetur

2193 1073 2359 1142 nihil,
2410 1073 2574 1145 quod
2618 1072 2941 1144 putabatur
2983 1087 3113 1128 esse
3164 1071 3578 1128 fortissimum.
3629 1075 3745 1130 Sed
3801 1081 3865 1132 et

2194 1164 2375 1219 Isaias
2406 1162 2752 1235 superbiam
2779 1161 2947 1218 Moab
2973 1163 3191 1232 arguit,
3221 1162 3466 1219 dicens:
3498 1164 3860 1222 Audivimus

2193 1251 2618 1310 contumeliam
2671 1252 2864 1315 Moab,
2895 1251 3364 1307 contumeliosus
3393 1257 3483 1309 est
3511 1254 3705 1320 nimis,
3746 1273 3854 1310 su-

2193 1342 2468 1416 perbiam
2497 1343 2628 1414 ejus
2659 1340 2876 1397 abstuli
2905 1343 3044 1412 (Isa.
3074 1343 3214 1412 xvr).
3238 1364 3266 1390 »
3287 1342 3576 1399 Jeremias
3603 1359 3854 1417 quoque

2195 1437 2404 1488 contra
2433 1447 2644 1487 omnes
2674 1431 3006 1487 vaticinans
3053 1431 3327 1487 nationes
3376 1432 3616 1504 proprie
3653 1433 3855 1506 loqui-

2195 1525 2288 1576 tur
2337 1520 2417 1577 ad
2461 1520 2628 1576 Moab
2669 1522 2813 1591 (Jer.
2855 1524 3070 1588 mni),
3123 1519 3293 1592 quod
3323 1543 3350 1570 «
3391 1521 3744 1579 confidebas
3789 1523 3857 1580 in

430 1613 623 1669 tradet
673 1611 855 1668 etiam
907 1609 1088 1666 Moab
1136 1609 1198 1665 in
1239 1625 1460 1665 manus
1490 1613 1734 1673 vestras,
1765 1632 1793 1657 »
1815 1612 1924 1663 etc.
1958 1611 2083 1662 Non
2114 1628 2156 1681 Β
2194 1609 2627 1665 munitionibus
2659 1609 2838 1678 tuis,»
2871 1613 2947 1674 et,
2973 1612 3107 1681 post
3136 1625 3352 1681 pauca;
3378 1632 3406 1659 ‹‹
3433 1610 3671 1667 habens
3700 1611 3858 1668 ﬁdu-

430 1702 592 1758 enim
618 1700 835 1756 sufficit
863 1699 1052 1755 servis
1083 1698 1186 1754 Dei
1213 1697 1421 1754 abdita
1435 1698 1724 1770 mysteria
1745 1697 1912 1764 scire,
1935 1695 2084 1768 quin

430 1790 608 1846 etiam
627 1789 755 1844 aliis
771 1787 1117 1862 praedicare,
1133 1791 1189 1843 et
1210 1787 1683 1843 contradicentes
1702 1786 2082 1854 redarguere,

428 1879 650 1952 quibus
681 1878 980 1950 promissa
1025 1880 1117 1933 est
1165 1879 1326 1932 certa
1369 1876 1443 1932 de
1490 1877 1660 1932 hoste
1717 1875 1980 1931 victoria.
2017 1876 2084 1929 Ut

426 1968 766 2042 percutiant
794 1982 1040 2023 omnem
1069 1963 1366 2021 civitatem
1395 1966 1710 2030 mumitam,
1743 1968 1799 2020 et
1841 1980 2083 2020 omnem

427 2057 644 2113 urbem
673 2057 944 2123 electam,
977 2077 1005 2104 η
1034 2059 1144 2111 etc.
1171 2054 1443 2110 Civitates
1492 2054 1754 2110 munitas
1807 2058 1864 2108 et
1904 2053 2084 2108 urbes

427 2145 664 2214 electas,
696 2160 1021 2217 possumus
1059 2143 1408 2200 saecularem
1437 2143 1820 2215 prudentiam
1877 2142 2086 2198 intelli-

429 2251 590 2307 gere,
609 2235 671 2291 in
699 2249 887 2308 quam
914 2233 1177 2290 maxime
1205 2232 1548 2306 philosophi
1578 2237 1636 2288 et
1662 2232 1923 2288 haeretici
1947 2247 2088 2288 con-

425 2325 642 2382 ﬁdunt.
677 2327 775 2380 Hae
805 2339 950 2395 ergo
977 2338 1084 2396 per
1115 2323 1562 2396 praedicatorem
1594 2322 1783 2378 sancti
1817 2325 2084 2391 Evange-

429 2413 492 2470 lii
541 2413 988 2470 subvertuntur.
1038 2411 1211 2468 Unde
1255 2411 1396 2468 dicit
1445 2411 1808 2484 Apostolus:
1842 2411 2085 2466 «Arma

428 2502 654 2558 militiis
675 2505 897 2557 nostros
921 2515 1047 2556 non
1076 2499 1342 2556 carnalia
1367 2505 1528 2564 sunt,
1550 2501 1655 2555 sed
1679 2499 1945 2572 potentia
1965 2502 2086 2555 Deo

431 2587 513 2644 ad
541 2588 1010 2642 destructionem
1037 2587 1465 2653 munitionum,
1493 2587 1747 2643 consilia
1776 2587 2086 2642 destruen-

427 2680 538 2745 tes,
557 2680 616 2732 et
629 2690 874 2732 omnem
906 2675 1279 2731 altitudinem
1309 2676 1686 2731 extollentem
1710 2693 1773 2732 se
1795 2677 2084 2732 adversus

433 2764 744 2821 scientiam
773 2764 894 2832 Dei,
927 2768 984 2820 et
1031 2764 1094 2819 in
1138 2764 1543 2836 captivitatem
1591 2765 1926 2836 redigentes
1959 2783 2084 2822 om-

430 2869 574 2912 nem
602 2853 962 2910 intellectum
994 2854 1057 2908 in
1087 2853 1446 2926 obsequium
1474 2855 1681 2910 Christi
1712 2861 1769 2910 et
1798 2855 1857 2910 in
1884 2870 2085 2926 prom-

2195 1698 2349 1756 ciam
2375 1698 2435 1754 in
2477 1698 2665 1767 gloria
2694 1704 2815 1753 tua.
2845 1720 2870 1744 ››
2905 1700 2970 1753 Et
2995 1697 3212 1753 iterum
3237 1715 3250 1753 :
3281 1719 3309 1747 «
3340 1699 3635 1771 quoniam
3660 1700 3856 1756 dicitis

2194 1793 2380 1844 sortes
2406 1803 2630 1844 ramos.
2663 1812 2690 1837 ι»
2723 1790 2805 1842 Ac
2839 1787 3054 1842 deinde
3087 1806 3104 1842 ε
3132 1809 3159 1838 ς(
3192 1788 3370 1844 Juxta
3394 1793 3486 1844 est
3522 1788 3653 1844 dies
3681 1791 3856 1846 Moab

2194 1883 2259 1935 ut
2296 1879 2495 1935 veniat
2543 1882 2600 1934 et
2648 1877 2878 1935 malitia
2910 1878 3042 1948 ejus
3072 1877 3272 1934 nimis.
3308 1902 3337 1928 »
3370 1881 3439 1935 Et
3476 1879 3855 1936 manifestius

2193 1967 2332 2023 dicit
2365 1986 2379 2023 :
2414 1990 2440 2016 «
2477 1967 2791 2034 Quomodo
2821 1966 3107 2024 contritus
3135 1972 3224 2022 est
3251 1967 3503 2023 baculus
3530 1967 3850 2038 gloriosus,

2191 2057 2362 2127 virga
2400 2056 2898 2127 magnificentiae?
2927 2079 2954 2105 »
2989 2059 3056 2112 Et
3099 2056 3315 2113 iterum
3348 2075 3360 2112 :
3396 2057 3725 2114 Contritum
3764 2065 3856 2115 est

2194 2163 2382 2203 cornu
2413 2148 2604 2204 Moab.
2639 2168 2666 2196 ››
2696 2148 2828 2201 Haec
2871 2150 3074 2202 autem
3123 2147 3404 2202 dicuntur
3461 2147 3575 2202 sub
3603 2149 3854 2205 nomine

2194 2237 2387 2303 Moab,
2406 2241 2468 2293 ut
2501 2235 2679 2292 stulta
2711 2235 2938 2302 saeculi,
2957 2240 3013 2291 et
3044 2235 3105 2292 in
3130 2235 3356 2292 omium
3385 2252 3621 2309 semper
3645 2236 3844 2293 ferens

2193 2326 2421 2383 malitia
2449 2331 2812 2382 conteratur.

2851 2452 3075 2508 CAPUT
3113 2451 3199 2507 ιν.

2267 2600 2292 2625 ‹‹
2338 2577 2535 2633 Mulier
2562 2582 2762 2634 autem
2789 2576 3075 2650 quaedam
3101 2577 3174 2633 de
3203 2574 3480 2631 uxoribus
3505 2574 3825 2647 propheta-

2195 2689 2221 2716 «
2266 2682 2398 2720 rum
2433 2665 2729 2721 clamabat
2763 2666 2840 2721 ad
2885 2667 3146 2722 Elisaeum
3172 2664 3372 2719 dicens
3408 2681 3422 2719 :
3456 2666 3668 2720 Servus
3695 2669 3840 2720 tuus

2195 2777 2222 2805 ί(
2265 2755 2354 2810 vir
2381 2771 2552 2810 meus
2596 2762 2868 2811 mortuus
2897 2762 3008 2822 est,
3033 2760 3088 2812 et
3125 2760 3186 2811 tu
3231 2754 3418 2810 nostri
3457 2753 3603 2826 quia
3631 2770 3847 2820 servus

2196 2867 2223 2894 «
2267 2849 2404 2900 tuus
2436 2844 2542 2901 fuit
2584 2846 2800 2900 timens
2836 2846 3176 2915 Dominum,
3203 2849 3261 2899 et
3288 2860 3426 2900 ecce
3467 2844 3724 2899 creditor
3751 2861 3850 2899 ve-

427 2948 537 3017 ptu
558 2942 850 3001 habentes
873 2942 1077 2999 ulcisci
1101 2957 1346 3000 omnem
1361 2943 1829 3000 inobedientiam
1847 2947 2080 3012 (IICor.
2115 2975 2161 3029 ο
2196 2956 2222 2982 α
2266 2934 2366 3029 ιξὶι.
2382 2933 2802 3029 ut_l911£:t_fiuos
2837 2934 3182 3029 ﬁliosAmeos
3203 2933 3280 2990 ad
3305 2933 3697 3029 serviendum
3714 2933 3848 3029 sibi.

426 3038 510 3097 x).
538 3055 566 3083 »
597 3031 880 3090 Universa
906 3031 1072 3103 ligna
1099 3031 1399 3088 fructifera
1430 3034 1816 3089 succidantur
1842 3050 1964 3089 non
1985 3033 2085 3090 illa

428 3121 595 3192 ligna
620 3135 758 3195 quae
783 3122 1010 3178 faciunt
1063 3121 1322 3178 fructum
1350 3122 1604 3192 bonum,
1631 3123 1733 3178 sed
1763 3139 1900 3196 quae
1931 3139 2086 3180 mor-

430 3211 668 3269 tiferum
721 3215 1009 3282 generant
1056 3215 1318 3284 pastum,
1349 3225 1486 3284 quae
1535 3211 1838 3268 radicibus
1895 3214 2086 3269 securi

430 3299 728 3358 examinis
759 3301 993 3356 succisa
1020 3300 1316 3372 pabulum
1340 3300 1484 3357 ﬁent
1502 3301 1658 3370 ignis
1686 3303 1906 3358 aeterni.
1929 3307 2086 3359 Cun-

431 3390 629 3462 ctique
654 3389 847 3446 fontes
877 3404 1177 3461 aquarum
1208 3389 1588 3445 obturentur.
1611 3395 1755 3446 Cum
1781 3392 2088 3448 haeresiar-

433 3481 576 3543 chas,
611 3479 790 3535 simul
819 3493 959 3535 cum
1018 3479 1142 3534 suis
1194 3479 1576 3552 sequacibus,
1607 3495 1714 3551 per
1765 3483 2088 3537 catholicos

432 3569 708 3626 doctores
739 3568 1127 3624 damnantur.
1154 3569 1220 3623 Et
1240 3583 1450 3622 omnes
1480 3568 1608 3637 agri
1634 3570 1851 3637 egregii
1877 3571 2085 3641 lapidi-

430 3658 548 3714 bus
577 3657 948 3730 Operiuntur,
981 3671 1120 3712 cum
1147 3660 1434 3712 venustas
1465 3657 1780 3712 locutionis
1807 3659 2085 3714 haereticae

431 3751 612 3820 atque
637 3745 1071 3820 philosophicas
1086 3747 1485 3803 anathematis
1503 3747 1768 3819 pondere
1795 3747 2082 3803 obruitur.

433 3857 461 3888 α
491 3835 763 3910 Nihilque
791 3836 1126 3893 remanebit
1154 3836 1214 3892 in
1244 3840 1402 3892 terra
1428 3837 1618 3903 Moab,
1652 3836 1765 3892 nisi
1788 3838 1942 3893 muri
1967 3843 2088 3893 tan-

430 3930 560 3982 tum
590 3924 822 3993 ﬁctiles,
855 3945 885 3978 ›
913 3925 1030 3982 hoc
1060 3930 1150 3982 est
1176 3925 1340 3982 falsae
1363 3927 1624 3982 rationes
1655 3927 1948 3995 fragilium
1979 3929 2086 3983 do-

431 4014 782 4082 ctrinarum,
831 4029 965 4086 quae
1019 4029 1056 4071 a
1111 4014 1553 4086 fundibulariis,
1605 4016 1664 4072 id
1722 4021 1809 4072 est
1866 4017 2089 4073 sanctis

428 4100 922 4175 praedicatoribus
969 4103 1239 4160 Ecclesiae
1286 4104 1686 4176 circumdatae,
1720 4107 1985 4161 maxima
2016 4123 2088 4161 ex

430 4191 600 4262 parte
625 4189 960 4246 refutantur
984 4196 1041 4247 et
1065 4192 1143 4248 ad
1173 4191 1426 4247 nihilum
1472 4194 1822 4262 rediguntur
1856 4211 1867 4249 :
1913 4196 2084 4259 Quod

431 4279 635 4334 autem
682 4277 967 4342 Moabitae,
1000 4284 1131 4334 orto
1184 4279 1307 4334 sole
1357 4295 1427 4336 ex
1477 4281 1734 4337 adverso
1789 4297 2083 4355 aquarum

429 4365 631 4424 videre
674 4369 883 4423 contra
957 4381 1151 4439 aquas
1200 4368 1436 4438 rubras,
1488 4371 1663 4442 quasi
1729 4373 2082 4439 sanguinem

431 4456 615 4530 gladii
673 4455 1182 4523 existimaverunt,
1213 4455 1478 4514 dicentes
1527 4459 1694 4531 quod
1747 4467 1860 4516 tres
1919 4478 2087 4530 reges

429 4548 536 4622 qui
565 4551 774 4606 contra
823 4564 886 4604 se
932 4553 1220 4605 venerunt
1263 4549 1341 4606 ad
1381 4563 1674 4622 pugnam,
1716 4551 1970 4607 invicem
2026 4569 2089 4609 se

430 4639 808 4708 occidissent,
840 4643 900 4696 et
944 4639 1028 4695 sic
1085 4637 1280 4696 delusi
1325 4645 1499 4696 sunt:
1533 4638 1615 4697 ita
1638 4645 1695 4697 et
1723 4640 2084 4715 philosophi,

428 4728 684 4786 verbum
712 4729 905 4787 crucis
945 4729 1158 4788 Christi
1188 4729 1496 4787 stultitiam
1528 4731 1957 4799 existimantes,
1990 4732 2089 4788 de-

431 4818 626 4874 rident
657 4821 1005 4891 passionem
1035 4824 1092 4877 et
1121 4819 1395 4878 Ecclesia:
1450 4823 1802 4894 martyrium
1836 4823 2085 4878 demen-

431 4904 574 4960 tiam
597 4905 957 4964 existimant.
984 4909 1098 4965 Sed
1120 4911 1457 4968 secundum
1474 4913 1824 4984 Apostolum
1848 4935 1898 4966 :«
1918 4912 2089 4978 Quod

433 4990 679 5047 stultum
737 4997 826 5048 est
884 4994 1004 5062 Dei,
1069 4997 1398 5066 sapientius
1454 5004 1542 5055 est
1603 5001 1974 5069 hominibus,
2032 5005 2090 5057 et

431 5080 600 5153 quod
657 5079 967 5137 infirmum
1016 5087 1106 5138 est
1155 5085 1257 5139 Dei
1334 5087 1545 5142 fortius
1599 5095 1686 5144 est
1741 5090 2088 5145 hominibus

432 5170 491 5241 (Ι
511 5169 648 5225 Cor.
678 5170 760 5240 1):
793 5170 1088 5242 quoniam
1131 5172 1449 5242 prudentia
1498 5177 1694 5230 carnis
1743 5193 1904 5230 mors
1952 5182 2038 5231 est
2072 5193 2084 5231 :

432 5255 754 5332 prudentia
774 5263 976 5316 autem
1009 5260 1250 5334 spiritus
1280 5263 1401 5318 vita
1429 5269 1486 5318 et
1506 5280 1622 5334 pax
1655 5265 1842 5334 (Rom.
1866 5266 2008 5335 vm).
2057 5287 2087 5315 ιθ

431 5346 524 5404 Ad
568 5347 956 5420 probandum
1009 5353 1210 5406 autem
1264 5351 1426 5422 quod
1487 5351 1657 5406 Moab
1703 5351 1762 5406 in
1811 5355 2089 5424 praesenti

432 5435 568 5493 loco
611 5449 790 5509 super
829 5437 1327 5511 philosophorum
1375 5439 1736 5506 intelligatur
1784 5442 2086 5514 superbia,

433 5526 509 5583 de
556 5525 778 5598 quibus
823 5526 1080 5584 dicitur:
1115 5551 1143 5579 «
1174 5527 1428 5584 Perdam
1473 5527 1825 5600 sapientiam
1858 5531 2090 5603 sapien-

433 5616 604 5686 tium,
654 5619 712 5674 et
749 5615 1200 5688 intelligentiam
1247 5617 1699 5688 intelligentium
1750 5621 2087 5694 reprobabo

2197 3046 2223 3072 «ι
2268 3023 2369 3079 Cui
2401 3023 2546 3079 dixit
2579 3024 2818 3080 Elisaeus
2850 3043 2864 3080 ι
2898 3023 3053 3090 Quid
3081 3024 3169 3079 vis
3217 3028 3279 3078 ut
3307 3022 3524 3078 faciam
3571 3022 3700 3077 tibi?
3745 3008 3856 3079 Dic

2197 3135 2223 3161 ‹‹
2266 3113 2413 3168 mihi
2433 3112 2580 3185 quid
2609 3114 2799 3170 babes
2819 3113 2880 3168 in
2905 3113 3090 3170 domo
3115 3113 3258 3169 tua?
3285 3117 3356 3167 At
3375 3111 3475 3168 illa
3503 3112 3852 3185 respondit:

2197 3224 2223 3250 ‹‹
2267 3206 2394 3258 Non
2425 3202 2620 3258 habeo
2647 3202 2864 3258 ancilla
2890 3206 2991 3258 tua
3014 3201 3356 3275 quidquam
3379 3201 3441 3256 in
3472 3201 3656 3256 domo
3694 3217 3856 3264 mea,

2199 3315 2225 3340 ιι
2268 3293 2380 3347 nisi
2407 3308 2621 3365 parum
2655 3292 2765 3349 olei
2798 3309 2920 3364 quo
2969 3307 3183 3364 ungar.
3215 3292 3317 3348 Cui
3357 3292 3440 3347 ait
3470 3308 3482 3346 :
3514 3291 3692 3359 Vade,
3718 3295 3859 3363 pete

2197 3405 2224 3433 «
2267 3389 2478 3437 mutuo
2509 3383 2587 3438 ab
2617 3382 2898 3438 omnibus
2925 3382 3132 3437 vicinis
3166 3381 3280 3437 tuis
3333 3397 3478 3437 vasa
3505 3396 3698 3436 vacua.
3726 3397 3858 3436 non

2197 3494 2225 3520 ‹‹
2268 3487 2485 3543 pauca,
2507 3478 2564 3527 et
2586 3471 2896 3540 ingredere
2921 3476 2978 3526 et
3006 3470 3218 3527 claude
3247 3471 3466 3526 ostium
3491 3475 3679 3539 tuum,
3709 3486 3856 3525 eum

2200 3583 2226 3608 ‹‹
2267 3561 2621 3616 intrinsecus
2660 3561 2840 3616 fueris
2876 3567 2937 3617 tu
2969 3566 3026 3617 et
3053 3560 3157 3616 ﬁlii
3199 3561 3304 3628 tui,
3338 3566 3398 3616 et
3424 3561 3581 3616 mitte
3617 3560 3756 3614 inde
3779 3560 3854 3615 in

2199 3672 2224 3697 α
2270 3650 2478 3705 omnia
2500 3665 2646 3706 vasa
2673 3650 2822 3719 haec,
2845 3655 3064 3706 etcum
3091 3649 3269 3722 plena
3298 3649 3511 3706 fuerint
3537 3647 3713 3704 tolles.
3735 3647 3849 3702 ivit

2199 3761 2224 3785 ‹‹
2270 3739 2468 3811 itaque
2513 3739 2746 3808 mulier,
2779 3762 2809 3788 ››
2840 3745 2896 3795 et
2923 3739 3171 3812 reliqua.
3221 3738 3376 3804 Quid
3411 3755 3512 3811 per
3533 3738 3686 3793 hanc
3712 3752 3852 3792 mu-

2199 3852 2223 3877 ‹‹
2268 3829 2471 3884 lierem
2502 3829 2614 3884 nisi
2634 3835 2840 3885 sancta
2873 3829 3131 3886 Ecclesia
3158 3829 3555 3897 designatur?
3583 3830 3864 3883 Duorum

2198 3918 2586 3991 populorum,
2617 3919 2676 3973 id
2724 3924 2813 3974 est
2850 3918 3079 3974 Judaici
3116 3923 3172 3974 et
3202 3917 3456 3985 gentilis,
3483 3917 3659 3990 quasi
3705 3916 3860 3972 duo-

2198 4027 2328 4064 rum
2364 4009 2622 4064 filiorum
2648 4013 2857 4076 mater,
2880 4025 3011 4080 quae
3042 4007 3206 4080 prius
3236 4024 3307 4063 ex
3333 4023 3619 4080 perverso
3647 4021 3851 4078 opere,

2200 4098 2628 4154 eonsentiendo
2683 4097 2879 4153 callidi
2929 4097 3172 4170 spiritus
3228 4096 3624 4169 persuasioni,
3677 4096 3856 4167 quasi

2200 4187 2528 4259 quemdam
2560 4188 2788 4259 peccati
2839 4203 3162 4243 nummum
3204 4203 3241 4242 a
3289 4186 3578 4242 creditore
3609 4201 3860 4257 accepe-

2199 4279 2292 4328 rat
2335 4281 2394 4330 et
2421 4277 2574 4331 duos
2620 4294 2773 4348 quos
2817 4278 2877 4333 in
2927 4278 3045 4333 ﬁde
3090 4277 3314 4347 genuit,
3370 4275 3640 4332 amittere
3695 4275 3859 4331 ﬁlios

2202 4365 2464 4421 timebat.
2501 4367 2616 4423 Sed
2660 4368 2969 4440 propheta:
3019 4368 3235 4434 verbis,
3268 4367 3330 4423 id
3353 4373 3443 4422 est
3485 4383 3668 4422 sacrm
3698 4367 3890 4422 Scri-‘

2199 4460 2386 4527 pturse
2417 4457 2729 4528 praeceptis
2757 4457 3046 4512 obediens
3073 4473 3146 4512 ex
3173 4472 3363 4530 parvo
3391 4456 3559 4528 quod
3587 4454 3860 4511 habebat

2197 4546 2328 4611 olei,
2359 4561 2552 4602 vacua
2579 4562 2723 4603 vasa
2747 4546 3028 4614 infundit,
3055 4547 3201 4620 quia
3228 4547 3377 4602 dum
3425 4546 3504 4602 ab
3536 4545 3714 4601 unius
3744 4560 3858 4602 ore

2195 4634 2476 4704 doctoris,
2508 4651 2722 4708 parum
2755 4637 3003 4709 quidem
3050 4636 3271 4693 amoris
3326 4635 3668 4702 divinitatis,
3699 4635 3857 4690 mul-

2197 4730 2395 4780 torum
2425 4741 2630 4781 vacuae
2657 4731 2888 4782 mentes
2913 4727 3220 4792 hauriunt,
3252 4725 3618 4782 exuberante
3645 4729 3856 4780 autem

2198 4815 2387 4886 gratia
2419 4822 2860 4886 unguentorum
2888 4817 3072 4873 divini
3102 4817 3346 4886 amoris,
3365 4832 3559 4888 usque
3587 4814 3664 4870 ad
3687 4831 3861 4871 sum-

2199 4922 2366 4960 mum
2395 4906 2714 4979 replentur.
2741 4907 2928 4963 Etiam
2960 4924 3120 4963 nunc
3148 4906 3331 4963 corda
3357 4905 3684 4962 multorum
3711 4921 3860 4977 quae

2196 4997 2362 5067 prius
2413 4997 2648 5053 fuerant
2692 5013 2885 5054 vacua
2933 4997 3200 5068 vascula,
3240 5000 3546 5066 unguento
3603 4995 3860 5068 Spiritus

2199 5084 2377 5156 plena
2402 5092 2557 5151 sunt,
2591 5103 2728 5159 qua;
2755 5104 2827 5143 ex
2878 5087 3176 5160 paucitate
3206 5087 3320 5144 olei
3351 5086 3739 5142 solummodo
3769 5086 3865 5142 in-

2199 5176 2333 5230 fusa
2362 5174 2738 5233 videbantur.
2765 5178 2936 5244 Quod
2966 5191 3108 5233 cum
3135 5177 3266 5233 aliis
3289 5181 3468 5249 atque
3494 5176 3625 5232 aliis
3650 5176 3862 5242 datur,

2197 5269 2251 5318 et
2280 5263 2358 5319 ab
2407 5263 2780 5322 auditoribus
2826 5266 2975 5322 ﬁdes
3023 5267 3328 5339 accipitur,
3359 5271 3566 5338 erepta
3613 5265 3862 5338 mulier,

2195 5353 2467 5410 videlicet
2514 5363 2721 5412 sancta
2779 5357 3033 5414 Ecclesia
3081 5357 3198 5413 sub
3243 5356 3550 5414 creditoris
3580 5355 3672 5412 sui
3718 5355 3866 5426 jam

2196 5443 2398 5500 debito
2429 5460 2553 5500 non
2583 5450 2830 5503 tenetur.

2268 5555 2295 5580 ‹‹
2340 5535 2518 5591 Facta
2537 5539 2623 5592 est
2645 5541 2847 5594 autem
2864 5539 3150 5612 quadam
3177 5539 3327 5607 dies,
3351 5543 3409 5596 et
3428 5538 3724 5596 transibat
3745 5541 3874 5598 Eli-

2197 5645 2223 5671 ‹‹
2270 5639 2428 5680 saeue
2455 5641 2562 5697 per
2586 5627 2832 5686 Sunam.
2858 5632 2991 5687 Erat
3021 5633 3223 5687 autem
3250 5629 3334 5688 ibi
3357 5628 3571 5689 mulier
3597 5644 3865 5701 magna,
