4092 6178
249 161 344 214 50!

1232 164 1480 218 ENARR.
1526 164 1592 218 IN
1635 159 1884 216 LIBROS
1924 158 2183 214 REGUM.
2228 188 2297 198 —
2338 159 2405 214 IN
2451 159 2582 214 LIB.
2624 159 2719 214 IV.

3577 168 3682 223 502
3727 137 3732 142 ’

246 305 276 335 α
313 298 453 355 quae
484 283 670 340 tenuit
706 300 845 341 eum
883 288 949 342 ut
989 287 1329 343 eomederet
1358 303 1599 360 panem.
1635 289 1905 356 Cumque
1938 285 1984 336 A
2019 282 2200 338 misit.
2229 283 2336 339 Per
2387 284 2582 355 legem
2635 283 2860 356 quippe
2909 283 3064 339 Deus
3106 282 3343 352 virgam
3389 287 3677 357 tenuerat,

247 393 275 423 α
315 373 658 444 frequenter
696 375 834 430 inde
888 376 1178 445 transiret,
1212 377 1544 433 divertebat
1573 376 1651 432 ad
1682 391 1816 430 eam
1847 377 1910 428 ut

244 483 270 522 et
312 463 657 519 comederet
705 480 946 536 panem.
981 468 1124 530 Quae
1176 466 1325 522 dixit
1353 467 1430 523 ad
1463 466 1658 521 virum
1697 479 1902 520 suum:

239 570 272 606 ‹
310 551 742 610 Animadverto
770 554 935 626 quod
986 555 1078 610 vir
1106 556 1202 611 Dei
1236 561 1481 612 sanctus
1531 561 1622 611 est
1645 555 1771 618 iste,
1803 552 1907 624 qui

240 664 268 689 ‹‹
311 641 524 698 transit
550 658 656 714 per
677 659 790 698 nos
813 644 1170 716 frequenter.
1206 645 1522 701 Faciamus
1549 645 1602 700 ei
1633 657 1906 700 caenacu-

237 752 266 779 α
306 730 440 786 lum
469 747 750 804 parvum,
791 737 848 788 ct
899 749 1203 805 ponamus
1235 734 1288 789 ei
1317 735 1379 790 in
1436 751 1506 791 eo
1537 733 1819 790 lectulum
1852 736 1908 787 et

237 845 262 869 ιι
307 836 592 877 mensam
625 825 681 877 et
725 822 932 878 sellam
962 827 1019 879 et
1049 823 1504 894 candelabrum,
1541 828 1602 879 ut
1635 839 1772 878 cum
1804 838 1904 877 ve-

239 929 266 959 ι
304 909 463 964 nerit
505 909 586 965 ad
641 925 754 966 nos
808 916 1051 967 maneat
1099 911 1201 968 ibi.
1236 915 1412 969 Facta
1441 917 1530 968 est
1565 912 1742 982 igitur
1779 910 1903 965 dies

233 1019 263 1047 α
303 997 621 1070 quaedam.
653 1021 680 1048 »
703 1003 812 1054 etc.
843 1000 1042 1055 Mulier
1095 1006 1297 1056 autem
1328 1002 1439 1057 ista
1469 1018 1600 1073 quze
1644 1001 1902 1073 prophe-

233 1090 354 1142 tam
387 1086 652 1158 hospitio
683 1089 960 1160 suscepit,
1014 1089 1166 1145 bene
1209 1094 1405 1162 potest
1434 1091 1726 1158 originem
1757 1088 1902 1145 insi-

239 1192 420 1232 nuare
478 1176 690 1248 populi
749 1177 1048 1234 Israelitici
1106 1196 1241 1251 quae
1287 1179 1395 1234 fuit
1439 1180 1498 1234 in
1530 1178 1898 1252 patriarchis.

235 1265 398 1320 Unde
429 1265 585 1321 sicut
612 1266 726 1322 ista
755 1266 1030 1322 Elisteum
1062 1269 1442 1340 prophetam,
1476 1269 1555 1324 ita
1576 1272 1632 1324 et
1655 1268 1756 1323 illa
1788 1268 1900 1322 Do-

226 1355 468 1410 minum
509 1355 944 1440 prophetarum
987 1357 1250 1428 hospitio
1305 1358 1604 1429 suscipere
1663 1357 1896 1417 meruit.

226 1447 378 1499 Nam
433 1441 743 1499 Abraham
797 1449 854 1500 et
901 1445 1046 1500 Sara
1091 1450 1206 1502 tres
1258 1447 1416 1501 viros
1463 1448 1634 1517 juxta
1682 1445 1901 1502 vallem

224 1532 495 1589 Mambre
523 1533 828 1606 suscipere
860 1539 916 1590 et
944 1550 1188 1606 pascere
1218 1541 1583 1591 meruerunt.
1611 1536 1752 1590 Huic
1773 1552 1901 1591 mu-

220 1622 349 1678 lieri
380 1638 511 1678 non
543 1621 786 1678 habenti
817 1622 1006 1678 ﬁlium
1037 1624 1330 1695 propheta
1359 1625 1629 1696 promisit
1671 1624 1895 1680 dicens.

297 1733 323 1758 α
368 1712 436 1765 In
473 1717 742 1782 tempore
767 1711 882 1766 isto
911 1715 968 1766 et
993 1711 1054 1766 in
1106 1711 1220 1767 hac
1252 1713 1466 1769 eadem
1496 1713 1668 1780 hora,
1704 1713 1754 1768 si
1782 1713 1900 1768 vita

221 1822 250 1848 «ι
292 1815 505 1855 comes
533 1799 729 1870 fuerit,
760 1799 1011 1855 habebis
1039 1800 1100 1855 in
1131 1806 1297 1857 utero
1327 1802 1658 1859 tilium.Cui
1688 1801 1791 1858 illa
1812 1819 1899 1858 re-

220 1912 246 1938 a
295 1888 549 1960 spondit
578 1907 590 1943 :
645 1888 789 1955 Noli,
822 1905 1053 1960 qumso,
1089 1891 1335 1947 Domine
1369 1892 1451 1946 mi
1492 1891 1579 1947 vir
1610 1892 1734 1959 Dei,
1773 1891 1898 1947 noli

223 2000 250 2027 cr
293 1977 542 2034 mentiri
561 1978 788 2033 ancillae
821 1983 957 2034 tuae.
991 1983 1058 2036 Et
1077 1980 1350 2052 concepit
1377 1981 1608 2048 mulier,
1639 1986 1697 2036 et
1721 1997 1896 2053 pepe-

224 2093 250 2116 «ι
297 2070 370 2124 rit
421 2068 708 2123 ﬁliumin
752 2073 1042 2140 tempore,
1096 2073 1154 2126 et
1204 2070 1264 2124 in
1320 2071 1471 2126 hora
1529 2070 1740 2127 eadem
1775 2086 1898 2143 qua

229 2181 254 2207 ιι
295 2159 531 2214 dixerat
556 2157 808 2214 Eliseus.
839 2158 1029 2215 Crevit
1061 2161 1263 2215 autem
1287 2176 1458 2232 puer,
1491 2165 1548 2216 et
1577 2177 1716 2216 cum
1744 2164 1898 2216 esset

233 2270 262 2296 (ι
304 2247 585 2318 quaedam
615 2247 764 2309 dies,
797 2251 855 2303 et
875 2263 1149 2317 egressus
1179 2249 1324 2304 isset
1351 2249 1430 2305 ad
1459 2254 1692 2322 patrem
1718 2265 1896 2305 suum

239 2361 269 2386 α
311 2337 388 2392 ad
417 2353 729 2402 messores,
754 2337 834 2392 ait
861 2338 1014 2410 patri
1047 2353 1188 2393 suo:
1241 2343 1429 2411 Caput
1458 2355 1682 2406 meum,
1717 2343 1898 2410 caput

232 2450 260 2476 ει
301 2442 503 2482 meum
551 2426 748 2482 doleo.
783 2431 852 2481 At
902 2426 998 2482 ille
1028 2427 1175 2483 dixit
1200 2444 1420 2500 puero:
1456 2428 1636 2493 Tolle,
1680 2433 1735 2484 et
1776 2427 1896 2486 duc

226 2538 254 2567 κ
294 2532 459 2584 eum,
499 2541 528 2565 ››
585 2520 696 2571 etc.
749 2516 844 2571 His
899 2533 1141 2589 quoque
1201 2517 1418 2574 similia
1469 2518 1758 2574 Dominus
1816 2519 1893 2574 ad

227 2605 539 2662 Abraham
568 2605 767 2660 retulit
793 2605 1028 2660 dicens:
1059 2629 1086 2656 «
1119 2629 1147 2657 ‹‹
1182 2610 1499 2662 Revertens
1547 2608 1783 2663 veniam
1815 2608 1892 2664 ad

225 2699 294 2760 te,
328 2701 606 2767 tempore
639 2693 753 2749 isto
771 2693 890 2749 vita
921 2695 1155 2764 comite,
1181 2701 1237 2751 et
1262 2696 1508 2752 habebit
1530 2698 1675 2752 Sara
1701 2696 1892 2754 ﬁlium

229 2799 371 2839 uxor
399 2789 523 2840 tua.
563 2785 695 2849 Quo
726 2783 955 2850 audito,
1019 2785 1164 2839 Sara
1202 2785 1332 2840 risit
1367 2790 1504 2857 post
1555 2786 1771 2842 ostium
1801 2791 1890 2842 ta-

227 2872 554 2941 bernaculi,
596 2871 827 2927 occulte
857 2871 1090 2927 dicens:
1126 2876 1452 2944 Postquam
1483 2875 1792 2943 consenui,
1835 2870 1893 2930 et

2020 387 2158 428 cum
2189 372 2458 430 dicebat:
2496 373 2549 430 Si
2601 373 2736 446 quis
2779 373 2904 428 haec
2956 371 3053 428 vel
3094 371 3196 428 illa
3238 371 3458 442 fecerit,
3489 383 3682 434 morte

2017 461 2323 517 moriatur.
2354 469 2398 518 Α
2458 469 2720 536 peccatis
2771 461 2948 532 igitur
3003 465 3215 527 morte,
3245 477 3359 518 nos
3392 465 3679 522 suscitare

2014 565 2137 605 non
2164 550 2367 620 valuit,
2402 551 2506 606 sed
2536 551 2613 607 ad
2641 555 2862 608 statum
2891 550 3022 606 vita:
3052 549 3318 621 aspirata
3335 558 3682 611 mansuetu—

2014 638 2170 693 dinis
2201 641 2392 708 gratia
2420 640 2620 696 erexit.
2653 639 2766 696 Sed
2793 655 2944 712 puer
2969 654 3109 694 cum
3138 638 3356 696 baculo
3389 642 3677 699 suscitare

2015 731 2320 784 mortuum
2346 745 2467 785 non
2500 729 2705 797 valuit,
2739 729 2904 801 quia,
2933 727 3118 784 Paulo
3148 731 3492 786 attestante:
3525 731 3679 788 Nihil

2015 817 2092 872 ad
2119 817 2448 889 perfectum
2480 818 2731 874 adduxit
2757 817 2874 873 lex.
2912 819 3040 890 Ipse
3070 820 3272 873 autem
3321 835 3429 892 per
3459 825 3677 878 semet-

2013 905 2217 978 ipsum
2242 907 2513 973 veniens,
2535 913 2592 964 et
2613 923 2792 980 super
2822 906 3076 963 cadaver
3105 907 3406 964 humiliter
3439 925 3502 964 se
3530 913 3672 966 ster-

2012 1011 2184 1065 nens,
2209 1001 2266 1052 et
2293 997 2677 1069 exsequenda
2706 996 2822 1052 sibi
2851 995 3070 1053 mortui
3090 997 3368 1054 membra
3403 1013 3465 1053 se
3496 999 3673 1056 colle-

2015 1085 2116 1154 git,
2145 1085 2290 1156 quia
2321 1109 2346 1136 «
2377 1102 2516 1141 cum
2545 1086 2605 1141 in
2656 1087 2852 1141 forma
2894 1084 2995 1140 Dei
3037 1088 3211 1151 esset,
3240 1101 3365 1142 non
3391 1087 3671 1160 rapinam

2020 1197 2044 1223 ι‹
2085 1175 2406 1231 arbitratus
2433 1182 2519 1232 est
2559 1192 2687 1230 esse
2719 1191 2781 1231 se
2807 1175 3104 1248 aequalem
3136 1179 3277 1246 Deo,
3309 1177 3415 1232 sed
3443 1178 3675 1235 semeti-

2014 1287 2042 1313 α
2083 1280 2263 1336 psum
2295 1265 2622 1321 exinanivit
2651 1267 2908 1321 formam
2935 1264 3085 1320 servi
3106 1265 3404 1337 accipiens
3427 1266 3490 1322 in
3515 1267 3674 1324 simi-

2014 1375 2042 1402 ‹‹
2083 1353 2396 1409 litudinem
2449 1354 2768 1410 hominum
2815 1353 3006 1412 factus
3038 1358 3096 1410 et
3144 1354 3356 1413 habitu
3399 1355 3674 1414 inventus

2012 1465 2040 1490 «
2082 1447 2146 1498 ut
2171 1442 2354 1499 homo
2387 1444 2572 1514 (Phil.
2607 1449 2687 1508 ιι).
2725 1467 2753 1493 »
3363 1435 3367 1438 ’

2086 1556 2113 1582 ‹‹
2141 1533 2265 1589 Huc
2291 1533 2551 1606 illucque
2581 1533 3034 1604 deambulabat,
3069 1555 3098 1584 »
3129 1533 3274 1606 quia
3318 1538 3376 1591 et
3401 1535 3672 1593 Iudaeam

1944 1641 1984 1693 Β
2007 1623 2180 1694 juxta
2219 1628 2275 1678 et
2320 1623 2498 1694 longe
2529 1623 2756 1696 positas
2787 1627 2993 1692 gentes
3025 1628 3220 1680 vocat.
3254 1625 3480 1698 «Super
3508 1641 3672 1682 mor-

2011 1717 2181 1768 tuum
2213 1713 2427 1785 septies
2455 1713 2726 1784 inspirat,
2752 1734 2780 1761 »
2819 1712 2962 1784 quia
2990 1728 3097 1784 per
3125 1713 3498 1786 apertionem
3527 1713 3674 1770 divi-

2011 1802 2070 1856 ni
2120 1802 2402 1869 muneris,
2434 1803 2686 1871 gratiam
2717 1802 3076 1875 septiformis
3121 1803 3384 1875 spiritus,
3433 1803 3496 1860 in
3538 1820 3673 1878 pec-

2010 1891 2123 1946 cati
2147 1897 2338 1947 morte
2359 1892 2698 1962 jacentibus
2727 1891 2968 1964 aspirat.
2986 1914 3014 1941 ‹‹
3041 1893 3291 1964 Moxque
3318 1891 3526 1948 vivens
3561 1893 3669 1949 eri-

2008 1981 2183 2051 gitur,
2219 2005 2246 2031 »
2278 1981 2420 2054 quia
2460 1982 2510 2037 is
2553 1998 2734 2054 quem
2784 1980 3024 2037 terroris
3057 1981 3192 2051 viga
3223 1982 3508 2038 suscitare
3545 1997 3670 2039 non

2007 2070 2221 2141 potuit,
2253 2085 2359 2142 per
2388 2071 2612 2126 amoris
2661 2069 2935 2142 spiritum
2965 2085 3116 2142 puer
3142 2069 3223 2126 ad
3272 2069 3459 2126 vitam
3495 2070 3667 2128 redit.

2078 2181 2105 2208 ‹‹
2149 2161 2284 2214 Erat
2313 2164 2515 2214 autem
2555 2159 2745 2214 fames
2799 2159 2862 2214 in
2893 2162 3066 2226 terra,
3113 2162 3169 2213 et
3197 2157 3302 2213 ﬁlii
3353 2158 3669 2230 propheta-

2006 2269 2033 2296 ‹‹
2074 2263 2211 2302 rum
2255 2247 2609 2304 habitabant
2637 2263 2842 2304 coram
2869 2263 2964 2319 eo,
2991 2246 3255 2319 dixitque
3285 2247 3390 2303 uni
3419 2247 3494 2304 de
3518 2263 3667 2320 pue-

2006 2359 2032 2386 ‹‹
2076 2337 2155 2391 ris
2187 2337 2342 2393 suis:
2371 2341 2525 2394 Pone
2559 2338 2741 2394 ollam
2773 2337 3164 2407 grandem,et
3183 2351 3376 2409 coque
3392 2337 3666 2409 pulmen-

2005 2449 2032 2476 «
2075 2430 2200 2481 tum
2242 2426 2376 2481 ﬁliis
2405 2428 2860 2500 prophetarum.
2889 2446 2920 2479 ι
2951 2429 3108 2495 Erat,
3135 2426 3350 2498 inquit,
3382 2426 3575 2483 fames
3603 2427 3668 2483 in

2003 2518 2181 2582 terra,
2212 2530 2335 2570 non
2369 2515 2557 2571 fames
2589 2515 2792 2587 utique
2821 2515 3018 2587 panis,
3041 2531 3154 2571 nec
3188 2514 3314 2570 sitis
3339 2531 3534 2588 aqua,
3559 2515 3667 2572 sed

2001 2602 2291 2658 audiendi
2319 2603 2570 2660 verbum
2627 2603 2881 2660 Domini.
2917 2626 2944 2652 ‹‹
2978 2607 3047 2660 Et
3090 2603 3196 2659 filii
3225 2604 3661 2676 prophetarum

2000 2693 2358 2750 habitabant
2403 2709 2607 2749 coram
2640 2694 2867 2750 Elisaio.
2902 2715 2930 2744 »
2963 2697 3112 2752 Cum
3140 2693 3245 2750 ﬁlii
3269 2709 3481 2750 eorum
3509 2709 3660 2766 prae-

2002 2781 2361 2854 dicatorum,
2395 2783 2500 2854 qui
2557 2783 2958 2840 ambulabant
3009 2783 3068 2839 in
3114 2783 3244 2855 lege
3297 2782 3553 2852 Domini,
3607 2788 3664 2840 et

2003 2877 2344 2928 scrutantur
2397 2874 2736 2930 testimonia
2769 2874 2899 2944 ejus
2946 2873 3008 2929 in
3053 2878 3178 2930 toto
3230 2873 3411 2930 corde
3451 2873 3660 2946 exqui-
3699 2893 3703 2900 ·

221 2961 500 3022 dominus
532 2977 705 3018 meus
740 2960 972 3018 vetulus
1007 2966 1113 3033 est,
1137 2959 1427 3035 voluptati
1452 2979 1700 3035 operam
1726 2964 1888 3021 dabo
1931 2995 1970 3048 ρ
1999 2966 2196 3018 rentes
2219 2978 2380 3032 eum,
2399 2961 2460 3018 in
2477 2962 2794 3034 praesentia
2815 2961 3052 3019 Domini
3080 2962 3398 3020 Salvatoris
3425 2977 3662 3035 semper

223 3051 376 3123 (Gen.
404 3052 614 3122 xvm)?
638 3070 667 3103 ›
712 3049 976 3108 Visitavit
1005 3056 1207 3107 autem
1242 3052 1528 3108 Dominus
1568 3056 1775 3109 Saram
1809 3055 1887 3110 si-

221 3149 314 3197 cut
343 3139 706 3214 promiserat
731 3140 803 3207 ei,
833 3143 888 3196 et
914 3139 1182 3213 implevit
1211 3141 1596 3213 qumlocutus
1615 3146 1722 3210 est,
1752 3158 1888 3198 con-

223 3231 492 3303 cepitque
521 3235 577 3285 et
600 3229 832 3302 peperit
859 3228 1049 3285 tilium
1076 3229 1137 3285 in
1164 3232 1464 3286 senectute
1493 3247 1626 3300 sua,
1655 3235 1886 3303 tempo-

230 3333 294 3372 re
321 3331 439 3388 quo
469 3318 821 3390 praedixerat
860 3318 909 3374 ei
944 3320 1116 3374 Deus.
1153 3319 1334 3390 Igitur
1371 3333 1675 3392 posquam
1707 3321 1888 3378 crevit

234 3419 401 3475 puer,
434 3407 624 3460 tactus
654 3406 854 3462 dolore
901 3407 1108 3478 capitis
1154 3407 1472 3474 immenso,
1527 3408 1685 3464 circa
1713 3409 1886 3465 meri-

235 3491 389 3548 diem
419 3492 725 3549 defunctus
757 3498 863 3551 est.
891 3498 1038 3551 Cum
1058 3494 1694 3568 populuslsraeliticus
1726 3500 1885 3569 post.

229 3595 402 3653 quam
433 3582 493 3637 in
522 3585 774 3655 .Egypto
805 3584 1080 3651 excrevit,
1110 3590 1167 3639 et
1191 3601 1298 3656 per
1324 3587 1561 3657 Moysen
1588 3586 1649 3640 in
1681 3585 1881 3641 deser-

227 3680 280 3730 to
309 3670 554 3726 eductus
585 3673 822 3727 Domini
851 3689 1060 3728 vocem
1091 3673 1363 3728 audierat
1392 3673 1451 3728 in
1491 3674 1629 3742 igne
1657 3679 1714 3730 et
1742 3675 1882 3730 cali-

235 3761 377 3825 gine,
431 3760 684 3832 quando
735 3760 962 3816 lumine
1016 3760 1272 3817 scientiae
1323 3761 1528 3818 debuit
1580 3762 1879 3840 illustrari,

236 3860 360 3902 mox
405 3850 614 3905 animo
667 3849 746 3905 ad
788 3848 1189 3906 idololatriam
1250 3866 1560 3906 recurrens
1607 3856 1879 3908 mortuus

231 3940 322 3992 est.

282 4049 306 4072 εί
349 4029 415 4084 Et
442 4028 529 4083 ait
556 4026 784 4082 Eliseus
816 4027 893 4084 ad
924 4028 1074 4085 Giezi
1094 4044 1351 4101 puerum
1373 4045 1551 4084 suum
1577 4047 1588 4084 :
1622 4029 1877 4099 Accinge

213 4135 238 4161 «
271 4113 523 4172 lumbos
555 4121 714 4182 tuos,
759 4122 816 4172 et
862 4117 997 4173 tolle
1047 4118 1332 4174 baculum
1363 4133 1568 4174 meum
1600 4118 1662 4174 in
1689 4133 1878 4175 manu

209 4221 236 4255 ‹
273 4207 394 4269 tua,
430 4212 490 4262 et
521 4206 695 4261 vade.
731 4206 786 4261 Si
828 4208 1084 4262 occurrit
1113 4207 1217 4262 tibi
1247 4209 1450 4277 homo,
1499 4223 1622 4263 non
1655 4206 1875 4263 salutes

206 4312 232 4339 ιι
267 4308 437 4363 eum,
462 4296 524 4348 et
564 4293 613 4348 si
645 4293 988 4350 salutaverit
1013 4299 1065 4350 te
1113 4295 1436 4367 quispiam,
1468 4311 1589 4351 non
1620 4309 1874 4368 respon-

204 4402 228 4426 «
264 4381 414 4440 deas
587 4385 654 4438 Et
683 4399 871 4455 pones
901 4383 1185 4440 baculum
1212 4401 1414 4440 meum
1446 4399 1627 4457 super
1656 4385 1872 4442 faciem

199 4491 224 4517 α
262 4473 469 4543 pueri.
500 4475 682 4528 Porro
713 4478 902 4528 mater
931 4473 1099 4546 pueri
1147 4474 1226 4529 ait
1255 4491 1267 4528 :
1297 4474 1446 4529 Vivit
1475 4474 1782 4538 Dominus,
1816 4481 1872 4531 et

199 4581 224 4606 «ί
256 4563 402 4620 vivit
439 4561 652 4618 anima
681 4567 939 4630 tua,non
956 4563 1253 4619 dimittam
1279 4569 1351 4620 te.
1369 4563 1628 4619 Surrexit
1651 4579 1794 4633 ergo
1815 4569 1872 4621 et

196 4667 222 4702 ‹
259 4656 520 4708 secutus
553 4654 643 4706 est
697 4667 850 4707 eam.
886 4651 1036 4707 Giezi
1067 4657 1267 4708 autem
1322 4659 1706 4724 praecesserat
1732 4657 1868 4710 ante

197 4761 218 4786 ιε
258 4757 386 4807 eos,
418 4764 456 4791 »
493 4745 604 4796 etc.
642 4741 793 4806 Quid
817 4748 1013 4797 autem
1043 4742 1352 4810 signiﬁcat,
1387 4742 1552 4814 quod
1593 4758 1744 4815 puer
1789 4745 1867 4800 ab

193 4827 395 4886 Eliszeo
439 4830 671 4884 missus
704 4846 842 4885 cum
865 4829 1082 4885 baculo
1105 4846 1226 4886 non
1257 4830 1614 4887 resuscitat?
1640 4835 1744 4888 Per
1783 4849 1868 4888 se-

191 4920 531 4990 metipsum
564 4933 706 4973 vero
734 4917 972 4974 Elisaeus
1000 4919 1269 4985 veniens,
1299 4935 1482 4991 seque
1514 4935 1693 4990 super
1712 4935 1867 4975 mor-

187 5009 352 5064 tuum
409 5011 724 5076 sternens,
757 5011 936 5080 atque
989 5007 1066 5066 ad
1115 5009 1247 5078 ejus
1281 5008 1556 5066 membra
1600 5023 1661 5062 se
1711 5007 1868 5064 colli-

188 5109 354 5163 gens.
377 5100 514 5156 huc
562 5095 825 5168 illucque
871 5097 1295 5164 deambulans,
1329 5102 1384 5154 et
1426 5097 1487 5153 in
1514 5113 1614 5154 ore
1645 5097 1866 5154 mortui

191 5188 404 5258 septies
433 5185 748 5258 aspirans,
772 5185 932 5242 hunc
965 5185 1043 5242 ad
1073 5185 1401 5242 redivivam
1443 5187 1640 5244 lucem
1686 5187 1864 5259 proti-

188 5290 297 5331 nus
327 5293 447 5350 per
479 5275 886 5334 ministerium
915 5276 1350 5348 compassionis
1401 5277 1705 5344 animavit,
1749 5279 1866 5334 nisi

188 5367 354 5437 quod
417 5370 644 5423 auctor
695 5365 946 5422 humani
1001 5367 1232 5436 generis
1286 5368 1463 5435 Deus,
1494 5366 1669 5438 quasi
1712 5373 1876 5424 mor-‘

190 5459 361 5512 tuum
387 5471 662 5528 puerum
688 5454 894 5524 doluit,
936 5472 1074 5512 cum
1105 5455 1425 5512 exstinctos
1456 5471 1568 5511 nos
1590 5455 1864 5528 iniquita-

188 5544 258 5599 tis
287 5545 522 5601 aculeo
553 5543 868 5601 miseratus
899 5545 1128 5618 aspexit
1154 5547 1182 5602 ‘I
1219 5549 1284 5602 Et
1311 5545 1455 5618 quia
1487 5560 1593 5617 per
1622 5548 1862 5618 Moysen

189 5639 497 5694 terrorem
540 5632 689 5704 legis
719 5634 980 5707 protulit,
1011 5635 1188 5710 quasi
1217 5651 1324 5710 per
1349 5651 1604 5710 puerum
1629 5636 1862 5708 virgam

1999 3067 2226 3105 VlVUI‘lt.

2038 3056 2450 3208 l‘(iul'lngzrreditur
2480 3154 2630 3210 puer
2667 3138 2727 3194 in
2772 3153 2988 3207 agrum
3023 3142 3092 3194 ut
3141 3138 3380 3208 colligat
3426 3138 3648 3196 herbas

1997 3248 2027 3281 ‹
2067 3233 2353 3297 agrestes,
2379 3231 2678 3299 quatenus
2708 3226 2846 3281 inde
2875 3231 3096 3299 coquat
3137 3227 3538 3299 pulmentum.
3571 3228 3659 3284 In-

1995 3338 2022 3366 ‹‹
2065 3317 2346 3388 venitque
2375 3316 2551 3389 quasi
2594 3315 2775 3371 vitem
2807 3315 3161 3386 silvestrem,
3194 3319 3252 3374 et
3304 3315 3540 3388 collegit
3581 3333 3654 3374 ex

1995 3429 2022 3455 «
2071 3421 2143 3461 ea
2175 3405 2585 3477 colocyntidas
2614 3405 2762 3473 agri.
2795 3406 2955 3470 Quas
2985 3405 3308 3462 concidens
3349 3405 3411 3462 in
3445 3405 3650 3469 ollam,

1995 3515 2023 3543 «
2064 3494 2444 3566 plumentum
2501 3493 2658 3549 facit.
2695 3515 2721 3542 ››
2774 3494 2925 3549 Cum
2971 3495 3110 3566 quis
3139 3477 3345 3551 litterae
3391 3494 3540 3566 legis
3569 3500 3653 3552 at-

1994 3587 2209 3653 tentus,
2235 3583 2330 3639 vel
2359 3582 2789 3656 philosophicis
2818 3582 3154 3656 disciplinis
3175 3584 3499 3654 studiosus,
3521 3601 3656 3658 pas-

1993 3678 2121 3729 tum
2151 3673 2316 3729 verbi
2346 3687 2646 3745 quaarens,
2695 3672 3159 3729 amaritudinem
3200 3673 3404 3730 litteras
3440 3673 3650 3744 legalis

1991 3762 2084 3817 vel
2115 3761 2487 3817 mortiferum
2517 3760 2811 3832 quiddam
2840 3761 2903 3818 in
2932 3760 3441 3833 philosophorum
3484 3761 3651 3818 libris

1986 3849 2323 3918 inveniens,
2355 3849 2715 3906 intermiscet
2769 3849 2999 3906 veritati
3049 3849 3436 3918 Evangelicaa,
3496 3853 3554 3905 et
3579 3850 3643 3906 in

1987 3938 2106 3994 olla
2136 3937 2333 3994 coa'dis
2388 3937 2479 3992 sui
2531 3953 2800 4010 coquens
2830 3937 2945 3996 tale
2977 3938 3380 4010 pulmentum,
3415 3937 3532 3995 hoc
3559 3941 3649 3995 est

1985 4029 2438 4095 documentum,
2466 4032 2766 4100 praeparat
2821 4027 2900 4083 ad
2936 4027 3320 4085 refectionem
3351 4027 3640 4085 auditori-

1983 4118 2100 4174 bus
2121 4118 2266 4173 suis.
2295 4116 2442 4172 Dicit
2467 4117 2625 4172 enim
2657 4116 2978 4190 Apostolus
3022 4133 3073 4172 :«
3106 4117 3320 4174 Littera
3358 4117 3522 4174 enim
3550 4133 3646 4174 oc-

1985 4228 2012 4255 ‹‹
2055 4205 2214 4272 cidit,
2249 4204 2490 4276 spiritus
2548 4208 2751 4260 autem
2801 4204 3064 4262 viviﬁcat
3113 4205 3173 4276 (Ι
3189 4207 3328 4263 Cor.
3359 4207 3466 4278 ru).
3500 4227 3529 4258 »
3579 4208 3646 4263 Et

1982 4294 2164 4350 item:
2211 4316 2238 4343 ‹‹
2269 4294 2606 4364 Prudentia,
2658 4293 2870 4367 inquit,
2903 4294 3100 4352 carnis
3137 4311 3302 4352 mors
3347 4299 3468 4352 est:
3503 4310 3644 4367 pru-

1982 4383 2184 4440 dentia
2213 4387 2414 4439 autem
2440 4383 2680 4455 spiritus
2707 4383 2831 4440 vita
2859 4387 2916 4440 et
2936 4399 3058 4456 pax
3080 4385 3271 4454 (Rom.
3298 4386 3442 4456 vni).
3466 4406 3496 4434 ιο
3521 4386 3642 4440 Hoc

1977 4474 2178 4543 itaque
2210 4473 2530 4530 sentientes
2559 4473 2764 4529 ﬁdeles
2793 4473 3003 4546 populi
3029 4479 3286 4531 mortem
3308 4474 3370 4530 in
3389 4473 3509 4530 olla
3536 4488 3639 4528 ex-

1977 4563 2259 4630 clamant,
2288 4579 2427 4619 cum
2454 4562 2634 4618 falem
2655 4562 2992 4619 doctrinam
3021 4563 3198 4633 quasi
3222 4561 3638 4633 deceptionem

1977 4652 2320 4708 animarum
2366 4652 2727 4707 detestantes
2771 4650 3197 4707 vociferantur.
3247 4649 3362 4706 Sed
3388 4648 3636 4720 jubente

1977 4741 2183 4796 Elissac
2215 4740 2405 4796 farina
2435 4742 2494 4796 in
2513 4740 2697 4796 ollam
2726 4740 2994 4806 mittitur,
3024 4754 3166 4794 cum
3193 4737 3440 4794 scientia
3465 4737 3636 4810 spiri-

1975 4829 2150 4886 tualis
2174 4831 2234 4884 in
2265 4829 2379 4886 tale
2400 4829 2832 4885 documentum
2849 4828 3280 4898 intromittitur,
3294 4831 3361 4885 ut
3385 4827 3631 4886 exclusa

1975 4917 2142 4974 omni
2168 4917 2566 4973 amaritudine
2591 4917 2898 4988 pravitatis
2922 4923 3135 4992 pastus
3163 4917 3446 4974 ﬁdelibus
3477 4933 3634 4992 pras-

1975 5011 2216 5080 paretur
2245 5005 2527 5062 salubris.

2047 5120 2075 5149 ι(
2109 5098 2203 5154 Vir
2233 5100 2432 5154 autem
2480 5096 2733 5170 quidam
2761 5098 2925 5156 venit
2969 5099 3043 5156 de
3091 5099 3439 5169 Baalsalisa,
3469 5099 3635 5158 defe-

1976 5209 2004 5237 ‹‹
2045 5203 2182 5242 rens
2203 5187 2330 5244 viro
2363 5187 2464 5243 Dei
2482 5202 2672 5260 panes
2687 5187 3104 5260 primitiarum,
3127 5194 3186 5247 et
3209 5189 3419 5262 viginti
3438 5205 3632 5265 panes

1976 5300 2003 5327 ‹‹
2044 5277 2436 5348 hordeaceos,
2460 5283 2517 5333 et
2546 5278 2916 5335 frumentum
2939 5295 3167 5337 novum
3189 5281 3252 5337 in
3282 5295 3467 5355 opera
3493 5296 3630 5338 sua.

1975 5389 2004 5417 «
2044 5369 2119 5423 At
2156 5367 2251 5423 ille
2281 5367 2462 5422 dixit:
2495 5368 2580 5424 Da
2609 5369 2838 5442 populo
2867 5374 2933 5426 ut
2955 5371 3254 5427 comebat.
3284 5372 3632 5445 Respondit-

1974 5480 2001 5507 ‹‹
2043 5474 2160 5530 que
2179 5457 2444 5514 minister
2469 5458 2633 5529 ejus:
2666 5462 2966 5525 Quantum
2983 5465 3073 5517 est
3093 5461 3210 5518 hoc
3237 5466 3303 5518 ut
3322 5477 3630 5535 apponam

1974 5569 2001 5597 «
2043 5563 2246 5603 coram
2277 5552 2518 5605 centum
2543 5549 2725 5606 viris?
2745 5554 3002 5608 Rursum
3026 5550 3155 5607 ille:
3189 5555 3294 5616 Da,
3312 5552 3412 5620 ait,
3439 5567 3630 5623 popu-

1975 5657 2004 5688 «
2040 5635 2100 5692 lo
2131 5639 2196 5693 ut
2219 5638 2516 5709 comedat,
2539 5663 2571 5692 »
2587 5643 2646 5698 et
2671 5641 2928 5714 reliqua.
2956 5641 3222 5713 Denique
3251 5641 3342 5696 vir
3368 5639 3444 5694 de
3469 5635 3626 5693 Baal-
