4092 6178
441 161 542 214 503
566 144 571 149 ’

1531 149 1885 206 ANGELOMI
1943 146 2394 204 LUXOVIENSIS
2443 141 2760 204 MONACHI

3737 131 3843 186 504

436 283 618 340 salisa
656 282 859 338 venire
898 274 1267 341 describitur,
1301 272 1573 329 deferens
1588 268 1727 327 ’viro
1768 271 1865 327 Dei
1896 286 2086 344 panes
2123 275 2168 327 A
2200 270 2382 326 Israel
2408 270 2758 335 testabatur,
2789 266 2933 339 quia
2981 263 3149 318 fama
3176 260 3251 317 de
3293 256 3475 313 Israel
3513 270 3622 329 per
3661 269 3849 344 neges

434 370 854 446 primitiarum,
888 369 945 420 et
973 361 1180 433 viginti
1219 377 1409 433 panes
1453 360 1844 427 hordeaceos,
1883 363 1938 415 et
1968 359 2091 414 fru-

438 462 709 516 mentum
761 469 986 510 novum
1012 452 1073 507 in
1101 466 1246 523 pera
1273 466 1401 506 sua.
1433 452 1621 515 Quem
1653 454 1853 505 autem
1896 449 2092 505 virum

437 549 617 604 istum
677 543 946 615 accipere
1001 539 1213 596 melius
1268 555 1607 610 possumus,
1638 554 1825 612 quam
1871 542 2091 594 coetum

439 637 786 691 sanctorum
808 634 1073 704 patrum,
1099 628 1203 701 qui
1241 627 1454 684 virtute
1485 627 1670 683 animi
1694 631 1750 683 et
1790 626 2094 683 bonorum

437 739 690 798 operum
719 719 990 793 pollent?
1021 718 1131 784 Qui
1179 717 1331 773 bene
1380 717 1453 772 de
1494 716 1819 773 Baalsalisa
1859 716 2093 773 venisse

438 812 673 869 dicitur.
705 807 1035 864 Baalsalisa
1064 805 1225 861 enim
1265 805 1486 862 habens
1519 808 1760 862 tertium
1808 806 2093 879 interpre-

437 904 615 957 tatur.
648 901 819 954 Recte
850 912 993 966 ergo
1023 895 1097 951 de
1128 894 1453 950 Baalsalisa
1497 899 1604 963 est,
1638 894 1741 965 qui
1765 893 2094 950 ternarium

440 1003 765 1043 numerum
795 986 856 1040 in
884 983 1229 1040 credulitate
1254 988 1310 1038 et
1340 982 1715 1038 confessione
1737 986 1957 1038 sanctae
1974 981 2095 1037 Tri-

436 1076 633 1133 nitatis
658 1079 873 1131 servat.
900 1073 1003 1129 Hic
1026 1088 1168 1143 ergo
1195 1072 1322 1128 viro
1349 1072 1447 1127 Dei
1485 1088 1674 1144 panes
1696 1070 2095 1144 primitiarum

436 1166 628 1236 offert,
660 1181 799 1221 cum
858 1163 1240 1235 Redemptori
1278 1166 1484 1217 nostro
1514 1177 1619 1234 per
1669 1161 1923 1232 gratiam
1964 1164 2094 1231 ejus

434 1255 759 1328 inspiratus
819 1252 991 1308 offert
1036 1252 1220 1308 libros
1279 1252 1353 1307 de
1409 1251 1635 1321 origine
1685 1254 2094 1306 creaturarum

437 1342 825 1415 compositos.
860 1340 1041 1397 Oﬂ‘ert
1084 1340 1292 1410 viginti
1322 1355 1510 1412 panes
1558 1339 1948 1402 hordeaceos,
1979 1339 2094 1394 hoc

436 1436 528 1488 cst
576 1430 935 1499 decalogum
986 1428 1135 1499 legis
1186 1429 1248 1485 in
1308 1428 1495 1500 Moysi
1553 1432 1611 1484 et
1663 1429 2093 1500 prophetarum

437 1520 669 1593 scriptis
698 1519 1223 1591 comprehensum.
1259 1517 1438 1573 Offert
1468 1516 1835 1573 frumentum
1864 1531 2094 1571 novum

2200 359 2440 414 tiatores
2468 358 2730 429 gentium
2762 353 3052 411 translata
3082 351 3144 406 in
3172 352 3297 405 tota
3336 346 3484 402 urbe
3525 342 3851 400 curiositati

2199 447 2538 516 hominum,
2566 462 2752 520 quam
2788 458 2937 499 uxor
2997 444 3265 497 Naaman
3315 435 3614 506 signiﬁcat
3639 447 3853 487 verum

2201 536 2555 609 prephetam
2587 539 2642 591 et
2672 534 3028 591 salvatorem
3074 527 3346 585 omnium
3376 524 3439 580 in
3481 522 3674 579 Judea
3722 534 3854 575 ma-

2201 640 2342 682 nere
2371 624 2663 698 patefecit.

2274 732 2641 803 «Ingressus
2691 733 2779 785 est
2825 729 3025 800 itaque
3078 728 3345 781 Naaman
3401 719 3477 776 ad
3535 716 3856 775 dominum

2202 842 2235 871 «
2274 839 2473 890 suum,
2506 825 2563 877 et
2604 817 2900 876 nuntiavit
2929 816 3000 883 ei,
3043 814 3286 870 dicens:
3323 810 3415 867 Sic
3456 812 3511 864 et
3540 808 3624 863 sic
3654 806 3859 862 locuta

2204 932 2235 959 «
2275 914 2363 967 est
2414 910 2614 983 puella
2667 907 2741 964 de
2796 911 2953 961 terra
2990 902 3185 959 Israel.
3223 900 3373 956 Dixit
3400 898 3465 954 ei'
3496 913 3600 953 rex
3632 894 3854 968 Syria:

2205 1022 2235 1052 ι(
2273 1000 2456 1066 Vade,
2499 1001 2556 1055 et
2584 998 2815 1054 mittam
2872 994 3094 1051 litteras
3139 991 3218 1047 ad
3260 1004 3465 1059 regem
3503 985 3700 1043 Israel.
3746 983 3859 1050 Qui

2204 1110 2234 1138 «
2275 1104 2413 1144 cum
2432 1087 2733 1161 profectus
2763 1089 2919 1140 esset
2949 1086 3003 1137 et
3042 1080 3271 1138 tulisset
3293 1092 3502 1133 secum
3532 1075 3746 1131 decem
3771 1076 3858 1129 ta-

2204 1199 2232 1229 «
2272 1177 2432 1233 lenta
2461 1175 2709 1245 argenti,
2742 1178 2799 1229 et
2823 1189 2925 1228 sex
2953 1169 3137 1228 millia
3159 1184 3392 1233 aureos,
3417 1169 3474 1221 et
3492 1165 3699 1220 decem
3726 1177 3862 1217 mu-

2207 1290 2234 1317 ‹‹
2274 1266 2487 1323 tatoria
2514 1265 3029 1331 vestimentorum,
3057 1258 3265 1315 detulit
3292 1257 3512 1312 litteras
3534 1254 3608 1309 ad
3646 1267 3858 1323 regem

2205 1379 2233 1406 ‹‹
2275 1355 2452 1412 Israel
2477 1356 2537 1411 in
2567 1355 2694 1410 haec
2737 1352 2950 1408 verba:
3010 1352 3159 1405 Cum
3209 1344 3508 1419 acceperis
3539 1340 3861 1416 epistolam

2205 1469 2232 1497 «
2272 1447 2452 1517 hanc,
2486 1446 2633 1500 scito
2653 1442 2820 1517 quod
2845 1440 3107 1496 miserim
3140 1437 3217 1493 ad
3245 1441 3299 1492 te
3324 1439 3590 1491 Naaman
3619 1446 3862 1486 servum

2204 1556 2235 1591 ‹
2275 1551 2500 1605 meum,
2534 1538 2599 1589 ut
2623 1548 2790 1589 cures
2823 1546 2961 1587 eum
2995 1546 3032 1585 a
3085 1528 3253 1599 lepra
3284 1541 3413 1581 sua.
3450 1545 3477 1572 »
3517 1524 3666 1578 Cum
3688 1519 3756 1575 hi
3787 1518 3864 1574 ad

435 1609 496 1664 in
522 1623 668 1698 Pera
696 1623 828 1671 sua,
860 1623 998 1698 09m
1030 1610 1260 1698 Novum
1309 1608 1754 1698 T9Stamenlu¥l1
1806 1607 2098 1698 βοεξΜθέ
2124 1626 2165 1680 Β
2203 1640 2357 1698 quos
2398 1622 2606 1679 notitia
2633 1620 2800 1677 verbi
2852 1618 2950 1674 Dei
2994 1615 3282 1690 pervenit,
3314 1613 3404 1669 his
3434 1612 3537 1684 qui
3566 1609 3686 1665 sibi
3714 1623 3864 1681 prae-

435 1696 680 1753 diatoris
732 1696 920 1752 nostri
974 1696 1321 1763 adventum,
1364 1695 1423 1750 in
1455 1694 1648 1750 sancti
1694 1693 1998 1763 Evangelii
2039 1697 2095 1749 et

435 1785 849 1858 apostolorum
883 1784 1116 1856 scriptis
1158 1784 1383 1856 profert
1427 1783 1664 1855 (Matth.
1716 1782 1862 1853 xm).
1918 1782 2096 1837 Jubet

435 1889 577 1943 ergo
608 1872 851 1927 Elisaeus
899 1876 1100 1926 noster
1130 1871 1413 1926 ministris
1453 1870 1596 1938 suis,
1639 1870 1859 1925 sanctis
1888 1869 2093 1925 videli-

435 1967 525 2017 cet
577 1958 1096 2032 praedicatoribus,
1145 1963 1210 2014 ut
1265 1958 1422 2013 hanc
1451 1958 1818 2014 oblationem
1868 1957 2094 2030 populo

433 2048 703 2103 ﬁdelium
732 2048 1097 2120 dispensant,
1131 2052 1194 2102 ut
1226 2048 1560 2102 secundum
1609 2046 1755 2101 illud
1798 2045 2096 2117 Evangelii

435 2136 676 2208 (Matth.
708 2140 844 2202 XIV).
878 2135 953 2191 de
987 2137 1270 2191 thesauro
1323 2151 1433 2191 suo
1456 2135 1619 2191 velut
1658 2134 1856 2191 scriba
1884 2135 2096 2191 doctus

433 2228 497 2283 in
542 2242 729 2297 regno
770 2225 1058 2281 caelorum
1090 2225 1396 2298 proferant
1423 2242 1584 2282 nova
1615 2229 1672 2282 et
1698 2230 1918 2294 vetera,
1951 2240 2098 2300 qua-

432 2322 607 2373 tenus
633 2316 862 2389 pabulo
890 2315 1073 2370 divini
1095 2315 1258 2370 verbi
1283 2316 1645 2371 reﬁciantur.
1680 2315 1851 2377 Quod
1872 2320 2094 2388 myste-

432 2406 591 2462 rium
626 2405 687 2461 iu
732 2403 1054 2474 Evangelio
1084 2403 1362 2460 iteratum
1399 2404 1656 2475 legimus
1695 2404 1939 2475 (Matth.
1970 2404 2091 2477 xv),

435 2510 573 2550 cum
604 2493 666 2549 in
715 2492 999 2548 fractione
1029 2492 1298 2565 quinque
1328 2508 1560 2564 panum
1597 2493 1866 2565 quinque
1906 2492 2094 2549 millia

434 2582 756 2637 hominum
787 2580 999 2637 satiata
1023 2595 1155 2634 esse
1204 2584 1772 2647 commemorantur,
1820 2584 1875 2636 et
1920 2580 2094 2637 satia-

431 2671 505 2726 tis
554 2670 762 2738 turbis,
809 2668 1175 2737 collegerunt
1217 2668 1538 2723 duodecim
1594 2668 1908 2742 cophinos,
1968 2669 2092 2724 sive

433 2763 663 2831 septem
694 2762 932 2831 sportas
961 2756 1459 2825 fragmentorum,
1483 2757 1627 2830 quia
1654 2757 1855 2813 nullus
1881 2761 1969 2813 est
1987 2757 2093 2831 qui

434 2852 815 2903 sacramenta
857 2845 1076 2901 divinae
1127 2846 1441 2918 Scriptura:
1494 2862 1601 2919 per
1647 2847 1852 2902 omnia
1879 2862 2092 2919 capere

434 2937 648 3011 possit,
674 2937 820 3010 quin
875 2936 988 2992 sibi
1044 2937 1255 2994 satiato
1286 2938 1575 3009 supererit
1619 2937 1792 3007 juxta
1838 2936 2092 2993 verbum

441 3026 696 3082 Domini.

1095 3170 1329 3228 CAPUT
1367 3172 1432 3226 V.

510 3318 540 3347 ‹‹
571 3298 841 3352 Naaman
872 3295 1151 3369 princeps
1181 3297 1402 3352 militiae
1431 3298 1589 3368 regis
1620 3298 1822 3370 Syriae,
1856 3302 1981 3355 erat
2007 3298 2095 3355 vir

439 3408 469 3433 ‹‹
511 3399 770 3455 magnus
805 3385 971 3457 apud
1015 3385 1333 3441 dominum
1381 3401 1582 3453 suum,
1632 3392 1691 3442 et
1742 3387 2090 3443 honoratus.

440 3494 468 3523 α
510 3476 617 3527 Per
641 3472 809 3529 illum
838 3474 998 3529 enim
1045 3474 1210 3530 dedit
1251 3475 1537 3530 Dominus
1586 3475 1841 3530 salutem
1890 3477 2091 3548 Syrias.

441 3585 469 3611 ‹‹
510 3565 647 3618 Erat
675 3570 877 3618 autem
909 3563 997 3618 vir
1027 3562 1191 3618 fortis
1222 3568 1278 3619 et
1305 3564 1493 3633 dives,
1525 3563 1630 3619 sed
1660 3563 1954 3635 leprosus.
1985 3566 2094 3622 Iste

439 3656 642 3707 autem
683 3656 952 3709 Naaman
1003 3652 1109 3725 qui
1136 3654 1416 3726 princeps
1466 3652 1686 3708 militiae
1724 3653 1880 3723 regis
1914 3654 2095 3726 Syriae

439 3756 569 3796 esse
615 3740 990 3811 describitur,
1044 3757 1228 3814 quem
1272 3742 1485 3798 melius
1515 3741 1849 3812 signiﬁcare
1880 3748 2093 3816 potest,

439 3844 627 3901 quam
674 3829 970 3904 populum
1028 3830 1350 3901 gentilem‘?
1395 3831 1499 3903 qui
1542 3831 1603 3887 in
1640 3831 1784 3887 orbe
1816 3832 2095 3904 triquetro

441 3933 547 3990 per
595 3919 874 3975 virtutem
929 3918 1227 3976 bellorum
1259 3920 1664 3993 principatum
1705 3922 1969 3993 gerebat,
2025 3940 2095 3980 ac

440 4021 643 4060 rerum
671 4006 885 4062 decore
917 4008 1244 4077 fruebatur,
1276 4009 1443 4081 quod
1470 4011 1532 4065 in
1560 4010 1821 4065 nominis
1851 4012 1982 4082 ejus
2012 4012 2097 4067 in-

441 4093 858 4163 terpretatione
886 4097 1254 4167 exprimitur.
1282 4099 1702 4170 Interpretatur
1727 4103 1928 4155 autem
1949 4103 2096 4157 Naa-

442 4192 586 4232 man
607 4179 785 4234 decus
807 4182 925 4237 sive
957 4188 1265 4240 commotio
1293 4201 1517 4241 eorum.
1552 4186 1664 4243 Sed
1694 4186 1801 4242 iste
1827 4187 1933 4258 vir,
1964 4187 2098 4245 licet

442 4265 608 4321 fortis
632 4269 691 4323 et
717 4268 880 4323 dives
908 4270 1101 4339 fuerit,
1124 4277 1327 4329 tamen
1349 4273 1622 4347 leprosus
1652 4291 1783 4331 esse
1805 4292 2098 4334 memora-

443 4357 558 4422 tur,
592 4355 737 4427 quia
765 4358 1044 4429 quamvis
1096 4375 1204 4432 per
1228 4362 1557 4435 potentiam
1587 4364 1875 4435 regni,'ac
1898 4382 2096 4422 rerum

442 4441 882 4501 abundantiam
911 4446 1208 4507 dominari
1232 4451 1549 4521 videretur,
1583 4458 1785 4511 tamen
1809 4470 1918 4528 per
1943 4473 2099 4515 erro-

440 4530 522 4587 ris
542 4533 873 4608 nequitiam
894 4541 952 4593 et
969 4536 1319 4596 idololatriae
1340 4541 1568 4615 lepram
1586 4543 1776 4600 faadus
1798 4547 2092 4619 apparuit.

516 4644 545 4673 «
560 4623 744 4679 Porro
769 4623 845 4680 de
866 4625 1034 4698 Syria
1062 4630 1284 4699 egressi
1301 4629 1866 4690 fuerantlatrunculi
1886 4639 1943 4692 et
1963 4646 2100 4710 cap-

443 4726 475 4760 ‹
516 4709 698 4766 tivam
728 4712 1025 4770 duxerant
1050 4716 1124 4773 de
1150 4721 1306 4774 terra
1359 4719 1543 4776 Israel
1570 4721 1834 4792 puellam
1880 4739 2098 4796 parvu-

445 4818 474 4846 «
512 4796 663 4866 lum,
685 4816 821 4871 quae
847 4808 975 4859 erat
996 4804 1057 4859 in
1079 4806 1371 4881 obsequio
1395 4810 1600 4866 uxoris
1630 4814 1918 4871 Naaman.
1953 4817 2099 4882 Quae

447 4905 474 4932 ‹‹
514 4884 597 4939 ait
617 4885 698 4941 ad
724 4888 1035 4947 dominam
1068 4910 1279 4953 suam:
1314 4898 1553 4956 Utinam
1583 4900 1787 4959 fuisset
1814 4904 2099 4961 dominus

444 4992 472 5019 ‹‹
514 4986 688 5027 meus
717 4974 795 5030 ad
826 4979 1182 5049 prophetam
1210 4986 1315 5057 qui
1340 4989 1511 5045 estin
1540 4991 1842 5047 Samaria!
1877 4993 2102 5049 Profec-

445 5078 474 5106 ‹‹
611 5068 884 5160 curasset
901 5080 1106 5160 euma
1134 5068 1300 5143 lepra
1329 5088 1515 5147 quam
1558 5079 1817 5135 habet.»
1852 5082 2098 5135 Latrun-

442 5145 560 5203 culi
587 5148 825 5246 quippe
842 5152 917 5209 de
945 5156 1133 5229 Syria,
1164 5176 1300 5232 quae
1320 5145 1736 5240 interpretatur
1762 5167 2100 5224 sublimitas

441 5243 850 5335 egressisunt,
880 5258 1030 5335 eum
1061 5248 1383 5322 cupiditate
1413 5254 1574 5311 ducti
1613 5261 1670 5311 et
1713 5254 1964 5309 diversis
1994 5271 2097 5311 ne-

442 5327 617 5422 gotiis
668 5327 958 5400 impliciti,
985 5343 1296 5406 sperantes
1349 5342 1412 5397 in
1457 5342 1682 5398 incerto
1734 5340 2095 5412 divitiarum,

441 5411 688 5479 gentiles
715 5431 823 5488 per
845 5422 1029 5478 totam
1058 5428 1279 5485 terram
1307 5431 1714 5501 vagabuntur.
1755 5427 1899 5484 Hinc
1925 5434 1982 5486 et
2018 5411 2099 5488 ad

439 5503 657 5558 terram
684 5506 862 5563 Israel
882 5510 1516 5591 venientes,captivam
1544 5517 1959 5575 mulierculam
1991 5521 2099 5577 du-

436 5594 672 5658 xerunt,
698 5608 834 5666 quia
860 5596 923 5658 in
952 5604 1291 5675 captivitate
1343 5608 1562 5678 posita,
1604 5607 1681 5670 de
1709 5607 2004 5692 propheta
2031 5609 2096 5669 in

2205 1697 2362 1777 sunt,
2382 1714 2711 1781 suggerunt
2738 1707 2995 1764 scientiae
3016 1703 3336 1778 spiritualis
3356 1697 3859 1772 magnitudinem.

2204 1801 2364 1858 Mittit
2389 1815 2492 1855 rex
2525 1798 2705 1871 Syriae
2728 1797 2950 1852 litteras
2981 1794 3058 1850 ad
3090 1808 3288 1862 regem
3323 1787 3500 1845 Israel
3524 1802 3637 1861 pro
3668 1784 3863 1842 salute

2206 1889 2356 1945 servi
2401 1888 2510 1944 sui.
2539 1889 2689 1942 Cum
2734 1887 3026 1958 primatus
3085 1881 3347 1952 gentium
3382 1877 3635 1934 audiens
3668 1878 3859 1930 Deum

2204 1992 2331 2033 esse
2351 1975 2412 2031 in
2436 1974 2630 2043 lsrael,
2654 1974 2800 2046 quia
2820 1976 3054 2028 «~notus
3076 1970 3133 2025 in
3155 1968 3360 2025 Iudaea
3386 1969 3539 2021 Deus
3558 1982 3570 2018 :
3591 1964 3654 2018 in
3681 1962 3864 2018 Israel

2207 2088 2234 2115 ‹‹
2267 2080 2558 2135 magnum
2609 2078 2834 2119 nomen
2889 2060 3018 2131 ejus
3078 2059 3261 2131 (Psal.
3295 2055 3485 2126 Lxxv),
3516 2076 3544 2103 ››
3603 2052 3860 2107 salutem

2207 2170 2456 2211 suorum
2481 2151 2819 2227 praevidens
2872 2148 3235 2219 legationem
3274 2146 3335 2201 in
3362 2143 3629 2200 Iudaeam
3661 2140 3859 2204 mittit,

2204 2248 2271 2300 ut
2287 2260 2395 2317 per
2424 2241 2821 2316 apostolicam
2851 2237 3187 2295 doctrinam
3221 2232 3542 2293 Salvatoris
3560 2231 3747 2287 ﬁdem
3772 2246 3863 2285 ac-

2207 2333 2405 2407 cipiat.
2463 2331 2628 2388 Unde
2683 2328 2992 2388 Cornelius
3052 2324 3318 2382 centurio
3347 2323 3422 2379 de
3480 2323 3755 2377 Caesarea
3796 2319 3856 2375 in

2202 2424 2391 2496 Joppe
2420 2420 2499 2477 ad
2546 2422 2784 2476 Petrum
2815 2416 2977 2473 misit
3006 2416 3161 2485 (Act.
3195 2415 3276 2485 x).
3312 2416 3377 2468 Et
3415 2411 3604 2466 Paulo
3645 2423 3750 2480 per
3778 2407 3853 2461 vi-

2206 2511 2438 2567 sionem
2470 2510 2555 2565 vir
2606 2507 2844 2565 Macedo
2898 2504 3178 2578 apparuit
3222 2503 3377 2573 (Act.
3408 2501 3549 2571 xvn),
3579 2497 3677 2571 qui
3706 2510 3844 2551 eum

2204 2598 2632 2656 exhortabatur
2648 2601 2726 2652 "ut
2757 2595 2996 2651 veniens
3049 2592 3363 2663 adjuvaret
3391 2605 3495 2644 eos
3516 2586 3615 2660 qui
3641 2586 3703 2640 in
3738 2586 3854 2640 Ma-

2204 2686 2456 2746 cedonia
2483 2690 2669 2754 erant,
2709 2686 2858 2740 sicut
2902 2683 2963 2738 in
3014 2681 3257 2737 Actibus
3313 2676 3730 2750 apostolorum
3778 2671 3857 2727 le-

2202 2778 2379 2849 gitur.

2274 2926 2302 2955 ‹‹
2328 2906 2596 2977 Cumque
2623 2903 2869 2973 legisset
2892 2918 2996 2958 rex
3032 2898 3213 2957 Israel
3261 2899 3508 2965 litteras,
3557 2893 3735 2950 scidit
3762 2908 3855 2948 ve-

2130 2977 2171 3031 ο
2201 3015 2231 3043 ‹‹
2273 2995 2553 3050 stimenta
2584 3008 2715 3061 sua,
2746 2996 2803 3048 et
2832 2991 2941 3047 ait:
2972 2988 3253 3063 Nunquid
3284 2991 3438 3044 Deus
3482 3000 3595 3055 ego
3626 2999 3764 3039 sum
3798 2984 3859 3037 ut

2203 3107 2229 3134 «
2270 3082 2539 3139 occidere
2568 3080 2800 3155 possim
2823 3083 2881 3136 et
2905 3078 3207 3135 viviﬁcare
3227 3078 3255 3133 ?
3280 3075 3431 3142 Quia
3454 3075 3563 3131 iste
3588 3071 3755 3129 misit
3781 3069 3857 3126 ad

2203 3197 2231 3223 «ι
2271 3188 2369 3229 me
2396 3176 2459 3228 ut
2490 3186 2695 3228 curem
2714 3169 3026 3226 hominem
3049 3184 3085 3225 a
3114 3167 3283 3240 lepra
3307 3180 3439 3221 sua.
3468 3160 3857 3220 Animadver-

2204 3284 2231 3312 ‹‹
2272 3259 2373 3318 tite
2398 3265 2457 3317 et
2484 3256 2698 3326 videte,
2722 3255 2889 3332 quod
2906 3255 3251 3313 occasiones
3275 3257 3507 3327 quaerat
3534 3251 3858 3308 adversum

2203 3372 2232 3400 «
2275 3366 2393 3406 me.
2447 3349 2618 3415 Quod
2669 3364 2807 3403 cum
2856 3346 3152 3403 audissset
3208 3343 3450 3400 Elisaeus
3482 3341 3569 3396 vir
3594 3335 3715 3407 Dei,
3749 3332 3859 3392 sci-

2205 3462 2235 3490 ‹‹
2274 3438 2434 3494 disse
2461 3436 2735 3493 videlicet
2761 3451 2965 3506 regem
2990 3433 3171 3491 Israel
3196 3432 3555 3489 vestimenta
3574 3443 3723 3496 ‘sua,
3752 3425 3861 3481 mi-

2204 3544 2235 3579 α
2275 3526 2348 3581 sit
2381 3525 2460 3580 ad
2486 3541 2649 3593 eum,
2708 3524 2954 3580 dicens:
2997 3524 3189 3589 Quare
3240 3519 3463 3577 scidisti
3504 3516 3859 3573 vestimenta

2205 3636 2232 3663 «
2273 3614 2418 3670 tua?
2448 3636 2476 3663 ››
2510 3613 2663 3679 Quid
2692 3612 2987 3682 signiﬁcat
3033 3628 3138 3667 rex
3192 3610 3300 3666 iste
3341 3605 3509 3664 Israel
3548 3604 3850 3677 quaerente

2206 3724 2235 3752 «
2275 3700 2625 3775 expectavit,
2653 3701 2767 3757 nisi
2798 3699 3160 3767 sacerdotes,
3192 3698 3420 3755 scribas
3447 3699 3503 3752 et
3524 3690 3855 3766 pharisaeus

2203 3794 2460 3848 rectores
2486 3789 2830 3846 Judaeorum
2857 3790 2884 3845 ?
2909 3788 3037 3854 Qui,
3064 3786 3511 3844 considerantes
3538 3779 3702 3855 quod
3750 3794 3862 3835 un-

2204 3872 2386 3953 dique
2441 3872 2652 3952 plebes
2686 3868 2765 3935 ad
2817 3876 3279 3949 Redemptorem
3330 3877 3602 3930 nostrum
3650 3865 3864 3923 salutis

2205 3952 2328 4025 suae
2353 3985 2537 4025 causa
2564 3967 2903 4034 veniebant,
2940 3966 3110 4038 quasi
3165 3961 3605 4037 blasphemiam
3666 3952 3865 4014 existi.

2204 4062 2458 4126 mantes,
2490 4057 2847 4114 vestimenta
2864 4071 2973 4111 sua
2998 4053 3371 4123 scindebant,
3404 4051 3557 4106 sicut
3582 4048 3644 4104 in
3675 4050 3867 4103 Evano

2206 4148 2358 4218 gelio
2388 4148 2628 4219 (Matth.
2661 4146 2821 4219 xxw)
2842 4145 3171 4217 principem
3204 4141 3610 4207 sacerdotum,
3657 4135 3867 4194 audita

2207 4235 2414 4295 Christi
2434 4229 2877 4310 praedicatione,
2907 4234 3116 4290 fecisse
3145 4233 3422 4303 legimus.
3458 4229 3573 4287 Sed
3599 4227 3745 4284 licet
3761 4240 3868 4282 rex

2129 4331 2171 4388 Ι)
2207 4325 2385 4381 Israel
2413 4326 2475 4381 in
2505 4324 2606 4381 tali
2634 4324 2842 4381 auditu
2890 4324 3285 4397 pertimescat,
3328 4326 3527 4377 tamen
3565 4316 3871 4390 propheta

2207 4412 2306 4470 Dei
2329 4430 2480 4488 quos
2509 4413 2588 4469 ad
2614 4430 2675 4470 se
2697 4413 2987 4483 migrasse
3018 4414 3398 4482 cognoverat,
3433 4407 3511 4464 ad
3544 4423 3607 4461 se
3663 4420 3873 4478 perve—

2204 4504 2332 4561 nire
2359 4504 2781 4578 persuadebat,
2804 4503 3037 4560 dicens:
3072 4524 3100 4551 «
3128 4500 3337 4557 Veniat
3362 4497 3442 4555 ad
3475 4512 3592 4563 me,
3627 4500 3687 4551 et
3717 4493 3875 4549 sciat

2206 4610 2334 4652 esse
2364 4594 2735 4668 prophetam,
2762 4594 2825 4650 in
2883 4591 3082 4650 Israel.
3115 4612 3143 4642 »
3172 4592 3239 4646 Et
3289 4587 3578 4645 Dominus
3635 4590 3868 4641 noster:

2209 4707 2237 4736 «
2263 4686 2421 4750 Quos
2450 4684 2761 4758 praescivit,
2790 4684 2902 4740 hos
2951 4687 3007 4739 et
3053 4678 3309 4755 vocavit,
3332 4681 3389 4734 et
3417 4690 3574 4749 quos
3600 4673 3871 4739 vocavit,

2208 4774 2340 4831 illos
2362 4777 2421 4831 et
2444 4774 2794 4847 justiﬁcavit
2820 4775 3007 4846 (Rom.
3041 4773 3183 4845 VIII).
3216 4785 3259 4821 n‘

2279 4922 2308 4951 «
2342 4899 2516 4955 Venit
2534 4914 2676 4970 ergo
2703 4903 2973 4956 Naaman
2995 4913 3135 4954 cum
3165 4896 3336 4969 equis
3361 4897 3419 4950 et
3465 4890 3774 4958 curribus,
3818 4890 3883 4946 et.

2209 5010 2239 5038 «
2270 4989 2427 5045 stetit
2451 4989 2529 5044 ad
2558 4989 2777 5045 ostium
2810 4988 3029 5043 domus
3059 4985 3268 5042 Elisaei.
3305 4982 3581 5054 Misitque
3609 4978 3689 5037 ad
3726 4994 3883 5035 eum

2209 5097 2239 5128 «
2279 5076 2523 5131 Elisaeus
2542 5076 2845 5147 nuntium,
2868 5076 3101 5131 dicens:
3121 5074 3300 5142 Vade,
3321 5078 3378 5130 et
3404 5072 3608 5129 lavare
3640 5068 3880 5142 septies

2209 5186 2239 5214 ‹‹
2277 5165 2339 5220 in
2366 5163 2644 5232 Iordane,
2677 5169 2735 5221 et
2764 5164 3342 5231 recipietsanitatem
3374 5178 3515 5220 caro
3538 5166 3664 5230 tua,
3682 5164 3879 5233 atque

2209 5275 2238 5305 «
2278 5252 2689 5310 mundaberis.
2719 5254 2904 5311 Iratus
2936 5257 3205 5310 Naaman
3248 5252 3584 5318 recedebat,
3607 5249 3833 5306 dicens
3860 5265 3875 5302 :

2211 5366 2240 5394 α
2279 5342 2571 5400 Putabam
2595 5343 2762 5417 quod
2792 5343 3174 5415 egrederetur
3203 5344 3279 5400 ad
3308 5358 3427 5413 me,
3471 5347 3528 5397 et
3573 5346 3749 5396 stans
3779 5339 3881 5395 in-

2208 5452 2239 5487 ‹
2276 5438 2517 5491 vocaret
2546 5450 2769 5490 nomen
2797 5435 3027 5491 Domini
3060 5436 3159 5491 Dei
3191 5435 3282 5490 sui
3304 5439 3359 5490 et
3386 5436 3654 5502 tangeret
3673 5444 3883 5488 manu

2208 5542 2238 5573 κ
2278 5538 2386 5579 sua
2416 5523 2619 5580 locum
2666 5524 2871 5598 leprte,
2905 5531 2964 5582 et
3001 5529 3243 5582 curaret
3270 5541 3390 5580 me.
3424 5521 3708 5594 Nunquid
3742 5535 3878 5577 non

2206 5634 2235 5664 ιι
2276 5613 2564 5672 meliores
2590 5620 2733 5680 sunt
2749 5616 2966 5681 Abana
2989 5621 3047 5673 et
3067 5616 3374 5688 Pharphar
3400 5612 3569 5670 ﬂuvii
3585 5610 3882 5669 Damasci
