4092 6178
254 136 362 189 505

1149 128 1154 130 ’
1220 142 1471 196 ENARR.
1511 143 1580 197 IN
1619 139 1864 198 LIBROS
1902 143 2159 201 REGUM.
2201 178 2271 188 —
2309 148 2378 206 IN
2419 149 2550 206 LIB.
2590 149 2680 207 Iv.

3564 158 3669 214 500

251 279 282 305 α
313 255 601 312 omnibus
644 258 820 330 aquis
860 260 1057 330 Israel,
1113 265 1178 318 ut
1221 262 1386 319 laver
1431 264 1492 319 in
1540 264 1624 320 eis
1653 269 1709 321 et
1738 281 1912 321 mun-
1942 269 1988 322 Α
2020 290 2047 317 ‹‹
2082 271 2374 343 accipiam
2416 273 2643 346 aliquid
2672 273 2751 329 ab
2796 290 2888 341 eo,
2923 295 2950 322 ››
2983 277 3040 330 et
3068 274 3318 348 reliqua.
3376 279 3512 334 Post
3538 277 3668 335 haec

254 368 285 394 ‹‹
315 347 464 402 der?
496 368 524 395 ››
547 347 798 404 Veniens
828 350 1074 422 quidem
1105 353 1338 420 gentilis
1384 354 1646 426 populus
1679 355 1758 410 ad
1801 355 1909 411 do-

249 452 426 491 mum
460 437 650 492 Elisaei
687 440 893 508 nostri,
945 447 1214 498 sanctam
1245 443 1519 499 videlicet
1565 445 1907 514 Ecclesiam,

249 525 624 598 promissum
663 527 741 582 ab
774 544 844 584 eo
872 530 1148 586 nuntium
1165 532 1412 604 accepit,
1436 537 1502 588 ut
1527 549 1589 589 se
1618 533 1679 589 in
1705 535 1910 606 Jorda-

245 630 328 670 ne
361 616 578 688 septies
607 615 853 684 lavaret,
901 622 957 674 et
995 619 1076 674 sic
1119 621 1434 678 sanitatem
1476 622 1780 695 reciperet,
1821 629 1908 680 at-

248 720 373 776 que
407 704 836 761 mundaretur:
882 708 1024 780 quia
1071 725 1179 782 per
1207 711 1586 781 evangelicos
1617 713 1908 786 praedica-

249 798 410 848 tores
435 794 723 850 Dominus
753 795 922 851 dicit:
957 820 985 847 «ι
1037 798 1154 854 Nisi
1184 800 1322 872 quis
1362 805 1604 857 renatus
1635 801 1805 859 fuerit
1835 819 1908 859 ex

248 899 416 954 aqua
444 887 500 937 et
526 884 742 954 Spiritu
777 890 1004 952 sancto,
1040 903 1161 943 non
1201 894 1396 960 potest
1423 889 1663 946 introire
1709 891 1772 946 in
1814 907 1906 947 re-

248 989 440 1042 gnum
473 973 571 1027 Dei
607 974 804 1044 (Jcan.
840 980 940 1044 Ill).
965 999 992 1026 »
1026 979 1092 1032 Et
1119 979 1295 1034 item:
1332 1003 1358 1030 ‹‹
1381 981 1491 1046 Qui
1518 981 1832 1038 crediderit
1851 985 1909 1038 et

246 1063 584 1136 baptizatus
613 1063 816 1120 fuerit:
852 1066 1053 1122 salvus
1083 1069 1222 1124 erit:
1260 1070 1363 1142 qui
1392 1086 1531 1126 vero
1561 1086 1684 1126 non
1717 1071 1906 1127 credi-

247 1154 420 1223 derit,
452 1155 958 1212 condemnabitur
985 1158 1196 1229 (Marc.
1244 1161 1385 1231 xv1).
1422 1182 1450 1209 »
1493 1160 1770 1218 Jordanis
1800 1163 1907 1220 ita-

244 1261 364 1316 que
388 1261 561 1316 aquaa
591 1261 831 1300 sacrum
850 1246 1153 1320 baptisma
1179 1249 1538 1319 signiﬁcant,
1563 1252 1706 1324 quia
1732 1253 1793 1308 in
1823 1253 1906 1308 eis

247 1333 522 1390 Salvator
537 1338 738 1389 noster
747 1335 1120 1408 baptismum
1138 1339 1315 1394 nobis
1338 1341 1906 1408 consecravit.Quod

243 1430 446 1479 autem
478 1427 750 1480 Naaman
777 1424 1123 1496 indignatus
1153 1427 1228 1484 de
1259 1428 1360 1484 tali
1399 1445 1707 1503 responso,
1737 1431 1904 1489 lava-

244 1516 472 1570 tionem
503 1530 676 1586 aquaa
698 1515 1033 1572 Jordanicre
1059 1517 1351 1591 despexit,
1373 1520 1814 1592 simplicitatem
1832 1523 1904 1578 si-

2020 363 2218 414 autem
2253 362 2556 435 Scriptura
2585 369 2806 431 narrat,
2857 364 3024 435 quod
3050 364 3200 420 Giezi
3230 381 3380 437 puer
3410 367 3518 422 viri
3567 369 3667 424 Dei

2018 450 2421 522 concupiverit
2450 451 2523 507 de
2536 453 2805 524 pecuniis
2825 468 2981 524 quas
3009 452 3330 524 praedictus
3357 454 3544 526 Syrus
3567 455 3670 511 ho-

2017 536 2164 592 mini
2190 538 2292 594 Dei
2319 541 2593 609 attulerit,
2616 541 2719 597 sed
2751 557 2822 598 eo
2853 541 3090 598 nolente
3123 541 3350 613 aliquid
3376 542 3666 615 accipere,

2013 623 2155 680 inde
2184 627 2311 699 ipse
2339 644 2448 701 per
2475 629 2862 686 mendacium
2909 635 3078 702 turpe
3133 631 3471 702 acquisivit,
3502 632 3668 703 quod

2017 730 2165 770 suus
2205 718 2487 787 magister
2534 719 2804 791 accipere
2863 736 2969 792 per
3014 718 3198 775 ﬁdem
3246 721 3462 776 renuit.
3517 720 3668 777 Giezi

2014 820 2259 878 quoque
2281 806 2700 879 interpretatur
2720 816 3098 879 praeruptum
3129 810 3354 878 videns,
3389 809 3511 866 sive
3541 813 3668 867 vat-

2017 896 2089 950 lz’s
2112 897 2276 964 visio,
2309 901 2367 953 et
2395 898 2694 968 signiﬁcat
2718 899 3034 955 Iudaicum
3077 899 3395 973 populum,
3425 900 3530 973 qui
3561 900 3667 956 ali-

2013 986 2262 1058 quando
2291 1003 2442 1060 puer
2478 989 2586 1043 viri
2621 988 2741 1058 Dei,
2773 989 3066 1061 propheta
3128 993 3462 1058 attestante,
3489 1006 3668 1046 voca-

2013 1073 2211 1142 batur,
2261 1076 2414 1133 sicut
2457 1079 2604 1133 Osee
2647 1077 2825 1134 dicit:
2862 1101 2890 1128 ‹‹
2922 1082 3072 1134 Puer
3119 1079 3298 1136 Israel
3355 1084 3410 1136 et
3465 1079 3669 1136 dilexit

2014 1180 2152 1221 eum
2186 1165 2339 1236 (Ose.
2365 1171 2469 1235 xx).
2507 1189 2534 1217 ι
2567 1167 2682 1224 Sed
2719 1171 3046 1240 postquam
3077 1171 3278 1240 spreto
3323 1168 3664 1239 Evangelio,

2014 1259 2072 1310 et
2091 1254 2375 1311 cruciﬁxo
2394 1255 2534 1312 Filio
2556 1257 2675 1325 Dei,
2709 1258 3096 1329 semetipsum
3126 1257 3225 1312 Dei
3255 1257 3352 1313 tali
3379 1256 3665 1328 dignitate

2014 1343 2074 1400 in
2105 1343 2341 1401 foveam
2374 1345 2637 1401 avaritiae
2667 1345 3473 1419 praecipitans,cupiditatem
3503 1361 3668 1402 secu-

2014 1435 2109 1488 tus
2132 1437 2220 1489 est
2264 1438 2584 1505 terrenam,
2634 1451 2822 1506 quam
2853 1434 2975 1490 Filii
3008 1434 3108 1490 Dei
3153 1451 3262 1508 per
3287 1434 3666 1506 baptismum

2012 1521 2197 1578 renati
2233 1529 2600 1594 spreverunt,
2622 1539 2729 1595 per
2759 1523 3113 1580 sententiam
3143 1523 3282 1595 justi
3295 1522 3516 1594 judicis
3543 1522 3663 1590 Dei,

243 1603 494 1672 gniﬁcat
523 1603 786 1668 rudium,
820 1605 925 1676 qui
983 1606 1350 1678 spiritualem
1407 1625 1530 1665 non
1580 1614 1905 1682 potuerunt
1936 1620 1974 1674 Β
2009 1609 2241 1684 lepram
2281 1612 2495 1667 erroris
2525 1628 2712 1685 quam
2747 1612 3052 1668 credentes
3082 1613 3503 1685 deposuerant,
3536 1611 3664 1684 ipse

237 1692 571 1772 intelligere
598 1691 928 1749 efﬁcaciam
955 1710 969 1759 ;
1011 1715 1040 1747 ‹
1070 1696 1215 1768 quia
1245 1697 1524 1753 animalis
1555 1700 1739 1755 homo
1778 1717 1902 1756 non

235 1782 511 1854 percepit
539 1797 611 1837 ea
639 1798 775 1854 quae
807 1788 946 1839 sunt
972 1785 1220 1857 Spiritus
1254 1787 1353 1842 Dei
1374 1788 1432 1858 (Ι
1459 1788 1596 1844 Cor.
1628 1791 1710 1860 ιι).
1743 1812 1770 1840 ››

309 1895 336 1919 ι‹
375 1873 528 1927 Cum
561 1888 714 1942 ergo
745 1874 1018 1930 vertisset
1048 1892 1108 1930 se
1135 1881 1192 1932 et
1213 1877 1403 1934 abiret
1431 1869 1778 1948 indignans,
1807 1897 1901 1937 ac-

235 1985 264 2013 ‹
295 1968 607 2018 cesserunt
637 1962 714 2018 ad
745 1979 883 2019 eum
916 1965 1072 2022 servi
1122 1967 1235 2035 sui,
1289 1973 1346 2024 et
1400 1969 1581 2026 locuti
1620 1973 1760 2026 sunt
1801 1971 1852 2026 ei
1883 1988 1895 2026 :

239 2075 267 2100 τ(
305 2055 498 2122 Pater,
527 2052 635 2108 etsi
665 2069 791 2108 rem
825 2055 1120 2123 grandem
1150 2055 1392 2113 dixisset
1440 2058 1544 2114 tibi
1581 2060 1896 2132 prOpheta,

237 2164 268 2188 α
301 2146 457 2196 certe
479 2140 672 2197 facere
712 2141 1011 2199 debueras
1041 2161 1054 2199 :
1086 2149 1315 2216 quanto
1345 2147 1540 2216 magis
1570 2147 1713 2219 quia
1736 2162 1899 2203 nunc

240 2249 278 2281 ‹
309 2229 458 2284 dixit
487 2229 608 2297 tibi,
638 2230 846 2286 lavare
885 2236 941 2287 et
988 2233 1432 2290 mundaberis?
1489 2236 1805 2292 Descendit
1842 2244 1898 2293 et

241 2339 276 2366 «
310 2317 454 2372 lavit
480 2319 539 2373 in
579 2318 835 2374 Jordane
884 2321 1120 2393 septies,
1175 2323 1349 2392 juxta
1400 2338 1740 2379 sermonem
1788 2325 1897 2380 viri

235 2428 268 2456 ‹‹
307 2407 493 2474 Dei,et
512 2408 781 2464 restituta
801 2413 888 2464 est
913 2425 1052 2466 caro
1076 2412 1206 2481 ejus
1227 2413 1377 2468 sicut
1407 2429 1546 2469 caro
1567 2415 1738 2486 pueri
1755 2430 1894 2486 par-

231 2518 261 2542 «
298 2495 441 2562 vuli,
473 2502 529 2552 et
554 2497 883 2553 mundatus
914 2504 1018 2555 est.
1058 2522 1086 2549 »
1109 2502 1261 2556 Bene
1279 2518 1421 2572 ergo
1448 2503 1601 2558 servi
1625 2506 1894 2558 Naaman

229 2584 480 2640 meliore
527 2585 798 2653 consilio,
857 2587 934 2642 ad
982 2588 1413 2659 perﬁciendum
1459 2589 1604 2646 illud
1642 2591 1896 2648 manda-

231 2677 363 2728 tum
405 2674 849 2746 propheticum,
881 2683 1330 2748 persuaserunt,
1385 2680 1529 2752 quia
1582 2695 1738 2752 saepe
1790 2683 1894 2736 Do-

234 2763 439 2818 minus
464 2763 690 2834 juniori
711 2764 933 2820 revelat
961 2766 1126 2836 quod
1157 2767 1369 2823 melius
1400 2772 1488 2824 est
1521 2769 1763 2835 (Matth.
1788 2769 1890 2840 x1).

236 2854 307 2906 Et
335 2852 672 2907 secundum
721 2853 870 2909 Petri
901 2869 1132 2916 vocem,
1167 2878 1194 2904 «
1246 2872 1569 2929 personam
1615 2862 1894 2930 acceptor

2013 1699 2126 1754 sibi
2165 1700 2472 1770 conscivit,
2504 1717 2739 1757 necnon
2784 1706 2841 1756 et
2869 1717 3081 1757 omnes
3131 1701 3237 1774 qui
3279 1706 3413 1773 post
3443 1700 3667 1773 baptis-

2009 1804 2180 1844 mum
2207 1793 2264 1844 et
2313 1790 2796 1846 emendationem
2827 1790 2962 1845 vitae
2993 1789 3072 1846 ad
3120 1790 3378 1862 pristina
3405 1788 3551 1844 vitia
3575 1805 3663 1844 re-

2007 1881 2330 1945 vertentur,
2367 1878 2648 1934 sordibus
2691 1878 2913 1952 quibus
2941 1895 3005 1933 se
3049 1882 3257 1934 exutos
3317 1877 3661 1951 sperabant,

2008 1966 2223 2022 iterum
2253 1967 2520 2040 impliciti
2568 1968 2976 2024 involvuntur.
3012 1967 3176 2024 Unde
3215 1967 3504 2039 scriptum
3535 1971 3658 2022 est:

2009 2073 2038 2108 ‹
2081 2056 2256 2112 Canis
2289 2072 2565 2111 reversus
2614 2057 2691 2112 ad
2736 2057 3027 2112 vomitum
3057 2073 3257 2125 suum,
3298 2061 3354 2110 et
3383 2071 3488 2109 sus
3539 2053 3663 2110 lota

2007 2143 2069 2197 in
2100 2143 2413 2199 volutabro
2443 2145 2570 2209 luti,
2615 2145 2698 2200 sic
2731 2145 2946 2200 stultus
3000 2144 3105 2216 qui
3148 2144 3320 2199 iterat
3349 2141 3658 2197 stultitiam

2009 2247 2182 2287 suam
2217 2233 2416 2303 (Prov.
2449 2236 2624 2305 xxv1).
2654 2254 2681 2282 »

2647 2375 2875 2432 CAPUT
2921 2374 3016 2430 VI.

2077 2521 2103 2548 ‹‹
2139 2500 2420 2555 Dixerunt
2438 2505 2639 2556 autem
2656 2501 2760 2556 ﬁlii
2789 2500 3220 2573 prophetarum
3251 2499 3328 2554 ad
3357 2497 3653 2553 Elisaaum:

2004 2608 2034 2636 «
2069 2591 2214 2644 Ecce
2241 2589 2410 2644 locus
2441 2589 2500 2644 in
2531 2605 2656 2661 quo
2682 2588 3028 2644 habitamus
3081 2604 3285 2644 coram
3319 2592 3392 2657 te,
3438 2601 3660 2656 angus-

2004 2680 2158 2732 «tus
2187 2683 2273 2733 est
2321 2678 2518 2734 nobis.
2579 2681 2798 2733 Eamus
2841 2694 3032 2750 usque
3089 2680 3166 2732 ad
3209 2675 3554 2742 Jordanem,
3601 2678 3660 2730 et

2004 2783 2034 2817 ‹
2066 2765 2271 2821 tollant
2296 2766 2513 2836 singuli
2544 2766 2617 2822 de
2641 2767 2786 2822 silva
2807 2766 3086 2822 materias
3108 2764 3397 2835 singulas,
3429 2767 3496 2819 ut
3514 2763 3658 2818 aadi-

2004 2879 2032 2906 κ
2062 2854 2312 2912 ﬁcemus
2343 2856 2516 2911 nobis
2538 2855 2620 2911 ibi
2648 2855 2850 2911 locum
2891 2855 2969 2912 ad
2989 2854 3413 2911 habitandum.
3439 2852 3548 2914 Qui
3568 2851 3658 2906 di-

235 2941 394 2995 Deus
423 2956 547 2996 non
577 2945 665 2996 est
690 2943 880 3008 (Rom.
909 2943 988 3013 ιι),
1043 2943 1150 2998 sed
1179 2944 1240 3000 in
1288 2945 1453 3000 omni
1485 2949 1657 3015 gente
1688 2946 1791 3019 qui
1828 2947 1894 3001 ti-
1923 2969 1964 3024 ρ
2004 2969 2030 2996 ‹‹
2063 2947 2147 3001 xit
2179 2963 2191 3000 :
2224 2949 2320 3000 Ite.
2346 2947 2411 2999 Et
2439 2945 2522 2999 ait
2551 2959 2706 2998 unus
2734 2961 2807 3000 ex
2826 2943 2972 2999 illis:
3005 2943 3147 2997 Veni
3173 2957 3315 3011 ergo
3344 2945 3401 2996 et
3431 2944 3493 2995 tu
3518 2955 3656 2995 cum

235 3034 363 3085 met
391 3030 603 3096 Deum,
627 3034 686 3085 et
718 3036 1002 3104 operatur
1027 3032 1345 3102 justitiam,
1381 3038 1661 3106 acceptus
1692 3039 1780 3090 est
1812 3034 1893 3089 illi

232 3120 388 3190 (Act.
411 3121 486 3188 χ).
523 3141 551 3168 ››
581 3152 652 3160 —
682 3120 840 3176 Abiit
867 3125 925 3176 et
954 3121 1096 3178 lavit
1125 3123 1341 3195 septies
1359 3124 1530 3195 juxta
1552 3140 1892 3180 sermonem

230 3208 343 3264 viri
379 3209 502 3279 Dei,
535 3213 593 3264 et
615 3209 888 3266 restituta
931 3215 1018 3266 est
1045 3227 1187 3267 caro
1217 3213 1346 3281 ejus
1372 3213 1523 3267 sicut
1553 3228 1694 3268 caro
1724 3212 1896 3284 pueri

228 3297 506 3370 parvuli:
555 3299 702 3370 quia
738 3300 1068 3356 mundatus
1120 3301 1293 3373 aquis
1339 3301 1738 3374 baptismatis,
1787 3317 1896 3374 per

229 3386 678 3443 invocationem
708 3388 1068 3459 septiformis
1099 3389 1371 3462 Spiritus,
1403 3390 1660 3462 quisque
1689 3405 1892 3446 veram

226 3474 908 3546 recipietsanitatem,ut
941 3477 1018 3532 ad
1047 3477 1380 3533 innocentis
1409 3478 1543 3533 vitae
1575 3478 1892 3534 infantiam

230 3563 563 3631 redigatur,
581 3568 638 3618 et
659 3564 795 3619 vitae
824 3570 1054 3620 aeternae
1082 3567 1418 3635 ingressum
1446 3567 1750 3639 percipere
1773 3583 1894 3622 me-

229 3657 459 3706 reatur.
491 3652 652 3708 Unde
681 3654 816 3726 ipsa
848 3656 1068 3710 Veritas
1101 3656 1224 3710 suis
1267 3656 1577 3728 discipulis
1601 3657 1715 3712 ait:
1751 3679 1776 3706 ‹‹
1807 3656 1895 3712 Ni-

239 3739 298 3792 si
369 3741 634 3795 conversi
684 3741 909 3798 fueritis
973 3747 1031 3798 et
1079 3742 1422 3799 efﬁciamini
1475 3744 1625 3800 sicut
1680 3761 1896 3818 parvu-

237 3826 304 3893 li,
368 3842 492 3882 non
538 3827 820 3886 intrabitis
871 3834 932 3887 in
991 3849 1247 3902 regnum
1300 3832 1590 3888 cwlorum
1653 3835 1890 3904 (Matth.

227 3918 423 3987 xvm).
461 3940 489 3965 ››

306 4028 334 4054 ‹‹
362 4007 630 4078 Denique
659 4023 938 4064 reversus
969 4012 1240 4066 Naaman
1291 4009 1371 4065 ad
1399 4009 1597 4064 virum
1628 4009 1728 4065 Dei
1754 4025 1894 4066 cum

227 4119 259 4146 ‹‹
293 4094 580 4151 universo
643 4097 926 4153 comitatu
977 4114 1108 4163 suo,
1152 4097 1308 4152 venit
1365 4103 1421 4153 et
1477 4098 1632 4154 stetit
1687 4114 1893 4154 coram

232 4208 262 4233 ‹‹
293 4201 388 4254 eo,
423 4191 483 4240 et
505 4185 623 4241 ait:
659 4188 800 4241 Vere
832 4187 954 4242 scio
984 4187 1152 4259 quod
1201 4202 1326 4243 non
1355 4187 1427 4242 sit
1454 4186 1607 4243 alius
1641 4190 1794 4242 Deus
1832 4187 1894 4243 in

227 4297 257 4321 «ι
288 4275 579 4329 universa
611 4279 786 4337 terra,
817 4275 930 4331 nisi
962 4280 1196 4330 tantum
1242 4275 1302 4330 in
1349 4275 1544 4333 Israel.
1583 4300 1610 4326 »
1653 4279 1784 4331 Haec
1807 4281 1894 4333 est

225 4364 390 4418 enim
424 4362 727 4418 catholica
755 4363 1074 4435 professio,
1105 4364 1271 4436 quod
1324 4386 1351 4414 ‹‹
1377 4367 1532 4420 Deus
1561 4365 1890 4434 Abraham,

229 4455 384 4507 Deus
411 4457 582 4509 Isaac
604 4459 661 4509 et
681 4455 835 4509 Deus
865 4454 1072 4524 Jacob,
1100 4470 1223 4510 non
1254 4461 1340 4510 est
1361 4459 1757 4522 mortuorum,
1789 4455 1892 4510 sed

229 4542 589 4597 viventium.
627 4563 654 4590 ››
686 4543 899 4613 (Marc.
944 4547 1068 4608 xu).
1109 4566 1134 4591 «
1191 4543 1489 4609 Quoniam
1539 4559 1752 4599 omnes
1813 4543 1892 4598 dii

229 4631 505 4697 gentium
544 4631 868 4694 daemonia,
926 4631 1214 4686 Dominus
1264 4636 1467 4687 autem
1527 4632 1709 4686 caalos
1761 4631 1896 4688 fecit

231 4719 428 4788 (Psat.
459 4719 618 4789 xcv).
654 4741 670 4770 ι
714 4722 778 4774 Et
803 4724 868 4774 ut
894 4725 1110 4774 cuncta
1139 4719 1235 4774 hic
1273 4719 1560 4792 baptismi
1593 4720 1774 4775 scires
1805 4737 1894 4776 sa-

232 4813 550 4863 cramenta
577 4812 1064 4880 preemonstrata,
1099 4808 1160 4863 in
1188 4825 1310 4880 quo
1335 4808 1760 4863 abrenuntiare
1789 4811 1891 4864 Sa-

229 4895 418 4961 tante,
458 4911 525 4950 ac
561 4895 748 4951 ﬁdem
779 4896 1014 4952 Domini
1044 4895 1311 4952 conﬁteri
1339 4897 1745 4969 praecipimur,
1795 4911 1894 4950 ne-

229 4986 337 5052 gat
368 4999 432 5039 se
453 4987 728 5040 Naaman
763 4985 918 5042 ultra
936 4984 1050 5040 diis
1078 4983 1286 5040 alienis
1307 4985 1634 5054 litaturum,
1658 4983 1765 5040 soli
1787 4999 1894 5056 per

228 5072 439 5128 omnia
469 5074 725 5129 Domino
765 5073 1144 5129 serviturum.
1179 5073 1416 5130 Partem
1445 5089 1689 5146 quoque
1717 5077 1885 5128 terrae

232 5168 462 5219 sanctas
523 5180 730 5220 secum
799 5163 999 5220 tollere
1055 5163 1298 5234 gaudet,
1352 5164 1498 5236 quia
1550 5163 1883 5236 baptizatos

232 5257 471 5322 oportet
499 5253 793 5308 Dominici
823 5268 1068 5325 quoque
1115 5252 1382 5324 corporis
1437 5252 1893 5324 participatione

229 5341 605 5396 conﬁrmari.

304 5453 332 5478 ‹‹
361 5430 639 5502 Dixitque
661 5430 813 5486 Giezi
830 5446 981 5503 puer
995 5429 1104 5484 viri
1137 5430 1235 5485 Dei
1271 5449 1284 5486 :
1323 5429 1586 5502 Pepercit
1613 5428 1894 5484 dominus

231 5540 259 5565 ες
295 5520 574 5574 Naaman
631 5520 778 5588 Syro
825 5519 940 5585 isti,
974 5523 1036 5574 ut
1075 5533 1197 5574 non
1229 5518 1524 5590 acciperet
1550 5517 1627 5572 ab
1657 5533 1728 5572 eo
1759 5533 1894 5589 quae

229 5626 258 5655 α
294 5606 512 5664 attulit.
544 5605 696 5664 Vivit
733 5607 1022 5664 Dominus
1066 5608 1212 5680 quia
1258 5621 1497 5662 curram
1541 5611 1682 5678 post
1732 5622 1894 5676 eum,

2004 3057 2031 3084 ι(
2067 3033 2253 3088 servis
2283 3032 2418 3088 tuis.
2446 3032 2802 3104 Respondit:
2835 3034 2955 3101 Ego
2984 3031 3244 3086 veniam.
3268 3032 3336 3084 Et
3355 3028 3500 3083 abiit
3517 3043 3657 3082 cum

2004 3144 2032 3172 ‹‹
2067 3122 2172 3178 eis.
2207 3123 2475 3192 Cumque
2505 3119 2810 3174 venissent
2838 3119 2916 3174 ad
2945 3118 3291 3184 Iordanem,
3342 3114 3659 3184 caedebant

2005 3211 2242 3281 «ligna.
2289 3208 2519 3275 Accidit
2559 3212 2760 3262 autem
2810 3211 2896 3272 ut,
2946 3222 3085 3261 cum
3131 3220 3291 3259 unus
3344 3202 3657 3258 materiam

2005 3322 2033 3349 ‹‹
2067 3299 2434 3366 succidisset,
2476 3296 2717 3352 caderet
2769 3296 2989 3351 ferrum
3027 3293 3250 3350 securis
3307 3292 3367 3347 in
3407 3306 3654 3363 aquam.

2005 3411 2032 3439 «
2069 3385 2554 3458 Exclamavitque
2606 3384 2723 3440 ille.
2756 3389 2812 3440 et
2867 3383 2978 3440 ait:
3015 3386 3156 3450 Heu,
3189 3382 3328 3448 heu,
3378 3379 3517 3446 heu,
3548 3379 3658 3434 Do-

2007 3500 2032 3527 «
2064 3477 2223 3532 mine
2259 3475 2361 3542 mi,
2406 3480 2463 3530 et
2505 3474 2621 3529 hoc
2672 3473 2874 3545 ipsum
2925 3477 3137 3527 mutuo
3168 3484 3542 3542 acceperam.
3571 3467 3661 3523 Di-

2005 3588 2033 3617 ‹‹
2061 3567 2146 3622 xit
2175 3570 2374 3622 autem
2405 3565 2590 3619 homo
2618 3563 2738 3617 Dei.
2781 3562 2888 3618 Ubi
2915 3561 3161 3616 cecidit?
3217 3564 3288 3615 At
3328 3558 3424 3613 ille
3458 3571 3660 3612 mons-

2006 3679 2032 3706 ‹‹
2068 3654 2242 3711 travit
2270 3654 2320 3709 ei
2351 3653 2576 3709 locum.
2621 3650 2893 3706 Praecidit
2921 3665 3064 3720 ergo
3093 3648 3349 3717 lignum,
3401 3649 3458 3702 et
3503 3645 3662 3701 misit

2004 3764 2034 3799 ‹
2061 3744 2218 3799 illuc.
2253 3743 2609 3814 Natavitque
2663 3740 2909 3808 ferrum,
2939 3743 2996 3794 et
3037 3739 3144 3794 ait:
3193 3736 3379 3792 Tolle.
3423 3735 3534 3800 Qui
3565 3751 3652 3790 ex

2006 3856 2032 3882 «
2064 3832 2251 3888 tendit
2279 3847 2552 3895 manum,
2575 3835 2632 3886 et
2669 3828 2798 3885 tulit
2834 3827 2999 3883 illud.
3037 3849 3066 3877 ››
3098 3827 3234 3881 Haec
3273 3826 3473 3896 itaque
3503 3824 3658 3879 actio

2003 3922 2157 3975 bene
2181 3917 2564 3990 Redemptori
2594 3920 2804 3971 nostro
2835 3914 3110 3970 convenit
3137 3929 3245 3986 per
3273 3911 3658 3981 signiﬁcatio-

2002 4025 2164 4065 nem.
2225 4011 2372 4064 Cum
2403 4008 2582 4077 igitur
2607 4005 2917 4061 securibus
2948 4003 3114 4074 ligna
3162 4003 3551 4071 caederentur,
3582 4000 3659 4056 de

2003 4099 2166 4169 ligno
2194 4099 2418 4154 ferrum
2449 4095 2725 4152 exsiliens
2747 4095 2807 4150 in
2824 4094 3196 4167 profundum
3223 4092 3489 4148 ﬂuminis
3509 4107 3660 4147 mer-

2005 4203 2138 4241 sum
2162 4190 2268 4254 est,
2297 4191 2475 4258 atque
2500 4185 2561 4239 in
2585 4183 2819 4254 lignum
2861 4182 3126 4254 desuper
3153 4181 3232 4236 ab
3282 4180 3492 4236 Elisaao
3522 4194 3659 4252 pro-

1929 4315 1974 4368 υ
1998 4276 2223 4347 jectum
2264 4289 2569 4330 reversum
2598 4277 2721 4328 est:
2774 4272 2856 4327 ita
2894 4272 3076 4328 etiam
3107 4287 3245 4327 cum
3295 4269 3514 4343 impios
3561 4269 3660 4324 Ju-

2004 4364 2191 4433 daeos,
2225 4379 2330 4435 per
2355 4379 2574 4435 corpus
2617 4366 2866 4434 operata
2913 4360 3234 4433 praesentia
3266 4359 3500 4427 Christi,
3529 4363 3658 4414 tan-

2002 4468 2189 4524 quam
2221 4451 2627 4507 infructuosas
2653 4449 2898 4505 arbores
2925 4449 3198 4514 caederet,
3246 4447 3390 4518 quia
3426 4445 3510 4525 de
3556 4444 3658 4499 illa

2001 4543 2266 4596 Joannes
2297 4539 2554 4596 dixerat:
2581 4561 2607 4587 ‹‹
2652 4541 2797 4593 Ecce
2829 4536 3051 4592 securis
3082 4535 3161 4591 ad
3191 4533 3453 4588 radicem
3476 4530 3656 4585 arbo-

2001 4646 2138 4685 rum
2179 4629 2377 4702 posita
2407 4633 2494 4682 est
2515 4627 2754 4699 (Matth.
2786 4631 2895 4693 ιιι),
2921 4645 2950 4673 ››
2999 4623 3077 4678 ab
3119 4623 3202 4677 eis
3231 4618 3656 4675 interveniente

2001 4718 2280 4790 passione
2309 4731 2526 4788 corpus
2548 4716 2752 4786 ipsum
2773 4711 3050 4777 deseruit,
3076 4707 3380 4783 profunda
3406 4707 3655 4763 descen-

2002 4805 2106 4871 dit,
2139 4805 2306 4876 quod
2331 4805 2392 4858 in
2416 4802 2723 4875 sepultura
2752 4799 3112 4873 depositum,
3137 4795 3658 4869 tanquamadma-

2002 4893 2308 4962 nubrium,
2344 4892 2552 4964 spiritu
2581 4889 2866 4946 redeunte
2902 4888 3238 4944 resurrexit.
3273 4886 3452 4942 Aliter
3479 4902 3493 4940 :
3523 4887 3655 4941 Fer-

2002 5000 2134 5040 rum
2158 4982 2220 5038 in
2251 4980 2592 5048 manubrio,
2626 4979 2858 5038 donum
2882 4978 3215 5034 intellectus
3248 4977 3309 5032 in
3339 4975 3520 5031 corde
3546 4979 3652 5030 est.

2005 5073 2189 5142 Ligna
2219 5086 2358 5126 vero
2389 5085 2496 5142 per
2516 5070 2629 5124 hoc
2660 5067 2908 5134 caedere,
2933 5070 3025 5122 est
3054 5081 3239 5138 prave
3265 5068 3514 5136 agentes
3571 5063 3658 5118 in-

2003 5175 2268 5232 crepare.
2327 5157 2500 5225 Quod
2548 5171 2991 5228 nonnunquam
3048 5156 3193 5210 dum
3247 5154 3407 5209 ﬂuxe
3438 5151 3653 5222 agitur,

2003 5249 2150 5306 dum
2180 5249 2389 5322 lapsus
2417 5263 2591 5303 vanae
2621 5245 2822 5317 gloriae
2850 5245 2912 5300 in
2942 5249 3188 5317 accepta
3219 5243 3430 5298 eadem
3462 5242 3654 5297 scien-

2003 5338 2086 5394 tia
2111 5353 2234 5394 non
2263 5337 2500 5404 vitatur,
2535 5335 2756 5391 ferrum
2789 5334 2850 5389 in
2872 5349 3035 5406 aqua
3074 5333 3360 5404 perditur,
3407 5330 3554 5402 quia
3582 5346 3656 5385 ex

2004 5426 2297 5482 dissoluto
2379 5441 2557 5497 opere
2622 5423 3010 5492 intelligentia
3075 5421 3372 5477 fatuatur.
3461 5421 3655 5485 Quam

2004 5515 2268 5586 profecto
2299 5513 2769 5583 intelligentiam,
2803 5511 2881 5566 ad
2907 5511 3018 5566 hoc
3053 5511 3335 5564 novimus
3380 5507 3530 5574 dari,
3589 5509 3656 5560 ut

2005 5606 2142 5658 ante
2165 5601 2365 5658 dantis
2403 5601 2631 5668 oculos,
2683 5616 2757 5656 ex
2803 5599 2967 5656 bona
3014 5598 3232 5654 debeat
3268 5597 3498 5652 actione
3525 5608 3652 5647 res-
