4092 6178
462 164 563 221 507

1557 153 1916 212 ANGELOMI
1954 150 2405 208 LUXOVIENSIS
2443 151 2758 209 MONACHI

3778 153 3884 206 508

463 288 609 344 titul.
631 288 798 345 Unde
822 289 976 343 recte
996 286 1046 340 is
1074 284 1178 355 qui
1205 282 1428 338 ferrum
1449 279 1746 346 amiserat,
1774 275 2110 333 clamabat:
2146 277 2191 330 A
2223 274 2522 347 simplices
2550 279 2616 331 ut
2640 273 2952 330 columbae.
2988 293 3016 323 »
3050 275 3115 329 Et
3142 272 3284 328 item
3309 289 3322 326 :
3357 295 3386 322 «
3437 272 3651 328 Cavete
3677 277 3878 329 autem

465 400 495 428 α
525 381 667 447 Heu,
694 377 831 440 heu,
862 375 1000 443 heu,
1036 372 1280 428 Domine
1314 370 1415 432 mi,
1439 375 1495 426 et
1530 370 1646 424 hoc
1675 368 1874 439 ipsum
1907 369 2114 421 mutuo

465 480 836 536 acceperam.
875 485 904 512 »
932 461 1164 518 Habent
1187 459 1347 516 enim
1395 459 1511 514 hoc
1569 457 1735 514 electi
1779 454 2112 529 proprium,

463 554 514 609 si
536 551 784 624 quando
810 551 894 607 eis
933 551 996 606 in
1024 566 1134 606 sua
1175 549 1423 605 scientia
1469 547 1682 604 furtive
1711 561 1886 602 vanae
1913 544 2115 614 glorias

464 641 642 714 culpa
672 640 961 712 subrepit,
995 639 1073 695 ad
1110 655 1215 695 cor
1242 637 1519 694 velociter
1547 636 1821 693 redeant:
1859 638 1917 690 et
1939 633 2115 706 quid-

463 731 612 804 quid
664 731 726 785 in
757 746 818 785 se
849 733 986 784 ante
1017 727 1262 784 districti
1286 727 1506 798 judicis
1538 726 1744 782 oculos
1772 722 2117 780 damnabile

464 819 793 883 inveniunt,
824 817 1109 889 lacrymis
1158 816 1580 888 insequuntur.
1615 815 1725 881 Qui
1754 815 1964 868 ﬂcntes
1993 827 2117 868 non

467 908 661 964 solum
684 911 854 962 caute
894 907 1241 979 inspiciunt,
1281 921 1415 978 quae
1453 905 1616 961 mala
1665 903 2114 968 commiserunt,

465 997 572 1053 sed
602 1013 676 1052 ex
705 1000 952 1068 accepto
991 1010 1239 1051 munere
1282 1011 1419 1067 quae
1449 995 1696 1049 reddere
1724 992 1904 1048 etiam
1956 991 2120 1046 bona

465 1085 836 1141 debuerunt:
865 1085 969 1157 qui
1005 1084 1282 1140 nimirum
1315 1088 1478 1140 tanto
1523 1100 1584 1138 se
1615 1082 1874 1154 amplius
1913 1096 2121 1154 pecca-

466 1179 622 1231 torcs
652 1174 930 1240 sentiunt,
963 1177 1188 1245 quanto
1219 1189 1288 1228 ex
1313 1172 1595 1243 neglectis
1615 1171 1790 1227 bonis
1817 1185 1949 1242 quae
1978 1184 2118 1237 age—

465 1280 527 1320 re
557 1268 833 1336 poterant
853 1263 1150 1319 debitores
1185 1267 1477 1318 tenentur.
1510 1265 1682 1317 Recte
1704 1276 1845 1330 ergo
1875 1259 1980 1332 qui
2006 1258 2119 1314 fer-

464 1370 601 1410 rum
633 1352 909 1426 perdidit,
952 1352 1202 1409 clamat:
1237 1376 1262 1402 «
1301 1356 1442 1423 Ileu,
1473 1352 1612 1416 heu,
1636 1353 1776 1415 heu,
1807 1353 1866 1405 et.
1893 1350 2006 1405 hoc
2036 1348 2121 1420 ip-

469 1460 605 1499 sum
657 1447 868 1498 mutuo
921 1459 1294 1515 acceperam.
1336 1464 1354 1494 ι
1390 1447 1471 1498 Ac
1526 1442 1577 1496 si
1605 1441 1799 1496 dicat:
1834 1440 1984 1495 Illud
2014 1454 2121 1511 per

466 1532 918 1588 dissolutionem
943 1532 1316 1602 negligentiae
1345 1531 1597 1604 perdidi,
1615 1530 1778 1602 quod
1807 1534 1871 1584 ut
1898 1545 2004 1601 per
2020 1528 2123 1583 bo-

465 1639 546 1678 na
575 1639 758 1695 opera
784 1622 1096 1678 redderem
1128 1640 1200 1678 ex
1224 1623 1413 1692 gratia
1441 1622 1746 1678 creditoris
1774 1619 2120 1692 accepi.Sed
2155 1630 2192 1682 Β

466 1727 784 1784 nunquam
816 1713 971 1766 Deus
1003 1717 1264 1767 mentem
1301 1712 1536 1781 deserit,
1567 1727 1702 1782 quae
1747 1711 1810 1765 in
1860 1708 2120 1782 peccatis

471 1816 535 1856 se
564 1801 853 1857 veraciter
881 1801 1172 1870 agnoscit,
1205 1823 1232 1849 ‹‹
1267 1800 1430 1856 Unde
1474 1805 1529 1856 et
1569 1815 1711 1855 mox
1740 1798 1982 1854 Elisaeus
2025 1813 2121 1852 ve-

465 1889 658 1955 niens,
677 1888 908 1957 lignum
930 1887 1212 1943 deorsum
1243 1888 1418 1954 misit,
1439 1893 1496 1943 et
1525 1887 1746 1942 ferrum
1772 1887 1831 1941 in
1865 1884 2119 1956 superﬁ-

466 1976 616 2031 ciem
645 1977 856 2032 attulit.
889 2000 916 2026 ››
950 1977 1100 2042 Quia
1131 1976 1397 2032 videlicet
1421 1976 1777 2048 Redemptor
1802 1979 2003 2031 noster
2025 1973 2120 2045 pie

466 2079 580 2120 nas
611 2065 960 2138 respiciens,
993 2081 1095 2120 cor
1143 2065 1471 2137 peccatoris
1526 2065 1821 2133 humiliat,
1881 2068 1939 2119 et
1984 2079 2118 2118 eam

465 2169 653 2226 quam
686 2154 994 2223 amiserat,
1030 2153 1478 2222 intelligentiam
1528 2153 1833 2208 reformat.
1870 2152 2120 2220 Lignum

466 2242 636 2311 erigit
668 2245 726 2297 et
755 2242 975 2298 ferrum
1008 2243 1068 2298 in
1095 2243 1472 2314 superficiem
1505 2242 1716 2309 attulit,
1748 2241 1890 2313 quia
1917 2240 2120 2296 videli-

467 2336 557 2388 cet
581 2332 942 2404 Redemptor
972 2337 1190 2398 noster,
1223 2337 1279 2388 et
1309 2333 1617 2388 scientiam
1659 2336 1916 2404 reparat,
1946 2335 2002 2386 et
2023 2346 2125 2386 cor

467 2419 689 2475 elatum
737 2420 797 2475 in
830 2422 1186 2491 cogitatione
1216 2421 1509 2477 humiliat.
1539 2421 1702 2476 Unde
1731 2420 1883 2475 bene
1913 2419 1973 2474 in
2007 2419 2123 2474 alia

471 2507 856 2563 translatione
893 2508 1106 2564 dicitur
1139 2527 1205 2564 :«
1235 2509 1408 2575 Quod
1435 2509 1726 2578 confregit
1753 2509 1983 2578 lignum
2033 2511 2120 2563 at-

468 2611 586 2666 que
611 2596 879 2665 jactavit,
906 2602 962 2652 et
991 2597 1072 2652 sic
1105 2598 1328 2653 ferrum
1357 2599 1645 2654 sustulit.»
1680 2599 1933 2669 Lignum
1954 2613 2124 2655 nam-

469 2699 591 2755 que
621 2683 992 2754 confringere
1013 2689 1103 2741 est
1127 2702 1230 2741 cor
1259 2686 1337 2741 ab
1385 2686 1639 2742 elatione
1679 2691 2002 2744 conterere.
2039 2688 2123 2742 Li-

470 2785 657 2842 gnum
679 2772 756 2827 ad
794 2772 920 2828 ima
943 2773 1170 2842 jactare
1209 2779 1300 2830 est
1333 2775 1628 2830 elevatum
1660 2792 1763 2832 cor
1813 2777 1875 2832 in
1924 2775 2124 2844 cogni-

467 2861 626 2916 tiene
649 2861 733 2932 (ut
777 2860 1061 2932 diximus)
1088 2863 1343 2935 prepriee
1387 2863 1743 2920 inﬁrmitatis
1781 2865 2117 2920 humiliare.

466 2954 655 3022 Atque
679 2949 834 3006 illico
862 2951 1086 3007 terram
1114 2952 1193 3008 ad
1237 2953 1617 3025 superficiem
1647 2953 1820 3022 redit,
1851 2954 1996 3027 quia
2041 2955 2121 3009 ad
2153 2983 2192 3038 ρ

468 3054 646 3094 usum
677 3040 1112 3117 exercitationis
1142 3042 1405 3115 pristinas
1435 3042 1832 3111 intelligenth
1853 3044 2118 3099 recurrit.

469 3128 651 3198 lgitUr
679 3129 969 3202 quoniam
1001 3130 1231 3186 denum
1263 3131 1593 3187 intellectus
1613 3131 1780 3204 quod
1809 3132 2118 3205 accipitur.

466 3212 563 3268 vix
599 3229 736 3268 cum
768 3218 854 3270 tot
881 3214 1332 3272 difﬁcultatibus
1383 3216 1732 3287 custoditur,
1783 3218 2121 3274 curandum

467 3301 638 3358 valde
669 3308 779 3372 est,
814 3319 889 3359 ne
916 3304 1036 3360 otio
1068 3309 1321 3376 torpeat,
1352 3306 1690 3362 curandum
1719 3321 1796 3361 ne
1835 3307 2122 3363 incitatio-

467 3406 545 3446 ne
570 3393 769 3464 Operis
800 3393 939 3448 vitio
967 3393 1241 3449 elationis
1272 3399 1619 3451 evanescat.
1640 3397 1836 3451 Sancti
1855 3412 2120 3469 namque

466 3479 575 3532 viri
599 3480 843 3534 minime
874 3481 1190 3545 exsultant,
1247 3499 1386 3536 cum
1437 3487 1810 3551 cognoscunt
1859 3501 1997 3556 quae
2032 3485 2118 3540 fa-

468 3568 648 3641 ciunt.
677 3565 793 3621 Sed
823 3583 960 3621 cum
986 3567 1213 3626 faciunt
1243 3584 1378 3640 quae
1418 3575 1852 3639 cognoverunt,
1885 3577 1972 3627 ets
2035 3572 2120 3627 in-

466 3651 784 3723 telligendo
808 3654 1032 3724 largius
1063 3657 1446 3726 congaudent
1475 3672 1510 3714 a
1531 3673 1777 3714 munere
1798 3659 2118 3730 largitoris,

468 3747 787 3798 mcerentes
817 3748 1021 3799 tamen
1075 3745 1461 3802 considerant
1489 3747 1759 3802 debitum
1790 3749 1986 3820 operis
2012 3767 2023 3803 :
2057 3754 2121 3805 ut

466 3831 742 3889 videlicet
769 3833 1000 3890 actione
1049 3834 1417 3907 persolvant,
1469 3837 1634 3909 quod
1689 3838 1773 3893 eis
1824 3854 2122 3911 prteroga-

465 3925 594 3976 tum
626 3927 718 3978 est
745 3921 806 3978 in
837 3923 1424 3994 cognitione.8tultus
1450 3941 1714 3998 namque
1745 3931 1833 3983 est
1863 3927 2116 3996 debitor,

464 4009 568 4080 qui
599 4010 874 4080 gaudens
914 4013 1198 4084 pecunias
1239 4018 1482 4068 mutuas
1523 4014 1755 4086 accipit,
1787 4020 1844 4071 et
1875 4019 2113 4088 tempus

464 4113 588 4168 quo
612 4098 860 4154 reddere
889 4100 1108 4157 debeat
1135 4117 1259 4158 non
1310 4102 1576 4158 attendit.
1626 4104 1960 4160 Moderatur
2011 4121 2118 4160 au-

465 4190 584 4240 tem
624 4185 824 4242 laetitia
859 4190 1211 4262 accipiendi,
1255 4191 1504 4262 quando
1553 4191 1750 4247 solerti
1803 4193 2120 4264 providen-

465 4273 547 4328 tia
597 4274 780 4330 etiam
819 4277 1208 4333 constitutum
1268 4283 1507 4350 tempus
1565 4280 1856 4336 reddendi
1894 4282 2116 4352 cogita-

466 4365 579 4418 tur.

537 4471 564 4501 ι(
598 4455 719 4507 Rex
749 4456 950 4508 autem
979 4454 1160 4526 Syriae
1185 4454 1500 4527 pugnabat
1527 4461 1734 4513 contra
1762 4457 1961 4526 Israel,
1981 4476 2118 4516 con-

462 4560 491 4594 ¢
529 4539 848 4613 slliumque
873 4541 1002 4598 iniit
1035 4559 1173 4598 cum
1204 4543 1388 4599 servis
1437 4544 1581 4610 suis,
1615 4545 1856 4600 dicens:
1889 4548 1954 4602 In
1984 4547 2116 4604 loco

465 4653 492 4679 σι
525 4630 627 4687 illo
657 4636 715 4686 et
745 4630 843 4687 illo
873 4645 1176 4704 ponamus
1207 4632 1474 4701 insidias,
1500 4634 1646 4690 Misit
1675 4633 1874 4707 itaque
1899 4636 1985 4691 vir
2014 4639 2116 4692 Dei

465 4743 492 4769 «
525 4719 604 4776 ad
634 4733 839 4789 regem
888 4722 1066 4778 Israel
1107 4721 1312 4778 dicens
1346 4740 1358 4777 :
1409 4723 1564 4778 Cave
1620 4740 1694 4778 ne
1749 4728 2019 4781 transeas
2054 4726 2116 4782 in

463 4830 490 4855 ‹‹
523 4807 726 4864 locum
747 4810 939 4873 illum,
971 4811 1113 4881 quia
1144 4810 1227 4867 ibi
1253 4811 1381 4883 Syri
1413 4811 1474 4867 in
1497 4811 1726 4869 insidiis
1775 4819 1934 4870 sunt.
1971 4815 2116 4871 Misit

469 4917 494 4946 α
525 4895 724 4966 itaque
753 4910 858 4952 rex
889 4899 1068 4953 Israel
1099 4899 1177 4954 ad
1203 4900 1405 4956 locum
1448 4917 1631 4973 quem
1682 4903 1916 4960 dixerat
1945 4905 1996 4961 ei
2027 4905 2116 4961 vir

469 5004 487 5033 ι
527 4983 648 5049 Dei,
681 4989 737 5039 et
760 4989 1204 5058 praeoccupavit
1231 5005 1392 5059 eum,
1417 4994 1475 5046 et
1502 4991 1848 5049 observavit
1872 5010 1933 5049 se
1959 4994 2064 5059 ibi,
2089 5016 2112 5042 η

463 5076 520 5126 et
579 5070 827 5143 reliqua.
893 5075 1079 5138 Quem
1129 5079 1553 5145 congruentius
1611 5081 1706 5136 hic
1755 5098 1858 5137 rex
1910 5082 2111 5152 Syriae,

463 5175 652 5231 quam
682 5165 1034 5231 potestatem
1069 5163 1368 5233 significat
1408 5170 1744 5226 terrenam?
1773 5185 1907 5241 qua:
1956 5184 2115 5239 saepe

463 5248 721 5320 superbe
776 5250 1035 5306 sentiens
1087 5253 1380 5324 populum
1449 5257 1570 5328 Dei,
1643 5258 1757 5312 hoc
1809 5260 1896 5311 est
1961 5255 2114 5312 ﬁlios

460 5335 610 5392 lucis
639 5339 1032 5411 persequitur,
1082 5341 1188 5398 sed
1240 5344 1353 5416 ipsi
1408 5361 1515 5417 per
1569 5346 1690 5400 veri
1741 5343 1950 5407 Elisaai,
2000 5345 2113 5400 Do-

462 5425 611 5481 mini
665 5426 938 5484 videlicet
992 5431 1201 5501 nostri,
1273 5433 1606 5488 doctrinam
1683 5431 1931 5488 insidias
2006 5433 2114 5488 ini-

463 5514 760 5572 micorum
831 5533 1167 5590 praecavere
1221 5521 1561 5577 edocentur.
1641 5523 1709 5575 Ut
1781 5525 1867 5576 est
1918 5521 2110 5579 illud:

466 5630 492 5655 «ι
545 5609 759 5677 Estotc,
816 5607 1026 5681 inquit,
1085 5609 1409 5682 prudentes
1468 5607 1619 5665 sicut
1680 5615 2004 5684 serpentes,
2061 5615 2118 5670 et

2223 364 2300 420 ab
2330 365 2676 420 hominibus
2709 365 2944 435 (Matth.
2980 367 3063 429 χ).
3099 384 3126 412 ››
3159 367 3217 418 et
3258 361 3431 418 alibi:
3473 383 3502 412 «
3549 362 3866 426 Atteudite,

2224 452 2322 518 ait,
2359 469 2395 508 a
2424 452 2588 508 falsis
2625 453 2936 527 prOphetis
2971 451 3208 524 (Matth.
3242 452 3360 522 vn).
3393 473 3420 500 η
3481 451 3604 506 Ηοο
3645 451 3875 523 quippe

2226 556 2564 612 agnoscens
2593 543 2905 599 mundana
2961 540 3243 614 potentia,
3276 541 3477 612 ipsum
3521 540 3884 612 prophetam

2225 629 2554 687 interﬁcere
2603 631 2884 703 disponit,
2941 646 3081 684 cum
3127 628 3423 684 Christum
3480 628 3541 684 in
3597 627 3886 684 cordibus

2227 718 2552 776 electorum
2582 720 2926 789 extinguere
2959 718 3281 775 festinavit.

2298 831 2323 858 «
2355 809 2501 865 Misit
2522 824 2664 878 ergo
2694 808 2832 864 illuc
2862 824 2966 864 rex
3018 807 3200 879 Syriae
3242 821 3432 879 equos
3462 809 3519 862 et
3568 819 3785 862 currus
3834 812 3889 863 et

2228 921 2256 948 «
2284 899 2470 954 robur
2507 899 2821 954 exercitus.
2872 897 2979 962 Qui
3019 913 3157 952 cum
3195 896 3498 953 venissent
3527 900 3721 964 nocte,
3783 896 3890 952 cir-

2229 1009 2256 1035 ‹‹
2285 986 2723 1042 cumdederunt
2747 985 3066 1041 civitatem.
3105 1007 3131 1033 ››
3161 984 3367 1040 Omnis
3382 999 3524 1054 ergo
3550 985 3657 1056 qui
3677 983 3888 1056 nequi-

2228 1075 2319 1130 tiae
2352 1076 2536 1132 armis
2559 1075 2890 1143 conlidens,
2917 1075 3128 1131 Christi
3155 1072 3397 1130 famulis
3435 1074 3682 1131 insidias
3731 1090 3889 1146 prte-

2225 1170 2422 1238 parat,
2454 1171 2626 1221 nocte
2675 1165 2942 1238 perﬁdia:
2995 1170 3348 1231 excaecatus,
3403 1162 3625 1220 bellum
3679 1168 3894 1220 contra

2228 1255 2552 1311 Ecclesiam
2575 1255 2741 1326 gerit.

2301 1365 2328 1394 «
2363 1347 2746 1414 Consurgens
2777 1349 2978 1400 autem
3019 1341 3303 1412 diluculo,
3329 1343 3594 1398 minister
3640 1342 3751 1398 viri
3783 1342 3896 1398 Dei

2231 1455 2260 1484 ‹‹
2291 1449 2569 1503 egressus
2604 1433 2987 1504 est.Viditque
3019 1432 3345 1487 exercitum
3374 1432 3434 1486 in
3467 1431 3712 1486 circuitu
3745 1431 3892 1486 civi-

2231 1544 2258 1570 ‹‹
2294 1523 2428 1578 tatis
2455 1527 2512 1578 et
2533 1539 2722 1594 equos
2743 1527 2799 1577 et
2820 1538 3053 1577 cturus.
3089 1520 3509 1592 Nuntiavitque
3539 1519 3614 1588 ei,
3642 1519 3889 1575 dicens:

2232 1634 2258 1661 «
2292 1613 2439 1680 Heu,
2480 1611 2620 1680 heu,
2645 1610 2888 1666 domine
2912 1611 3015 1676 mi,
3045 1609 3195 1682 quid
3222 1609 3520 1665 facimus?
3545 1631 3570 1658 ››
3597 1609 3734 1663 Haec
3764 1624 3893 1664 sen-

2231 1701 2412 1756 tentia
2437 1701 2681 1756 dcnotat
2709 1700 2840 1755 illos
2903 1701 3008 1772 qui
3059 1703 3301 1770 propter
3330 1697 3892 1771 pusillanimitatem

2231 1789 2427 1844 cordis
2460 1790 2572 1856 sui,
2590 1806 2803 1861 poenas
2823 1791 3101 1844 verentur
3122 1787 3487 1860 corporales,
3513 1786 3740 1857 quibus
3758 1803 3894 1859 pro-

2230 1878 2412 1949 pheta
2441 1878 2749 1950 rcspondit
2773 1896 2784 1932 :
2805 1901 2831 1928 ‹‹
2861 1877 2987 1933 Noli
3018 1876 3243 1943 timere,
3271 1876 3471 1948 plures
3491 1875 3656 1931 enim
3685 1875 3890 1931 nobis-

2233 1990 2260 2016 ‹‹
2293 1983 2430 2022 cum
2457 1971 2594 2022 sunt
2619 1984 2806 2039 quam
2846 1983 2985 2021 cum
3031 1965 3144 2021 illis
3199 1966 3288 2037 (Il
3324 1967 3472 2020 Par.
3506 1965 3712 2036 xxxu).
3748 1987 3778 2013 »
3830 1967 3893 2019 Et

2236 2055 2500 2111 Salvator
2521 2055 2830 2128 discipulis
2863 2055 2945 2110 ait
2969 2073 2981 2111 :
3010 2079 3037 2106 «
3073 2058 3135 2109 In
3165 2054 3396 2109 mundo
3424 2069 3771 2126 pressuram
3789 2054 3890 2109 ha—

2234 2144 2470 2214 bebitis,
2490 2145 2596 2200 sed
2617 2145 3067 2217 conﬁdite,quia
3087 2159 3198 2214 ego
3227 2143 3339 2199 vici
3369 2143 3669 2199 mundum
3687 2145 3886 2212 (Joan.

2231 2234 2392 2303 xvn),
2428 2256 2456 2282 »
2486 2237 2551 2288 Et
2579 2233 2756 2289 item:
2791 2253 2822 2286 ‹
2869 2233 3051 2290 Nolite
3096 2233 3300 2288 timere
3345 2248 3468 2294 eos,
3522 2232 3736 2304 inquit,
3786 2232 3891 2305 qui

2233 2321 2516 2379 occidunt
2546 2338 2784 2395 corpus,
2812 2327 2870 2379 et
2897 2327 3035 2395 post
3062 2323 3191 2378 haec
3220 2337 3343 2376 non
3373 2320 3602 2377 habent
3627 2322 3774 2393 quid
3797 2322 3886 2377 fa-

2231 2413 2391 2469 ciant
2420 2413 2592 2469 vobis
2618 2432 2630 2468 :
2663 2414 2810 2485 quin
2832 2414 3030 2485 potius
3059 2429 3198 2468 eum
3220 2413 3440 2481 timete,
3470 2412 3574 2483 qui
3604 2415 3795 2484 potest
3826 2418 3882 2468 et

2231 2502 2501 2558 animam
2533 2507 2589 2557 et
2636 2518 2854 2574 corpus
2883 2501 3129 2574 perdere
3159 2502 3217 2557 in
3272 2501 3607 2571 gehennam
3637 2501 3871 2570 (Matth.

2230 2594 2310 2663 x),
2342 2614 2368 2641 »
2401 2596 2457 2647 et
2486 2594 2655 2647 Petro
2687 2592 2976 2646 Dominus
3028 2592 3091 2647 in
3120 2591 3408 2664 passione
3439 2606 3548 2645 sua
3575 2590 3688 2646 ait:
3721 2610 3749 2638 ιε
3786 2591 3880 2644 An

2230 2686 2408 2754 putas
2427 2681 2570 2752 quia
2603 2696 2725 2736 non
2755 2696 3008 2752 possum
3039 2696 3253 2750 rogare
3284 2681 3522 2735 Patrem
3569 2694 3796 2744 meum,
3826 2682 3885 2734 et

2231 2769 2534 2825 exhibebit
2567 2770 2709 2824 mihi
2738 2769 2874 2841 plus
2904 2785 3091 2842 quam
3117 2769 3436 2825 duodecim
3481 2768 3750 2838 legiones
3783 2784 3887 2823 an-

2232 2859 2504 2929 gelorum
2524 2861 2551 2915 ?
2582 2881 2612 2908 η

2304 2967 2333 3000 ‹
2363 2951 2632 3020 Cumque
2653 2952 2882 3004 orasset
2931 2947 3194 3016 Eliszeus,
3243 2947 3365 3003 ait:
3415 2945 3685 3014 Domine,
3727 2944 3888 3018 aperi

2234 3058 2264 3086 «
2295 3035 2503 3093 oculos
2554 3038 2736 3108 hujus
2793 3041 2860 3093 ut
2907 3036 3126 3093 videat.
3191 3039 3254 3092 Et
3307 3037 3541 3107 aperuit
3597 3035 3886 3090 Dominus

2232 3149 2261 3176 «
2293 3126 2502 3182 oculos
2529 3126 2720 3198 pueri,
2747 3129 2805 3181 et
2823 3126 2970 3182 vidit
2988 3143 3000 3180 :
3021 3130 3076 3182 et
3107 3141 3243 3181 ecce
3271 3139 3444 3180 mons
3466 3124 3685 3197 plenus
3705 3140 3887 3196 equo-

2232 3239 2261 3266 κ
2292 3231 2429 3271 rum
2455 3221 2512 3271 et
2542 3232 2829 3272 curruum
2858 3215 3177 3284 igneorum
3205 3215 3268 3269 in
3322 3213 3570 3269 circuitu
3627 3213 3836 3269 Eliszei.
3855 3234 3884 3262 ιο

2232 3309 2298 3361 Et
2315 3305 2491 3361 valde
2520 3321 2763 3361 necesse
2783 3309 2872 3361 est
2890 3309 2953 3360 ut
2981 3304 3220 3360 Eliseeus
3259 3307 3465 3359 noster
3493 3303 3726 3375 aperiat
3748 3318 3887 3358 ocu-

2230 3394 2322 3450 los
2355 3395 2552 3450 cordis
2583 3394 2790 3464 nostri,
2825 3397 2889 3450 ut
2909 3393 3354 3450 consideremus
3376 3397 3433 3447 et
3456 3406 3884 3462 agnoscamus,

2229 3484 2373 3555 quia
2425 3499 2636 3538 omnes
2667 3483 2771 3554 qui
2803 3483 3117 3538 conﬁdunt
3139 3483 3200 3538 in
3229 3481 3420 3550 illum,
3465 3497 3587 3538 non
3633 3481 3888 3538 confun-

2229 3570 2445 3627 dentur
2473 3572 2596 3641 (Ps.
2629 3573 2804 3642 xxiv).

2304 3679 2333 3712 α
2363 3663 2539 3715 ΡΟῙἸὈ
2574 3659 2814 3714 Eliseeus
2865 3660 3057 3716 oravit
3081 3660 3421 3726 Dominum,
3449 3657 3684 3713 dicens:
3729 3655 3872 3710 Per-

2231 3753 2435 3815 «cute,
2467 3748 2741 3815 obsecro,
2769 3753 3008 3818 gentem
3038 3750 3195 3805 hanc
3237 3748 3514 3804 caecitate.
3563 3744 3886 3801 Percussit.-

2231 3860 2259 3888 «
2284 3855 2404 3910 que
2425 3855 2527 3894 eos
2550 3839 2839 3894 Dominus
2878 3855 2952 3894 ne
2983 3838 3253 3894 viderent
3300 3839 3473 3909 juxta
3500 3835 3748 3892 verbum
3778 3833 3890 3889 Eli-

2229 3949 2258 3976 ‹‹
2287 3927 2409 3982 seei.
2436 3950 2462 3977 ››
2517 3931 2744 3983 Bonum
2795 3943 2935 3997 ergo
2963 3927 3076 3982 illis
3119 3931 3223 3993 est,
3278 3942 3433 3999 quos
3488 3924 3699 3981 oculus
3740 3939 3889 3979 suus

2229 4016 2612 4083 scandalizat,
2630 4020 2694 4072 ut
2725 4021 2965 4072 eruatur
2981 4020 3036 4070 et
3067 4015 3415 4086 projiciatur
3441 4013 3521 4069 ab
3534 4013 3618 4069 eis
3639 4013 3885 4080 (Matth.

2226 4106 2306 4176 v),
2333 4109 2634 4176 quatenus
2659 4105 2905 4160 intuitus
2930 4104 3171 4160 malitiae
3216 4108 3274 4158 et
3299 4103 3599 4175 superbiae
3651 4101 3893 4158 obture-

2231 4200 2344 4260 tur,
2377 4199 2434 4249 et
2459 4194 2670 4249 oculus
2694 4209 2856 4249 same
2886 4192 3023 4248 ﬁdei
3053 4209 3123 4249 ac
3153 4192 3546 4265 simplicitatis
3563 4191 3890 4263 aperiatur.

2234 4282 2400 4338 Unde
2425 4283 2566 4338 dicit
2588 4282 2950 4354 Apostolus:
2983 4302 3012 4334 ιι
3045 4281 3100 4338 Si
3142 4281 3279 4353 quis
3319 4281 3474 4338 inter
3519 4295 3630 4337 vos
3652 4279 3892 4336 videtur

2232 4370 2474 4442 sapiens
2503 4386 2655 4437 esse,
2690 4370 2904 4426 stultus
2933 4369 3132 4427 ﬁatut
3173 4369 3247 4425 sit
3298 4369 3562 4442 sapiens.
3597 4390 3627 4418 κ
3659 4369 3722 4435 (Ι
3746 4369 3890 4425 Cor.

2229 4463 2331 4530 in).

2300 4571 2326 4596 «
2354 4548 2624 4621 Dixitque
2649 4563 2751 4603 rex
2779 4548 2956 4604 Israel
3002 4548 3080 4603 ad
3124 4548 3398 4603 Elisaeum
3444 4563 3582 4603 cum
3635 4546 3894 4602 vidisset

2228 4660 2255 4686 «
2285 4654 2387 4693 eos
2417 4654 2430 4692 :
2462 4637 2740 4709 Nunquid
2767 4637 3099 4709 percutiam
3125 4652 3253 4707 eos,
3278 4641 3447 4708 pater
3487 4636 3568 4691 mi
3592 4636 3621 4690 Ἰ
3673 4639 3742 4690 Et
3793 4635 3892 4690 ille

2228 4749 2255 4776 ‹‹
2289 4728 2400 4783 ait:
2435 4731 2558 4783 Non
2593 4727 3117 4799 percuties.Neque
3137 4727 3298 4781 enim
3316 4725 3638 4798 cepistieos
3657 4724 3891 4794 gladio,

2232 4837 2252 4868 ι
2290 4820 2394 4872 aut
2424 4833 2569 4872 arcu
2598 4821 2699 4872 tuo
2727 4820 2790 4872 ut
2842 4816 3160 4888 percutias.
3222 4815 3335 4872 Sed
3384 4831 3542 4887 pone
3570 4829 3807 4886 panem
3840 4819 3897 4870 et

2228 4929 2255 4955 «
2291 4922 2514 4978 aquam
2536 4921 2740 4962 coram
2764 4906 2870 4977 eis,
2894 4910 2959 4962 ut
2990 4905 3309 4962 comedant
3336 4909 3393 4962 et
3425 4905 3655 4973 bibant,
3697 4911 3756 4960 et
3792 4920 3900 4961 va-

2229 5019 2256 5044 «
2283 4995 2427 5051 dant
2455 4997 2529 5051 ad
2561 4996 2814 5051 domum
2846 5011 3041 5065 suam,
3078 5016 3105 5046 »
3157 5000 3214 5050 et
3256 4994 3508 5067 reliqua.
3552 4997 3898 5065 Postquam

2226 5099 2368 5150 ergo
2403 5083 2643 5138 Eliseeus
2667 5085 2868 5139 hostes
2894 5083 3146 5139 adduxit
3172 5083 3234 5139 in
3287 5082 3579 5152 Samaria,
3612 5097 3739 5138 non
3787 5099 3899 5140 eos

2224 5171 2416 5226 occidi
2443 5170 2726 5240 permisit,
2747 5170 2851 5225 sed
2877 5171 3256 5226 refectionem
3282 5186 3572 5241 magnam
3607 5169 3899 5227 ciborum

2225 5257 2338 5312 illis
2369 5272 2736 5330 prteparans,
2761 5257 2984 5314 dimisit
3013 5275 3116 5314 eos
3147 5260 3207 5314 in
3230 5276 3400 5333 pace.
3426 5263 3494 5315 Et
3511 5258 3761 5315 Saulum
3788 5259 3904 5316 diu

2227 5349 2433 5401 contra
2466 5345 2773 5401 stimulum
2822 5347 3227 5404 calcitrantem
3277 5349 3541 5420 primum
3588 5347 3900 5405 Dominus

2225 5436 2562 5502 excmcavit,
2594 5435 2809 5490 deinde
2839 5436 3083 5493 scientia
3123 5437 3413 5510 spirituali
3441 5437 3762 5507 magniﬁce
3801 5455 3899 5495 re-

2225 5523 2427 5595 plevit,
2461 5530 2639 5597 atque
2671 5525 2748 5581 ad
2770 5525 3225 5598 praedicandum
3256 5527 3380 5582 suis
3408 5526 3812 5596 Evangelium
3833 5528 3898 5583 in

2228 5612 2505 5684 gentibus
2530 5614 2743 5672 direxit
2769 5617 2925 5684 (Act.
2958 5620 3059 5685 Ix).
3084 5616 3386 5689 Nobisque
3450 5615 3754 5688 praecepit,
3807 5617 3901 5674 ita
