4092 6178
247 141 351 194 ὅοθ

1199 148 1484 232 \ENARR.
1526 151 1594 206 IN
1635 143 1881 204 LIBROS
1919 143 2175 202 RBGUM.
2217 171 2289 188 ι·-
2326 151 2396 206 IN
2434 151 2568 208 LIB.
2602 152 2688 206 iV.

3557 163 3696 218 510'

238 261 450 318 dicens
478 281 491 318 :
527 283 558 316 ‹
587 262 814 332 Diligite
842 266 1116 323 inimicos
1142 276 1372 327 vestros
1386 276 1442 328 et
1460 271 1787 329 benefacite
1808 269 1899 324 his
1938 269 1986 322 Α
2011 270 2306 338 gentibus.
2340 275 2407 330 Et
2435 273 2750 348 impletum
2779 278 2869 332 est
2892 275 3039 332 illud
3077 279 3423 337 vaticinium
3456 282 3658 340 isaite:

235 352 346 424 qui
397 351 655 409 oderunt
678 370 803 417 vos,
835 361 901 412 ut
927 357 1049 413 sitis
1103 357 1207 414 tilii
1253 361 1436 416 Patris
1465 363 1642 418 vestri
1696 359 1800 433 qui
1833 357 1895 414 in

234 442 403 497 cadis
431 446 522 498 est
547 443 791 512 (Matth.
819 449 898 511 v).
927 467 952 494 ››

311 553 338 579 κ
373 533 620 588 Factum
650 537 743 589 est
765 538 963 590 autem
1003 539 1141 608 post
1182 537 1309 594 haec
1359 540 1745 610 congregavit
1793 543 1894 595 Bc-

234 643 264 671 ‹‹
298 620 505 678 nadab
552 637 658 677 rex
707 623 888 695 Syrire
949 625 1296 683 universum
1339 630 1664 686 exercitum
1693 647 1891 696 suum,

232 729 265 763 ι
297 713 354 765 et
405 710 674 767 ascendit
725 716 782 768 et
831 713 1148 772 obsidebat
1207 718 1560 788 Samariam,
1618 719 1893 792 factaque

231 822 261 848 ‹‹
296 804 386 854 est
414 798 604 856 fames
646 815 874 871 magna
903 802 962 858 in
997 805 1330 874 Samaria,»
1363 813 1473 864 etc.
1507 812 1716 865 Narrat
1742 809 1893 866 Scri-

230 892 414 960 ptura
441 888 610 961 quod
641 890 921 948 Benedab
969 909 1073 948 rex
1115 895 1294 967 Syriae
1348 897 1644 954 obsideret
1684 901 1892 955 Sama-

229 977 426 1033 riam:
483 979 637 1035 facta
693 985 892 1036 autem
951 983 1127 1050 fame,
1187 985 1441 1042 aﬂlictus
1489 993 1580 1044 est
1626 988 1890 1061 populus

227 1067 431 1138 valde,
463 1068 570 1124 sed
611 1070 866 1126 Domino
915 1073 1254 1144 miserante,
1282 1076 1607 1133 revelatum
1651 1084 1737 1133 est
1779 1077 1888 1133 Eii-

230 1173 358 1213 szeo
388 1157 642 1214 verbum
691 1159 945 1228 Domini,
980 1168 1035 1217 et
1089 1164 1362 1234 praedixit
1413 1167 1638 1240 populo
1679 1168 1890 1224 solatia

226 1251 506 1317 ventura,
534 1248 618 1306 ita
647 1248 894 1306 dicens:
929 1275 957 1302 α
977 1252 1108 1308 Haec
1141 1253 1281 1310 dicit
1315 1257 1673 1312 Dominus.»

863 1411 1096 1468 CAPUT
1141 1416 1253 1469 VII.

300 1536 326 1562 «ι
351 1513 414 1570 In
441 1517 711 1587 tempore
753 1517 866 1573 hoc
912 1533 1044 1574 cras
1078 1521 1318 1578 modius
1347 1521 1576 1589 similae,
1607 1539 1727 1578 uno
1775 1528 1887 1579 sta-

2009 377 2036 408 s
2067 358 2214 423 Quia
2259 361 2456 417 scissas
2500 367 2639 419 sunt
2686 363 2748 418 in
2801 363 3034 419 deserto
3067 380 3261 437 aquae,
3294 373 3350 423 et
3375 374 3660 428 torrentes

2003 446 2064 502 in
2096 448 2430 523 solitudine,
2460 457 2516 508 et
2545 469 2680 525 quae
2720 458 2845 510 erat
2890 453 3058 510 arida
3083 454 3145 510 in
3175 459 3478 526 stagnum,
3505 466 3564 516 et
3587 461 3658 516 si-

2003 536 2153 592 tiens
2178 538 2238 594 in
2269 539 2459 597 fontes
2485 555 2784 614 aquarum
2826 543 2963 614 (Isa.
2997 545 3234 616 xxxv).»
3264 546 3428 602 Unde
3458 549 3656 604 Domi-

2002 641 2116 681 nus
2148 644 2254 700 per
2282 629 2484 701 ipsum
2528 632 2887 704 prophetam
2933 632 3188 706 loquens
3219 635 3331 690 ait:
3387 659 3414 686 ‹‹
3438 638 3658 694 Omnes

2003 715 2263 772 sitientes
2295 719 2483 774 venite
2533 719 2610 776 ad
2658 737 2874 793 aquas,
2906 727 2961 777 et
2990 722 3094 794 qui
3137 738 3259 777 non
3304 724 3535 781 habetis
3566 743 3656 782 ar-

2001 810 2267 876 gentum,
2323 813 2660 880 properate,
2718 809 2892 866 emite
2952 815 3008 866 et
3064 812 3376 868 comedite.
3432 815 3650 881 Venite,

2001 894 2173 949 emite
2223 895 2455 969 absque
2509 904 2778 968 argento,
2810 907 2866 955 et
2895 899 3125 973 absque
3176 901 3297 957 ulla
3325 910 3655 960 commuta-

2001 983 2154 1038 tione
2185 985 2392 1041 vinum
2450 992 2506 1042 et
2555 987 2666 1042 lac.
2709 988 2898 1050 Quare
2950 990 3287 1061 appenditis
3336 997 3654 1060 argentum

1996 1086 2119 1126 non
2150 1073 2207 1126 in
2241 1073 2500 1144 panibus
2542 1081 2597 1130 et
2647 1075 2914 1130 laborem
2947 1083 3209 1132 vestrum
3258 1093 3380 1134 non
3409 1080 3469 1134 in
3497 1085 3652 1137 satu-

1994 1161 2163 1219 ritate
2190 1164 2216 1218 ?
2263 1163 2473 1219 Audite
2514 1164 2822 1220 audientes
2866 1183 2991 1233 me;
3023 1172 3080 1221 et
3108 1167 3400 1224 comedite
3427 1171 3651 1225 bonum

1995 1255 2052 1307 et
2101 1252 2492 1310 delectabitur
2520 1255 2580 1310 in
2630 1255 3023 1312 crassitudine
3076 1258 3282 1313 anima
3309 1263 3524 1315 vestra.
3558 1265 3652 1316 ln-

1995 1341 2206 1397 clinate
2238 1359 2447 1398 aurem
2468 1349 2744 1411 vestram,
2779 1351 2836 1402 et
2862 1347 3054 1402 venite
3086 1347 3164 1422 ad
3191 1364 3310 1418 me,
3341 1349 3562 1419 audite,
3595 1354 3653 1405 et

1993 1429 2153 1485 vivet
2179 1432 2382 1488 anima
2418 1437 2612 1488 vestra
2642 1435 2784 1503 (Isa.
2813 1439 2923 1501 Lv).
2948 1458 2974 1484 ››
2998 1435 3355 1491 Perturbatis
3377 1436 3653 1492 hostibus

1994 1520 2050 1571 et
2104 1517 2164 1572 in
2223 1519 2429 1587 fugam
2485 1520 2689 1588 versis,
2735 1521 3044 1591 subjungit
3102 1523 3423 1595 Scriptura,
3483 1523 3652 1596 quod

223 1623 253 1652 α
290 1606 411 1658 tere
453 1603 601 1660 erit:
648 1609 706 1660 et
748 1605 872 1662 duo
918 1608 1105 1664 modii
1158 1609 1387 1678 hordei,
1419 1615 1630 1668 statere
1674 1628 1796 1668 uno
1823 1613 1882 1670 in
1917 1625 1954 1679 Β
1992 1611 2253 1677 quatuor
2277 1607 2387 1663 viri
2435 1607 2652 1681 leprosi
2703 1609 2972 1666 abissent
3014 1612 3072 1666 in
3116 1617 3309 1669 castra
3339 1615 3648 1685 Syrorum,

223 1715 252 1741 α
288 1697 465 1764 porta
517 1694 821 1752 Samarite.
852 1697 1024 1762 Quod
1054 1715 1190 1754 cum
1241 1717 1364 1756 non
1413 1701 1694 1772 crederet,
1729 1718 1884 1757 unus

221 1804 248 1830 κ
280 1780 356 1836 de
398 1781 654 1838 ducibus
706 1800 886 1856 super
914 1787 1086 1856 cujus
1134 1804 1386 1845 manum
1434 1806 1537 1845 rex
1578 1790 1884 1846 incumbe-

222 1893 250 1919 ιι
282 1870 409 1938 bat,
444 1872 674 1928 homini
728 1875 829 1930 Dei
875 1875 990 1932 ait:
1046 1878 1104 1933 Si
1134 1878 1422 1934 Dominus
1476 1880 1678 1937 fecerit
1703 1880 1882 1936 etiam

223 1985 250 2009 α
283 1965 619 2019 cataractas
671 1964 734 2019 in
763 1966 936 2038 cosio,
969 1968 1248 2040 nunquid
1276 1969 1488 2042 poterit
1538 1986 1668 2026 esse
1716 1970 1884 2043 quod

222 2050 599 2123 «loqueris?
651 2054 761 2119 Qui
810 2055 922 2110 ait:
957 2055 1199 2112 Videbis
1243 2057 1430 2113 oculis
1475 2058 1608 2125 tuis,
1643 2063 1699 2114 et
1743 2059 1883 2115 inde

215 2155 346 2195 non
372 2141 672 2198 comedas.
693 2163 722 2193 ιι
753 2145 946 2200 Potest
973 2145 1087 2202 hoc
1120 2146 1253 2203 loco
1286 2147 1566 2204 Benadab
1597 2165 1738 2204 cum
1766 2167 1876 2207 suo

219 2229 487 2286 exercitu
513 2231 788 2288 diabolus
835 2235 1082 2306 mystice
1129 2237 1342 2310 accipi,
1370 2238 1516 2310 quia
1565 2239 1748 2295 corda
1778 2239 1883 2296 ini-

229 2334 498 2390 quorum
535 2337 636 2393 per
681 2321 966 2378 invidiam
1025 2329 1234 2381 contra
1289 2326 1610 2382 Ecclesium
1654 2328 1881 2384 bellum

222 2423 441 2477 gerere
467 2410 691 2468 excitat.
727 2412 851 2468 Sub
897 2413 1010 2469 hoc
1048 2415 1297 2486 quidem
1341 2431 1500 2486 rege,
1535 2423 1673 2473 sunt
1697 2418 1881 2474 modo

216 2496 358 2552 falsi
384 2498 590 2570 Judci,
617 2501 694 2556 de
721 2502 944 2574 quibus
992 2503 1052 2558 in
1094 2505 1414 2577 Apocalysi
1461 2507 1750 2580 scriptum
1789 2512 1881 2565 est

216 2588 435 2657 (Apoc.
464 2591 546 2660 ιι),
579 2590 683 2662 qui
712 2590 920 2648 dicunt
965 2606 1026 2648 se
1053 2594 1292 2649 Judreos
1319 2611 1448 2651 esse
1478 2601 1534 2652 et
1564 2611 1686 2652 non
1718 2605 1874 2670 sunt,

216 2677 327 2732 sed
376 2683 519 2734 sunt
569 2695 884 2752 synagoga
940 2685 1196 2739 Satanae.
1231 2684 1352 2741 Sub
1399 2685 1513 2741 hoc
1553 2702 1689 2755 rege
1739 2694 1880 2746 sunt

217 2767 468 2837 pagani,
499 2774 639 2824 sunt
667 2774 724 2824 et
748 2769 1005 2826 haeretici
1035 2788 1048 2826 :
1100 2772 1255 2828 facta
1293 2787 1435 2844 ergo
1465 2776 1876 2846 persecutione

214 2853 297 2910 ab
325 2856 577 2928 antiquo
606 2857 795 2928 hoste,
825 2876 934 2932 per
960 2860 1107 2916 tales
1151 2861 1431 2933 afﬂigitur
1465 2865 1727 2937 populus
1751 2866 1872 2929 Dei,

1993 1702 2048 1751 et
2074 1696 2308 1752 nullum
2359 1698 2438 1753 ibi
2470 1700 2850 1770 reperientes,
2885 1702 3250 1757 comederint
3281 1707 3336 1758 et
3369 1703 3649 1758 biberint.

1992 1785 2342 1858 Abiatisque
2386 1787 2524 1842 inde
2569 1803 2715 1844 auro
2763 1795 2820 1845 et
2873 1795 3119 1859 argento
3177 1808 3247 1846 ac
3295 1791 3562 1847 vestibus
3593 1797 3650 1848 et

1993 1875 2324 1941 absconsis,
2376 1882 2588 1948 postea
2647 1879 3011 1949 compuncti,
3065 1880 3125 1934 in
3180 1879 3478 1936 civitatem
3535 1881 3649 1935 hoc

1991 1965 2497 2030 annuntiaverint,
2529 1970 2706 2038 atque
2753 1967 2960 2022 salutis
3004 1969 3184 2038 huius
3231 1969 3452 2024 indicia
3496 1983 3648 2040 prie-

1991 2052 2256 2108 stiterint.
2287 2055 2397 2118 Qui
2425 2069 2567 2123 ergo
2597 2060 2735 2110 sunt
2778 2055 2996 2127 leprosi
3042 2056 3159 2125 isti,
3187 2057 3300 2112 nisi
3333 2057 3439 2128 qui
3474 2056 3648 2112 variis

1989 2142 2146 2196 vitiis
2195 2141 2396 2204 dediti,
2429 2142 2521 2197 vel
2573 2142 2822 2198 diversis
2875 2145 3174 2199 erroribus
3224 2144 3512 2215 impliciti,
3545 2145 3650 2199 fa:-

1990 2231 2236 2287 ditatem
2269 2248 2340 2286 ex
2372 2232 2605 2287 interna
2658 2237 2822 2304 peste
2871 2233 3190 2288 educentes
3229 2232 3554 2289 ostendunt
3585 2233 3646 2288 in

1989 2326 2120 2376 cute
2143 2321 2170 2376 ‘2
2210 2323 2323 2376 Hos
2354 2319 2642 2376 Dominus
2675 2335 2832 2392 saepe
2863 2326 3215 2377 convertens
3243 2321 3322 2377 ad
3352 2321 3558 2389 ﬁdem,
3590 2325 3647 2378 et

1988 2409 2295 2465 mundans
2326 2410 2404 2467 ab
2436 2425 2635 2466 errore
2674 2415 2733 2467 et
2760 2411 2915 2467 vitiis
2946 2427 3099 2466 verae
3152 2411 3359 2466 salutis
3398 2411 3644 2468 nuntios

1988 2498 2186 2555 edicit.

2059 2613 2087 2641 ‹‹
2124 2590 2371 2659 ingressi
2427 2590 2630 2663 itaque
2683 2591 2902 2663 leprosi
2959 2591 3019 2646 in
3077 2596 3276 2647 castra
3326 2595 3637 2664 Syrorum,

1989 2703 2015 2730 ‹‹
2049 2680 2438 2736 comederunt
2465 2685 2522 2736 et
2549 2681 2850 2752 biberunt,
2882 2686 2939 2737 et
2966 2697 3180 2736 aurum
3214 2686 3392 2754 atque
3425 2695 3640 2751 argen-

1988 2793 2014 2818 «
2050 2773 2177 2825 tum
2228 2771 2366 2825 inde
2417 2776 2898 2844 asportaverunt.
2925 2793 2952 2820 ››
3004 2773 3152 2827 Cum
3179 2772 3441 2845 despecti
3472 2772 3642 2827 istius

1984 2859 2216 2926 mundi,
2250 2860 2617 2916 meditationi
2662 2861 3056 2934 philosOphiaa
3099 2878 3348 2933 operam
3401 2861 3638 2928 dantes,

213 2943 322 3016 qui
359 2951 448 3000 est
488 2946 724 3020 positus
771 2948 830 3003 in
878 2951 1168 3017 Samaria,
1201 2951 1314 3006 hoc
1365 2956 1454 3008 est
1502 2953 1561 3008 in
1602 2955 1875 3012 custodia
1915 2979 1956 3032 ο
1987 2965 2198 3004 sensus
2238 2950 2645 3016 subtilitatem,
2675 2958 2732 3008 et
2775 2951 3092 3006 locutionis
3123 2956 3496 3007 venustatem
3541 2968 3642 3007 ac-

214 3031 364 3101 legis
392 3032 644 3091 divinae:
695 3035 880 3108 ﬁtque
929 3037 1119 3093 [ames
1148 3037 1369 3110 valida,
1402 3055 1540 3096 cum
1586 3055 1709 3097 non
1741 3055 1874 3114 per-

214 3120 466 3177 mittitur
512 3123 862 3179 doctoribus
902 3124 1084 3182 libere
1117 3128 1366 3183 verbum
1399 3129 1495 3184 Dei
1524 3129 1873 3201 praedicare,

213 3211 320 3267 sed
351 3212 559 3270 Eiisino
589 3214 888 3271 revelante
934 3217 1048 3272 hoc
1100 3223 1188 3273 est
1229 3219 1619 3291 Redemptore
1649 3224 1874 3293 nostro,

213 3317 324 3374 per
373 3303 766 3374 Evangelium
837 3305 1159 3379 indicante,
1210 3307 1373 3364 salus
1438 3323 1573 3380 quas
1639 3325 1675 3365 a
1742 3325 1880 3382 pec-

214 3393 520 3450 catoribus
555 3393 734 3465 longe
784 3403 889 3464 est,
924 3396 1269 3453 timentibus
1305 3398 1492 3454 Deum
1531 3413 1719 3471 prope
1747 3415 1878 3456 esse

214 3482 608 3551 dignoscitur.
642 3485 789 3540 Dicit
838 3486 996 3541 enim
1049 3487 1336 3543 Dominus
1383 3493 1581 3543 noster
1629 3488 1708 3544 ad
1761 3505 1880 3546 δεδι*⁴

215 3586 330 3625 vos
358 3585 538 3627 suos:
589 3594 618 3621 «
641 3573 706 3628 In
753 3579 1016 3647 tempore
1047 3575 1181 3640 hoc,
1215 3591 1347 3632 cras
1395 3576 1636 3632 modius
1667 3577 1878 3633 similae

216 3676 347 3715 uno
377 3666 587 3717 statere
613 3663 738 3729 erit,
771 3668 829 3718 et
857 3663 979 3720 duo
1017 3664 1206 3721 modii
1251 3665 1478 3732 hordei,
1509 3672 1724 3723 statere
1755 3683 1876 3724 uno

219 3749 292 3803 in
320 3754 501 3819 porta
535 3752 878 3808 Samarizn.»
929 3753 1081 3818 Quid
1134 3754 1293 3810 enim
1352 3756 1593 3811 modius
1645 3757 1872 3826 simila,

223 3836 349 3892 nisi
395 3837 703 3909 perfectam
751 3857 1099 3899 mensuram
1129 3843 1346 3899 divinas
1376 3845 1704 3918 sapientiae,
1737 3861 1874 3919 quin

213 3929 314 3980 est
341 3925 404 3980 in
425 3941 579 3983 novo
610 3929 986 3986 Testamento
1015 3932 1041 3986 ‘2
1081 3935 1138 3987 et
1163 3931 1330 4004 quod
1362 3932 1485 3988 duo
1515 3934 1702 3989 modii
1731 3935 1872 3990 hor-

205 4013 333 4080 dei,
361 4015 476 4071 nisi
526 4018 832 4075 scientiam
885 4019 1031 4090 legis
1082 4026 1138 4076 et
1182 4022 1614 4094 prophetarum
1648 4022 1870 4093 signiti-

205 4105 399 4160 cant‘?
442 4107 547 4178 qui
595 4115 1026 4181 comparantur
1068 4114 1281 4166 statere
1315 4126 1454 4176 uno,
1488 4110 1601 4166 hoc
1632 4117 1720 4167 est
1754 4111 1872 4169 ﬁde

204 4194 524 4252 catholica.
573 4201 637 4252 in
686 4203 860 4270 porta
900 4199 1201 4263 Samarire,
1233 4200 1289 4255 in
1332 4199 1753 4273 praedicatione
1784 4203 1869 4257 vi-

205 4284 424 4381 delicet
470 4287 821 4358 apostolica,
862 4304 968 4361 per
1023 4305 1211 4361 quam
1268 4289 1519 4345 intratur
1570 4290 1869 4381 inLEccle-
1899 4329 1939 4381 ο

207 4373 384 4429 siam.
419 4394 447 4424 α
478 4377 540 4430 In
572 4379 858 4448 tempore,
908 4377 1121 4450 inquit,
1155 4379 1288 4445 hoc,
1322 4393 1454 4434 cras
1507 4379 1745 4434 modius
1796 4380 1867 4434 si-

208 4463 368 4519 milae
404 4479 528 4520 uno
559 4470 770 4522 statere
793 4468 918 4537 erit,
950 4489 976 4515 ››
1029 4472 1085 4522 et
1113 4468 1363 4540 reliqua.
1398 4473 1476 4523 Ac
1509 4468 1556 4522 si
1587 4467 1863 4525 dixisset:

207 4553 495 4609 Cessante
551 4554 784 4611 turbine
843 4557 1288 4628 persecutionis,
1343 4573 1478 4629 quas
1536 4557 1603 4612 fit
1667 4557 1867 4626 hodie,

207 4640 382 4697 dabit
445 4642 736 4699 Dominus
789 4661 942 4715 cras,
1003 4647 1116 4702 hoc
1178 4652 1266 4702 est
1322 4651 1591 4720 tempore
1648 4647 1866 4719 futuro,

205 4731 475 4802 quietem
500 4737 555 4788 et
586 4735 1091 4806 tranquillitatem,
1125 4739 1188 4792 ut
1214 4736 1563 4808 praedicatio
1591 4739 1864 4806 Evange-

205 4819 277 4874 lii
337 4822 585 4891 periecte
639 4823 1018 4880 credentibus
1073 4826 1467 4898 compleatur.
1517 4824 1644 4882 Fuit
1709 4827 1868 4882 enim

206 4911 481 4979 tempore
521 4912 824 4983 passionis
877 4913 1192 4968 dominicae
1239 4914 1412 4986 quasi
1469 4914 1659 4969 fames
1706 4911 1871 4969 verbi

203 4998 469 5068 Domini,
525 5016 662 5055 cum
727 5002 981 5074 apostoli
1029 5003 1235 5058 relicto
1296 5019 1367 5058 eo
1431 5018 1641 5058 omnes
1707 5003 1871 5072 fuge-

201 5090 367 5146 runt,
401 5091 459 5143 et
481 5087 646 5143 domi
676 5105 738 5144 se
769 5094 1013 5161 propter
1040 5095 1268 5145 metum
1298 5091 1645 5146 Judaeorum
1677 5089 1869 5148 inclu-

205 5181 438 5231 serunt.
489 5179 557 5232 Et
602 5177 816 5233 iterum
870 5180 1153 5251 scriptum
1208 5179 1324 5234 ait:
1379 5179 1528 5244 Quia
1571 5195 1750 5236 nemo
1796 5180 1872 5236 de

205 5263 309 5318 illo
331 5265 536 5337 palam
559 5283 746 5322 ausus
769 5272 856 5323 est
877 5267 1073 5341 loqui:
1101 5268 1206 5324 sed
1229 5268 1526 5326 relucente
1555 5270 1651 5325 die
1674 5285 1872 5326 resur-

203 5357 507 5422 rectionis,
537 5356 667 5427 jam
698 5356 904 5414 aderat
942 5363 1178 5430 tempus
1216 5375 1338 5432 quo
1386 5359 1631 5415 comites
1663 5359 1872 5415 Christi

205 5443 376 5499 illum
408 5444 677 5501 videntes
712 5447 922 5512 vivere,
957 5453 1012 5502 et
1042 5448 1429 5518 postmodum
1476 5448 1654 5502 etiam
1687 5448 1869 5503 caelos

206 5533 560 5603 ascendere,
592 5542 877 5610 percepta
909 5537 1160 5610 Spiritus
1210 5538 1397 5594 sancti
1447 5536 1656 5608 gratia,
1686 5537 1868 5594 libere

208 5623 465 5680 verbum
501 5626 598 5686 Dei
632 5626 1060 5704 praedicabant,
1086 5630 1208 5684 tam
1231 5627 1452 5684 Judaais
1475 5641 1660 5700 quam
1689 5627 1866 5685 etiam

1985 3040 2249 3111 quirunt,
2283 3041 2444 3095 unde
2472 3041 2745 3096 Ecclesiaa
2786 3041 2998 3095 usibus
3045 3040 3201 3095 bene
3247 3041 3516 3097 instructi
3545 3042 3646 3096 de-

1986 3130 2202 3184 servire
2235 3131 2482 3202 possint.
2517 3134 2874 3202 Frequenter
2903 3145 3046 3198 ergo
3075 3129 3292 3184 talibu
3322 3130 3636 3192 Dominus,

1985 3223 2041 3273 et
2071 3219 2290 3287 ingenii
2323 3234 2598 3284 acumen,
2633 3223 2689 3272 et
2719 3233 2869 3272 verae
2920 3217 3227 3288 sapientiae
3258 3217 3488 3272 donum
3520 3217 3637 3273 lar-

1986 3307 2160 3375 gitur.
2193 3307 2301 3372 Qui
2352 3306 2505 3361 bene
2550 3310 2810 3378 quatuor
2857 3321 2984 3360 esse
3035 3310 3468 3375 memorantur,
3502 3309 3566 3361 ut
3603 3322 3640 3362 a

1985 3402 2244 3468 quatuor
2278 3395 2734 3464 Evangeliorum
2774 3395 3105 3452 eruditione
3134 3395 3367 3463 imbuti,
3399 3396 3460 3451 in
3485 3407 3638 3469 qua-

1988 3491 2120 3540 tuor
2167 3485 2375 3540 mundi
2434 3485 2706 3557 partibus
2761 3484 2900 3540 tidei
2945 3484 3253 3540 veritatem
3291 3485 3636 3557 praedicent.

1986 3574 2221 3644 Legitur
2246 3575 2405 3629 enim
2454 3575 2512 3629 in
2554 3574 2874 3643 Evangelio
2905 3575 3148 3644 (Matth.
3185 3590 3275 3640 ix;
3315 3576 3493 3629 Jean.
3522 3589 3637 3643 xu;

1981 3665 2126 3719 Luc.
2159 3665 2284 3733 vn).
2317 3663 2483 3735 quod
2538 3663 2824 3718 Dominus
2869 3679 3008 3717 cum
3051 3662 3388 3734 publicanis
3414 3667 3472 3718 et
3499 3677 3646 3734 peca-

1983 3753 2285 3807 catoribus
2318 3752 2728 3818 manducaret,
2761 3756 2818 3806 et
2847 3751 3060 3807 mulier
3086 3766 3224 3822 quis
3249 3755 3376 3806 erat
3401 3750 3462 3806 in
3494 3749 3639 3807 civi-

1982 3846 2097 3896 tate
2127 3842 2446 3912 peccatrix,
2479 3839 2763 3910 lacrymis
2791 3839 2922 3909 ejus
2959 3839 3187 3894 lavaret
3214 3839 3421 3911 pedes,
3455 3845 3509 3894 et
3539 3855 3642 3896 ca-

1979 3929 2134 4002 piilis
2192 3930 2317 3984 suis
2378 3933 2647 3997 tergeret,
2707 3933 2763 3984 et
2812 3932 3120 3997 unguento
3179 3931 3446 3996 ungeret,
3503 3930 3640 3983 Mat.

1981 4019 2203 4074 tlueum
2253 4034 2326 4072 ex
2358 4017 2679 4090 publicano
2730 4016 3072 4089 apostolum
3112 4021 3169 4072 et
3206 4015 3636 4086 evangelistam

1981 4107 2132 4162 fecit.
2165 4107 2572 4178 Apparuitque
2602 4111 2736 4178 post
2765 4105 3260 4162 resurrectionem
3289 4119 3486 4173 suam,
3518 4105 3640 4178 pri-

1979 4211 2082 4253 mo
2134 4197 2323 4254 Mariae
2371 4193 2754 4266 Magdalense,
2799 4195 2872 4250 de
2929 4208 3053 4268 qua
3104 4199 3358 4266 ejecerat
3407 4199 3636 4267 septem

1979 4287 2312 4344 daemonia:
2360 4285 2459 4343 illa
2496 4285 2726 4342 vadens
2774 4285 3064 4341 nuntiavit
3118 4285 3211 4340 his
3253 4285 3357 4358 qui
3399 4300 3538 4341 cum
3565 4301 3637 4342 ea

1979 4378 2211 4432 fuerant
2238 4376 2580 4446 lugentibus
2614 4380 2669 4431 et
2701 4375 2980 4431 ﬂentibus
3011 4375 3248 4447 (Matth.
3277 4377 3499 4445 xxviii).

2050 4489 2077 4515 ‹‹
2111 4468 2294 4522 Porro
2324 4466 2540 4521 ducem
2585 4465 2774 4533 illum,
2810 4479 2990 4537 super
3036 4465 3207 4534 cujus
3249 4473 3500 4519 manum
3530 4475 3632 4518 rex

1978 4576 2006 4604 «
2040 4555 2410 4621 incubuerat,
2431 4559 2486 4610 et
2513 4554 2819 4626 prophetas
2845 4553 3044 4608 verbis
3066 4551 3396 4619 difﬁdebat,
3420 4550 3636 4605 consti-

1980 4668 2007 4695 ‹‹
2043 4649 2233 4700 tutum
2259 4645 2337 4701 ad
2368 4648 2627 4716 portam,
2659 4641 3034 4698 conculcavit
3073 4639 3250 4694 turba
3281 4640 3342 4693 in
3368 4637 3632 4708 introitu,

1980 4758 2007 4783 ‹‹
2041 4739 2096 4791 et
2143 4739 2413 4789 mortuu:
2459 4737 2564 4803 est,
2593 4733 2765 4803 juxta
2817 4729 2982 4802 quod
3028 4729 3261 4783 locutus
3311 4727 3502 4781 fuerat
3544 4723 3634 4780 vir

1979 4847 2005 4873 ‹‹
2043 4823 2159 4878 Dei.
2192 4845 2216 4870 η
2253 4825 2380 4876 Dux
2411 4823 2517 4876 iste
2549 4826 2760 4892 typum
2800 4821 2955 4874 tenet
2988 4812 3330 4872 Scribarum
3358 4819 3414 4871 et
3439 4814 3627 4870 Phari:

1979 4915 2257 4979 sreorunt,
2292 4910 2395 4981 qui
2425 4909 2713 4964 habentes
2741 4907 2972 4963 clavem
2997 4905 3277 4975 scientias,
3296 4917 3405 4960 nec
3421 4904 3535 4976 ipsi
3550 4905 3636 4960 in-

1978 5002 2262 5058 troierunt
2283 5013 2388 5070 per
2411 4997 2593 5052 ﬁdem
2619 4997 2679 5052 in
2705 4994 3022 5053 Ecclesiam
3053 4994 3429 5060 catholicam,
3454 4998 3511 5050 et
3531 5005 3634 5050 eos

1977 5091 2081 5164 qui
2111 5089 2350 5144 introire
2392 5085 2673 5142 volebant
2717 5085 3166 5158 prohibuerant.
3200 5084 3286 5139 Ad
3317 5093 3471 5156 quos
3501 5083 3633 5156 ipsa

1979 5180 2200 5235 Veritas
2230 5178 2310 5233 ait
2334 5193 2346 5232 :
2383 5197 2410 5229 «
2435 5175 2538 5230 Vae
2567 5175 2763 5242 vobis,
2800 5174 3014 5231 Scriba;
3045 5176 3101 5229 et
3130 5173 3406 5229 Pharisaei
3435 5173 3631 5245 hypo-

1979 5269 2157 5332 (ιι-ἤιε,
2179 5267 2279 5338 qui
2296 5264 2570 5321 clauditis
2587 5279 2840 5334 regnum
2859 5263 3148 5319 caelorum
3169 5268 3307 5318 ante
3322 5263 3627 5329 homines;

1978 5371 2086 5413 vos
2112 5357 2270 5412 enim
2301 5371 2425 5410 non
2455 5353 2704 5423 intratis,
2734 5365 2845 5408 nec
2871 5353 3018 5408 alios
3047 5353 3418 5408 introeuntes
3439 5351 3629 5407 sinitis

1977 5445 2196 5500 intrare
2216 5443 2451 5515 (Matth.
2476 5444 2773 5515 xxm).»-—
2792 5464 2817 5492 ‹‹
2846 5442 3033 5506 Quem
3066 5439 3432 5496 conculcavit
3457 5441 3631 5496 turba

1977 5537 2039 5591 in
2065 5539 2254 5606 porta,
2289 5555 2304 5582 ι
2341 5532 2485 5604 quia
2512 5531 2790 5588 inutiliter
2817 5534 2956 5586 ante
2996 5529 3214 5585 ostium
3243 5529 3382 5583 ﬁdei
3409 5527 3625 5596 stabat,

1982 5628 2038 5681 et
2067 5637 2338 5694 gressum
2367 5620 2792 5679 introeuntium
2816 5617 3200 5692 impediebat.
3227 5617 3392 5675 Unde
3417 5616 3629 5672 merito
