4102 6184
425 137 526 194 ιιι

1525 133 1882 190 ANGELOMI
1919 129 2378 188 LUXOVIENSIS
2415 131 2750 189 MONACHI.

3738 135 3844 192 512

427 259 831 328 conculcatus,
858 259 972 314 hoc
1001 261 1107 324 est,
1140 255 1417 312 examine
1458 256 1602 326 justi
1647 254 1866 328 judicis
1913 254 2079 309 dam-
2115 258 2160 310 Α
2189 269 2325 308 rum
2354 270 2624 324 manens,
2659 254 2924 327 quotidie
2964 253 3104 310 facit
3151 259 3547 324 augmentum
3579 259 3844 330 corporis

427 355 623 421 natus,
655 353 971 421 perpetuas
1002 345 1265 400 mittetur
1293 345 1354 400 in
1383 345 1679 401 tenebras.
1710 348 1855 401 Nam
1887 349 1943 399 et
1967 347 2077 398 Do-

429 439 628 494 minus
684 437 746 490 in
802 434 1120 504 Evangelio
1169 434 1284 489 ait:
1346 457 1374 482 ‹‹
1400 435 1456 490 Si
1501 434 1589 489 sal
1628 433 1952 499 evanuerit,
1994 432 2072 488 ad

427 524 574 582 nihil
595 523 755 581 valet
779 523 950 594 ultra,
982 522 1096 579 nisi
1119 527 1183 579 ut
1213 523 1480 580 mittatur
1521 523 1681 580 foras
1719 526 1777 579 et
1829 520 2069 578 concul-

428 619 594 672 cetur
621 613 700 671 ab
728 612 1077 670 hominibus
1105 613 1347 686 (Matth.
1379 613 1458 685 v).
1486 633 1514 662 ››

1067 773 1295 828 CAPUT
1334 773 1434 829 1x.

501 900 533 934 ‹
554 879 795 937 Elisteus
824 886 1025 938 autem
1069 880 1392 954 prophetes
1422 881 1659 936 vocavit
1687 896 1877 936 unum
1915 879 1990 934 de
2019 877 2085 933 ﬁ-

433 969 585 1026 «liis
637 971 1088 1044 prophetarum,
1124 975 1180 1026 et
1235 969 1316 1026 ait
1365 969 1485 1026 illi:
1534 969 1790 1040 Accinge
1842 967 2084 1023 lumbos

431 1080 460 1109 ι(
493 1063 646 1129 tuos,
669 1065 727 1116 et
755 1059 891 1116 tolle
921 1059 1268 1116 lenticulam
1297 1058 1411 1115 olei
1441 1059 1502 1114 in
1534 1075 1722 1114 manu
1753 1063 1874 1122 tua,
1900 1061 1955 1112 et
1981 1073 2084 1112 va-

431 1169 460 1198 ‹‹
492 1147 567 1202 de
618 1150 678 1203 in
729 1147 987 1204 Ramoth
1035 1147 1305 1204 Galaath.
1340 1149 1608 1220 Cumque
1641 1145 1872 1201 veneris
1922 1144 2080 1212 illuc,

431 1257 460 1286 «
490 1236 723 1292 videbis
747 1238 896 1292 Jehu
945 1236 1137 1292 ﬁlium
1166 1236 1477 1308 Josaphat,
1509 1235 1613 1291 ﬁlii
1659 1233 1879 1292 Namsi.
1911 1236 1974 1288 Et
2003 1233 2087 1288 in-

433 1347 462 1376 ιι
490 1340 729 1396 gressus
771 1324 1085 1381 suscitabis
1135 1340 1278 1380 eum
1327 1324 1402 1380 de
1441 1324 1640 1380 medio
1671 1323 1920 1379 fratrum
1952 1338 2086 1377 suo-

431 1434 464 1466 α
488 1419 708 1477 rum,et
731 1413 1071 1470 introducas
1092 1415 1152 1469 in
1185 1414 1430 1470 interius
1459 1412 1824 1477 cubiculum,
1847 1416 2078 1467 tenens-

432 1524 462 1551 «
491 1518 609 1574 que
657 1503 997 1559 lenticulam
1050 1502 1185 1569 olei,
1233 1502 1448 1558 fundes
1491 1517 1670 1574 super
1713 1505 1896 1571 caput
1931 1500 2080 1570 eius,

2190 343 2301 406 sui,
2337 341 2528 398 donec
2559 347 2829 414 tempore
2852 342 3083 413 judicii,
3117 348 3420 416 sceptrum
3454 345 3626 414 regni
3656 351 3713 402 et
3739 362 3846 419 po-

2190 430 2436 485 tentiam
2472 430 2765 486 adversus
2795 447 2896 487 eos
2923 431 3179 499 extollet,
3205 431 3312 504 qui
3333 448 3474 488 eum
3507 433 3848 507 deprimere

2189 518 2553 588 cogitabant,
2587 524 2646 576 et
2693 519 3146 576 interfectricem
3204 525 3557 578 sanctorum
3609 525 3850 582 aeternis

2189 606 2564 680 deputaverit
2590 609 2805 682 poenis.

2261 719 2290 746 «
2322 701 2493 753 Anno
2513 702 2712 754 autem
2739 698 2992 770 septimo
3014 698 3174 754 misit
3194 698 3429 767 Joiada,
3447 704 3505 756 et
3524 716 3850 758 assumens

2190 807 2218 835 «
2248 785 2625 842 centuriones
2679 791 2734 842 et
2784 785 3002 842 milites
3053 787 3383 844 introduxit
3408 789 3486 845 ad
3517 806 3581 846 se
3609 791 3674 846 in
3707 795 3853 848 tem-

2191 896 2220 924 «
2251 874 2420 947 plum
2445 876 2697 942 Domini,
2713 876 3056 949 pepigitque
3079 893 3219 932 cum
3247 878 3330 932 eis
3355 877 3573 935 fmdus.
3592 882 3662 946 Et
3683 881 3854 951 adju-

2191 985 2219 1013 «
2249 979 2392 1019 rens
2423 965 2485 1020 in
2510 965 2694 1020 domo
2727 965 2960 1021 Domini
2987 981 3109 1030 eos,
3135 967 3394 1023 ostendit
3421 968 3507 1022 eis
3527 967 3726 1025 ﬁlium
3766 985 3854 1025 re-

2196 1074 2214 1104 ι
2253 1053 2364 1122 gis,
2417 1059 2474 1110 et
2529 1055 2810 1127 praecepit
2854 1054 2988 1122 illis,
3037 1056 3284 1111 dicens:
3347 1061 3461 1113 lste
3508 1063 3598 1115 est
3649 1076 3855 1115 sermo

2192 1165 2219 1192 ‹‹
2253 1159 2434 1214 quem
2455 1144 2648 1200 facere
2673 1144 2921 1200 debetis.
2937 1145 3128 1202 Tertia
3147 1161 3290 1217 pars
3303 1151 3570 1203 vestrum
3593 1149 3859 1206 introeat

2192 1251 2220 1280 «
2254 1230 2530 1300 sabbato,
2564 1236 2620 1288 et
2675 1232 2953 1288 observet
2999 1233 3344 1290 excubitum
3401 1235 3617 1291 domus
3663 1239 3855 1308 regis.

2194 1341 2222 1369 «
2251 1319 2439 1376 Tertia
2467 1326 2666 1377 autem
2700 1336 2841 1385 pars
2895 1321 2968 1376 sit
3023 1322 3101 1377 ad
3146 1328 3384 1394 portam
3414 1325 3554 1394 Seir,
3587 1329 3644 1381 et
3672 1327 3857 1382 tertia

2193 1430 2221 1457 «
2254 1424 2393 1480 pars
2414 1409 2493 1465 ad
2513 1415 2751 1482 portam
2773 1427 2920 1482 quee.
2941 1416 3030 1466 est
3049 1416 3185 1483 post
3211 1411 3626 1469 habitaculum
3655 1420 3858 1472 scuta-

2194 1519 2220 1545 «
2249 1498 2495 1564 riorum,
2521 1503 2577 1554 et
2606 1499 2948 1555 custodietis
2985 1500 3332 1557 excubitum
3371 1501 3594 1558 domus
3639 1506 3854 1560 Messa.

433 1611 462 1640 «
495 1596 551 1645 et
577 1591 775 1647 dices:
825 1594 952 1647 Haec
975 1590 1116 1646 dicit
1150 1590 1434 1646 Dominus
1460 1607 1472 1645 :
1508 1590 1654 1646 Unxi
1683 1596 1735 1645 te
1757 1603 1960 1658 regem
1993 1605 2086 1642 su-
2115 1609 2154 1661 Β
2196 1609 2222 1634 ‹‹
2252 1588 2393 1641 Ι)υῶ
2414 1603 2550 1642 vero
2577 1593 2776 1660 partes
2803 1603 2834 1644 e
2863 1588 3286 1654 vobis,omnes
3318 1589 3691 1659 egredientes
3713 1592 3855 1648 sab-

433 1701 463 1728 ‹‹
493 1695 600 1752 per
633 1681 828 1750 Israel,
853 1703 880 1729 »
925 1685 980 1736 et
1009 1679 1256 1752 reliqua.
1288 1679 1509 1734 Dehinc
1538 1678 1786 1734 refertur
1814 1677 1874 1733 in
1903 1677 2086 1732 histo-

432 1768 519 1824 ria
538 1769 650 1824 hac
680 1771 926 1838 Regum,
948 1767 1202 1840 qualiter
1226 1769 1379 1822 Jehu
1413 1767 1697 1824 Dominus
1723 1766 2086 1822 ordinaverit

432 1857 508 1912 ad
566 1857 1013 1930 exstirpandam
1067 1857 1320 1913 domum
1370 1856 1598 1923 Achab,
1639 1861 1696 1912 et
1744 1853 2085 1911 sacerdotes

431 1946 1056 2003 Baalinterﬁciendos.
1090 1947 1198 2012 Qui
1225 1950 1282 2000 et
1309 1946 1600 2018 percussit
1639 1947 1844 2001 Joram
1881 1959 2085 2014 regem

430 2035 627 2098 Israel,
651 2040 708 2090 et
731 2035 1011 2090 Ahaziam
1035 2050 1240 2104 regem
1260 2034 1437 2100 Juda,
1461 2039 1518 2089 et
1537 2033 1776 2089 Jezabel
1800 2032 2085 2104 impiissi-

429 2138 594 2178 mam
621 2123 891 2192 reginam
921 2123 994 2177 de
1018 2122 1240 2194 palatio
1270 2123 1330 2177 in
1359 2122 1583 2177 Jezrael
1615 2121 1974 2194 praecipitari
2004 2119 2084 2175 fe-

429 2209 524 2266 cit.
554 2211 704 2266 Jehu
729 2211 886 2266 enim
912 2212 1106 2282 typice
1130 2214 1322 2282 potest
1347 2210 1662 2281 designare
1685 2209 2082 2282 principatum

428 2298 716 2369 gentium,
748 2315 929 2371 quem
957 2299 1243 2354 Dominus
1267 2316 1335 2354 ac
1367 2297 1730 2370 Redemptor
1755 2303 1956 2354 noster
1985 2297 2086 2352 de-

429 2388 666 2444 stinavit
697 2394 758 2443 ut
788 2389 848 2443 in
897 2388 1186 2457 sacrilega
1225 2388 1478 2454 civitate,
1509 2404 1642 2459 quae
1674 2387 2000 2459 prophetas
2031 2389 2088 2441 et

427 2477 628 2548 ipsum
668 2477 989 2532 Dominum
1019 2478 1454 2550 prophetarum
1495 2477 1730 2544 occidit,
1763 2480 1818 2531 et
1849 2478 2088 2546 aposto-

429 2564 526 2618 los
581 2564 709 2632 ejus
758 2569 1070 2635 persecuta
1117 2569 1222 2631 est,
1251 2563 1477 2634 judicia
1516 2568 1831 2629 exerceret,
1868 2567 1924 2617 et
1951 2577 2086 2617 eam

429 2650 653 2706 ultione
681 2652 846 2721 justa
876 2651 1208 2722 perimeret,
1233 2657 1412 2722 atque
1434 2651 1814 2706 sacerdotum
1835 2666 2082 2718 vanum,

426 2739 592 2811 quod
623 2744 758 2811 post
783 2739 995 2794 Christi
1018 2739 1345 2794 adventum
1366 2739 1620 2796 inaniter
1645 2738 1961 2808 habuerat,
1985 2739 2087 2795 de-

427 2832 676 2884 strueret
719 2827 1130 2901 templumque
1181 2827 1568 2895 subverteret,
1600 2843 1835 2884 necnon
1887 2831 1940 2884 et
1970 2827 2084 2883 im-

2193 1697 2220 1723 ‹‹
2256 1675 2416 1744 bato,
2444 1676 2785 1732 custodiant
2800 1677 3086 1733 excubias
3108 1675 3329 1733 domus
3363 1679 3598 1735 Domini
3621 1681 3853 1736 circum

2194 1787 2222 1813 «
2255 1780 2479 1834 regem,
2503 1769 2560 1820 et
2587 1765 2886 1822 vallabitis
2923 1782 3064 1822 eum
3110 1767 3400 1824 habentes
3431 1784 3604 1825 arma
3632 1772 3690 1824 in
3722 1787 3854 1827 ma-

2193 1874 2221 1901 «
2261 1852 2438 1908 nibus
2463 1853 2689 1909 vestris.
2717 1853 2773 1910 Si
2793 1855 2928 1926 quis
2949 1860 3150 1912 autem
3181 1856 3490 1927 ingressus
3516 1857 3693 1914 fuerit
3714 1875 3853 1933 sep-

2195 1965 2223 1992 «
2256 1945 2316 1996 ta
2354 1941 2580 2014 templi,
2612 1941 3018 1998 interﬁciatur.
3051 1945 3341 2018 Eritisque
3380 1963 3522 2002 cum
3570 1962 3712 2016 rege
3758 1948 3853 2003 in-

2201 2049 2220 2082 σ
2257 2035 2524 2087 troeunte
2573 2035 2626 2086 et
2680 2031 3038 2102 egrediente.
3074 2036 3138 2089 Et
3168 2034 3436 2092 fecerunt
3470 2037 3852 2093 centuriones

2196 2141 2224 2168 «
2251 2119 2422 2189 juxta
2435 2119 2638 2174 omnia
2663 2136 2798 2192 quae
2826 2127 3194 2193 praeceperat
3216 2123 3301 2179 eis
3315 2124 3525 2180 Joiada
3541 2125 3847 2182 sacerdos.

2197 2231 2224 2256 «
2261 2211 2326 2263 Et
2355 2213 2728 2264 assumentes
2759 2209 2974 2279 singuli
3005 2210 3167 2266 viros
3218 2229 3384 2279 suos,
3415 2213 3519 2285 qui
3557 2213 3854 2284 ingredie-

2196 2318 2225 2349 ‹‹
2258 2297 2480 2353 bantur
2511 2298 2854 2364 sabbatum,
2886 2316 3025 2354 cum
3057 2300 3150 2355 his
3179 2302 3284 2374 qui
3324 2303 3783 2372 egrediebantur
3810 2320 3850 2359 a

2197 2408 2225 2436 «
2259 2387 2535 2444 sabbato.
2563 2393 2854 2442 venerunt
2903 2388 2981 2443 ad
3029 2389 3244 2446 Joiada
3291 2391 3693 2446 sacerdotem:
3732 2391 3838 2461 qui

2196 2497 2224 2524 «
2258 2475 2421 2530 dedit
2445 2475 2530 2530 eis
2571 2475 2777 2531 hastas
2807 2482 2864 2531 et
2889 2493 3062 2532 arma
3093 2479 3246 2548 regis
3277 2477 3475 2547 David,
3508 2493 3639 2549 quae
3661 2481 3830 2531 erant

2196 2586 2224 2613 «
2257 2564 2313 2618 in
2347 2564 2530 2619 domo
2565 2564 2812 2620 Domini.
2847 2568 2913 2620 Et
2963 2571 3245 2622 steterunt
3294 2565 3505 2635 singuli
3537 2563 3830 2619 habentes

2196 2675 2224 2703 «
2258 2668 2431 2708 arma
2459 2653 2517 2707 in
2550 2669 2735 2708 manu
2777 2669 2885 2709 sua
2917 2672 2953 2710 a
2980 2661 3141 2728 parte
3170 2653 3368 2727 templi
3397 2653 3606 2708 dextra
3636 2668 3839 2724 usque

2196 2763 2224 2791 ‹‹
2253 2741 2332 2798 ad
2379 2745 2610 2813 partem
2657 2741 2957 2798 sinistram
3003 2742 3196 2798 altaris
3227 2747 3284 2798 et
3311 2742 3458 2798 tedis
3491 2742 3722 2798 circum
3752 2757 3845 2798 re-

2195 2851 2224 2884 ‹
2258 2847 2460 2900 gem.»
2492 2832 2627 2886 Hzec
2649 2836 2852 2887 autem
2873 2832 3178 2904 quomodo
3209 2833 3366 2888 facta
3397 2832 3518 2888 sint
3546 2837 3605 2888 et
3634 2832 3697 2887 in
3716 2833 3848 2904 qui-

427 2916 594 2988 piam
658 2932 1038 2989 synagogam
1103 2932 1239 2988 qua:
1307 2917 1665 2988 sanguinem
1735 2922 2080 2972 sanctorum
2117 2956 2156 3011 Ο
2194 2920 2309 2975 bus
2326 2919 2690 2991 locis,siquis
2711 2936 2929 2993 eaquae
2953 2922 3226 2993 superius
3242 2920 3850 2977 deatriisdomusDoo

429 3020 668 3077 semper
691 3005 942 3065 sitiebat.
975 3005 1049 3060 de
1078 3005 1246 3074 regni
1275 3005 1535 3061 culmine
1588 3006 1984 3078 praecipitaret
2014 3021 2083 3060 ac

429 3098 689 3151 rectores
717 3093 873 3150 illius
897 3093 1273 3150 interficeret.

1083 3253 1320 3309 CAPUT
1358 3257 1443 3311 XI.

501 3383 530 3412 α
562 3360 795 3416 Athalia
841 3376 979 3415 vero
1019 3365 1210 3415 mater
1238 3359 1494 3427 Ahaziaa,
1529 3359 1737 3414 videns
1779 3365 2085 3416 mortuum

429 3471 460 3499 ς(
488 3448 678 3502 ﬁlium
709 3463 910 3516 suum,
945 3448 1199 3502 surrexit
1245 3453 1302 3502 et
1347 3448 1636 3503 interfecit
1664 3465 1844 3504 omne
1879 3465 2086 3505 semen

429 3555 459 3584 ‹‹
489 3535 740 3604 regium.
773 3533 888 3588 Sed
917 3534 1142 3589 Josaba
1163 3534 1286 3589 ﬁlia
1307 3536 1462 3602 regis
1490 3538 1711 3603 Joram,
1738 3551 1909 3591 soror
1930 3538 2084 3593 Aha-

427 3641 462 3674 «
492 3621 594 3676 τίω
623 3621 765 3678 Joas
791 3620 979 3677 ﬁlium
1002 3622 1234 3677 Ahazias
1267 3621 1499 3685 tollens,
1523 3623 1718 3679 furata
1741 3629 1832 3679 est
1861 3624 1934 3680 de
1959 3641 2084 3681 me-

431 3733 460 3763 c
491 3709 592 3768 dio
620 3709 881 3767 ﬁliorum
906 3712 1063 3781 regis
1086 3711 1191 3784 qui
1209 3711 1736 3776 interﬁciebantur.
1762 3719 1818 3770 et
1835 3715 2084 3772 abscon-

429 3821 460 3850 ι(
492 3799 579 3857 dit
605 3817 743 3856 eum
788 3817 825 3856 a
877 3801 1026 3856 facie
1055 3799 1323 3866 Athalias,
1354 3806 1420 3857 ut
1463 3817 1584 3857 non
1637 3803 2083 3873 interﬁceretur,

430 3910 458 3939 α
491 3894 736 3962 eratque
783 3904 923 3944 eum
979 3905 1049 3945 ea
1091 3888 1152 3944 in
1179 3889 1364 3945 domo
1401 3890 1630 3946 Domini
1661 3890 1814 3946 clam
1849 3907 1952 3947 sex
1981 3908 2085 3949 an-

430 3998 460 4027 «
486 3977 599 4045 nis,
629 3978 775 4050 quia
820 3978 1040 4034 Josaba
1088 3994 1238 4035 uxor
1291 3985 1417 4034 erat
1445 3979 1672 4035 Joiadaa
1714 3981 2082 4052 pontiﬁcis.»

428 4065 662 4120 Athalia
695 4065 872 4135 igitur
897 4067 1046 4132 haec,
1080 4081 1214 4139 quae
1245 4082 1448 4122 semen
1491 4067 1678 4123 David
1700 4069 2079 4139 exstinguere

428 4151 805 4220 moliebatur,
830 4159 886 4209 et
914 4154 1144 4222 regiam
1177 4156 1421 4226 stirpem
1457 4155 1675 4226 delere,
1697 4156 1852 4212 bene
1879 4157 2084 4229 impie-

429 4245 610 4296 tatem
658 4241 936 4309 exprimit
997 4244 1353 4312 Synagogee,
1403 4259 1538 4313 qua;
1592 4260 1698 4315 per
1748 4245 2076 4316 nequitiam

2195 3009 2342 3064 mini
2363 3009 2520 3064 dicta
2547 3014 2683 3064 sunt
2698 3009 2853 3066 bene
2874 3011 3452 3078 commcmoraverit,
3470 3011 3551 3066 ita
3561 3009 3848 3080 intellige-

2193 3115 2257 3154 re
2288 3103 2503 3171 potest.
2536 3097 2650 3154 Sed
2689 3115 2764 3154 ne
2810 3099 3121 3155 fastidium
3168 3100 3461 3156 faciamus
3502 3099 3850 3166 lectoribus,

2195 3187 2430 3245 omissis
2459 3204 2595 3260 quae
2620 3188 2748 3259 jam
2788 3190 3059 3262 exposita
3091 3195 3249 3252 sunt,
3283 3190 3362 3246 ad
3399 3188 3547 3245 illud
3572 3188 3737 3262 quod
3769 3189 3853 3245 de

2194 3277 2484 3332 divisione
2502 3277 2690 3332 turbae
2709 3277 2936 3334 dictum
2949 3279 3301 3348 est,veniam
3309 3280 3585 3347 us.Cujus
3597 3278 3682 3334 rei
3693 3278 3852 3333 ratio

2195 3365 2328 3422 talis
2358 3370 2463 3420 est.
2503 3369 2677 3422 Erant
2706 3371 2908 3422 autem
2948 3367 3129 3423 fortes
3156 3366 3363 3437 viginti
3389 3373 3648 3440 quatuor
3670 3371 3726 3422 et
3753 3383 3855 3422 sa-

2193 3455 2502 3511 cerdotum
2520 3460 2575 3510 et
2597 3455 2912 3511 levitarum
2925 3459 2981 3512 et
2990 3456 3452 3530 janitorum,qui
3474 3473 3578 3529 per
3593 3455 3851 3511 totidem

2195 3543 2562 3615 septimanas
2581 3543 2692 3599 sibi
2705 3561 2776 3600 ex
2797 3545 3006 3601 ordine
3026 3545 3442 3602 succederent:
3463 3545 3716 3600 sabbato
3739 3560 3853 3600 no-

2191 3650 2270 3690 va
2302 3637 2500 3689 turma
2547 3633 2800 3690 intrante
2830 3635 2908 3690 ad
2946 3633 3232 3702 omcium,
3262 3641 3320 3691 et
3347 3642 3479 3709 post
3505 3632 3842 3689 sabbatum

2191 3738 2327 3795 quae
2358 3722 2636 3794 proxima
2657 3724 2996 3795 septimana
3016 3724 3455 3780 ministraverat
3472 3723 3718 3779 domum
3743 3738 3851 3777 re-

2192 3811 2552 3867 deunte.Sed
2578 3812 2673 3867 hic
2694 3813 2961 3885 pontifex
2978 3819 3220 3886 propter
3231 3814 3638 3869 necessitatem
3661 3827 3857 3880 agen-

2192 3900 2253 3956 di
2273 3900 2430 3956 circa
2451 3916 2677 3956 novum
2702 3918 2905 3972 regem
2927 3902 3237 3969 exercitus,
3257 3909 3316 3958 et
3333 3918 3438 3958 eos
3459 3919 3594 3974 quae
3618 3903 3849 3956 intran-

2191 3990 2253 4046 di
2279 3990 2680 4063 septimanam
2698 3989 2971 4047 ordinem
2996 3991 3604 4063 habebant,suscepit
3628 3996 3684 4046 et
3709 3990 3842 4047 illos

2191 4080 2296 4152 qui
2321 4080 2449 4150 jam
2477 4096 2652 4136 suam
2699 4080 3102 4152 septimanam
3129 4081 3524 4137 ministrando
3561 4080 3845 4153 impleve-

2192 4174 2343 4235 rant,
2377 4184 2451 4224 ne
2483 4169 2716 4224 abirent
2745 4170 3013 4225 retinuit:
3046 4171 3151 4242 qui
3182 4169 3328 4225 alios
3359 4186 3604 4242 quoque
3633 4169 3850 4225 levitas

2191 4259 2265 4312 de
2296 4257 2523 4312 cunctis
2569 4257 2821 4312 urbibus
2848 4259 3022 4324 Juda,
3056 4259 3232 4314 simul
3264 4264 3320 4314 et
3345 4260 3643 4331 principes
3673 4258 3850 4315 fami-

428 4329 664 4399 Πιθηῐίε»
699 4328 943 4384 Seminis
977 4329 1184 4395 ῧᾶνίάς
1218 4330 1332 4384 hoc
1363 4336 1454 4385 θεῖ
1484 4332 1712 4396 Christi.
1747 4332 2080 4390 iDSidiaU‘iX
2119 4328 2158 4356 υ
2187 4346 2406 4401 liarum
2439 4346 2633 4412 Israel,
2657 4347 2938 4402 missisin
2965 4348 3076 4403 hoc
3101 4328 3557 4403 centurionibus
3574 4349 3849 4403 Hieroso-

429 4422 574 4486 erat,
605 4421 664 4474 et
689 4417 898 4473 odium
923 4422 1133 4473 contra
1171 4433 1306 4473 cum
1356 4434 1593 4490 semper
1624 4421 1685 4475 in
1717 4420 1896 4476 corde
1921 4437 2082 4491 gere-

426 4506 554 4578 bat,
585 4523 721 4580 quae
771 4505 1100 4579 aliquando
1130 4522 1380 4578 regnare
1409 4507 1726 4564 videbatur
1752 4525 1888 4564 cum
1930 4509 2078 4580 legis

427 4596 814 4653 caeremonias
838 4595 1240 4669 temporaliter
1255 4595 1638 4653 observabat.
1661 4601 2078 4670 interpretatur

425 4684 661 4742 Athalia
686 4687 1033 4756 temporalis
1060 4687 1311 4742 Domini.
1343 4685 1457 4743 Sed
1485 4686 1705 4743 Josaba
1734 4687 2075 4744 strenuitate

427 4774 584 4845 (quae
614 4775 1030 4847 interpretatur
1059 4777 1348 4831 saturitas
1380 4777 1638 4845 Domini,
1671 4776 1731 4832 id
1762 4781 1849 4832 est
1879 4777 2069 4834 Eccle-

429 4859 550 4923 site,
583 4861 644 4914 in
672 4877 795 4931 qua
820 4879 975 4917 verte
1030 4868 1169 4920 sunt
1197 4864 1444 4934 deliciis)
1479 4871 1750 4921 servatus
1778 4869 1936 4934 Joas,
1969 4867 2073 4940 qui

426 4945 846 5016 interpretatur
875 4953 1158 5007 memoria
1197 4954 1456 5022 Domini,
1492 4955 1757 5011 Christus
1784 4955 2073 5023 videlicet,

426 5033 488 5088 in
515 5049 640 5104 quo
679 5035 972 5092 memoria
999 5043 1087 5092 est
1126 5041 1386 5095 nominis
1411 5043 1668 5113 Domini,
1697 5059 1773 5097 ne
1803 5058 1910 5114 per
1939 5059 2074 5097 cru-

425 5120 729 5178 delitatem
759 5123 1048 5178 saevientis
1074 5125 1266 5180 hostis
1295 5127 1670 5184 interimatur
1699 5130 1763 5184 in
1789 5129 2072 5185 cordibus

426 5207 773 5272 electorum,
828 5210 1142 5283 magisque
1192 5213 1445 5269 nutritur
1501 5215 1560 5270 in
1609 5215 1793 5271 domo
1850 5217 2073 5272 Joiadaa

425 5295 722 5368 pontiﬁcis
769 5296 872 5368 qui
917 5299 1168 5353 dilectus
1206 5301 1450 5356 Domini
1477 5307 1671 5369 sonat,
1704 5303 1778 5358 de
1812 5321 1934 5377 quo
1967 5305 2076 5360 Pa-

427 5383 531 5439 tris
559 5400 676 5439 vox
706 5385 823 5441 ait:
856 5407 882 5433 «
906 5386 1003 5441 Hic
1031 5392 1120 5441 est
1155 5387 1327 5441 Filius
1362 5405 1528 5443 meus
1557 5390 1825 5461 dilectus,
1858 5393 1918 5449 in
1949 5410 2072 5467 quo

428 5471 576 5527 mihi
619 5471 772 5528 bene
825 5473 1162 5544 complacui
1193 5475 1431 5545 (Matth.
1464 5483 1643 5542 xxui).
1671 5501 1698 5529 »
1751 5482 1930 5554 Cujus
1968 5483 2072 5539 do-

428 5577 567 5617 mus
596 5565 686 5619 est
711 5564 921 5619 sancta
951 5561 1233 5636 Ecclesia,
1261 5562 1366 5620 ubi
1393 5563 1458 5622 in
1483 5574 1691 5627 sancta
1714 5570 1833 5629 ﬁde
1859 5572 2071 5630 electo-

2187 4434 2438 4505 lymam,
2462 4440 2932 4504 congregaverat
2956 4455 2967 4491 :
2991 4436 3154 4508 quod
3183 4435 3508 4491 educturus
3535 4437 3723 4491 ﬁlium
3755 4453 3853 4493 re-

2189 4523 2278 4593 gis
2306 4521 2404 4578 tali
2433 4522 2663 4578 ratione
2690 4523 2979 4590 distinxit,
2999 4530 3063 4580 ut
3085 4541 3296 4581 omnes
3317 4525 3420 4597 qui
3450 4525 3851 4598 impleverant

2188 4610 2529 4678 sabbatum,
2553 4615 2610 4666 et
2635 4613 2930 4682 egressuri
2959 4618 3150 4680 erant,
3173 4614 3229 4669 in
3260 4614 3416 4669 duas
3441 4613 3616 4669 divisi
3641 4620 3848 4686 partes

2185 4716 2388 4771 regem
2409 4701 2472 4757 in
2500 4701 2879 4757 interioribus
2910 4703 3040 4758 atrii
3071 4703 3218 4758 locis
3253 4703 3467 4760 armati
3496 4704 3849 4759 circumsta-

2184 4798 2332 4848 rent.
2352 4792 2596 4865 Reliqua
2621 4809 2756 4848 vero
2780 4792 3118 4856 multitudo,
3137 4792 3198 4848 id
3213 4799 3301 4848 est
3323 4794 3383 4849 hi
3404 4795 3508 4866 qui
3531 4810 3653 4849 non
3675 4801 3853 4851 erant

2184 4882 2259 4936 de
2290 4882 2467 4954 stirpe
2504 4881 2655 4948 Levi,
2689 4882 3006 4938 exteriores
3045 4881 3333 4937 atriorum
3357 4883 3582 4953 januas
3622 4889 3841 4940 contra

2184 4970 2447 5027 furorem
2497 4971 2717 5041 reginae
2770 4970 2840 5042 (si
2870 4971 3016 5043 quid
3065 4971 3212 5026 forte
3243 4972 3481 5028 adversi
3508 4972 3850 5041 moliretur)

2183 5061 2573 5116 custodirent.
2608 5065 2786 5117 Porro
2814 5061 2874 5116 hi
2918 5061 3022 5134 qui
3053 5077 3234 5133 super
3265 5062 3343 5117 ad
3390 5062 3713 5118 sabbatum
3747 5079 3853 5117 ve-

2181 5152 2393 5202 nerant
2423 5149 2780 5216 sacerdotes,
2811 5149 3000 5206 levitaa
3051 5154 3108 5205 et
3152 5150 3464 5222 janitores,
3496 5151 3556 5206 in
3607 5157 3721 5206 tres
3765 5151 3857 5208 di-

2181 5234 2291 5290 visi
2323 5240 2544 5307 partes,
2572 5237 2826 5294 domum
2853 5240 3029 5308 regis,
3054 5240 3113 5295 id
3141 5245 3230 5296 est
3248 5241 3542 5312 palatium
3564 5240 3860 5297 observa-

2184 5328 2336 5394 rent,
2369 5341 2442 5381 ne
2485 5325 2576 5380 vel
2624 5326 2738 5382 hoc
2788 5330 2996 5398 regina
3041 5330 3288 5386 collecto
3337 5332 3596 5386 exercitu
3638 5336 3864 5388 contra

2181 5428 2383 5482 regem
2415 5411 2776 5470 defenderet.
2815 5417 3130 5472 Servarent
3169 5423 3226 5473 et
3272 5423 3509 5490 portam
3560 5419 3865 5475 scutario-

2181 5517 2314 5556 rum
2342 5502 2690 5575 habitaculi,
2722 5520 2830 5577 per
2859 5523 3047 5579 quam
3078 5507 3154 5563 de
3185 5507 3410 5580 templo
3441 5508 3518 5563 ad
3549 5507 3866 5580 palatium

2180 5589 2679 5664 descendebatur,
2705 5597 2854 5654 sicut
2882 5597 3040 5654 infra
3059 5597 3739 5670 dicitur.Duxeruntque
3767 5615 3876 5657 re-
