4092 6178
197 205 301 261 513

1177 207 1432 262 ENARR.
1476 208 1543 261 IN
1585 206 1832 263 LIBROS
1871 207 2129 266 REGUM.
2158 210 2315 265 —IN
2359 208 2486 264 LIB.
2529 207 2625 263 IV.

3503 201 3608 268 514

189 344 326 399 gem
353 327 428 383 de
458 327 643 382 domo
674 328 928 394 Domini,
949 334 1004 384 et
1034 335 1324 386 venerunt
1348 347 1455 403 per
1483 330 1641 386 viam
1660 334 1845 404 portis
1879 333 1928 385 Α
1959 331 2152 403 fuerit,
2176 337 2375 389 tamen
2397 348 2503 404 per
2528 331 2843 387 doctorum
2872 330 3298 402 negligentiam
3322 331 3384 388 in
3404 331 3608 389 multis

189 418 584 474 scutariorum
613 417 673 471 in
716 417 1026 489 palatium,
1063 425 1118 474 et
1161 420 1310 475 sedit
1353 437 1538 493 supra
1566 422 1848 476 thronum

184 524 423 577 regum,
447 506 554 562 ubi
585 512 642 562 et
673 512 845 579 porta
875 508 997 564 Seir
1019 514 1075 564 et
1098 509 1316 564 domus
1346 513 1530 567 Messa
1546 527 1682 583 quae
1712 527 1850 565 cum

185 611 361 671 porta
380 595 780 651 scutariorum
801 597 1213 665 nominantur,
1236 615 1367 653 esse
1394 599 1685 654 videntur.
1713 601 1849 656 Scu-

185 685 370 742 tarios
402 688 607 740 autem
640 689 860 740 tutores
892 686 1049 756 regis
1081 686 1365 759 appellat,
1398 692 1646 743 testante
1697 688 1849 743 libro

183 774 727 847 Paralipomenon:
761 775 863 847 qui
897 792 1034 830 cum
1064 776 1331 831 Roboam
1365 781 1532 832 scuta
1555 793 1709 833 aerea
1740 793 1849 849 pro

184 864 385 920 aureis
427 869 978 933 commemorasset,
1025 863 1281 935 adjecit;
1327 871 1379 920 et
1431 865 1669 921 tradidit
1715 866 1847 920 illos

183 953 564 1027 principibus
613 953 1028 1018 scutariorum,
1063 954 1165 1026 qui
1217 954 1631 1010 custodiebant
1681 955 1850 1011 vesti-

182 1045 400 1099 bulum
454 1043 678 1116 palatii.
727 1044 789 1097 In
837 1060 959 1115 quo
1001 1043 1271 1099 videlicet
1311 1044 1482 1113 libro,
1515 1045 1848 1101 distinctius

183 1134 314 1189 haec
359 1137 580 1188 cuncta
623 1132 1023 1204 replicantur:
1060 1155 1086 1180 ‹‹
1134 1133 1325 1189 Tertia
1376 1137 1514 1205 pars
1557 1139 1845 1203 vestrum,

186 1223 288 1294 qui
323 1221 574 1276 veniunt
603 1220 681 1276 ad
711 1220 1031 1276 sabbatum
1054 1222 1428 1276 sacerdotum
1459 1227 1516 1278 et
1538 1222 1848 1278 levitarum

186 1315 240 1366 et
263 1311 626 1381 janitorum.
651 1309 759 1364 erit
799 1309 857 1363 in
910 1310 1116 1381 portis.
1163 1310 1351 1365 Tertia
1409 1327 1549 1365 vero
1601 1327 1740 1382 pars
1773 1310 1847 1365 ad

185 1399 445 1454 domum
497 1399 674 1468 regis,
702 1403 758 1452 et
803 1400 972 1452 tertia
1002 1398 1060 1452 in
1111 1403 1285 1470 porta
1333 1415 1468 1470 quae
1516 1399 1851 1470 appellatur

187 1487 607 1544 Fundamenti.
653 1489 838 1544 Omne
883 1503 1020 1542 vero
1067 1487 1366 1560 reliquum
1420 1487 1637 1557 vulgus
1688 1489 1760 1543 sit
1787 1489 1849 1544 in

184 1578 349 1634 atriis
372 1577 599 1632 domus
627 1576 880 1657 Domini,
902 1591 1010 1631 nec
1033 1577 1356 1648 quisquam
1383 1576 1535 1632 alius
1559 1578 1850 1647 ingredia-

1960 421 2475 494 corrumpebatur,
2493 421 2687 476 donec
2708 421 2934 476 veniret
2955 420 3083 492 ipse
3105 420 3209 494 qui
3227 420 3422 491 legem
3447 421 3613 480 dedit

1959 514 2016 565 et
2041 525 2149 582 per
2179 515 2398 566 sancta:
2423 508 2715 565 Trinitatis
2745 508 2950 580 ﬁdem,
2982 508 3338 578 decalogum
3372 509 3522 581 legis
3546 510 3610 567 in

1958 600 2140 671 Moysi
2189 606 2245 655 et
2271 599 2705 672 prophetarum
2732 598 2964 671 scriptis
2996 598 3376 671 spiritualiter
3404 600 3611 656 obser-

1957 690 2227 744 vandum
2257 689 2515 744 doceret.

2029 799 2056 827 ‹‹
2097 777 2459 850 Vocavitque
2497 793 2601 833 rex
2651 778 2787 833 Joas
2831 777 3103 834 Joiadam
3152 776 3498 850 pontiﬁcem
3553 782 3612 837 et

1959 889 1986 916 «
2029 867 2386 935 sacerdotes,
2432 867 2638 923 dicens
2684 867 2809 923 eis:
2845 870 3036 933 Quare
3082 872 3243 924 sarta
3290 872 3440 925 tecta
3484 885 3610 926 non

1959 979 1986 1004 ‹‹
2025 956 2368 1012 instauratis
2397 957 2650 1030 templi?
2680 957 2864 1012 Nolite
2894 972 3036 1026 ergo
3059 957 3316 1030 amplius
3341 958 3612 1031 accipere

1956 1062 1988 1097 ‹
2025 1045 2346 1117 pecuniam
2397 1046 2570 1116 juxta
2626 1045 2899 1102 ordinem
2946 1050 3228 1115 vestrum,
3261 1047 3368 1102 sed
3398 1048 3476 1103 ad
3520 1047 3609 1103 in-

1958 1157 1986 1184 «
2031 1135 2458 1191 staurationem
2513 1135 2718 1208 templi
2748 1135 2975 1191 reddite
3024 1152 3178 1204 eam,
3212 1159 3240 1187 »
3277 1142 3332 1193 et
3358 1137 3607 1210 reliqua.

1959 1223 2050 1280 Sic
2094 1229 2151 1280 et
2198 1225 2486 1280 Dominus
2516 1229 2718 1280 noster
2745 1224 2806 1280 in
2855 1225 3217 1295 Evangelicis
3266 1225 3610 1284 doctoribus

1957 1313 2276 1380 mandans,
2311 1314 2390 1370 ait
2423 1333 2435 1370 :
2470 1337 2499 1365 «
2533 1317 2742 1370 Levate
2785 1314 2994 1370 oculos
3038 1319 3266 1371 vestros
3320 1320 3376 1372 et
3415 1316 3610 1373 videte

1955 1403 2230 1474 regiones
2272 1403 2416 1476 quia
2465 1404 2615 1459 albae
2649 1408 2788 1460 sunt
2811 1405 2940 1475 jam
2990 1404 3069 1460 ad
3120 1420 3380 1461 messem
3411 1407 3609 1476 (Joan.

1958 1493 2061 1564 IV).
2096 1515 2124 1542 ››
2151 1524 2219 1532 —-
2242 1515 2268 1540 «
2303 1495 2524 1562 Rogata
2551 1493 2869 1548 dominum
2896 1493 3128 1561 messis,
3157 1499 3220 1550 ut
3248 1493 3442 1550 mittat
3469 1510 3611 1568 ope-

1957 1583 2145 1638 rarios
2192 1581 2252 1636 in
2294 1598 2557 1638 messem
2603 1599 2777 1638 suam
2821 1583 3063 1651 (Matth.
3112 1588 3214 1649 ix).
3248 1603 3276 1633 ›
3309 1584 3378 1639 Et
3429 1582 3609 1641 item:

182 1672 277 1724 tur
306 1667 567 1723 domum
603 1665 854 1732 Domini,
886 1666 1002 1721 nisi
1033 1667 1392 1736 sacerdotes,
1419 1672 1474 1722 et
1519 1667 1624 1740 qui
1673 1667 1847 1723 mini-
1877 1684 1919 1737 Β
1958 1673 2174 1726 Euntes
2220 1671 2448 1744 (inquit)
2473 1671 2531 1726 in
2564 1672 2863 1727 mundum
2895 1671 3265 1740 universum,
3297 1672 3615 1744 praedicate

183 1762 375 1812 strant
421 1755 498 1810 de
545 1755 756 1810 levitis.
786 1754 902 1827 Ipsi
953 1756 1376 1812 tantummodo
1416 1756 1847 1827 ingrediantur,

182 1846 324 1918 quia
365 1844 725 1900 sanctiﬁcati
776 1849 934 1910 sunt,
965 1851 1022 1899 et
1074 1861 1254 1901 omne
1281 1846 1578 1919 reliquum
1637 1847 1850 1917 vulgus

183 1935 469 1990 observet
499 1933 808 1989 custodias
843 1933 1096 2000 Domini,
1121 1934 1310 1990 levitas
1342 1942 1543 1991 autem
1600 1937 1851 1992 circum-

182 2026 324 2081 dent
349 2039 579 2092 regem,
609 2022 898 2078 habentes
922 2022 1139 2092 singuli
1167 2039 1336 2080 arma
1358 2041 1486 2092 sua,
1503 2044 1532 2077 ›
1547 2030 1656 2081 etc.
1678 2024 1850 2091 Quod

185 2113 460 2185 sequitur
491 2112 565 2166 de
596 2111 810 2167 eodem
836 2128 849 2165 :
880 2135 907 2160 ‹‹
937 2110 1338 2192 Produxi‘tque
1369 2113 1560 2168 ﬁlium
1591 2113 1765 2182 regis,
1796 2118 1852 2169 et

184 2202 390 2276 posuit
419 2217 602 2272 super
631 2205 814 2273 caput
837 2201 887 2271 ej
899 2217 966 2255 us
987 2200 1270 2256 diadema
1297 2207 1354 2257 et
1376 2202 1797 2259 testimonium.
1821 2223 1849 2252 »

193 2297 260 2347 In
291 2292 648 2358 diademate,
683 2291 915 2359 insigne
947 2290 1157 2362 capitis
1217 2290 1472 2361 regium,
1499 2291 1562 2346 in
1593 2291 1844 2346 testimo

194 2382 301 2437 nio
333 2380 601 2450 designat
628 2380 867 2436 decreta
896 2379 1043 2450 legis
1073 2380 1192 2448 Dei,
1221 2381 1442 2454 quibus
1488 2381 1634 2454 quid
1674 2397 1850 2452 agere

1958 1760 2347 1830 Evangelium
2377 1760 2543 1816 omni
2572 1766 2857 1817 creaturas
2888 1762 3105 1830 (Marc.
3135 1762 3277 1833 xw).
3312 1783 3340 1811 »
3370 1793 3439 1802 —
3465 1784 3493 1812 ‹‹
3525 1762 3615 1818 In-

1956 1849 2164 1905 ﬁrmos
2211 1854 2435 1920 curate,
2487 1856 2756 1906 mortuos
2800 1851 3095 1918 suscitate,
3127 1849 3398 1922 leprosos
3440 1867 3615 1908 mun-

1957 1938 2116 2008 date,
2170 1938 2478 1993 daemones
2531 1938 2742 2009 ejicite,
2798 1938 2978 2008 gratis
3026 1939 3361 2011 accepistis,
3432 1939 3613 2009 gratis

1957 2027 2094 2082 date
2125 2027 2369 2096 (Matth.
2391 2027 2474 2097 x).
2501 2048 2529 2076 »

2029 2137 2056 2164 ‹‹
2100 2117 2167 2169 Et
2189 2114 2315 2170 tulit
2338 2113 2551 2169 Joiada
2578 2114 2844 2187 pontifex
2869 2113 3366 2187 gazophylacium
3399 2129 3610 2184 unum,

1959 2225 1986 2252 ‹‹
2029 2203 2380 2275 aperuitque
2431 2202 2706 2259 foramen
2757 2203 3037 2274 desuper,
3099 2207 3156 2258 et
3211 2202 3414 2274 posuit
3467 2202 3614 2258 illud

1959 2313 1987 2341 «
2022 2292 2196 2362 juxta
2225 2290 2408 2347 altare
2439 2290 2517 2347 ad
2539 2291 2847 2347 dexteram
2867 2290 3329 2361 ingredientium
3359 2291 3614 2347 domum

1960 2403 1986 2429 ‹‹
2032 2379 2287 2435 Domini.
2321 2397 2352 2432 ›
2385 2379 2580 2435 Altare
2635 2379 2906 2435 videlicet
2962 2395 3179 2452 corpus
3241 2380 3476 2435 Domini
3505 2384 3613 2452 est,

188 2488 298 2527 rex
345 2469 582 2538 debeat,
609 2468 864 2542 qualiter
911 2469 1126 2537 vivere,
1155 2470 1553 2543 praecipiatur.
1588 2471 1850 2544 Denique
1952 2471 2124 2542 juxta
2151 2469 2319 2541 quod
2346 2469 2844 2542 gazophylacium
2889 2469 3152 2541 positum
3182 2473 3287 2536 est,
3321 2485 3460 2524 cum
3510 2472 3615 2524 Ec-

189 2562 249 2617 in
278 2559 436 2616 libro
466 2559 794 2616 Verborum
827 2559 1060 2614 dierum
1092 2561 1384 2631 apertius:
1411 2582 1438 2608 ‹‹
1461 2563 1524 2615 Et
1551 2559 1852 2633 imposue-

187 2657 326 2706 rimt
356 2649 600 2722 (inquit)
619 2649 670 2704 ei
699 2648 984 2704 diadema
1008 2653 1063 2704 et
1093 2648 1516 2721 testimonium,
1536 2648 1851 2705 dederunt-

191 2757 311 2812 que
344 2740 406 2794 in
437 2754 630 2794 manu
683 2738 814 2809 ejus
844 2737 1166 2794 tenendam
1210 2738 1423 2809 legem,
1452 2745 1509 2794 et
1539 2739 1854 2795 constitue-

194 2835 337 2886 runt
381 2846 517 2884 eum
564 2843 769 2898 regem
812 2828 899 2899 (ΙΙ
935 2829 1081 2884 Ραν.
1113 2829 1291 2899 χχιιι).
1326 2850 1344 2880 ι
1381 2832 1604 2899 Magnae
1649 2830 1853 2902 utique

195 2923 323 2975 erat
349 2917 748 2990 salutarisque
773 2917 1126 2989 prudentiae,
1151 2923 1214 2972 ut
1231 2922 1370 2990 post
1398 2919 1719 2990 tyrannicae
1741 2917 1851 2973 im-

192 3009 428 3080 pieeque
455 3022 668 3062 necem
695 3005 937 3075 reginae,
967 3005 1308 3061 succedenti
1333 3006 1392 3061 in
1432 3022 1686 3076 regnum
1729 3006 1851 3062 ﬁlio
1883 3041 1923 3094 ρ

193 3098 348 3166 regis
389 3095 642 3166 legitimi
672 3110 810 3149 cum
843 3095 973 3167 ipso
1021 3095 1192 3164 regni
1218 3095 1430 3151 habitu
1473 3095 1652 3150 simul
1675 3095 1851 3150 disci-

194 3185 357 3257 plina
385 3185 535 3255 legis
570 3184 668 3239 Dei
701 3183 1003 3239 servanda
1029 3185 1518 3253 committeretur,
1550 3189 1606 3239 et
1661 3184 1764 3255 qui
1791 3201 1852 3240 se

195 3275 510 3346 praelatum
537 3273 765 3346 populo
794 3272 1062 3342 regendo
1088 3272 1336 3342 videret,
1365 3272 1496 3345 ipse
1549 3289 1611 3328 se
1640 3289 1851 3342 regen-

203 3362 356 3417 dum
382 3362 597 3417 divinis
621 3362 854 3432 legibus
885 3361 1065 3418 subdi
1093 3361 1311 3418 debere
1342 3361 1734 3418 meminisset.

839 3540 1064 3594 CAPUT
1102 3540 1210 3594 Xll.

277 3738 305 3764 ιι
343 3715 614 3789 Dixitque
658 3719 798 3772 Joas
849 3717 928 3772 ad
977 3717 1315 3774 sacerdotes
1349 3735 1361 3773 :
1397 3720 1648 3776 Omnem
1678 3737 1858 3793 pecu-

218 3822 249 3854 ‹
286 3804 441 3859 niam
483 3812 852 3874 sanctorum,
884 3824 1020 3879 quae
1067 3807 1230 3863 illata
1254 3808 1428 3864 fuerit
1473 3809 1533 3863 in
1567 3809 1857 3881 templum

221 3913 248 3939 «ι
288 3892 502 3950 Domini
535 3911 572 3952 a
603 3897 1123 3968 praetereuntibus,
1157 3913 1294 3969 qua:
1322 3896 1565 3952 offertur
1589 3914 1699 3970 pro
1729 3914 1858 3970 pre-

217 4005 242 4031 «
282 3983 351 4039 tio
378 3986 621 4054 animae,
654 3990 712 4040 et
739 4003 925 4059 quam
958 3991 1172 4059 sponte
1199 3991 1255 4043 et
1277 3986 1520 4042 arbitrio
1551 3987 1746 4043 cordis
1769 3988 1860 4044 sui

204 4072 531 4130 «inferunt
589 4075 650 4130 in
700 4076 992 4148 templum
1040 4076 1274 4133 Domini
1305 4093 1318 4131 :
1349 4076 1646 4148 accipiant
1693 4077 1860 4133 illam

201 4180 229 4214 ‹
265 4163 614 4219 sacerdotes
666 4164 840 4235 juxta
886 4165 1159 4222 ordinem
1209 4182 1408 4232 suum,
1449 4169 1504 4220 et
1531 4165 1862 4222 instaurent

199 4274 224 4299 ‹‹
259 4258 422 4309 sarta
450 4256 614 4308 tecta
640 4252 881 4321 domus,
916 4254 963 4310 si
989 4255 1136 4327 quid
1155 4255 1559 4310 necessarium
1608 4254 1864 4311 viderint

197 4361 224 4394 ‹
260 4342 712 4398 instaurationi.
749 4366 777 4392 »
819 4343 1056 4399 Mandat
1102 4359 1205 4399 rex
1261 4348 1461 4399 noster
1515 4343 1862 4400 doctoribus

195 4431 332 4500 suis,
360 4437 430 4487 ut
457 4431 762 4503 accipiant
790 4447 1034 4488 omnem
1067 4433 1388 4505 pecuniam
1418 4449 1554 4505 quae
1585 4450 1620 4489 a
1650 4438 1860 4506 praete-
1889 4403 1932 4456 θ

193 4521 518 4576 reuntibus
538 4519 785 4575 offertur
813 4519 873 4575 in
903 4520 1196 4592 templum
1247 4521 1500 4588 Domini,
1534 4537 1643 4593 pro
1674 4521 1864 4594 pretio

193 4609 417 4665 animae
448 4615 510 4664 et
537 4613 680 4664 voto
712 4609 908 4665 cordis
937 4610 1028 4665 sui
1056 4627 1068 4665 :
1103 4627 1241 4666 cum
1266 4609 1563 4682 quidquid
1594 4627 1630 4666 a
1658 4617 1866 4683 praete-

190 4698 518 4754 reuntibus
544 4699 605 4753 in
635 4699 761 4754 istis
794 4699 1049 4754 scientiae
1081 4699 1421 4772 spiritualis,
1450 4700 1541 4756 vel
1565 4700 1865 4756 bonorum

190 4787 647 4860 exemplorum,
681 4787 741 4842 in
799 4789 1148 4844 thesaurum
1180 4789 1412 4844 Domini
1444 4789 1729 4845 collatum
1759 4795 1866 4855 est,

191 4890 297 4945 per
331 4876 754 4944 sacerdotum,
785 4877 900 4932 hoc
929 4881 1023 4932 est
1045 4877 1507 4950 prmdicatorum
1538 4877 1755 4942 ofﬁcia,
1789 4878 1868 4934 ad

186 4964 710 5021 instaurationem
735 4965 942 5038 templi
969 4965 1290 5038 spiritualis
1317 4966 1692 5023 conferatur:
1725 4983 1872 5040 qua-

188 5058 370 5111 tenus
411 5056 825 5128 quodcunque
877 5057 1131 5112 scissum
1178 5056 1261 5112 ibi
1309 5072 1415 5129 per
1462 5073 1744 5125 errorem,
1777 5056 1871 5113 vel

185 5160 293 5216 per
324 5145 486 5201 vitia
541 5145 896 5216 invenerint,
928 5149 1262 5201 restaurent
1295 5162 1308 5199 :
1336 5162 1411 5200 ne
1459 5146 1605 5202 forte
1637 5162 1742 5219 per
1771 5161 1865 5202 ne-

187 5233 558 5304 gligentiam
591 5235 1040 5305 magistrorum,
1060 5235 1340 5307 depereat
1360 5234 1678 5292 multitudo
1705 5235 1871 5291 audi-

190 5326 424 5382 torum.
459 5324 639 5391 Quod
665 5329 866 5380 autem
897 5324 1164 5397 sequitur
1197 5341 1210 5380 :

262 5438 290 5462 ‹‹
334 5417 537 5488 Igitur
583 5430 777 5487 usque
827 5413 903 5470 ad
951 5413 1302 5470 vicesimum
1362 5413 1596 5469 tertium
1643 5429 1872 5468 annum

187 5527 214 5553 «ι
255 5507 431 5576 regis
464 5507 611 5561 Joas
655 5520 778 5561 non
819 5503 1308 5560 instauraverunt
1330 5503 1670 5560 sacerdotes
1715 5506 1875 5559 sarta

190 5614 216 5641 ει
257 5598 432 5649 tecta
483 5593 712 5665 templi,
746 5617 776 5642 »
805 5592 1100 5663 signiﬁcat
1141 5594 1307 5666 quod
1355 5597 1492 5649 ante
1545 5593 1873 5649 adventum

184 5681 557 5750 Salvatoris,
583 5681 720 5738 licet
759 5681 1032 5740 doctrina
1080 5682 1229 5754 legis
1275 5683 1338 5739 in
1394 5686 1570 5754 gente
1623 5681 1872 5739 Judaica

1959 2559 2138 2616 clesia
2167 2557 2397 2614 Christo
2445 2558 2768 2628 conjuncta
2809 2563 2913 2624 est,
2960 2557 3038 2612 ad
3067 2557 3376 2612 dexteram
3418 2557 3616 2626 ingre-

1959 2649 2249 2706 dientium
2278 2649 2337 2704 in
2365 2649 2619 2704 domum
2646 2648 2913 2704 Domini:
2938 2646 3084 2720 quia
3102 2648 3230 2703 haec
3256 2652 3344 2703 est
3369 2647 3616 2703 intentio

1959 2739 2303 2808 electorum,
2335 2739 2438 2810 qui
2466 2754 2572 2809 per
2599 2737 2783 2793 ﬁdem
2822 2736 3239 2808 ingrediuntur
3269 2736 3616 2800 Ecclesiam,

1961 2834 2024 2884 ut
2053 2829 2128 2884 ad
2157 2834 2444 2883 aaternam
2470 2827 2900 2883 beatitudinem
2933 2831 3137 2899 (quam
3169 2827 3377 2882 dextra
3432 2826 3616 2897 signi-

1959 2917 2118 2989 ﬁcat)
2169 2917 2538 2990 perveniant.
2574 2916 2733 2971 Istud
2779 2931 2920 2984 ergo
2966 2916 3207 2971 mittunt
3254 2916 3616 2985 sacerdotes,

1960 3007 2066 3079 qui
2085 3006 2428 3062 custodiunt
2449 3005 2600 3060 ostia
2629 3005 2832 3076 templi
2863 3021 3106 3060 omnem
3132 3006 3452 3076 pecuniam
3481 3021 3618 3077 quae

1961 3095 2224 3151 defertur
2254 3095 2331 3150 ad
2387 3094 2678 3165 templum
2726 3093 2983 3162 Domini,
3015 3109 3154 3148 cum
3200 3093 3619 3165 praedicatores

1963 3185 2147 3241 sancti
2201 3185 2306 3256 qui
2353 3188 2594 3239 servant
2633 3183 2940 3238 introitum
2990 3182 3152 3251 ﬁdei,
3184 3181 3441 3238 offerunt
3482 3187 3620 3239 vota

1961 3273 2230 3330 ﬁdelium
2259 3273 2320 3328 in
2365 3272 2565 3328 verbis
2609 3277 2667 3328 et
2695 3271 2979 3344 operibus
3005 3289 3018 3339 ;
3050 3275 3106 3327 et
3131 3271 3195 3327 in
3225 3270 3481 3328 Ecclesia
3511 3271 3619 3328 rite

1962 3362 2243 3437 precibus
2269 3361 2700 3419 commendant
2729 3361 2869 3416 Deo.

2037 3475 2067 3507 ‹
2106 3452 2489 3510 Ascendebat
2515 3453 2712 3508 scriba
2740 3451 2896 3521 regis
2939 3455 2996 3507 et
3038 3451 3324 3524 pontifex,
3349 3447 3618 3505 effunde-

1967 3563 1998 3598 ‹
2036 3542 2306 3615 bantque
2334 3546 2390 3598 et
2417 3541 2822 3598 numerabant
2851 3539 3171 3613 pecuniam
3196 3555 3331 3611 quae
3360 3536 3620 3593 invenie-

1966 3655 1996 3683 κ
2034 3631 2215 3689 batur
2241 3631 2304 3688 in
2323 3631 2507 3688 domo
2538 3630 2795 3698 Domini,
2824 3634 2882 3685 et
2900 3629 3131 3686 dabant
3157 3644 3292 3684 eam
3315 3628 3490 3700 juxta
3516 3643 3624 3682 nu-

1967 3745 1995 3771 «
2037 3738 2271 3778 merum
2323 3726 2502 3794 atque
2557 3734 2912 3775 mensuram
2954 3718 3014 3773 in
3062 3733 3250 3774 manu
3279 3733 3489 3772 eorum
3517 3714 3623 3788 qui

1968 3834 1995 3861 ‹‹
2037 3815 2330 3885 praeerant
2375 3808 2770 3865 caementariis
2811 3807 3030 3862 domus
3073 3805 3328 3862 Domini.
3363 3805 3474 3870 Qui
3513 3804 3623 3859 im-

1967 3919 1998 3954 ‹
2038 3899 2384 3971 pendebant
2414 3913 2550 3953 eam
2580 3897 2642 3953 in
2669 3895 2858 3951 fabris
2886 3895 3188 3964 lignorum
3217 3899 3274 3950 et
3303 3897 3621 3948 caementa-

1969 4010 1998 4038 «
2039 3987 2140 4042 riis
2169 3988 2262 4042 his
2306 3986 2411 4059 qui
2461 3985 2871 4059 operabantur
2898 3984 2960 4040 in
3009 3984 3192 4040 domo
3223 3981 3478 4054 Domini,
3510 4001 3539 4035 ι
3567 3983 3626 4038 et

1966 4075 2217 4149 reliqua.
2250 4075 2519 4132 Scribam
2540 4075 2698 4146 regis
2720 4078 2778 4130 et
2805 4073 3152 4147 pontiﬁcem
3177 4071 3442 4146 appellat
3459 4086 3623 4127 sum-

1967 4182 2103 4222 mos
2131 4165 2426 4236 doctores,
2447 4165 2553 4237 qui
2573 4163 2892 4237 pecuniam
2921 4162 3200 4219 collatam
3224 4162 3397 4234 juxta
3415 4176 3626 4218 nume-

1968 4271 2106 4312 rum
2154 4261 2333 4328 atque
2379 4269 2727 4310 mensuram
2766 4252 2881 4308 illis
2939 4252 3299 4320 tribuebant,
3330 4252 3628 4325 praeerant

1971 4343 2154 4400 fabris
2176 4348 2233 4400 et
2261 4343 2676 4410 caementariis,
2693 4341 2807 4398 hoc
2835 4346 2944 4412 est,
2963 4340 3478 4414 dispensatoribus
3497 4354 3626 4396 ver-

1971 4433 2033 4489 bi
2061 4433 2248 4490 divini
2263 4434 2368 4507 qui
2389 4431 2726 4503 Evangelici
2750 4431 2918 4488 tritici
2939 4447 3310 4503 mensuram,
3328 4428 3626 4486 conservis

1975 4523 2095 4580 suis
2115 4523 2209 4579 his
2230 4523 2335 4596 qui
2361 4527 2686 4596 operantur
2700 4521 2761 4576 in
2786 4522 2970 4577 domo
2992 4519 3244 4581 Domini,
3267 4517 3626 4575 etvirtutum

1972 4628 2156 4685 opera
2185 4611 2247 4668 in
2293 4612 2546 4668 aediﬁcio
2588 4611 2789 4666 divino
2828 4611 3222 4680 componunt,
3263 4603 3625 4662 tribuebant.

1975 4701 2128 4768 Quid
2150 4717 2292 4772 ergo
2322 4701 2485 4757 aliud
2508 4700 2776 4756 fecerunt
2799 4696 3053 4771 apostoli
3099 4697 3274 4768 (quos
3325 4693 3626 4766 principes

1972 4790 2034 4846 in
2065 4789 2324 4845 Ecclesia
2370 4788 2575 4844 electio
2621 4788 2827 4844 divina
2871 4784 3192 4855 constituit)
3222 4780 3471 4856 quando
3520 4795 3627 4854 per

1975 4878 2278 4950 subjectos
2322 4877 2434 4933 sibi
2473 4876 2824 4949 discipulos,
2854 4873 3024 4931 verbi
3052 4872 3238 4929 divini
3263 4871 3495 4928 semina
3521 4885 3628 4944 per

1975 4972 2165 5024 totum
2185 4966 2395 5023 orbem
2412 4970 2760 5040 sparserunt
2772 4969 3070 5038 quatenus
3090 4963 3398 5036 operarios
3417 4960 3628 5017 volun-

1975 5056 2109 5115 tatis
2141 5055 2242 5112 Dei
2267 5055 2517 5112 idoneos
2546 5055 2606 5111 in
2632 5053 3008 5111 auditoribus
3041 5052 3165 5108 suis
3206 5051 3581 5127 praeﬁcerem
3612 5066 3625 5106 :

1975 5162 2237 5219 quorum
2260 5143 2357 5200 alii
2378 5143 2672 5201 fabricant
2687 5143 2870 5214 ligna,
2889 5158 3029 5199 cum
3050 5141 3404 5214 semetipsos
3423 5145 3480 5196 et
3499 5155 3627 5210 eos,

1977 5235 2082 5307 qui
2111 5234 2224 5291 sibi
2251 5233 2632 5302 obediebant,
2665 5233 2831 5304 ligna
2871 5231 3174 5288 fructifera
3213 5231 3275 5288 in
3305 5230 3488 5287 domo
3522 5232 3631 5285 Do-

1977 5324 2125 5380 mini
2155 5339 2368 5397 parare
2414 5322 2754 5391 studebant,
2777 5321 2876 5379 alii
2915 5326 3078 5378 sarta
3109 5325 3262 5377 tecta
3290 5318 3496 5393 templi
3542 5317 3629 5374 fa-

1980 5413 2234 5484 ciebant,
2252 5412 2499 5486 quando
2528 5412 2628 5469 illa
2654 5429 2791 5486 quis
2818 5427 2926 5485 per
2950 5411 3225 5468 hmresim
3255 5413 3312 5466 et
3340 5409 3630 5466 schisma-

1981 5506 2040 5559 ta
2063 5507 2243 5575 rupta
2271 5505 2459 5573 erant,
2489 5501 2955 5559 reaediﬁcabant.
2985 5500 3095 5557 Alii
3121 5515 3268 5557 saxa
3296 5498 3626 5562 caedebant,

1981 5609 2120 5648 cum
2158 5592 2343 5647 duros
2393 5592 2571 5649 corde
2623 5597 2681 5648 et
2748 5590 3088 5648 incredulos
3147 5589 3372 5646 fortiter
3439 5588 3630 5642 incre-

1979 5679 2228 5755 pabant,
2253 5679 2336 5738 ita
2363 5684 2429 5738 ut
2473 5679 2820 5753 impleretur
2855 5677 3206 5737 instauratio
3246 5676 3466 5734 domus
3513 5674 3630 5727 Do-
