4092 6178
1603 205 1954 263 ANGEIDMI
2009 199 2462 259 LUXOVIENS‘IS
2500 203 2812 260 MONACHI

3812 201 3913 258 516

503 335 670 406 mini,
704 335 764 390 in
798 332 1087 388 universis
1117 348 1252 406 qua
1275 331 1626 402 indigebant
1655 345 1920 404 expensa
1949 326 2025 384 ad
2045 325 2149 381 do-
2178 328 2226 380 A
2264 324 2462 381 minus
2493 326 2698 383 ﬁdeles
2728 325 2786 382 in
2820 323 3227 396 spiritualibus
3284 324 3565 394 invenire,
3597 339 3790 396 quam
3822 325 3918 382 isti

506 441 671 480 mum
701 421 931 477 Domini
965 421 1377 489 muniendam,
1399 421 1571 493 juxta
1600 420 1747 476 illud
1770 420 1970 493 utique
2000 421 2152 489 Apo-

501 511 637 567 stoll
655 526 778 583 quo
810 509 892 566 ait
920 528 983 563 :«
1021 510 1348 582 Unicuique
1377 514 1579 566 autem
1608 514 1879 565 nostrum
1909 507 2051 562 data
2067 509 2154 561 est

501 599 690 670 gratia
743 599 1078 656 secundum
1137 615 1485 656 mensuram
1551 598 1891 656 donationis
1939 593 2150 652 Christi

500 691 739 762 (Ephes.
777 691 874 758 iv).
905 710 929 738 ι)
967 691 1031 744 Et
1052 689 1234 761 paulo
1264 693 1401 762 post
1434 706 1446 744 :
1478 709 1508 742 ‹
1542 692 1605 744 Et
1636 689 1764 762 ipse
1803 687 2034 760 (inquit)
2055 685 2154 740 de-

498 778 911 851 ditquosdam
941 777 1187 849 quidem
1232 777 1556 850 apostolos,
1599 777 1897 854 quosdam
1952 780 2149 832 autem

498 868 869 939 prophetas:
905 866 1053 922 alios
1106 883 1248 923 vero
1287 867 1702 937 evangelistas,
1752 866 1898 922 alios
1951 869 2151 920 autem

497 959 773 1013 doctores
801 960 857 1012 et
885 962 1173 1028 pastores,
1199 957 1274 1012 ad
1305 956 1889 1012 consummationem
1922 959 2152 1009 sancto-

496 1064 652 1114 rum,
685 1046 747 1101 iu
777 1062 931 1118 opus
957 1047 1282 1113 ministerii,
1312 1047 1372 1102 in
1399 1046 1857 1102 aedificationem
1886 1043 2152 1116 corporis

496 1136 707 1194 Christi
736 1137 960 1208 (Ibid).
993 1159 1020 1186 »
1054 1136 1224 1202 Quod
1257 1141 1457 1192 autem
1490 1135 1792 1208 sequitur:

570 1249 599 1276 ‹‹
637 1227 1060 1281 Verumtamen
1110 1241 1233 1281 non
1280 1225 1505 1280 fiebant
1534 1241 1606 1280 ex
1653 1225 1865 1280 eadem
1896 1220 2153 1294 pecunia

495 1337 523 1365 «
565 1314 794 1388 hydria
819 1314 1022 1386 templi
1056 1314 1308 1386 Domini,
1329 1319 1385 1370 et
1410 1313 1820 1383 fuscinula,et
1849 1309 2153 1368 thuribula

499 1428 524 1453 α
568 1410 625 1461 et
657 1404 834 1471 tuba,
869 1408 926 1459 et
954 1419 1134 1458 omne
1164 1420 1268 1458 vas
1303 1419 1554 1459 aureum
1585 1408 1642 1458 et
1672 1407 2042 1471 argenteum,
2075 1399 2150 1456 de

497 1515 528 1547 ‹
569 1494 826 1566 pecunia
869 1509 1001 1564 quae
1027 1492 1394 1548 inferebatur
1418 1492 1478 1547 in
1507 1491 1799 1564 templum
1832 1490 2086 1559 Domini,
2120 1511 2148 1538 κ

497 1582 796 1653 signiﬁcat
815 1581 982 1654 quod
1006 1581 1120 1637 alia
1144 1581 1321 1636 debet
1346 1597 1474 1637 esse
1503 1581 1674 1648 ratio,
1693 1579 2148 1636 formandorum

2260 412 2322 468 in
2353 415 2765 487 corporalibus
2796 414 3032 468 fuerant
3056 412 3298 470 inventi.

2336 525 2365 552 «
2405 503 2727 560 Pecuniam
2773 517 2912 558 vero
2960 518 3068 574 pro
3101 502 3336 572 delicto,
3365 505 3420 558 et
3447 501 3771 575 pecuniam
3808 518 3918 576 pro

2264 614 2291 640 ‹‹
2333 592 2616 664 peccatis,
2647 609 2769 648 non
2819 591 3153 648 inferebant
3206 592 3265 647 in
3321 591 3608 664 templum
3657 592 3920 662 Domini,

2264 705 2291 729 α
2333 681 2476 754 quia
2509 682 2888 738 sacerdotum
2919 685 3061 737 erat.
3100 704 3128 732 »
3161 683 3292 736 Haec
3320 681 3611 738 sententia
3635 682 3918 753 ostendit,

2259 770 2425 844 quod
2455 787 2577 826 non
2621 771 2758 844 quis
2788 771 3031 844 proprio
3080 771 3320 826 arbitrio
3370 769 3537 826 facile
3582 786 3642 826 se
3675 777 3921 828 credere

2259 858 2456 928 debet,
2503 861 2606 916 sed
2647 860 2840 929 magis
2883 859 3047 928 sciat,
3079 860 3243 932 quod
3287 859 3581 915 confessio
3638 865 3920 932 peccato-

2260 966 2395 1004 rum
2444 955 2499 1006 et
2538 950 2884 1024 paenitentia
2941 949 3318 1006 sacerdotum
3345 949 3574 1021 judicio
3621 966 3919 1022 peragen-

2260 1040 2340 1095 da
2399 1045 2505 1106 est,
2537 1041 2641 1113 qui
2698 1040 2923 1096 habent
2982 1039 3286 1096 scientiam
3337 1039 3713 1096 discernendi
3766 1042 3920 1097 inter

2260 1129 2560 1186 mundum
2591 1135 2646 1186 et
2670 1128 3078 1195 immundum,
3107 1133 3164 1184 et
3189 1129 3370 1202 lepra
3428 1129 3729 1186 maculam
3763 1130 3919 1201 diju-

2261 1217 2481 1288 dicare,
2511 1223 2566 1276 et
2616 1224 2720 1276 aut
2762 1218 3185 1287 condemnare,
3219 1222 3321 1275 aut
3362 1219 3656 1276 mundum
3687 1219 3916 1275 discer-

2261 1324 2422 1365 nere.

2877 1435 3102 1491 CAPUT
3140 1434 3275 1494 XIII.

2333 1602 2359 1628 ‹‹
2404 1578 2643 1633 Elisaeus
2693 1582 2895 1633 autem
2944 1577 3272 1647 agrotabat
3313 1576 3673 1646 infirmitate,
3705 1592 3832 1649 qua
3861 1581 3918 1632 et

495 1689 780 1729 vasorum
811 1673 869 1727 in
902 1671 1295 1727 ministerium
1319 1671 1572 1741 Domini,
1593 1670 1708 1726 alia
1738 1669 2146 1742 parandarum
2181 1681 2224 1734 Β
2263 1691 2290 1717 ‹‹
2332 1673 2602 1724 mortuus
2633 1673 2741 1723 est.
2789 1666 3220 1740 Descenditque
3251 1666 3329 1722 ad
3360 1682 3498 1722 eum
3526 1669 3663 1722 Joas
3708 1683 3813 1721 rex
3841 1670 3916 1721 ls-

496 1761 795 1829 lignorum
841 1765 897 1816 et
940 1776 1226 1815 saxorum
1278 1760 1337 1814 in
1377 1759 1698 1815 aedificium
1724 1759 1966 1814 domus.
2003 1758 2152 1822 Quia

498 1850 615 1906 alia
635 1849 812 1905 debet
841 1865 968 1905 esse
1017 1848 1288 1904 doctrina
1316 1865 1440 1920 qua
1486 1849 1666 1904 rudes
1690 1847 2044 1902 imbuuntur
2073 1845 2153 1902 ad

496 1939 702 1998 iidem.
748 1944 807 1995 et
857 1938 973 1995 alia
1013 1954 1134 2011 qua
1181 1938 1310 2009 jam
1357 1937 1598 2010 perfecti
1649 1937 2027 1992 instruuntur
2073 1934 2152 1992 ad

497 2029 752 2084 scientia
804 2028 1257 2101 plenitudinem.
1292 2028 1446 2082 Bene
1492 2032 1690 2083 autem
1735 2041 1886 2082 vasa
1931 2026 2151 2082 domus

497 2117 732 2174 Domini
759 2117 875 2173 illic
904 2121 1157 2190 possunt
1180 2116 1446 2184 intelligi,
1477 2117 1581 2189 qui
1611 2117 1738 2188 jam
1768 2115 1889 2189 apti
1915 2119 2053 2172 sunt
2073 2115 2152 2171 ad

495 2207 790 2279 capienda
812 2223 1063 2262 munera
1094 2206 1318 2274 divina,
1347 2211 1403 2261 et
1430 2205 1662 2260 habiles
1689 2205 1839 2260 fiunt
1863 2204 1942 2260 ad
1984 2204 2153 2260 mini-

497 2297 746 2352 sterium
771 2297 892 2352 Dei.
928 2300 1077 2352 Nam
1103 2295 1333 2368 hydria
1365 2311 1467 2351 eos
1501 2295 1836 2364 significare
1873 2299 2150 2367 possunt,

494 2388 599 2458 qui
649 2403 874 2459 aquam
906 2387 1208 2459 sapientia
1257 2386 1472 2441 divina
1517 2385 1572 2440 in
1599 2401 1661 2441 se
1689 2385 2009 2441 continent.
2037 2384 2150 2438 Fu-

499 2475 744 2530 scinula
775 2492 1018 2547 quoque
1047 2476 1321 2531 doctores
1349 2474 1705 2547 splrituales,
1736 2490 1998 2546 quorum
2025 2472 2154 2528 ofﬂ-

497 2563 656 2618 cium
685 2569 774 2619 est
801 2581 1018 2636 corpus
1044 2569 1099 2618 et
1121 2565 1480 2632 sanguinem
1513 2563 1746 2619 Domini
1767 2562 2148 2618 credentibus

496 2649 871 2717 distribuere,
900 2651 1242 2706 intidelibus
1267 2652 1586 2726 abnegare,
1619 2667 1854 2706 necnon
1907 2658 1963 2706 et
1983 2651 2151 2724 spiri-

497 2739 720 2794 tualem
760 2739 1108 2796 alimoniam
1155 2739 1338 2809 verbi,
1385 2740 1601 2812 cuique
1649 2745 1827 2812 prout
1851 2740 2146 2803 convenit,

496 2828 812 2902 dispertiri.
847 2828 997 2895 Quia
1029 2830 1255 2884 suntin
1303 2829 1495 2885 verbis
1528 2830 1625 2884 Dei
1675 2829 1965 2885 nonnulla
2014 2846 2150 2901 qua

495 2923 711 2974 nostra
763 2918 1079 2974 humilitati
1125 2918 1407 2986 revelare,
1442 2918 1520 2974 ad
1563 2924 1782 2974 nostra
1827 2918 2036 2992 epulas
2066 2935 2152 2974 re-

496 3007 764 3064 fectionis
817 3007 1144 3063 concedere
1192 3008 1476 3078 dignatus
1509 3013 1617 3064 est.
1650 3010 1797 3065 Sunt
1849 3010 1989 3064 item
2033 3009 2150 3065 alia
2177 3036 2219 3090 ο

495 3099 674 3152 tanta
721 3097 1164 3168 profunditatis,
1209 3113 1345 3170 qua
1394 3096 1583 3153 sancti
1633 3097 1880 3170 Spiritus
1929 3097 2149 3153 solum-

495 3184 682 3240 modo
733 3186 990 3241 scientia
1033 3190 1296 3257 pateant,
1344 3191 1560 3241 nostra
1615 3202 1757 3243 vero
1804 3188 2150 3260 capacitatis

495 3289 602 3346 per
622 3273 827 3329 omnia
859 3290 1206 3330 mensuram
1233 3275 1681 3331 transcendant.
1705 3276 2028 3332 'I‘huribula
2051 3294 2152 3332 au-

495 3367 614 3419 tem
644 3363 776 3419 illos
804 3364 1058 3434 ﬁgurate
1087 3365 1527 3431 demonstrant,
1557 3367 1659 3438 qui
1695 3367 1986 3422 mundam
2017 3384 2149 3424 ora,

495 3452 719 3508 tionem
748 3470 820 3508 ex
850 3454 1211 3509 conscientia
1240 3471 1394 3526 pura
1445 3460 1501 3510 et
1529 3455 1646 3510 fide
1679 3471 1800 3511 non
1844 3458 1982 3512 ticta
2011 3457 2150 3512 olfe-

497 3547 634 3597 runt
664 3545 802 3612 Deo,
836 3547 892 3598 et
926 3559 1063 3598 cum
1089 3543 1383 3615 propheta
1413 3545 1607 3599 dicere
1639 3552 1888 3616 possunt
1915 3564 1926 3599 ε
1955 3569 1980 3594 α
2013 3547 2151 3601 Diri-

495 3637 669 3700 gatur
697 3632 884 3688 oratio
918 3648 1052 3686 mea
1085 3632 1236 3687 sicut
1263 3633 1574 3687 incensum
1602 3633 1660 3688 in
1693 3640 2018 3705 conspectu
2052 3640 2150 3690 tuo

496 3720 680 3790 (Psal.
714 3723 862 3792 ch).
899 3741 927 3769 »
959 3721 1142 3776 Tuba
1174 3725 1377 3776 autem
1426 3721 1573 3794 quid
1615 3722 1776 3778 aliud
1803 3727 1939 3778 sunt
1961 3739 2150 3795 quam

493 3810 915 3882 praedicatores
946 3811 1155 3878 sancti,
1179 3811 1280 3883 qui
1310 3811 1368 3866 iu
1408 3815 1531 3868 toto
1561 3811 1705 3867 orbe
1738 3816 2028 3868 terrarum
2049 3829 2150 3868 vo-

493 3916 623 3956 cem
655 3900 1020 3971 Evangelica
1052 3901 1490 3974 pradicationis
1537 3903 1860 3958 emittunt?
1888 3919 2148 3976 quorum

490 4005 764 4060 persona
789 4006 897 4062 per
939 3991 1298 4063 prophetam
1337 3991 1564 4047 dictum
1607 3996 1730 4048 est:
1757 4013 1784 4042 «
1820 3992 2040 4061 Clama,
2073 4010 2147 4049 ne

495 4092 709 4146 cesses,
727 4080 902 4149 quasi
922 4079 1067 4134 tuba
1097 4079 1293 4135 exalia
1317 4096 1524 4136 vocem
1556 4086 1744 4144 tuam,
1772 4086 1828 4136 et
1857 4083 2150 4140 annuntia

491 4164 718 4237 populo
737 4181 871 4220 meo
898 4166 1119 4223 scelera
1139 4183 1371 4236 eorum,
1394 4174 1450 4224 et
1472 4169 1680 4225 domui
1699 4169 1882 4224 Jacob
1903 4176 2149 4242 peccata

493 4269 703 4308 eorum
736 4255 874 4323 (Isa.
909 4258 1082 4325 Lvui).
1116 4277 1143 4306 »
1174 4258 1237 4311 Et
1257 4256 1572 4313 Psalmista
1607 4275 1618 4312 :
1655 4259 1719 4313 In
1758 4274 2000 4314 omnem
2030 4264 2144 4316 ter-

491 4357 624 4398 ram
669 4342 844 4397 exivit
887 4358 1071 4398 sonus
1118 4359 1369 4399 eorum:
1400 4350 1457 4401 et
1498 4345 1561 4400 in
1608 4346 1759 4402 ﬁnes
1789 4347 1949 4403 orbis
1980 4353 2144 4406 terrae

491 4431 679 4488 verba
698 4447 910 4487 eorum
940 4432 1128 4504 (Psal.
1161 4433 1260 4504 in).
1296 4455 1325 4483 »
1359 4433 1634 4506 Sequitur
1666 4454 1678 4490 :

564 4544 593 4571 ‹‹
635 4524 701 4578 Et
746 4537 871 4578 non
916 4521 1100 4579 ﬁebat
1127 4522 1276 4579 ratio
1320 4522 1411 4578 his
1468 4525 1838 4594 hominibus,
1865 4526 1969 4599 qui
1997 4527 2146 4582 acci-

493 4635 522 4665 «
562 4611 811 4685 piabant
857 4612 1197 4684 pecuniam,
1229 4616 1296 4669 ut
1335 4613 1756 4670 distribuerant
1801 4631 1935 4672 eam
1967 4616 2146 4672 artiﬁ-

492 4725 522 4752 «
563 4703 754 4775 cibus,
787 4702 892 4758 sed
920 4701 982 4758 in
1010 4702 1129 4758 ﬁde
1159 4701 1495 4760 tractabant
1523 4719 1680 4760 eam.
1705 4724 1734 4758 »
1758 4707 2145 4764 Devotionem

493 4793 752 4849 ostendit
779 4807 1012 4859 eorum,
1043 4793 1118 4848 de
1159 4793 1383 4865 quibus
1427 4810 1626 4850 sermo
1680 4800 1767 4852 est
1799 4813 1812 4851 :
1843 4797 1991 4863 Quia
2022 4802 2146 4854 tan-

493 4885 622 4936 tum
661 4881 844 4936 studii
865 4881 927 4936 in
952 4881 1236 4951 religione
1264 4882 1626 4952 habuerunt,
1651 4890 1716 4941 ut
1743 4886 1945 4942 nullus
1975 4886 2145 4943 dubi-

491 4969 706 5026 taverit
751 4969 899 5040 quin
944 4971 1265 5041 pecuniam
1315 4973 1569 5036 Domini,
1595 4975 1722 5031 sine
1767 4977 2019 5050 alicujus
2053 4995 2146 5034 su-

494 5057 758 5130 spicione
812 5057 1038 5114 fraudis
1093 5064 1432 5119 tractarent.
1485 5067 1552 5120 Et
1598 5065 1755 5121 hanc
1804 5068 1878 5122 de
1936 5067 2142 5122 arario

493 5145 815 5216 sublatam,
845 5146 1098 5204 ﬁdeliter
1126 5148 1470 5224 artiﬁcibus,
1499 5153 1577 5210 ad
1620 5155 2010 5210 muniendam
2040 5154 2144 5210 do-

493 5252 684 5308 mum,
715 5241 894 5310 prout
938 5237 1188 5309 singulis
1234 5256 1390 5314 opus
1439 5247 1612 5314 esset,
1639 5244 1934 5299 offerrent.
1978 5243 2143 5300 Unde

493 5340 735 5382 necesse
775 5331 882 5399 est,
927 5330 993 5383 ut
1043 5329 1424 5388 considerent
1474 5332 1555 5402 hi,
1613 5332 1718 5404 qui
1775 5331 2142 5402 spiritualem

492 5416 814 5488 pecuniam
855 5417 1021 5473 verbi
1069 5419 1169 5475 Dei
1213 5419 1291 5476 ad
1334 5419 1805 5492 dispensandum
1840 5422 2142 5478 conservis

493 5505 636 5573 suis,
677 5506 962 5578 operariis
1010 5508 1229 5564 scilicet
1275 5509 1490 5564 divinis
1544 5508 1862 5577 accipiunt,
1913 5516 2143 5584 quanta

493 5593 611 5650 ﬁde
657 5601 1006 5671 quantaque
1048 5597 1402 5654 discretione
1430 5595 1543 5652 illis
1599 5613 1752 5670 opus
1781 5605 1890 5670 est,
1920 5600 2142 5674 quibus

491 5685 643 5744 ratio
667 5685 742 5743 de
763 5685 977 5746 eadem
1005 5687 1263 5761 pecunia
1290 5684 1599 5746 reddenda
1622 5693 1741 5745 est:
1775 5693 1840 5748 ut
1860 5690 2141 5748 studeant

2262 1781 2289 1806 ‹‹
2333 1758 2474 1824 rael,
2509 1763 2565 1813 et
2592 1757 2774 1813 ﬂebat
2822 1774 3027 1813 coram
3060 1773 3151 1824 eo,
3189 1755 3582 1828 dicebatque:
3613 1759 3782 1812 Pater
3811 1757 3911 1823 mi,

2263 1870 2289 1897 «
2332 1850 2498 1903 Pater
2530 1847 2634 1916 mi,
2664 1863 2872 1902 currus
2928 1845 3104 1901 lsrael
3125 1851 3179 1900 et
3209 1845 3418 1914 auriga
3447 1845 3595 1916 ejus.
3632 1847 3698 1899 Et
3729 1845 3811 1900 ait
3836 1845 3914 1900 illi

2263 1960 2290 1987 ‹‹
2335 1937 2575 1992 Elisaus
2609 1953 2621 1991 ε
2652 1936 2808 1991 Affer
2847 1952 3054 1991 arcum
3081 1940 3138 1991 et
3172 1935 3433 2005 sagittas.
3468 1937 3738 2007 Cumque
3769 1939 3916 1990 attu-

2265 2049 2291 2074 ‹‹
2331 2026 2494 2081 lisset
2522 2024 2600 2080 ad
2626 2041 2766 2081 eum
2797 2040 3005 2080 arcum
3035 2029 3092 2079 et
3122 2023 3387 2094 sagittas,
3421 2023 3566 2079 dixit
3601 2023 3682 2079 ad
3712 2039 3914 2094 regem

2263 2137 2289 2163 ‹‹
2335 2114 2557 2171 lsrael:
2609 2118 2760 2170 Pone
2818 2131 3066 2170 manum
3122 2117 3287 2168 tuam
3338 2129 3518 2186 super
3569 2129 3801 2169 arcum.
3853 2116 3915 2168 Et

2263 2226 2289 2253 «
2333 2220 2469 2259 cum
2527 2204 2827 2276 posuisset
2867 2203 2961 2259 ille
3006 2218 3253 2257 manum
3306 2218 3499 2269 suam,
3535 2201 3916 2274 superposuit

2262 2315 2289 2341 «
2335 2293 2573 2348 Elisaus
2605 2309 2822 2348 manus
2849 2308 2991 2348 suas
3023 2291 3302 2347 manibus
3323 2291 3572 2362 regis,et
3598 2291 3710 2347 ait:
3735 2291 3912 2365 Aperi

2263 2405 2289 2432 ‹‹
2331 2383 2654 2438 fenestram
2686 2381 3055 2438 orientalem.
3082 2381 3352 2452 Cumque
3383 2380 3730 2454 aperuisset,
3764 2381 3910 2436 dixit

2263 2494 2288 2518 ‹‹
2335 2471 2574 2526 Elisaus
2601 2489 2611 2524 :
2641 2474 2775 2526 lace
2805 2471 3101 2540 sagittam.
3133 2469 3377 2539 Etjecit.
3414 2472 3480 2526 Et
3520 2469 3598 2526 ait
3625 2469 3861 2524 Elisaus
3889 2487 3900 2523 :

2262 2583 2289 2610 «
2335 2560 2558 2631 Sagitta
2589 2560 2796 2616 salutis
2826 2559 3060 2615 Domini
3089 2564 3145 2614 et
3193 2559 3408 2628 sagitta
3457 2559 3648 2614 salutis
3696 2562 3904 2613 contra

2263 2673 2291 2700 ‹‹
2335 2651 2588 2722 Syriam.
2639 2650 3051 2722 Percutiesque
3095 2649 3328 2721 Syriam
3376 2649 3439 2704 in
3471 2649 3688 2722 Aphec,
3715 2647 3910 2703 donec

2261 2764 2287 2789 ‹‹
2333 2756 2657 2796 consumas
2692 2756 2847 2808 eam,
2876 2761 2901 2788 ››
2925 2745 2981 2794 et
3008 2738 3255 2814 reliqua.
3291 2737 3444 2804 Quid
3469 2742 3562 2794 est
3589 2737 3753 2810 quod
3774 2753 3910 2810 pro-

2259 2832 2440 2904 pheta
2463 2829 2587 2900 regi
2629 2829 2807 2884 lsrael
2845 2829 3017 2900 jubet
3065 2845 3272 2884 arcum
3296 2833 3351 2884 et
3377 2828 3653 2898 sagittam
3682 2827 3906 2895 aﬂ‘erre,

2259 2921 2373 2976 nisi
2424 2920 2587 2993 quod
2633 2919 2995 2992 Redemptor
3023 2923 3223 2974 noster
3262 2917 3587 2974 rectoribus
3618 2917 3906 2985 Ecclesiae,

2261 3009 2441 3066 armis
2469 3007 2873 3082 spiritualibus
2901 3025 2962 3064 se
2990 3007 3182 3073 indui,
3213 3011 3270 3063 et
3311 3012 3517 3063 contra
3543 3007 3785 3064 hostem
3817 3022 3909 3062 an-

2261 3101 2493 3172 tiquum
2539 3099 2801 3172 praecipit
2838 3097 3133 3172 praliari?
3177 3102 3362 3154 Arcus
3414 3097 3574 3154 enim
3629 3113 3908 3154 nonnun-

2259 3205 2446 3262 quam
2468 3189 2527 3245 in
2563 3204 2734 3246 sacro
2757 3188 3015 3260 eloquio,
3044 3204 3154 3260 pro
3179 3187 3309 3260 ipso
3343 3203 3513 3243 sacro
3542 3186 3784 3260 eloquio
3815 3202 3912 3259 po-

2259 3279 2320 3334 ni
2363 3279 2528 3347 solet,
2576 3277 2743 3352 quod
2790 3294 2863 3332 ex
2920 3283 3171 3352 utroque
3227 3280 3600 3333 Testamento
3653 3277 3813 3333 velut
3841 3292 3910 3332 ex

2261 3386 2447 3425 cornu
2473 3373 2527 3424 et
2557 3368 2785 3424 chorda
2809 3374 3059 3424 constat.
3094 3371 3200 3422 Per
3230 3369 3402 3422 Vetus
3443 3366 3669 3439 quippe
3717 3370 3909 3422 Testa—

2262 3464 2530 3514 mentum
2556 3459 2844 3527 figuratur
2875 3473 3061 3512 cornu
3085 3461 3324 3532 propter
3355 3455 3652 3512 duritiam.
3675 3457 3786 3511 Per
3807 3459 3914 3512 No-

2260 3547 2617 3617 vum,quod
2670 3546 2978 3601 incarnato
3039 3546 3289 3601 Domino
3337 3543 3655 3613 ﬁguratum
3690 3549 3796 3610 est,
3841 3545 3913 3601 si-

2261 3642 2476 3706 gnatur
2534 3635 2781 3701 chorda,
2813 3641 2868 3689 et
2917 3636 3062 3690 dum
3122 3634 3349 3691 chorda
3395 3634 3650 3702 trahitur,
3710 3649 3903 3688 cornu

2259 3729 2559 3791 curvatur,
2587 3723 2731 3796 quia
2761 3739 2901 3778 cum
2931 3727 3162 3780 Novum
3202 3725 3635 3778 Testamentum
3663 3718 3910 3776 discuti-

2256 3818 2373 3885 tur,
2406 3829 2442 3869 a
2470 3812 2689 3868 duritia
2714 3812 2916 3868 litterae
2948 3815 3122 3868 Vetus
3171 3811 3509 3883 inclinatur,
3531 3815 3587 3866 et
3636 3809 3712 3865 ad
3743 3809 3914 3866 intel-

2254 3903 2474 3959 lectum
2503 3902 2869 3975 spiritualem
2902 3901 3173 3968 ﬂectitur,
3206 3901 3348 3975 quia
3395 3902 3588 3972 rigore
3631 3900 3762 3971 ejus
3805 3899 3913 3957 du-

2255 3993 2396 4049 ritiae
2418 4008 2540 4048 non
2568 3998 2814 4048 tenetur.
2846 3992 3079 4061 Sagittae
3104 3991 3266 4046 enim
3306 3997 3446 4046 sunt
3473 3991 3601 4047 hac
3622 3989 3754 4062 ipsa
3785 4006 3910 4046 ver-

2254 4083 2336 4140 ba
2366 4100 2499 4156 quae
2531 4083 2806 4138 doctores
2838 4082 3163 4155 proferunt.
3200 4080 3364 4137 Unde
3409 4080 3587 4136 etiam
3627 4079 3785 4136 bene
3839 4079 3909 4134 de

2256 4173 2475 4228 sanctis
2499 4172 2863 4234 doctoribus,
2891 4187 3000 4244 per
3026 4171 3382 4244 prophetam
3410 4169 3805 4240 gentilitatem
3830 4168 3913 4224 in-

2257 4259 2663 4332 gredientibus
2695 4260 2908 4315 dicitur
2932 4279 2945 4316 :
2972 4282 2998 4310 «
3035 4266 3180 4314 tium
3203 4259 3432 4329 sagittis
3464 4258 3652 4315 acutis
3684 4263 3739 4313 et
3770 4273 3915 4314 arcu

2256 4349 2663 4419 ingredientur
2686 4348 2824 4404 illuc
2857 4350 2992 4420 (Isa.
3020 4350 3141 4420 vn).
3175 4370 3202 4398 »
3233 4352 3348 4404 Nos
3391 4364 3534 4419 ergo
3565 4363 3707 4403 cum
3766 4347 3916 4403 Scri-

2257 4443 2443 4511 ptura
2475 4454 2655 4494 sacras
2680 4438 2840 4494 dicta
2868 4453 3218 4510 pensamus,
3251 4453 3459 4493 arcum
3488 4435 3866 4492 intendimus
3901 4454 3912 4490 :

2255 4543 2395 4583 cum
2446 4526 2631 4583 verba
2678 4526 2963 4584 doctrinae
3011 4527 3252 4599 damus,
3285 4526 3530 4596 sagittas
3559 4523 3912 4581 emittimus.

2255 4617 2546 4690 Ponitque
2577 4616 2821 4673 Elisaus
2852 4632 3069 4673 manus
3100 4633 3240 4672 suas
3270 4632 3450 4688 super
3477 4631 3699 4671 manus
3727 4615 3913 4685 regis,

2254 4723 2394 4763 cum
2446 4707 2735 4780 exemplis
2787 4707 2910 4763 suis
2965 4705 3249 4763 Dominus
3297 4706 3560 4762 actiones
3590 4705 3918 4760 doctorum

2253 4797 2452 4868 dirigit
2479 4801 2536 4854 et
2559 4797 2871 4854 confortat.
2919 4796 3275 4853 Orientatem
3306 4796 3628 4852 fenestram
3679 4794 3918 4866 aperire

2255 4887 2522 4956 mandat,
2553 4892 2610 4943 et
2649 4887 2847 4960 jacere
2879 4887 3179 4958 sagittam,
3211 4885 3355 4958 quia
3395 4885 3622 4941 lumine
3651 4883 3917 4941 scientias

2253 4982 2310 5034 et
2339 4994 2490 5033 verae
2519 4977 2820 5050 doctrinae,
2855 4994 2996 5033 suos
3021 4977 3292 5033 hortatur
3336 4976 3601 5050 primum
3653 4974 3920 5032 illustra-

2251 5067 2322 5137 ri,
2354 5071 2410 5122 et
2436 5067 2590 5122 sicut
2615 5067 2818 5138 jacula
2843 5065 3162 5123 verborum
3189 5065 3439 5122 mittere.

2324 5178 2352 5206 «
2395 5158 2460 5210 Et
2473 5155 2841 5212 aitElisaeus:
2869 5154 3091 5224 Sagitta
3113 5154 3319 5212 salutis
3341 5153 3595 5222 Domini,
3619 5158 3678 5209 et
3695 5155 3920 5226 sagitta

2253 5268 2281 5295 ‹‹
2324 5243 2533 5300 salutis
2568 5249 2778 5300 contra
2831 5244 3085 5317 Syriam,
3115 5246 3530 5318 percutiesquc
3576 5244 3827 5318 Syriam
3860 5245 3918 5300 in

2253 5357 2279 5386 «
2321 5335 2543 5408 Aphec,
2561 5333 2752 5390 donec
2774 5349 3097 5391 consumas
3118 5351 3273 5393 eam.
3296 5359 3323 5386 »
3341 5335 3564 5406 Sagitta
3585 5349 3732 5404 ergo
3761 5334 3922 5392 salu-

2253 5426 2323 5482 tis
2340 5425 2570 5481 Domini
2587 5427 2673 5480 est
2688 5423 3030 5496 praedicatio
3051 5431 3281 5491 sancta,
3295 5442 3433 5481 cum
3450 5424 3734 5480 decenter
3752 5423 3921 5479 exhi-

2251 5513 2444 5583 betur,
2478 5519 2533 5569 ct
2563 5512 2958 5586 spiritualium
2984 5515 3246 5570 hostium
3276 5515 3604 5570 certissima
3636 5513 3919 5569 interfec-

2251 5602 2352 5673 tio.
2368 5602 2418 5657 si
2441 5609 2886 5675 perseveranter
2904 5605 3119 5676 agitur.
3143 5607 3259 5660 Nec
3280 5604 3368 5661 fas
3385 5609 3472 5660 est
3500 5608 3560 5659 ut
3575 5602 3919 5676 aliquando

2252 5690 2630 5764 dispensator
2657 5693 2823 5750 verbi
2861 5693 2959 5750 Dei
2983 5693 3239 5764 segniter
3259 5695 3510 5765 torpeat,
3539 5691 3637 5749 cui
3660 5691 3918 5764 jussum
