4092 6178
185 189 281 242 lii?

1182 193 1431 248 ENARR.
1474 195 1542 249 lN
1583 193 1828 250 LIBROS
1865 195 2121 252 REGUM.
2154 228 2224 243 η-ι
2260 196 2329 254 ΙΝ
2372 198 2500 255 LIB.
2524 200 2617 256 ιν.

3511 208 3618 262 ΜΘ
3664 213 3665 216 “

181 311 288 372 est,
317 311 387 397 ut
417 309 613 378 gregis
665 311 953 367 Dominiei
997 328 1204 370 curam
1239 315 1484 385 habeat,
1512 317 1655 389 quia
1683 320 1841 372 mul-
1872 319 1923 372 Λ
1961 322 2018 374 et
2047 335 2215 392 spem
2243 336 2419 378 suam
2441 322 2728 380 veraciter
2754 323 2963 397 inipso
2985 323 3256 393 collocat,
3282 326 3408 384 sine
3429 327 3615 385 dubio

179 403 304 452 tum
335 395 512 452 obest
536 397 768 454 devotis
807 400 1206 465 auditoribus,
1239 403 1287 458 si
1312 404 1524 460 inertia
1564 405 1848 476 praevalet

179 484 556 542 doctoribus.
611 488 762 544 Dicit
811 489 970 544 enim
1026 491 1317 563 Propheta
1363 509 1374 547 :
1419 513 1450 546 α
1492 493 1720 561 Clama,
1771 510 1847 550 ne

179 589 375 630 cesses
419 576 563 646 (18a.
618 578 787 647 Lvm).
824 600 851 627 ››
880 581 945 633 Et
972 580 1295 652 Apostolus
1330 584 1409 638 ad
1433 582 1844 639 Timotheum:

177 687 204 714 α
237 665 550 721 Testiiicor
569 665 802 738 (inquit)
828 683 1032 724 coram
1063 672 1181 724 Deo
1215 675 1271 725 et
1305 671 1530 730 Christo
1561 673 1720 736 Jesu,
1742 671 1846 744 qui

175 753 558 824 judicaturus
587 759 679 810 est
707 756 876 812 vivos
903 762 959 812 et
982 763 1271 827 mortuos,
1297 764 1353 815 et
1380 775 1488 831 per
1517 760 1845 816 adventum

175 841 366 915 ipsius
389 846 446 897 et
474 857 733 913 regnum
763 845 913 915 ejus,
943 845 1203 917 praedico.
1247 847 1494 904 verbum
1532 848 1690 904 insta
1735 864 1844 920 op—

178 935 460 1002 portune,
500 931 842 1003 importune
876 950 889 988 :
927 949 1134 1002 argue.
1177 933 1450 1006 obsecra,
1495 936 1741 1008 increpa
1784 936 1846 991 in

175 1019 346 1074 omni
390 1019 680 1091 patientia
718 1023 775 1076 et
814 1019 1088 1080 doctrina
1135 1024 1228 1088 (II
1260 1024 1406 1079 Tim.
1457 1029 1554 1091 ιν).
1607 1047 1634 1073 ››
1681 1024 1845 1080 Unde

179 1124 306 1164 non
335 1107 516 1164 debet
536 1108 745 1165 doctor
766 1116 1012 1183 propter
1036 1112 1348 1169 avaritiam
1379 1113 1683 1184 negligere
1715 1113 1843 1169 ani-

179 1211 421 1252 marum
442 1212 674 1260 curam,
694 1197 801 1252 sed
821 1198 1015 1268 magis
1042 1214 1149 1271 per
1162 1200 1443 1272 pietatem
1467 1202 1539 1257 ad
1560 1206 1845 1260 aeternam

179 1285 534 1358 pertendere
564 1286 854 1358 requiem,
891 1288 1058 1360 quod
1088 1289 1388 1358 signiﬁcat
1415 1291 1638 1363 Aphec,
1666 1291 1845 1348 inter-

179 1378 448 1446 pretatur
495 1375 657 1431 enim
707 1378 1030 1433 continebit
1072 1377 1168 1433 vel
1207 1381 1634 1449 apprehendet.
1681 1381 1844 1437 Unde

179 1464 344 1520 idem
383 1464 727 1537 Apostolus,
772 1467 1134 1522 enumeratis
1175 1467 1328 1523 vitiis
1359 1485 1495 1540 quae
1530 1469 1843 1528 avaritiam

176 1554 566 1621 comitantur,
611 1553 686 1608 ad
730 1553 1083 1625 praedictum
1124 1555 1486 1628 discipulum
1526 1557 1722 1613 intulit
1760 1558 1844 1613 di-

171 1657 318 1698 cens
345 1659 358 1696 :
394 1662 426 1695 ‹
453 1645 537 1696 Tu
565 1645 764 1698 autem
784 1643 966 1698 homo
999 1643 1098 1699 Dei
1122 1644 1250 1700 haec
1271 1645 1429 1713 fuge,
1455 1651 1677 1702 sectare
1700 1663 1842 1702 vero

175 1730 494 1801 justitiam,
527 1731 1040 1803 pietatem,tidem,
1070 1733 1438 1800 charitatem,
1467 1735 1838 1806 patientiam,

175 1819 730 1882 mansuetudinem,
757 1826 1059 1878 certamen
1081 1821 1332 1890 bonum,
1357 1827 1658 1882 certamen
1679 1823 1840 1892 ﬁdei,

174 1909 568 1982 apprehende
617 1909 797 1966 vitam
850 1913 1137 1967 aeternam
1189 1910 1248 1966 in
1301 1927 1424 1984 qua
1475 1918 1726 1970 vocatus
1777 1929 1841 1968 es

181 1999 250 2070 (1
281 2001 430 2056 Tim.
463 1999 568 2070 ιη).
600 2020 631 2050 ι.

257 2130 284 2155 ‹‹
331 2109 400 2162 Et
429 2107 510 2163 ait
555 2107 800 2162 Eliszeus
831 2107 909 2164 ad
935 2123 1182 2179 regem:
1213 2107 1371 2164 Tolle
1416 2110 1678 2180 sagittas.
1732 2112 1843 2176 Qui

180 2220 207 2247 ‹‹
255 2212 400 2252 cum
447 2195 692 2264 tulisset,
741 2212 981 2252 rursum
1032 2197 1180 2252 dixit
1224 2197 1275 2252 ei
1308 2214 1320 2252 :
1353 2201 1594 2254 Percute
1639 2199 1842 2269 jaculo

177 2307 208 2332 ιι
253 2290 496 2340 terram.
535 2287 601 2340 Et
643 2301 782 2340 cum
823 2285 1216 2357 percussisset
1263 2285 1451 2342 tribus
1494 2285 1740 2350 vicibus,
1787 2292 1845 2343 et

180 2397 212 2421 ‹‹
260 2373 527 2441 stetisset,
556 2375 742 2430 iratus
782 2378 868 2430 est
906 2375 992 2429 vir
1025 2375 1122 2430 Dei
1162 2381 1368 2431 contra
1408 2391 1568 2444 eum,
1613 2380 1669 2431 et
1712 2376 1794 2432 ait
1827 2395 1838 2432 :

175 2487 202 2512 (ι
252 2463 312 2518 Si
333 2463 727 2535 percussisses
749 2463 1090 2536 quinquies,
1105 2469 1208 2520 aut
1228 2466 1438 2535 sexies,
1460 2466 1580 2520 sive
1603 2465 1841 2537 septies,

173 2576 198 2600 ι(
249 2552 652 2624 percussisses
679 2553 911 2624 Syriam
929 2569 1119 2625 usque
1139 2554 1213 2609 ad
1233 2555 1837 2610 consummationem.

175 2665 200 2690 α
245 2646 418 2698 Nunc
442 2647 643 2698 autem
667 2642 855 2698 tribus
879 2642 1110 2698 vicibus
1141 2644 1434 2716 percuties
1461 2661 1615 2701 eam.
1645 2667 1672 2694 ››
1696 2647 1842 2701 Ecce

174 2732 477 2804 propheta
504 2732 754 2787 mandat
788 2732 910 2802 regi
937 2733 1138 2804 jaculo
1163 2737 1470 2804 percutere
1514 2739 1756 2804 terram,
1786 2738 1843 2790 et

177 2839 318 2878 cum
339 2822 597 2895 percutit
625 2823 813 2878 tribus
841 2823 1070 2879 vicibus
1097 2828 1154 2878 et
1184 2827 1318 2892 stat,
1341 2823 1612 2881 irascitur
1634 2829 1844 2882 contra

178 2928 319 2966 eum
352 2912 522 2983 quod
560 2928 683 2967 non
729 2912 948 2984 saepius
1001 2917 1221 2968 terram
1267 2918 1618 2985 percuteret.
1667 2919 1750 2970 lta
1790 2918 1846 2968 et

178 3000 527 3056 doctoribus
544 3001 905 3074 praecipitur,
924 3001 1365 3074 praedicationis
1377 3003 1582 3074 jaculo
1601 3009 1840 3072 terram,
1871 3029 1913 3082 ο

181 3091 293 3145 hoc
339 3095 447 3157 est,
501 3089 772 3145 carnales
825 3096 1148 3162 percutere.
1194 3091 1309 3146 Sed
1343 3093 1447 3164 qui
1485 3093 1599 3148 hoc
1641 3093 1842 3148 minus

185 3178 447 3235 studiose
503 3184 711 3249 agunt,
762 3180 971 3235 merito
1027 3180 1434 3250 increpatione
1489 3181 1693 3237 divina
1750 3197 1843 3237 ar-

186 3273 468 3338 guuntur.
515 3268 671 3334 Quid
702 3273 788 3324 est
817 3269 975 3324 enim
1014 3269 1201 3326 tribus
1238 3270 1469 3325 vicibus
1501 3275 1717 3326 terram
1759 3271 1847 3342 ja-

185 3358 316 3414 culo
365 3363 702 3430 percutere,
755 3358 873 3413 nisi
925 3359 1217 3414 Trinitatis
1275 3361 1458 3414 iidcm
1503 3359 1846 3415 carnalibus

182 3463 285 3518 per
315 3447 657 3505 doctrinam
687 3446 989 3503 insinuare
1015 3449 1043 3502 ‘?
1090 3447 1193 3502 scd
1225 3464 1364 3503 cum
1397 3451 1521 3519 agit
1560 3449 1673 3504 hoc
1706 3449 1846 3504 satis

182 3534 413 3603 doctor,
439 3535 837 3607 hominesque
861 3536 939 3591 ad
964 3535 1147 3591 ﬁdem
1175 3537 1463 3609 perducit,
1493 3553 1733 3593 necesse
1761 3541 1849 3593 est

187 3629 250 3678 ut
277 3624 473 3679 adhuc
507 3625 679 3679 instet
707 3624 910 3692 verbo,
944 3625 1136 3680 donec
1169 3625 1299 3681 illos
1330 3626 1543 3682 doceat
1576 3627 1843 3704 quinque

185 3711 467 3766 sensibus
525 3713 788 3786 corporis
841 3713 1161 3785 imperare,
1215 3714 1512 3787 bonisque
1564 3716 1847 3788 operibus

193 3800 364 3871 (quae
401 3815 507 3870 per
547 3802 842 3858 senarium
882 3819 1204 3859 numerum
1251 3804 1686 3876 exprimuntur)
1724 3809 1846 3861 stu-

190 3886 367 3942 dium
395 3887 754 3962 impendere,
785 3907 1022 3948 necnon
1055 3896 1110 3949 et
1141 3893 1449 3949 scientiam
1477 3893 1846 3965 spiritualem

180 3977 478 4034 instanter
548 3980 844 4048 meditari,
920 3998 1106 4053 quam
1173 3981 1532 4054 septiformis
1599 3983 1848 4055 Spiritus

183 4067 373 4137 gratia
397 4067 460 4122 in
495 4069 813 4142 Scripturis
840 4071 1022 4127 sacris
1048 4072 1354 4128 constituit
1374 4076 1553 4143 atque
1574 4071 1653 4127 ad
1686 4072 1846 4128 salu-

181 4164 299 4212 tem
345 4158 608 4214 humani
657 4160 891 4230 generis
938 4161 1178 4231 gemino
1221 4165 1596 4218 Testamento
1643 4161 1844 4218 edidit.

179 4247 286 4310 Qui
324 4253 533 4303 autem
579 4248 772 4304 solam
814 4249 1000 4306 ﬁdem
1046 4252 1174 4306 sine
1222 4250 1505 4323 operibus
1551 4251 1730 4307 bonis
1793 4256 1850 4308 et

179 4337 573 4394 meditatione
605 4338 754 4409 legis
788 4341 887 4396 Dei
917 4341 1032 4397 sibi
1070 4340 1342 4398 suﬂicere
1368 4341 1620 4398 credunt
1646 4342 1724 4398 ad
1756 4358 1850 4398 sa-

177 4424 380 4495 lutem,
407 4431 573 4484 recte
597 4444 632 4484 a
654 4430 949 4502 propheta
971 4435 1323 4502 arguuntur,
1341 4429 1484 4503 quia
1513 4430 1849 4487 secundum

173 4516 382 4573 Jacobi
427 4517 696 4590 apostoli
743 4520 1119 4592 sententiam,
1165 4542 1192 4569 ‹‹
1245 4519 1405 4575 Sicu’t
1446 4535 1667 4593 corpus
1720 4520 1850 4576 sine

175 4606 390 4678 spiritu
436 4611 751 4664 mortuum
801 4613 906 4677 est,
957 4609 1041 4666 ita
1085 4613 1142 4666 et
1184 4608 1336 4666 fides
1387 4609 1511 4666 sine
1568 4611 1850 4682 operibus

170 4700 418 4752 mortua
447 4699 539 4751 est
565 4698 716 4768 (Jac.
748 4698 831 4770 11).
867 4719 894 4746 »
926 4701 993 4754 Et
1014 4697 1156 4754 alibi
1187 4698 1475 4771 scriptum
1510 4702 1598 4756 est
1629 4716 1641 4754 :
1679 4721 1706 4749 ‹‹
1738 4699 1850 4764 Qui

80 4845 84 4848 _
167 4783 424 4856 ignorat
448 4786 825 4857 ignorabitur
860 4789 918 4855 (Ι
937 4788 1073 4844 Cor.
1106 4789 1247 4861 xxv).
1285 4809 1312 4838 ››

248 4897 278 4922 ι(
325 4876 586 4932 Mortuus
617 4882 706 4933 est
743 4893 884 4950 ergo
927 4879 1170 4934 Elisaeus
1200 4882 1257 4934 et
1287 4878 1645 4952 sepelierunt
1685 4894 1844 4934 eum.

166 4986 194 5012 ‹‹
243 4966 595 5022 Latrunculi
634 4983 878 5040 quoque
902 4967 978 5022 de
1011 4968 1180 5025 Moab
1207 4973 1501 5025 venerunt
1531 4969 1593 5024 in
1628 4974 1848 5024 terram

169 5076 195 5101 α
237 5055 433 5111 Israel
459 5055 526 5111 in
565 5056 702 5129 ipso
734 5073 915 5113 anno.
952 5057 1208 5122 Quidam
1251 5063 1452 5115 autem
1501 5058 1850 5134 sepelientes

170 5164 200 5190 κ
237 5144 588 5216 hominem,
620 5145 887 5203 videntes
915 5146 1312 5218 latrunculos,
1345 5149 1727 5221 projecerunt
1754 5163 1849 5205 ca-

167 5254 195 5280 ‹‹
239 5235 439 5290 daver
466 5234 532 5291 in
559 5235 905 5310 sepulcrum
944 5236 1154 5293 Elisaai.
1205 5237 1378 5303 Quod
1407 5254 1550 5294 mox
1574 5242 1637 5295 ut
1663 5237 1850 5310 tetigit

161 5344 192 5370 ‹‹
238 5337 394 5379 ossa
443 5322 660 5396 Elisaei,
695 5324 902 5383 revixit
940 5325 1127 5384 homo
1175 5331 1232 5383 et
1271 5327 1426 5384 stetit
1457 5343 1636 5401 super
1663 5327 1849 5399 pedes

160 5427 335 5469 suos.
367 5437 399 5463 υ
433 5414 591 5480 Quid
621 5414 926 5486 signiﬁcat
966 5417 1095 5472 haec
1130 5417 1505 5474 resuscitatio
1537 5415 1847 5472 cadaveris

156 5505 400 5559 mortui
429 5521 537 5576 per
566 5508 913 5562 contactum
963 5505 1193 5562 ossium
1242 5506 1457 5575 Elisaai,
1508 5505 1622 5560 nisi
1663 5504 1849 5561 vitam

157 5590 473 5664 ﬁdelium,
504 5610 643 5668 quae
674 5594 737 5651 in
770 5598 961 5651 morte
1003 5595 1217 5654 Christi
1246 5596 1534 5654 veraciter
1562 5593 1848 5650 constat?

153 5681 557 5757 Quicumque
589 5699 734 5756 ergo
761 5684 940 5742 ﬁrma
968 5684 1088 5741 iide
1117 5685 1310 5757 tangit
1327 5687 1584 5743 mortem
1613 5682 1847 5754 Christi,

1958 408 2254 481 particeps
2294 410 2402 466 erit
2439 412 2888 468 resurrectionis
2921 414 3073 485 ejus.
3109 414 3256 471 Dicit
3283 417 3444 472 enim
3483 418 3616 490 ipsa

1958 497 2178 557 Veritas
2209 515 2220 553 :
2257 523 2284 549 ι(
2322 503 2444 570 Ego
2475 518 2610 556 sum
2639 502 2989 558 resurrectio
3021 507 3078 559 et
3103 504 3225 559 vita
3258 521 3271 560 :
3301 506 3404 577 qui
3432 506 3617 564 credit

1955 586 2015 642 in
2046 605 2161 655 me,
2197 589 2406 646 etiansi
2447 595 2722 647 mortuus
2753 592 2945 664 fuerit,
2969 593 3156 670 Ivivet.
3189 597 3255 651 Et
3283 597 3479 652 omnis
3510 598 3616 670 qui

1954 675 2100 733 vivit
2141 682 2198 736 et
2239 679 2422 734 credit
2460 680 2520 735 in
2561 697 2679 750 me,
2723 697 2848 736 non
2895 682 3181 738 morietur
3222 685 3281 739 in
3325 690 3613 742 aeternum

1955 767 2153 834 (Joan.
2188 771 2284 834 x1).
2321 791 2348 817 »
2380 771 2442 823 Et
2464 768 2605 825 alibi
2638 787 2652 824 :
2683 793 2708 818 ‹‹
2743 771 2902 827 Sicut
2931 774 3180 843 Moyses,
3213 773 3426 846 inquit,
3460 776 3616 832 exel-

1952 856 2098 911 tavit
2147 861 2483 928 serpentem
2531 858 2592 912 in
2643 859 2897 927 deserto,
2943 861 3025 916 ita
3078 861 3321 918 exaltari
3381 869 3615 936 oportet

1954 942 2164 1000 Filium
2187 945 2481 1014 hominis;
2524 952 2587 1002 ut
2614 949 2811 1003 omnis
2839 949 2940 1021 qui
2973 949 3157 1006 credit
3178 950 3238 1005 in
3270 951 3466 1023 ipsum
3489 969 3612 1009 non

1953 1039 2176 1104 pereat,
2227 1035 2332 1090 sed
2373 1036 2596 1092 habeat
2653 1037 2836 1093 vitam
2885 1040 3172 1095 aeternam
3225 1041 3426 1106 (Num.
3483 1059 3608 1110 ηις

1951 1121 2127 1178 Joan.
2161 1125 2263 1194 ιιι).
2300 1146 2326 1171 ››

2599 1232 2826 1288 CAPUT
2864 1234 2992 1288 XIV.

2026 1375 2052 1404 ‹‹
2097 1354 2269 1422 Quod
2298 1355 2511 1414 dicitur
2543 1355 2615 1411 de
2643 1357 2882 1416 Amasia
2923 1373 3061 1429 rege
3090 1361 3114 1416 J
3125 1359 3242 1418 uda
3275 1376 3287 1416 :
3317 1362 3446 1434 ipse
3476 1377 3609 1434 per—

1952 1463 1980 1492 «
2022 1443 2209 1502 Cussit
2239 1444 2425 1503 Edom
2455 1444 2517 1500 in
2548 1445 2701 1502 valle
2734 1446 3072 1508 Salinarum
3103 1448 3312 1510 decem
3332 1450 3538 1518 millia.
3558 1457 3615 1512 et

1953 1554 1980 1582 «
2021 1532 2417 1606 apprehendit
2433 1539 2663 1605 petram
2688 1535 2748 1590 in
2769 1535 2998 1610 praelio,
3015 1537 3370 1611 vocavitque
3392 1555 3614 1602 nomen

1954 1643 1981 1669 ‹‹
2024 1621 2153 1693 ejus
2183 1622 2400 1683 Jecthe]
2434 1639 2627 1696 usque
2659 1623 2718 1682 in
2749 1629 3107 1697 praesentem
3139 1625 3320 1686 diem.
3361 1649 3386 1676 »
3430 1627 3613 1689 Vallis

1954 1709 2289 1770 Salinarum
2311 1717 2454 1780 erat,
2479 1712 2581 1773 ubi
2606 1711 2693 1772 sal
2717 1712 3037 1782 faciebant,
3062 1715 3155 1774 vel
3178 1714 3315 1776 feno
3341 1715 3614 1777 videlicet

1953 1798 2294 1869 salsuginis,
2329 1805 2392 1857 ut
2428 1800 2631 1861 multis
2664 1802 2723 1858 in
2764 1801 2909 1864 locis
2953 1802 3173 1874 deciso,
3217 1804 3515 1866 exsiccato
3558 1809 3616 1864 et

1949 1886 2218 1955 incenso,
2261 1888 2356 1945 vel
2393 1889 2566 1963 aquis
2597 1894 2917 1962 puteorum
2957 1890 3132 1952 salsis
3177 1892 3530 1966 fervefactis,
3558 1899 3614 1954 et

1953 1992 2142 2050 usque
2166 1977 2242 2033 ad
2271 1977 2410 2036 salis
2442 1978 2783 2038 ﬁrmitatem
2831 1980 3148 2052 coquendo
3169 1981 3490 2054 perductis,
3519 1982 3612 2044 vel

1951 2064 2068 2124 alio
2098 2065 2362 2142 quolibet
2391 2066 2620 2128 ordine,
2643 2083 2766 2138 quo
2793 2067 2882 2128 sal
2902 2067 3028 2124 ﬁeri
3049 2069 3378 2128 consuevit.
3403 2071 3464 2125 In
3484 2085 3609 2140 quo

1951 2153 2130 2213 etiam
2160 2153 2311 2222 loco,
2342 2159 2398 2212 et
2424 2154 2571 2210 Joab
2599 2153 2917 2215 duodecim
2948 2156 3350 2216 Idumzeorum
3372 2172 3610 2229 percus-

1951 2241 2099 2302 sisse
2119 2241 2352 2311 legitur.
2376 2246 2489 2299 Nec
2511 2243 2994 2316 praatereundum
3015 2243 3180 2318 quod
3198 2260 3306 2318 pro
3326 2245 3479 2304 valle
3503 2248 3607 2304 Sa-

1948 2330 2208 2390 linarum
2231 2336 2398 2390 vetus
2432 2331 2608 2392 editio
2635 2332 2808 2405 quasi
2837 2349 3059 2393 nomen
3089 2333 3348 2404 regionis
3369 2335 3609 2398 (Semela

1949 2420 2168 2492 posuit.
2201 2423 2369 2478 Petra
2399 2425 2601 2476 autem
2632 2421 2841 2478 civitas
2881 2427 2970 2480 est
2998 2422 3230 2483 Arabiae
3276 2423 3496 2484 nobilis
3546 2424 3607 2482 in

1951 2510 2165 2568 eadem
2225 2514 2377 2569 terra
2431 2510 2642 2576 Edom,
2695 2527 2832 2583 quae
2890 2509 2950 2568 in
3005 2511 3156 2568 libro
3213 2515 3608 2572 Numerorum

1951 2599 2155 2665 (Num.
2186 2599 2366 2670 xxxr).
2398 2601 2611 2656 Hecem
2641 2599 2874 2666 dicitur,
2906 2603 2960 2658 et
2997 2616 3033 2658 a
3074 2599 3235 2671 Syris
3266 2600 3444 2658 hodie
3472 2617 3610 2673 quas

1952 2687 2034 2743 sic
2063 2687 2415 2762 appellatur.
2446 2687 2668 2748 Jecthel
2698 2704 2836 2744 vero
2859 2688 3026 2761 quod
3053 2689 3331 2748 Amasias
3352 2690 3541 2752 victor
3559 2688 3613 2744 ei

1950 2793 2172 2836 nomen
2202 2777 2509 2850 imposuit,
2544 2777 2964 2850 interpretatur
2987 2786 3169 2838 caelus
3190 2781 3297 2838 Dei
3319 2779 3415 2840 vel
3441 2780 3614 2840 auxi-

1954 2869 2100 2924 lium
2130 2868 2257 2936 Dei,
2287 2883 2322 2923 a
2353 2871 2526 2938 gente
2557 2883 2627 2924 eo
2657 2867 2927 2933 ﬁdeliter,
2949 2872 3013 2928 ut
3033 2869 3281 2941 perenni
3311 2868 3613 2930 inderetur

1951 2955 2256 3016 memoriae
2277 2956 2442 3029 quod
2472 2955 2629 3014 hanc
2649 2956 2745 3012 vel
2775 2961 2962 3014 coetus
2984 2958 3194 3030 populi
3219 2957 3342 3030 Dei,
3373 2957 3469 3018 vel
3493 2961 3613 3019 D60

1954 3045 2277 3116 adjuvante
2317 3045 2558 3117 ceperit.

2587 3167 2823 3222 CAPUT
2864 3166 2979 3223 XV.

2027 3296 2054 3321 ‹‹
2095 3277 2266 3328 Anno
2291 3271 2570 3328 vicesimo
2602 3273 3186 3350 septimoleroboam
3211 3270 3367 3341 regis
3402 3271 3611 3342 Israel,

1956 3385 1982 3410 «
2023 3362 2291 3433 regnavit
2314 3360 2552 3418 Azarias
2570 3360 2725 3416 filius
2748 3360 3002 3416 Amasiee
3025 3360 3181 3430 regis
3201 3362 3230 3414 J
3239 3361 3380 3416 uda.
3403 3359 3614 3416 Sexde-

1956 3473 1982 3500 ‹‹
2033 3451 2150 3507 cim
2190 3467 2492 3507 annorum
2547 3455 2671 3506 erat
2729 3467 2867 3505 cum
2919 3465 3170 3520 regnare
3222 3449 3516 3522 coepisset,
3561 3453 3618 3506 et

1957 3563 1983 3589 ‹‹
2024 3539 2464 3613 quinquaginta
2504 3539 2745 3595 duobus
2777 3538 2950 3594 annis
2988 3539 3261 3608 regnavit
3311 3539 3372 3593 in
3420 3538 3619 3594 Hieru-

1957 3654 1983 3682 «
2028 3631 2239 3699 salem,
2273 3652 2300 3679 »
2340 3636 2392 3685 et
2421 3629 2672 3704 reliqua.
2718 3628 2952 3684 Azarias
2990 3628 3119 3702 ipse
3156 3634 3243 3683 est
3290 3628 3479 3694 Osias,
3511 3627 3617 3699 qui

1954 3725 2198 3793 propter
2236 3724 2648 3791 contemptum
2695 3717 2949 3780 Domini,
2999 3717 3144 3771 dum
3183 3716 3519 3772 sacriﬁcare
3556 3717 3617 3772 in

1954 3809 2180 3882 templo
2231 3807 2402 3864 vellet
2447 3811 2656 3863 contra
2711 3805 2906 3876 legem
2947 3805 3148 3878 Moysi,
3181 3821 3506 3878 percussus
3533 3809 3620 3860 est

1955 3899 2122 3975 lepra
2155 3914 2188 3952 a
2215 3897 2468 3952 Domino
2489 3896 2662 3966 juxta
2693 3894 2876 3950 altare
2909 3899 3133 3966 astans,
3166 3899 3221 3950 et
3262 3893 3620 3949 holocausta

1955 3987 2150 4042 nitens
2181 3986 2391 4041 oii'erre
2425 4002 2437 4039 :
2472 3988 2666 4057 potest
2709 3982 2934 4055 quippe
2986 3983 3153 4039 Ozias
3201 3999 3304 4038 rex
3346 3982 3618 4056 leprosus

1958 4075 2289 4146 signiﬁcare
2319 4073 2651 4141 diabolum,
2700 4073 2794 4128 cui
2821 4071 2990 4144 lepra
3019 4071 3344 4144 iniquitatis
3379 4073 3618 4128 insana-

1955 4164 2090 4220 bilis
2135 4168 2242 4221 est.
2297 4162 2406 4230 Qui
2463 4179 2601 4218 cum
2656 4177 2827 4217 suam
2880 4177 3234 4218 mensuram
3285 4177 3408 4217 non
3447 4161 3620 4218 vellet

1959 4269 2340 4325 cognoscere,
2361 4259 2416 4308 et
2445 4252 2680 4324 majora
2706 4255 3008 4323 tentasset,
3029 4255 3329 4331 appetere,
3358 4251 3619 4307 foeditate

1958 4343 2234 4416 pessima:
2263 4343 2442 4416 lepraa
2473 4340 2756 4398 notabilis
2786 4341 3049 4410 eﬁ'ectus,
3083 4340 3158 4396 de
3185 4342 3368 4398 domo
3399 4341 3620 4412 ejectus

1960 4437 2064 4500 est,
2099 4437 2156 4489 et
2179 4430 2578 4504 perseveravit
2607 4446 2802 4504 usque
2831 4430 2894 4486 in
2915 4431 3100 4486 ﬁnem
3128 4429 3422 4504 leprosus,
3453 4444 3621 4502 sepa-

1957 4527 2122 4578 ratus
2140 4538 2176 4579 a
2191 4521 2417 4594 populo
2434 4520 2555 4578 Dei.
2574 4519 2694 4576 Sub
2723 4520 2838 4576 hoc
2863 4519 3131 4576 videlicet
3151 4535 3289 4590 rege
3310 4521 3616 4586 regnante,

1959 4615 2015 4668 et
2039 4615 2334 4684 quantum
2357 4611 2418 4668 in
2448 4626 2509 4666 se
2531 4613 2618 4666 est
2641 4608 3043 4665 sacerdotium
3074 4606 3401 4682 dissipante
3433 4604 3618 4659 lsaias

1957 4699 2252 4773 propheta
2275 4699 2567 4756 visionem
2600 4698 2765 4754 illam
2790 4695 3201 4768 magniﬁcam,
3230 4709 3354 4770 qua
3388 4691 3620 4748 viderat

1958 4789 2280 4844 Dominum
2305 4787 2609 4844 sedentem
2633 4802 2812 4860 super
2837 4785 3053 4840 solium
3070 4783 3393 4851 excelsum,
3415 4782 3618 4838 videre

1956 4893 2079 4934 non
2107 4877 2315 4948 potuit.
2352 4877 2632 4942 Quandiu
2662 4875 2756 4932 ille
2785 4889 3041 4946 regnum
3078 4873 3264 4929 tenuit
3299 4873 3360 4928 in
3388 4871 3618 4942 Judaea,

1957 4966 2252 5040 propheta
2280 4965 2486 5021 oculos
2512 4981 2635 5021 non
2665 4963 2879 5021 levavit
2909 4963 2988 5019 ad
3023 4962 3268 5029 coelum,
3308 4978 3433 5019 non
3479 4965 3620 5019 sunt

1958 5056 2010 5112 ei
2025 5059 2289 5112 reserata
2304 5054 2583 5126 coelestia,
2598 5070 2720 5111 non
2737 5051 3016 5126 apparuit
3031 5052 3319 5108 Dominus
3337 5052 3614 5121 sabaoth,

1956 5161 2067 5203 nec
2111 5145 2171 5202 in
2213 5144 2498 5224 mysterio
2541 5143 2791 5200 ﬁdeliter
2842 5143 3030 5200 sancti
3078 5157 3303 5198 nomen
3343 5143 3618 5199 auditum

1958 5239 2062 5292 est.
2098 5234 2349 5300 Quando
2375 5233 2469 5290 ille
2496 5236 2770 5290 mortuus
2801 5235 2907 5295 est,
2941 5230 3222 5287 universa
3247 5245 3382 5306 qum
3413 5227 3622 5284 subse-

1957 5341 2151 5400 quens
2177 5339 2374 5381 sermo
2399 5322 2766 5389 monstravit,
2781 5325 2988 5398 aperto
3010 5337 3140 5378 sese
3161 5321 3222 5376 in
3241 5319 3467 5378 lumine
3483 5333 3620 5392 pro-

1957 5414 2249 5471 diderant.
2267 5414 2401 5471 Tale
2418 5411 2583 5488 quod
2606 5413 2741 5470 etin
2764 5411 2968 5468 Exodo
2990 5410 3278 5486 scriptum
3309 5415 3397 5466 est
3421 5428 3433 5466 :
3461 5411 3614 5465 Dum

1959 5505 2188 5561 Pharao
2215 5503 2382 5570 vixit,
2403 5502 2665 5578 populus
2695 5501 2875 5559 lsrael
2895 5517 2970 5557 ex
2997 5501 3104 5557 luti
3132 5505 3188 5558 et
3207 5500 3406 5558 lateris
3436 5501 3491 5554 et
3513 5513 3620 5570 pa-

1957 5593 2189 5650 learum
2219 5608 2397 5664 opere
2427 5609 2551 5648 non
2591 5592 2914 5665 suspiravit
2949 5590 3029 5648 ad
3069 5590 3414 5646 Dominum.
3464 5587 3617 5639 Dum

1958 5681 2053 5738 ille
2065 5681 2542 5751 regnavit,nemo
2552 5680 2831 5753 quasivit
2843 5683 3028 5737 Deum
3041 5682 3276 5735 Patrem
3287 5673 3586 5732 Abraham
3598 5711 3613 5738 ,
