4102 6184
487 183 592 236 519

1601 175 1957 231 ANGELOMI
1994 167 2454 228 LUXOVIENSIS
2491 170 2811 227 MONACHI

3808 179 3921 231 520

488 306 657 359 Isaac
700 306 758 358 et
822 299 1030 356 Jacob.
1075 297 1328 364 Quando
1374 313 1516 353 vero
1566 297 1661 353 ille
1709 301 1983 354 mortuus
2032 298 2138 361 est,
2170 295 2217 348 A
2255 291 2676 350 holocaustum
2701 293 2915 351 obtulit
2932 294 3124 350 ﬁlium
3144 309 3310 350 more
3332 293 3836 364 Chananaeorum,
3862 305 3920 355 et

489 391 938 463 suspiraverunt
993 386 1097 441 ﬁlii
1152 386 1354 453 Israel,
1403 391 1469 442 ut
1516 386 1818 458 Scriptura
1871 385 2029 451 dicit,
2088 388 2146 438 et

487 477 757 534 ascendit
781 476 1009 532 clamor
1038 491 1250 530 eorum
1280 474 1359 529 ad
1386 474 1738 543 Dominum;
1772 491 1910 529 cum
1940 472 2144 544 utique

478 565 656 636 juxta
683 564 992 620 historiam
1022 567 1164 619 tunc
1196 563 1390 632 magis
1430 561 1692 633 gaudere
1722 561 2056 628 debuerint,
2088 565 2145 616 et

487 659 625 711 ante
653 653 973 726 suspirare,
993 668 1133 708 cum
1160 652 1399 708 viveret.
1430 651 1726 707 Ezechiele
1747 667 1990 725 quoque
2009 665 2145 722 pro-

485 745 787 817 phetante,
836 739 1092 796 Phaltias
1135 739 1293 795 ﬁlius
1345 739 1582 796 Banaiaa
1626 739 1894 807 ocubuit,
1925 743 1982 795 et
2010 742 2147 810 post

486 829 734 905 pessimi
780 829 950 885 ducis
997 829 1343 885 interitum:
1389 851 1415 879 ‹‹
1449 829 1664 896 Cecidi,
1709 829 1920 902 inquit,
1967 843 2148 899 super

486 920 702 977 faciem
724 935 923 976 meam
949 927 1006 975 et
1026 919 1282 974 clamavi
1307 934 1451 974 voce
1472 933 1716 989 magna,
1739 923 1797 974 et
1813 917 1938 974 dixi
1969 934 1981 973 :
2018 917 2148 972 Heu

487 1010 592 1080 mi,
638 1009 756 1064 heu
799 1007 900 1075 mi,
953 1007 1182 1062 Adonai
1232 1007 1402 1069 Deus,
1450 1008 2040 1063 consummationem
2085 1010 2146 1061 tu

486 1097 633 1155 facis
663 1096 942 1169 reliquias
981 1094 1160 1151 Israel
1186 1096 1213 1150 ‘2
1246 1116 1272 1148 ι
1307 1095 1545 1166 (Ezech.
1578 1101 1678 1162 xr).
1713 1095 1771 1151 Si
1799 1111 1942 1166 ergo
1977 1093 2146 1151 intel-

486 1187 640 1258 ligas
685 1186 748 1241 in
802 1184 938 1242 Ozia
991 1188 1048 1239 et
1099 1184 1406 1241 Pharaone
1451 1189 1507 1240 et
1547 1185 1770 1242 Phaltia
1817 1189 1873 1241 et
1923 1183 2146 1240 caeteris

490 1272 830 1332 istiusmodi
847 1272 1175 1329 contrarias
1188 1273 1583 1341 fortitudines,
1597 1273 1825 1330 videbis
1838 1271 2148 1345 quomodo

493 1362 605 1419 illis
633 1360 967 1417 viventibus
990 1360 1192 1417 nullus
1219 1365 1557 1418 vestrorum
1577 1361 1777 1418 videat
1797 1366 1852 1418 et
1873 1362 2147 1434 suspiret,

491 1455 548 1507 et
574 1451 634 1507 in
662 1450 1072 1524 paenitentiam
1090 1456 1323 1507 corruet
1355 1468 1368 1506 :
1405 1473 1432 1500 «
1467 1455 1591 1507 Non
1612 1455 1838 1521 regnet,
1861 1452 1942 1506 ait
1965 1454 2151 1522 Apos-

487 1540 664 1607 tolus,
707 1544 1021 1612 peccatum
1061 1539 1123 1595 in
1163 1539 1399 1596 mortali
1438 1555 1688 1613 corpore
1723 1544 1915 1596 vestro
1962 1539 2145 1610 (Rom.

2255 398 2437 454 super
2463 383 2592 438 hiec
2630 384 2819 441 multa
2862 384 2978 440 alia
3007 383 3230 440 scelera
3259 385 3644 456 perpetravit.
3675 389 3920 444 Musach

2253 487 2498 543 quoque
2528 471 2763 528 sabbati
2802 473 2966 546 quod
3016 473 3414 529 aediﬁcaverat
3462 473 3523 529 in
3573 475 3819 548 templo,
3865 485 3925 534 et

2253 556 2595 627 ingressum
2647 559 2804 630 regis
2852 561 3125 630 exterius,
3180 560 3466 617 convertit
3516 563 3578 616 in
3625 563 3924 636 templum

2257 647 2513 715 Domini,
2543 654 2790 721 propter
2817 665 3019 720 regem
3045 650 3449 721 Assyriorum.
3484 650 3621 720 Legi
3641 651 3703 707 in
3725 654 3926 724 cujus-

2257 735 2399 791 dam
2424 736 2843 800 libro,Musach
2865 737 3466 810 sabbati,expositum
3487 738 3687 796 locum
3713 758 3925 814 quem-

2255 824 2420 895 dam,
2453 825 2546 882 vel
2575 825 2896 882 aediﬁcium
2922 827 3237 900 quoddam
3265 843 3395 883 esse
3421 829 3688 900 positum
3711 831 3772 886 in
3793 848 3925 888 ves-

2255 913 2444 970 tibulo
2474 915 2678 988 templi
2708 916 2964 982 Domini,
3011 916 3117 972 ubi
3156 931 3329 986 reges
3368 918 3620 989 quando
3665 920 3924 978 sabbato

2257 1003 2540 1059 orationis
2572 1020 2756 1061 causa
2785 1005 2862 1061 ad
2906 1004 3198 1078 templum
3241 1005 3429 1074 ibant,
3463 1009 3784 1078 pecuniam
3811 1027 3923 1083 pro

2256 1090 2639 1164 eleemosyna
2660 1093 2992 1150 mittebant.
3018 1097 3085 1149 Et
3099 1094 3180 1150 ita
3199 1096 3442 1151 Musach
3467 1095 3723 1165 sabbati,
3749 1115 3925 1168 gazo-

2256 1177 2607 1252 phylacium
2635 1197 2764 1236 esse
2793 1196 3027 1250 regum,
3061 1180 3213 1237 sicut
3255 1181 3574 1238 Corbanan
3603 1190 3692 1240 est
3723 1201 3929 1242 sacer-

2258 1269 2489 1326 dotum.
2521 1270 2761 1327 Videtur
2790 1272 2950 1328 enim
2997 1272 3190 1329 Achaz
3245 1273 3451 1345 ipsum
3502 1273 3818 1332 aediﬁcium
3873 1283 3935 1334 et

2256 1356 2594 1426 ingressum
2634 1359 2792 1430 regis
2840 1360 3116 1426 exterius,
3150 1376 3274 1415 non
3304 1360 3441 1417 ideo
3471 1363 3830 1420 convertisse
3865 1366 3934 1422 in

2259 1445 2550 1518 templum
2590 1448 2844 1516 Domini,
2878 1449 3043 1521 quod
3074 1449 3135 1504 in
3170 1465 3242 1505 eo
3272 1449 3456 1506 cultui
3488 1451 3806 1507 serviretur
3838 1453 3936 1508 di.-

2258 1533 2420 1603 vino,
2453 1534 2560 1589 sed
2587 1541 2651 1590 ut
2684 1535 2862 1591 simul
2891 1553 3030 1592 cum
3074 1537 3296 1610 templo
3328 1537 3767 1611 profanaretur,
3810 1546 3934 1596 stu-

487 1631 592 1701 1X).
628 1650 656 1678 »
681 1631 985 1699 Regnante
1024 1632 1270 1701 peccato
1292 1629 1585 1702 JEgypﬁis
1615 1628 1976 1684 exstruimus
2007 1627 2145 1682 civi-
2179 1643 2224 1697 Β
2259 1621 2410 1677 dens
2461 1627 2525 1678 ut
2569 1624 2760 1696 magis
2803 1624 3065 1698 placeret
3111 1626 3236 1695 regi
3283 1627 3520 1699 Assyrio
3566 1645 3754 1700 quam
3807 1633 3929 1686 Deo

488 1722 637 1774 tates
695 1717 757 1772 in
801 1716 1017 1785 cinere,
1058 1733 1369 1773 versamur
1425 1718 1483 1772 in
1541 1717 1837 1773 sordibus.
1885 1720 1993 1772 Pro
2031 1715 2150 1771 fru-

489 1810 693 1863 mento
733 1806 962 1879 paleas,
1013 1822 1121 1878 pro
1172 1805 1367 1863 solida
1408 1811 1576 1879 petra
1623 1805 1732 1862 luti
1778 1822 1983 1878 opera.
2035 1805 2147 1860 Sed

489 1900 694 1952 tamen
720 1895 886 1968 quod
919 1894 1133 1950 dicitur
1158 1895 1233 1950 de
1268 1894 1592 1951 Jeroboam
1623 1910 1762 1964 rege
1793 1894 1990 1961 Israel,
2021 1894 2148 1966 ipse

488 1984 735 2041 restituit
771 1983 1055 2039 terminos
1095 1983 1276 2039 Israel
1307 1983 1384 2039 ab
1419 1983 1660 2039 introitu
1692 1984 1923 2054 Emath,
1955 1999 2148 2055 usque

489 2073 570 2130 ad
597 2088 764 2129 mare
795 2071 1132 2128 solitudinis
1173 2073 1403 2140 Emath,
1446 2088 1580 2144 quae
1620 2087 1780 2127 nunc
1813 2071 2149 2144 Ephiphani

491 2163 784 2234 adjicitur,
811 2161 1288 2234 septentrionalis
1316 2166 1441 2217 crat
1462 2162 1748 2217 terminus
1776 2161 1974 2218 Israel.
1998 2164 2149 2217 Mare

490 2256 692 2308 autem
732 2250 1086 2317 solitudinis,
1135 2249 1299 2323 quod
1349 2250 1626 2306 Hebraice
1667 2250 1884 2306 dicitur
1931 2250 2147 2316 Araba,

491 2357 656 2397 mare
701 2343 989 2397 Mortuum
1040 2338 1335 2409 designat,
1382 2339 1547 2411 quod
1592 2339 1650 2394 in
1694 2338 2002 2396 latitudine
2045 2354 2152 2411 per

491 2429 685 2486 stadia
708 2429 1011 2498 octoginta
1040 2443 1232 2500 usque
1256 2427 1333 2483 ad
1359 2444 1563 2483 zearos
1593 2428 1842 2498 Arabiae,
1871 2428 1933 2483 in
1962 2427 2152 2495 longi-

488 2519 695 2574 tudine
751 2521 986 2573 centum
1045 2517 1485 2589 quinquaginta
1550 2533 1744 2589 usque
1802 2515 1878 2570 ad
1935 2515 2151 2571 vicinia

494 2607 894 2663 Sodomorum
943 2606 1355 2679 progreditur;
1400 2606 1570 2676 cujus
1601 2605 1715 2660 loci
1743 2605 2035 2676 Josephus
2069 2604 2152 2659 ita

490 2693 762 2751 meminit
789 2695 995 2751 dicens
1021 2713 1033 2750 :
1084 2697 1257 2749 Anno
1284 2697 1483 2750 autem
1511 2693 1958 2766 quintodecimo
1982 2693 2150 2762 regni

493 2784 770 2852 Amasiaa,
821 2784 1090 2853 regnavit
1135 2783 1193 2838 in
1241 2781 1418 2838 Israel
1448 2782 1606 2837 ﬁlius
1637 2784 1780 2838 Joas
1809 2782 2149 2846 Jeroboam,

490 2873 552 2929 in
574 2873 844 2929 Samaria
859 2888 1052 2928 annos
1067 2871 1490 2944 quadraginta.
1517 2872 1621 2927 Hic
1642 2876 1840 2928 autem
1873 2887 1975 2927 rex
1997 2872 2153 2927 circa

493 2962 678 3018 Deum
709 2961 954 3034 quidem
993 2960 1320 3031 injuriosus
1351 2964 1407 3016 et
1445 2960 1687 3032 iniquus
1727 2960 1945 3016 exstitit
1980 2961 2154 3016 vehe-

492 3056 742 3116 menter,
775 3049 936 3104 idola
958 3047 1210 3104 colendo
1241 3053 1298 3105 et.
1323 3048 1510 3104 multa
1538 3049 1872 3118 incongrua
1892 3054 1949 3104 et
1969 3065 2152 3122 opera

491 3144 776 3195 extranea
797 3137 1091 3193 faciendo.
1112 3137 1338 3209 Populo
1361 3141 1561 3192 autem
1582 3137 1982 3193 lsraelitarum
2005 3134 2153 3190 mul-

491 3233 689 3285 torum
719 3227 1020 3284 bonorum
1064 3225 1172 3281 fuit
1214 3225 1474 3282 occasio.
1523 3225 1669 3282 Huic
1699 3225 1946 3298 quidem
1973 3228 2152 3281 Jonas

490 3317 887 3392 prophetavit,
941 3316 1087 3389 quia
1133 3319 1432 3388 oporteret
1472 3331 1612 3370 eum
1665 3314 1867 3386 Syrios
1915 3314 2152 3370 vincere

493 3406 861 3469 dimicando,
894 3409 951 3460 et
985 3420 1240 3474 regnum
1279 3405 1592 3476 proprium
1624 3403 1893 3474 dilatare,
1925 3403 1988 3458 in
2018 3418 2152 3474 pars

494 3495 654 3550 tibus
695 3493 942 3565 quidem
989 3492 1318 3564 Aquilonis,
1350 3508 1543 3563 usque
1591 3492 1668 3548 ad
1713 3493 1924 3549 Etham
1955 3492 2154 3547 civita-

494 3585 614 3636 tem
653 3597 666 3634 :
708 3595 744 3634 a
788 3578 1033 3634 meridie
1070 3594 1210 3634 vero
1243 3595 1433 3650 usque
1477 3579 1555 3635 ad
1585 3579 1964 3653 Asphaltum.
1998 3579 2156 3634 Anti-

493 3668 695 3739 quitus
732 3667 892 3722 enim
941 3667 1173 3722 termini
1221 3668 1545 3725 Chananaei
1577 3668 1674 3725 isti
1712 3669 1972 3740 fuerunt,
2005 3669 2156 3724 sicut

493 3755 772 3830 princeps
803 3757 976 3812 Jesus
1019 3773 1091 3813 ea
1133 3756 1267 3813 loca
1341 3757 1719 3815 determinat.
1771 3759 1949 3828 Igitur
1990 3761 2152 3814 Jero-

491 3845 678 3904 boam
707 3849 1158 3903 castrametatus
1188 3851 1397 3904 contra
1427 3848 1628 3920 Syrios
1659 3862 1904 3903 omnem
1944 3863 2153 3903 eorum

492 3935 885 4009 provinciam,
915 3935 1067 3992 sicut
1091 3939 1271 3992 Jonas
1297 3937 1778 4010 prophetaverat,
1806 3935 2149 3994 devastavit.

1142 4081 1368 4135 CAPUT
1403 4080 1538 4136 XVI.

567 4221 598 4256 ‹
636 4205 811 4258 Anno
834 4201 1090 4275 septimo
1112 4202 1346 4258 decimo
1368 4203 1596 4260 Phacee
1620 4203 1724 4260 ﬁlii
1748 4203 2048 4271 Romeliae,
2069 4219 2154 4260 re-

495 4312 526 4343 ι(
566 4291 772 4362 gnavit
811 4290 1006 4347 Achaz
1031 4290 1188 4346 ﬁlius
1216 4291 1489 4348 Joatham
1520 4293 1678 4363 regis
1715 4293 1888 4349 Juda.
1938 4292 2150 4364 Viginti

497 4402 527 4431 «
565 4395 866 4436 annorum
903 4384 1029 4436 erat
1071 4380 1266 4436 Achaz
1305 4397 1443 4438 cum
1482 4397 1733 4454 regnare
1765 4381 2057 4455 coepisset,
2093 4387 2150 4439 et

496 4491 524 4518 ‹‹
567 4467 830 4525 sedecim
859 4468 1034 4526 annis
1063 4470 1334 4542 regnavit
1359 4471 1420 4527 in
1447 4469 1830 4527 Hierusalem.
1859 4473 1987 4526 Non
2015 4470 2152 4528 fecit

495 4581 525 4611 «
563 4557 731 4632 quod
749 4564 874 4616 erat
893 4558 1182 4634 placitum
1203 4560 1262 4616 in
1285 4565 1611 4634 conspectu
1640 4558 1876 4614 Domini
1905 4559 2005 4615 Dei
2037 4560 2148 4629 sui,

496 4671 524 4699 «
567 4648 720 4706 sicut
766 4648 954 4706 David
1003 4653 1174 4723 pater
1220 4649 1371 4721 ejus,
1417 4649 1523 4704 sed
1575 4647 1910 4704 ambulavit
1955 4648 2018 4704 in
2055 4649 2154 4706 via

496 4763 524 4791 «
565 4757 778 4810 regum
825 4739 1020 4796 Israel.
1051 4744 1298 4813 Insuper
1325 4742 1383 4794 et
1401 4737 1592 4793 ﬁlium
1634 4754 1813 4794 suum
1843 4755 2155 4797 consecra-

497 4850 524 4877 ‹‹
569 4828 664 4893 vit,
685 4829 1045 4885 transferens
1070 4845 1178 4902 per
1205 4830 1407 4900 ignem
1439 4827 1774 4884 secundum
1814 4829 1975 4886 idola
2014 4846 2153 4902 gen-

497 4935 528 4964 «
567 4914 736 4980 tium,
804 4931 940 4987 quae
1015 4917 1326 4990 dissipavit
1391 4917 1681 4975 Dominus
1747 4935 1951 4976 coram
2015 4919 2151 4976 ﬁliis

498 5023 526 5049 «
567 5000 762 5056 Israel.
817 5023 846 5050 »
893 5004 1036 5060 Hinc
1087 5007 1386 5077 Josephus
1431 5007 1624 5063 taliter
1685 5011 1933 5062 narrat:
1973 5009 2153 5060 Porro

495 5088 769 5145 Joatham
798 5091 1048 5146 mutavit
1075 5091 1255 5148 vitam
1278 5110 1416 5148 cum
1440 5095 1681 5150 vixisset
1703 5095 1873 5149 annis
1897 5092 2155 5164 quadra-

499 5176 662 5246 ginta
687 5193 897 5240 unum,
930 5193 1002 5233 ex
1030 5179 1252 5250 quibus
1283 5182 1554 5252 regnavit
1581 5181 1922 5238 duodecim.
1953 5180 2154 5254 Sepul-

498 5271 593 5323 tus
619 5265 788 5323 estin
814 5267 990 5337 regiis
1019 5270 1449 5338 monumentis,
1481 5271 1759 5343 venitque
1788 5286 2043 5340 regnum
2074 5271 2152 5328 ad

499 5355 550 5425 ej
562 5370 629 5409 us
655 5353 846 5411 ﬁlium
875 5355 1091 5421 Achaz,
1114 5357 1218 5429 qui
1239 5357 1461 5430 impius
1483 5359 1639 5414 circa
1655 5361 1841 5414 Deum
1869 5360 2148 5430 existens,

499 5449 556 5500 et
583 5448 844 5516 paternae
875 5447 1297 5518 praevaricator
1324 5447 1494 5517 legis,
1542 5464 1713 5517 reges
1753 5449 2149 5505 lsraelitarum

497 5533 786 5601 imitatus,
814 5535 878 5591 in
902 5535 1291 5610 Jerosolymis
1321 5535 1621 5593 idolorum
1659 5553 1795 5593 aras
1825 5539 2149 5612 constituit,

497 5629 557 5684 et
584 5640 768 5699 super
789 5641 864 5685 ea
895 5625 1265 5686 sacriﬁcavit.
1303 5633 1366 5686 In
1395 5625 1616 5702 quibus
1645 5628 1826 5687 etiam
1865 5647 2042 5687 suum
2084 5631 2147 5687 in

2181 2998 2221 3053 (Ἰ

2258 1715 2498 1784 patrum
2523 1728 2773 1768 suorum
2793 1719 2850 1769 et
2875 1713 3147 1770 Domino.
3168 1715 3275 1770 Cui
3291 1717 3492 1772 sensui
3523 1717 3760 1773 videtur
3777 1718 3929 1774 liber

2260 1799 2760 1873 Paralipomenon
2812 1802 3155 1875 astipulare,
3205 1803 3311 1858 ubi
3357 1804 3440 1860 ita
3490 1806 3781 1878 scriptum
3834 1813 3930 1863 est

2259 1890 2364 1956 (II.
2404 1890 2552 1946 Par.
2598 1891 2795 1962 xxvm)
2831 1909 2844 1946 :
2903 1914 2930 1942 ‹‹
2965 1891 3144 1962 Igitur
3187 1893 3386 1949 Achaz
3433 1893 3693 1967 spoliata
3739 1896 3926 1952 domo

2260 1977 2514 2048 Domini,
2579 1983 2637 2034 et
2700 1978 2884 2035 domo
2941 1996 3154 2050 regum
3221 1986 3276 2038 et
3335 1982 3700 2056 principum,
3762 1984 3929 2041 dedit

2264 2066 2390 2136 regi
2416 2066 2796 2139 Assyriorum
2828 2084 3101 2136 munera,
3121 2073 3175 2124 et
3207 2074 3412 2126 tamen
3432 2071 3576 2126 nihil
3602 2071 3656 2127 ei
3680 2073 3925 2144 profuit.

2259 2160 2506 2228 Insuper
2550 2160 2607 2211 et
2655 2162 2922 2230 tempore
2970 2160 3264 2228 angustiae
3295 2177 3441 2223 suae,
3470 2162 3636 2217 auxit
3665 2168 3931 2218 contem-

2257 2250 2429 2319 ptum
2460 2246 2520 2301 in
2553 2246 2894 2302 Dominum.
2929 2251 3058 2319 Ipse
3087 2263 3196 2320 per
3217 2264 3280 2304 se
3303 2265 3408 2305 rex
3434 2250 3627 2306 Achaz
3654 2251 3935 2307 immola-

2258 2336 2340 2390 vit
2387 2335 2499 2390 diis
2549 2335 2826 2391 Damasci
2871 2335 3148 2393 victimas
3195 2339 3652 2410 percussoribus
3693 2340 3835 2407 suis,
3875 2348 3940 2397 et

2258 2423 2406 2479 dixit
2437 2443 2449 2480 :
2485 2424 2572 2479 Dii
2599 2440 2814 2495 regum
2865 2425 3047 2497 Syriae
3089 2427 3452 2484 auxiliantur
3482 2429 3581 2494 eis,
3615 2444 3765 2500 quos
3804 2445 3935 2497 ego

2259 2513 2512 2585 placabo
2542 2514 2770 2580 hostiis,
2814 2519 2870 2570 et
2913 2514 3166 2572 aderunt
3194 2517 3341 2572 mihi
3379 2533 3512 2572 cum
3543 2532 3572 2571 e
3616 2516 3924 2571 eontrario

2258 2602 2372 2674 ipsi
2411 2602 2630 2658 fuerint
2677 2604 2864 2658 ruinae
2903 2603 2956 2660 ei
3000 2609 3056 2660 et
3099 2605 3370 2660 universo
3417 2603 3608 2659 Israel.
3645 2604 3928 2675 Dereptis

2259 2692 2459 2764 itaque
2490 2693 2684 2748 Achaz
2714 2692 2996 2749 omnibus
3023 2695 3174 2750 vasis
3204 2694 3422 2749 domus
3449 2694 3685 2748 Domini
3739 2684 3934 2766 atque

2260 2781 2599 2850 confractis,
2634 2782 2846 2839 clausit
2886 2783 3102 2853 januas
3155 2782 3360 2855 templi
3410 2782 3671 2846 Domini,
3703 2786 3761 2838 et
3790 2782 3937 2839 fecit

2262 2871 2375 2926 sibi
2425 2870 2636 2927 altaria
2683 2871 2745 2926 in
2791 2873 3085 2928 universis
3135 2871 3371 2940 angulis
3414 2870 3806 2927 Hierusalem.
3865 2876 3934 2927 In

2260 2959 2543 3015 omnibus
2590 2976 2835 3032 quoque
2881 2960 3133 3016 urbibus
3179 2959 3335 3016 Juda
3364 2961 3656 3016 exstruxit
3684 2977 3817 3016 aras
3851 2959 3937 3015 ad

2260 3048 2654 3104 cremandum
2687 3049 2848 3120 thus,
2871 3053 3052 3121 atque
3079 3048 3158 3104 ad
3179 3049 3554 3106 iracundiam
3579 3051 3937 3122 provocavit

2262 3137 2584 3192 Dominum
2640 3140 2824 3192 Deum
2884 3142 3124 3209 patrum
3184 3152 3454 3193 suorum.
3499 3160 3528 3187 ››
3587 3139 3720 3192 Haec
3772 3136 3934 3192 sicut

2261 3226 2482 3298 scripta
2509 3226 2861 3299 reperimus,
2894 3227 3010 3282 hoc
3036 3226 3097 3281 in
3128 3226 3261 3282 loco
3295 3226 3578 3299 ponenda
3608 3242 3739 3281 esse
3785 3241 3930 3280 cen-

2261 3315 2516 3384 suimus,
2545 3314 2757 3387 parati,
2805 3315 2853 3370 si
2879 3314 2983 3387 qui
3024 3314 3252 3387 aliquid
3281 3315 3421 3370 inde
3449 3314 3663 3371 certius
3692 3330 3931 3388 expres-

2261 3404 2461 3470 serint,
2495 3419 2702 3458 eorum
2731 3403 3087 3459 sententiam
3114 3403 3471 3460 auscultare.

2333 3515 2360 3543 «
2401 3495 2527 3547 Tun
2549 3492 2849 3548 ascendite
2873 3493 3048 3549 Rasin
3073 3508 3180 3548 rex
3205 3493 3410 3565 Syriae,
3434 3498 3490 3548 et
3514 3494 3736 3550 Phacee
3763 3491 3934 3548 ﬁlius

2263 3601 2291 3628 ‹‹
2333 3579 2608 3636 Romeliae
2635 3597 2739 3636 rex
2769 3580 2966 3643 Israel,
3010 3580 3088 3636 ad
3119 3581 3516 3653 prteliandum
3546 3581 3605 3636 in
3636 3581 3935 3637 Hierusa-

2265 3691 2292 3718 κ
2332 3668 2473 3726 lem.
2509 3672 2776 3743 Cumque
2822 3671 3163 3727 obsiderent
3200 3672 3422 3738 Achaz,
3453 3685 3570 3726 non
3598 3669 3938 3726 valuerunt

2265 3781 2292 3809 ‹‹
2336 3774 2620 3831 superare
2641 3775 2800 3816 eum.
2831 3764 2895 3816 In
2917 3765 3183 3834 tempore
3204 3760 3304 3816 illo
3335 3760 3587 3816 restituit
3612 3759 3795 3815 Rasin
3815 3775 3940 3817 rex

2263 3871 2292 3898 «
2335 3848 2517 3920 Syriae
2547 3847 2740 3905 Ailam
2771 3849 2972 3921 Syriae,
3008 3854 3065 3905 et
3107 3849 3277 3921 ejecit
3303 3850 3544 3906 Iudaeos
3573 3849 3646 3904 de
3675 3847 3826 3904 Aila.
3863 3853 3943 3907 Et

2262 3959 2292 3988 «
2336 3938 2580 3994 Idumaei
2629 3943 2917 3995 venerunt
2964 3938 3026 3993 in
3073 3937 3287 4008 Ailam,
3321 3960 3350 3988 »
3397 3944 3455 3995 et
3498 3939 3749 4011 reliqua.
3799 3939 3940 3995 Rex

2261 4027 2482 4101 impius
2510 4027 2616 4101 qui
2643 4027 2964 4084 Dominum
2988 4029 3175 4084 Deum
3205 4032 3448 4100 patrum
3481 4044 3731 4084 suorum
3756 4027 3936 4082 dere-

2259 4117 2450 4190 liquit,
2483 4122 2540 4173 et
2579 4121 2819 4174 secutus
2869 4122 2958 4174 est
2996 4117 3160 4174 idola
3197 4118 3466 4188 gentium
3501 4119 3660 4189 juste
3691 4116 3944 4174 Domini

2262 4206 2483 4263 auxilio
2513 4205 2828 4262 derelictus
2862 4211 2968 4271 est,
3001 4211 3058 4262 et
3095 4211 3600 4263 consurrexerunt
3636 4206 3944 4263 adversus

2264 4311 2404 4352 eum
2432 4295 2609 4351 Basin
2638 4310 2743 4350 rex
2773 4296 2980 4368 Syriae,
3011 4295 3072 4351 id
3099 4301 3190 4352 est
3217 4301 3398 4352 Aram
3426 4301 3484 4352 et
3512 4297 3739 4352 Phacee
3765 4295 3947 4353 ﬁlius

2266 4382 2540 4440 Romeliaa
2597 4399 2702 4440 rex
2757 4383 2937 4440 Israel
2973 4383 3036 4439 in
3078 4385 3368 4447 Samaria,
3416 4388 3475 4440 et
3513 4389 3810 4440 venerunt
3873 4385 3950 4441 in

2266 4471 2652 4540 Hierusalem,
2685 4478 2750 4528 ut
2773 4478 3190 4545 expugnarent
3227 4490 3382 4530 eam.
3429 4474 3704 4544 Legimus
3730 4473 3794 4529 in
3831 4477 3954 4533 Pa.-

2262 4561 2680 4635 ralipomenon
2721 4561 2892 4618 1ibro~
2916 4563 3114 4636 (Ιὸἱιί.)
3167 4579 3370 4634 regem
3415 4564 3594 4619 Rasin
3625 4564 3953 4637 Damasci,

2262 4649 2419 4707 victo
2443 4651 2657 4720 Achaz,
2690 4651 2911 4707 multos
2935 4651 3010 4707 de
3040 4652 3249 4708 Judaea
3279 4655 3643 4708 Damascum
3674 4657 3962 4709 transtri-

2261 4740 2418 4808 lisse,
2451 4745 2508 4796 et
2537 4741 2762 4797 Phacee
2799 4741 2990 4796 ﬁlium
3022 4741 3305 4798 Romeliae
3334 4757 3538 4812 regem
3569 4741 3784 4797 decem
3835 4744 3961 4800 tri-

2260 4830 2475 4899 buum,
2507 4846 2643 4903 quae
2677 4829 3142 4902 appellabantur
3171 4829 3368 4897 Israel,
3411 4835 3468 4886 et
3495 4830 3866 4900 regnabant
3887 4834 3961 4890 in

2266 4920 2556 4989 Samaria,
2582 4935 2703 4976 una
2729 4919 2824 4975 die
2847 4924 3088 4975 centum
3120 4919 3324 4990 viginti
3350 4918 3536 4976 millia
3560 4921 3966 4992 percussisse

2263 5010 2337 5065 de
2380 5009 2587 5065 Judaea
2639 5008 2956 5065 hominum
2985 5008 3364 5078 bellatorum,
3421 5012 3477 5064 et
3527 5023 3668 5064 cum
3696 5008 3970 5070 inﬁnita

2262 5098 2468 5169 praeda
2497 5097 2558 5151 in
2587 5097 2921 5153 Samariam
2963 5097 3207 5152 duxisse
3238 5099 3496 5169 captiva.
3534 5099 3803 5152 Rursum
3855 5117 3975 5158 ve-

2262 5187 2434 5241 niunt
2453 5185 2533 5241 ad
2551 5185 2840 5255 Iudaeam,
2865 5190 2921 5242 et
2939 5185 3310 5243 Hierusalem
3332 5185 3583 5260 cupiunt
3604 5185 3971 5259 debellare,

2263 5279 2319 5331 et
2342 5289 2463 5330 non
2495 5278 2835 5346 potuerunt,
2878 5275 3024 5349 quia
3052 5275 3373 5332 auxiliatus
3414 5279 3504 5331 est
3533 5274 3585 5332 ei
3614 5276 3973 5350 Dominus,

2262 5369 2326 5420 ut
2385 5363 2501 5420 sub
2561 5365 2876 5421 occasione
2934 5364 3378 5429 misericordiae,
3439 5380 3594 5438 quas
3623 5366 3974 5438 populum

2260 5453 2576 5510 obsessum
2617 5453 2910 5525 liberavit,
2951 5453 3143 5511 ﬁlium
3176 5471 3358 5511 suum
3390 5454 3693 5510 nuntiaret
3719 5453 3806 5510 de
3841 5459 3985 5518 vir-

2260 5542 2395 5612 gine
2435 5543 2828 5608 nasciturum,
2863 5543 3015 5600 sicut
3045 5545 3212 5601 Isaiae
3240 5544 3549 5617 prophetae
3578 5541 3730 5599 liber
3774 5561 3988 5608 com-

2259 5637 2558 5692 memorat
2578 5633 2716 5706 (lsa.
2735 5632 3012 5707 vn).Huic
3034 5649 3159 5692 non
3185 5650 3296 5693 suo
3314 5632 3548 5704 merito,
3562 5632 3671 5690 sed
3690 5633 3987 5701 Domini
