4092 6178
214 167 292 217 521

1169 163 1421 218 ENARB.
1464 164 1530 217 IN
1576 159 1820 215 LIBROS
1859 161 2114 218 REGUM.
2159 195 2224 201 —
2267 167 2329 218 IN
2375 166 2500 218 LIB.
2544 165 2635 218 IV.

3494 168 3600 221 522

210 286 437 359 gratiam
467 283 862 346 ostendendo,
887 285 1099 354 egredi
1115 286 1174 340 in
1204 302 1519 342 occursum
1543 284 1833 352 Isaiasju-
1863 284 1912 338 A
1953 287 2325 344 consentiant
2372 286 2504 355 sibi,
2545 290 2610 342 ut
2659 291 3004 359 expugnent
3057 287 3398 344 Ecclesiam.
3430 289 3606 354 Quod

209 375 378 438 betur,
409 374 486 430 ad
517 378 850 429 extremum
881 375 1268 446 aqua‘eductus
1299 375 1541 448 piscinae
1577 374 1840 445 superio-

1952 393 2089 430 cum
2121 377 2373 433 audierit
2397 378 2616 432 domus
2647 377 2849 440 David,
2875 377 2968 432 cui
2990 377 3049 432 in
3079 377 3371 434 Ezechiele
3401 384 3604 451 pasto-

211 466 280 520 ris
303 465 357 519 in
389 464 481 519 via
512 463 640 533 agri
665 462 904 518 fullonis
935 468 990 519 et
1019 463 1213 520 dicere
1237 466 1314 521 ad
1340 481 1479 520 eum
1505 483 1516 520 :
1554 487 1579 512 ‹‹
1605 463 1745 518 Vide
1780 467 1842 517 ut
1952 480 2078 520 rem
2107 465 2338 522 bonum
2367 467 2623 536 legimus
2655 467 3007 523 suscitatum
3032 467 3266 538 (Ezech.
3293 469 3517 540 XXXIV),
3547 471 3607 524 et

211 552 384 610 sileas.
414 551 541 608 Noli
567 552 789 618 timere,
811 557 864 608 et
891 568 994 607 cor
1017 557 1188 610 tuum
1213 569 1288 609 ne
1317 553 1595 610 formidet
1624 570 1659 608 a
1689 552 1839 606 dua-

1950 554 2212 625 populus
2269 556 2398 626 ejus
2452 555 2794 628 simpliciter
2843 555 3091 611 credens
3145 555 3208 611 in
3261 556 3604 627 Dominum,

211 637 313 693 bus
343 636 547 693 caudis
586 636 860 692 titionum
901 636 1326 708 fumigantium
1358 637 1632 704 istorum,
1664 637 1724 692 in
1757 636 1841 691 ira
1953 646 2362 716 pertremiscit.
2396 648 2463 700 Et
2490 644 2625 702 ideo
2656 645 3065 718 pertremiscit,
3095 645 3238 718 quia
3266 661 3390 702 non
3428 647 3606 703 arbo-

210 726 406 784 furoris
434 726 615 782 Rasin
636 725 793 795 regis
821 726 1024 798 Syriis,
1043 730 1099 783 et
1123 727 1227 783 ﬁlii
1254 727 1554 792 Romeliae,
1584 743 1652 784 eo
1675 725 1843 798 quod

211 816 509 873 consilium
547 815 742 872 inierit
789 820 999 874 contra
1048 821 1104 873 te
1158 817 1328 890 Syria
1383 817 1737 890 pessimum,
1789 820 1845 870 et

215 905 473 980 Ephraim
504 909 560 962 et
589 905 748 961 ﬁlius
774 906 1072 976 Romeliaa,
1096 907 1394 964 dicentes:
1430 907 1845 963 Ascendamus

212 989 280 1046 ad
305 990 543 1056 Iudam,
573 994 630 1045 et
661 990 1014 1046 suscitemus
1057 1007 1217 1055 eum,
1249 996 1306 1048 et
1353 992 1675 1048 evellamus
1707 1007 1846 1046 eum

213 1078 284 1135 ad
309 1095 436 1143 nos,
468 1085 524 1136 et
550 1095 856 1152 ponamus
912 1094 1114 1150 regem
1169 1080 1230 1136 in
1267 1081 1468 1138 medio
1498 1082 1626 1151 ejus
1657 1080 1849 1135 ﬁlium

1956 732 2121 788 ribus
2143 732 2458 803 frugiferis,
2474 734 2578 790 sed
2604 734 2972 791 infructuoso
3000 733 3174 790 saltui
3197 739 3605 808 comparatur.

1958 823 2214 879 Eosdem
2241 828 2442 879 autem
2470 824 2778 880 haereticos
2805 828 2982 896 atque
3005 823 3252 894 gentiles
3276 828 3484 881 contra
3503 825 3610 881 do-

1956 927 2124 966 mum
2158 912 2343 968 David
2375 917 2867 982 argumentorum
2893 918 2950 968 et
2973 912 3295 970 dialecticae
3325 913 3467 969 artis
3492 914 3614 985 gla-

1958 1001 2070 1056 diis
2101 1003 2385 1058 dimicare
2415 1003 2563 1058 nulli
2608 1003 2863 1059 dubium
2895 1007 2999 1071 est,
3025 1007 3090 1059 ut
3116 1003 3220 1076 qui
3248 1004 3398 1060 inter
3428 1020 3490 1060 se
3520 1005 3611 1060 di-

1961 1097 2256 1164 screpant,
2287 1093 2348 1148 in
2379 1093 2649 1148 Ecclesiae
2701 1093 3153 1166 oppugnatione
3199 1094 3610 1152 consentiant:

215 1169 428 1226 Tabeel.
461 1171 594 1225 Haec
641 1169 784 1224 dicit
838 1168 1128 1226 Dominus
1173 1171 1362 1227 Deus:
1418 1174 1544 1227 Non
1589 1169 1766 1226 stabit
1796 1173 1854 1224 et
1953 1180 2126 1250 juxta
2155 1180 2302 1235 illud
2326 1181 2493 1253 quod
2523 1181 2782 1237 Herodes
2805 1185 2861 1236 et
2887 1180 3112 1237 Pilatus
3142 1180 3293 1237 inter
3315 1198 3376 1237 se
3397 1182 3618 1239 discor-

213 1273 321 1315 non
347 1258 452 1314 erit
478 1257 663 1325 istud,
697 1257 802 1314 sed
833 1262 1012 1330 caput
1065 1258 1244 1329 Syriae
1275 1262 1624 1321 Damascus,
1659 1261 1714 1314 et
1753 1273 1850 1312 ca-

212 1351 311 1420 put
356 1347 628 1404 Damasci
658 1346 856 1404 Rasid.
891 1350 956 1403 Et
986 1346 1186 1403 adhuc
1235 1348 1545 1419 sexaginta
1586 1349 1854 1421 quinque

211 1437 361 1503 anni,
383 1442 440 1493 et
474 1435 709 1493 desinet
737 1436 1016 1509 Ephraim
1042 1451 1174 1492 esse
1205 1437 1486 1511 populus.
1513 1459 1541 1487 »
1574 1439 1730 1492 Duas
1754 1451 1855 1491 au-

214 1531 320 1582 tem
351 1526 575 1582 caudas
608 1525 902 1596 titionem,
932 1526 994 1581 id
1023 1530 1109 1582 est
1139 1527 1388 1583 torrium
1407 1526 1852 1596 fumigantium.

1961 1268 2192 1337 dantes,
2225 1269 2286 1324 in
2334 1269 2569 1326 Domini
2612 1269 2894 1344 passione
2942 1269 3206 1326 amicitia
3250 1269 3619 1328 foederantur

1965 1359 2160 1430 (Joan.
2189 1360 2338 1430 xm).
2365 1359 2551 1431 Impio
2583 1360 2704 1430 regi
2735 1360 2795 1415 in
2831 1364 2993 1416 Isaac
3019 1360 3264 1431 jubetur
3284 1377 3618 1427 occurrere,

1964 1442 2167 1498 exiens
2197 1444 2272 1499 de
2300 1443 2433 1500 loco
2466 1461 2600 1514 suo,
2631 1461 2753 1500 non
2783 1443 2843 1500 in
2875 1444 3171 1516 principio
3203 1446 3619 1518 aquteductus,

1968 1532 2073 1588 sed
2092 1532 2153 1588 in
2176 1533 2453 1590 extremis
2475 1533 2696 1589 ﬁnibus
2717 1533 2959 1607 piscinae
2987 1534 3310 1606 superioris
3340 1551 3476 1607 quae
3498 1539 3625 1592 erat

213 1620 377 1671 vocat
406 1615 587 1670 Rasin
615 1629 820 1685 regem
849 1613 1052 1686 Syriae,
1085 1619 1140 1671 et
1169 1615 1394 1672 Phacee
1419 1615 1611 1672 ﬁlium
1639 1617 1856 1671 Rome~
1883 1640 1930 1694 Β
1967 1620 2028 1677 in
2060 1637 2206 1692 agro
2227 1622 2488 1694 fullonis,
2514 1623 2616 1678 ubi
2649 1622 2856 1678 sordes
2878 1623 3388 1695 expurgabantur.
3406 1625 3628 1690 Quam-

210 1703 295 1760 Iiae
321 1720 525 1775 regem
557 1703 862 1773 Samariaa,
891 1719 961 1759 eo
991 1704 1155 1776 quod
1181 1703 1243 1760 in
1273 1703 1388 1760 illis
1422 1704 1658 1761 ﬁnitum
1686 1704 1859 1760 sitre-

212 1809 389 1864 gnum
422 1793 627 1866 Syriae,
653 1792 714 1848 id
739 1798 827 1849 est
854 1793 1149 1863 Damasci,
1179 1797 1235 1850 et
1262 1810 1518 1866 regnum
1552 1793 1857 1862 Samariae,

209 1882 270 1939 id
297 1888 379 1938 est
409 1883 622 1939 decem
662 1883 947 1955 tribuum,
979 1883 1084 1954 qui
1137 1882 1252 1940 alio
1305 1883 1550 1940 nomine
1591 1883 1858 1956 appella-

211 1970 422 2028 bantur
443 1971 745 2044 Ephraim.
769 1971 1088 2041 Sexaginta
1105 1976 1306 2027 autem
1329 1976 1385 2028 et
1403 1973 1670 2045 quinque
1694 1971 1860 2039 anni,

211 2077 327 2118 non
354 2077 390 2116 a
415 2060 783 2134 temporibus
807 2060 1020 2130 Achaz,
1040 2060 1144 2116 sed
1167 2062 1245 2117 ab
1274 2061 1422 2118 Ozias
1444 2067 1857 2118 numerantur.

213 2149 389 2221 Igitur
421 2149 652 2205 Hebraei
681 2150 843 2206 hunc
872 2149 1074 2206 locum
1102 2149 1184 2206 ita
1212 2150 1565 2218 edisserunt,
1595 2155 1658 2206 ut
1678 2155 1860 2205 Amos

213 2239 317 2312 qui
363 2237 474 2294 sub
517 2237 654 2294 Ozia
706 2237 883 2312 coepit
913 2238 1295 2310 prophetare,
1323 2237 1570 2310 quando
1602 2241 1658 2294 et
1681 2238 1862 2294 Isaias

219 2327 534 2402 prophetiae
562 2343 686 2383 sum
726 2327 938 2384 habuit
967 2327 1303 2397 exordium,
1335 2328 1566 2400 primus
1613 2326 1869 2399 prophe-

222 2416 365 2473 tavit
410 2423 609 2472 contra
660 2416 860 2487 Israel,
892 2416 1132 2473 dicens:
1187 2439 1215 2466 «
1242 2417 1426 2473 Israel
1449 2421 1650 2472 autem
1680 2416 1868 2488 capti-

225 2507 374 2562 tivus
403 2506 653 2562 ducetur
682 2505 758 2561 de
789 2511 944 2562 terra
974 2521 1106 2561 sua.
1130 2525 1159 2558 »
1200 2505 1422 2561 Titulus
1451 2521 1696 2578 quoque
1725 2521 1865 2578 pro-

212 2596 420 2670 phetiae
470 2595 600 2666 ejus
655 2599 862 2651 contra
914 2594 1246 2651 Samariam
1290 2594 1374 2660 ﬁt,
1408 2598 1466 2650 et
1510 2596 1869 2667 prophetare

216 2685 392 2758 ccepit
445 2685 508 2740 in
560 2684 774 2741 diebus
816 2683 966 2741 Ozias
996 2684 1153 2754 regis
1201 2684 1373 2751 Juda,
1406 2689 1542 2740 ante
1581 2685 1736 2740 duos
1768 2700 1871 2740 an-

214 2790 325 2830 nos
354 2777 762 2840 terraamotus;
816 2788 999 2845 quem
1051 2772 1264 2828 volunt
1310 2789 1380 2828 eo
1431 2776 1698 2844 tempore
1725 2773 1873 2829 acci-

215 2863 396 2930 disse,
418 2878 543 2935 quo
568 2863 876 2932 ingressus
910 2861 1074 2918 Ozias
1104 2861 1166 2916 in
1199 2862 1490 2934 templum
1521 2862 1640 2930 Dei,
1669 2862 1750 2917 ibi
1783 2878 1873 2918 sa-

1968 1706 2054 1763 vis
2081 1707 2239 1762 enim
2261 1707 2455 1763 Achaz
2477 1711 2754 1777 regnaret
2784 1721 2965 1779 super
2991 1707 3228 1770 Judam,
3252 1712 3455 1763 tamen
3483 1709 3628 1781 quia

1968 1797 2189 1870 impius
2210 1802 2353 1864 erat,
2385 1798 2446 1853 in
2478 1797 2798 1870 superioris
2829 1797 3074 1869 piscinae
3099 1799 3378 1854 extremis
3403 1798 3628 1854 ﬁnibus

1970 1887 2337 1944 morabatur.
2380 1889 2532 1959 Ergo
2561 1889 2712 1943 Deus
2765 1903 2888 1942 non
2939 1891 3065 1942 tam
3111 1887 3267 1957 regis
3296 1888 3626 1953 miseretur,

1970 1993 2151 2048 quem
2196 1977 2512 2045 indignum
2567 1977 2908 2032 aestimabat
2939 1976 3147 2044 salute,
3179 1993 3367 2048 quam
3419 1976 3632 2049 populi

1973 2066 2084 2121 sui.
2109 2068 2266 2121 Duas
2297 2071 2497 2121 autem
2531 2065 2755 2121 caudas
2803 2064 3052 2120 torrium
3100 2064 3544 2134 fumigantium,
3568 2066 3634 2119 ut

1973 2154 2137 2227 prius
2169 2154 2448 2222 diximus,
2470 2160 2646 2210 vocat
2672 2153 3027 2225 sapientiam
3053 2152 3420 2223 saecularem,
3445 2152 3634 2208 haere-

1977 2243 2278 2315 ticumque
2305 2258 2663 2306 sermonem,
2690 2257 2951 2314 quorum.
2982 2240 3116 2295 ﬁnis
3148 2240 3376 2296 exustio
3402 2245 3508 2311 est,
3527 2240 3634 2314 qui

1975 2332 2196 2388 frustra
2220 2331 2481 2388 inierunt
2509 2331 2843 2397 consilium,
2879 2333 2943 2385 ut
2994 2329 3388 2385 ascenderent
3425 2334 3635 2386 contra

1975 2421 2213 2491 Iudam,
2246 2425 2302 2477 et
2326 2421 2501 2494 quasi
2523 2420 2922 2491 negligentem
2949 2423 3005 2475 et
3034 2417 3431 2475 dormientem
3462 2435 3637 2491 cape-

1978 2515 2126 2577 rent,
2147 2515 2203 2566 et
2229 2510 2349 2566 suis
2381 2510 2682 2566 erroribus
2711 2509 3080 2581 copularent,
3104 2512 3518 2580 ponerentqne
3542 2525 3637 2564 su-

1979 2616 2086 2672 per
2101 2617 2238 2656 eum
2257 2605 2460 2669 re‘gem
2482 2597 2670 2654 ﬁlium
2688 2597 2923 2668 Tabeel,
2940 2598 3056 2653 hoc
3074 2600 3162 2652 est
3175 2596 3408 2652 bonum
3426 2598 3634 2652 Deum.

1982 2694 2233 2763 Uterque
2293 2689 2453 2745 enim
2507 2688 2886 2744 adversarius
2936 2686 3102 2760 apud
3149 2702 3211 2742 se
3245 2686 3638 2754 severitatem,

1982 2780 2146 2852 apud
2163 2795 2224 2835 se
2251 2779 2504 2835 aestimat
2525 2778 2815 2850 optimam
2833 2793 2964 2832 esse
2991 2776 3349 2832 doctrinam.
3376 2775 3640 2848 Denique

1982 2869 2236 2926 Marcion
2270 2867 2581 2923 haereticus
2601 2866 2745 2922 boni
2775 2865 2873 2921 Dei
2903 2864 3114 2930 ﬁlium,
3134 2865 3248 2921 hoc
3279 2869 3367 2920 est
3398 2864 3640 2920 alterius

217 2950 546 3048 cerdoliuln
595 2948 962 3048 VindiEab-at,
1016 2952 1073 3048 et
1129 2955 1284 3047 terra
1335 2965 1624 3021 Percussa
1675 2953 1764 3004 est
1798 2953 1876 3048 ‘EI
1904 2993 1946 3048 ο
1983 2963 2154 3032 putat
2183 2973 2314 3014 esse
2346 2956 2664 3024 Christum,
2698 2960 2754 3010 et
2795 2970 2918 3009 non
2960 2955 3104 3025 justi
3133 2953 3306 3024 cujus
3333 2954 3642 3026 prophetae

218 3041 444 3097 cineres
477 3038 680 3096 altaris
709 3037 882 3094 effusi
911 3041 1068 3105 sunt,
1092 3041 1148 3094 et
1167 3037 1294 3110 ipse
1325 3054 1429 3093 rex
1454 3054 1776 3110 percussus
1798 3037 1876 3092 Ie-

215 3145 350 3204 pra.
372 3127 588 3184 Volunt
616 3131 817 3183 autem
849 3141 1080 3183 annum
1110 3125 1288 3182 fuisse
1321 3126 1676 3181 vicesimum
1705 3126 1879 3199 quin—

216 3225 341 3275 tum
394 3217 567 3285 Ozias,
597 3216 844 3290 quando
891 3216 1018 3272 haec
1058 3215 1424 3285 acciderunt,
1454 3215 1627 3285 cujus
1664 3215 1877 3287 reliqui

217 3307 360 3366 anni
388 3311 530 3363 sunt
557 3306 761 3376 viginti
779 3311 1030 3378 septem.
1049 3307 1270 3362 Omnes
1292 3304 1453 3359 enim
1483 3302 1878 3374 regnavitan-

213 3415 327 3455 nos
353 3396 800 3470 quinquaginta
818 3395 960 3451 duo.
982 3395 1194 3451 Postea
1219 3392 1490 3464 regnavit
1512 3393 1792 3449 Joatham
1809 3390 1879 3445 ﬁ-

212 3488 331 3544 lius
357 3487 490 3558 ejus
519 3486 695 3542 annis
728 3483 1010 3552 sedecim,
1033 3488 1090 3540 et
1112 3482 1296 3554 hujus
1320 3482 1478 3538 ﬁlius
1509 3482 1727 3548 Achaz,
1751 3479 1882 3536 aliis

218 3575 510 3631 sedecim.
531 3576 670 3630 Post
697 3588 879 3646 quem
908 3571 1176 3641 regnavit
1196 3569 1493 3638 Ezechias,
1521 3570 1695 3641 cujus
1717 3572 1883 3625 sexto

213 3665 308 3722 im
317 3663 467 3736 perii
487 3679 665 3726 anno,
695 3668 868 3736 capta
893 3661 1162 3719 Samaria
1183 3664 1288 3729 est,
1317 3664 1497 3733 atque
1525 3660 1610 3715 ita
1639 3657 1794 3715 efﬁci
1814 3659 1888 3714 si-

223 3751 370 3808 mul
396 3765 582 3805 annos
608 3749 915 3820 sexaginta
945 3749 1232 3822 quinque.
1269 3748 1564 3821 Scriptum
1602 3752 1690 3804 est
1726 3747 1888 3803 enim

230 3835 415 3912 quod
441 3837 992 3912 Theglathphalasar
1042 3853 1146 3892 rex
1183 3836 1566 3909 Assyriorum
1608 3835 1721 3891 sub
1750 3851 1889 3906 rege

218 3926 435 3984 Achaz
456 3926 782 3983 ascenderit
811 3927 871 3982 in
903 3927 1290 3994 Damascum,
1313 3928 1372 3980 et
1383 3923 1705 3980 vastaverit
1729 3939 1887 3992 eam,

215 4023 278 4075 et
309 4016 678 4074 transtulerit
706 4015 1072 4073 habitatores
1123 4015 1253 4086 ejus
1284 4012 1575 4086 Cyrenen,
1609 4017 1666 4070 et
1713 4015 1891 4068 Basin

210 4105 606 4166 interfecerit.
638 4106 708 4162 Et
734 4104 901 4179 quod
930 4104 1240 4161 tetenderit
1275 4101 1524 4158 insidias
1571 4102 1801 4158 Phacee
1831 4100 1896 4156 ﬁ-

213 4199 297 4267 lio
327 4194 625 4253 Romeliae
657 4196 804 4251 Osee
850 4193 1009 4250 ﬁlius
1039 4192 1162 4261 Ela,
1194 4196 1251 4249 et
1286 4190 1644 4265 percusserit
1672 4207 1810 4246 eum
1842 4194 1898 4246 et

215 4283 612 4350 interfecerit,
646 4287 703 4339 et
728 4282 1063 4354 regnaverit
1109 4297 1220 4354 pro
1271 4279 1372 4336 illo
1410 4279 1472 4335 in
1511 4278 1692 4335 Israel
1721 4277 1896 4333 annis

1985 3051 2141 3114 sunt,
2170 3062 2354 3118 quem
2377 3043 2831 3114 sanguinarium
2854 3045 2909 3096 et
2938 3041 3241 3097 crudelem
3256 3039 3525 3110 judicem
3544 3054 3648 3094 vo-

1986 3139 2099 3192 cat.
2132 3137 2265 3190 Haec
2294 3133 2406 3188 illis
2437 3131 2775 3187 dicentibus
2798 3129 3086 3185 Dominus
3103 3124 3647 3198 dominator,quod

1985 3240 2110 3280 non
2140 3225 2250 3278 stet
2279 3219 2591 3277 consilium
2639 3219 2930 3291 ipsorum,
2961 3216 3063 3272 sed
3111 3215 3346 3272 interim
3373 3213 3646 3287 quandiu

1986 3328 2148 3370 nunc
2176 3312 2285 3368 iste
2314 3310 2578 3366 mundus
2610 3311 2754 3374 stat,
2786 3312 2842 3364 et
2871 3322 2942 3364 ea
2979 3322 3114 3378 quae
3157 3305 3372 3361 mundi
3396 3307 3554 3367 sunt,
3585 3303 3648 3359 in

1991 3401 2117 3457 suis
2141 3400 2363 3456 ﬁnibus
2411 3403 2468 3454 et
2509 3398 2572 3454 in
2615 3397 2738 3452 suis
2768 3395 3020 3452 urbibus
3067 3393 3469 3450 dominentur.
3499 3395 3649 3450 Cum

1992 3493 2192 3548 autem
2222 3485 2759 3544 consummationis
2779 3488 3018 3556 tempus
3058 3481 3385 3549 advenerit,
3415 3481 3532 3537 hoc
3561 3483 3653 3536 est

1993 3577 2303 3648 sexaginta
2328 3575 2597 3647 quinque
2627 3572 2794 3630 anni.
2824 3575 2882 3628 et
2906 3575 3030 3628 tam
3058 3569 3272 3627 mundi
3301 3585 3396 3625 res
3423 3585 3561 3642 quae
3588 3567 3653 3624 in

1995 3683 2099 3724 sex
2123 3665 2335 3722 diebus
2364 3664 2532 3720 factae
2565 3665 2726 3734 sunt,
2753 3676 2940 3734 quam
2969 3659 3177 3717 omnia
3212 3674 3349 3732 quae
3375 3657 3455 3714 ad
3482 3655 3656 3730 quin-

1996 3771 2114 3830 que
2144 3769 2356 3810 sensus
2406 3752 2704 3825 pertinent
2739 3750 2924 3806 ﬁnem
2962 3749 3319 3821 acceperint,
3353 3745 3657 3830 tunciuni-

1997 3829 2172 3896 versa
2195 3853 2328 3894 esse
2354 3835 2659 3904 solvenda,
2689 3849 2825 3906 quae
2857 3833 3104 3904 gentiles
3125 3835 3183 3888 et
3208 3830 3467 3887 haeretici
3494 3829 3655 3886 futu-

1999 3946 2069 3986 ra
2117 3943 2241 3984 non
2283 3925 2561 3992 credunt;
2618 3927 2675 3980 et
2711 3927 2954 3996 propter
2984 3919 3392 3978 inﬁdelitatem
3422 3934 3548 3976 non
3571 3918 3660 3975 in-

2001 4017 2270 4088 telligunt
2297 4030 2434 4088 quae
2460 4013 2762 4070 dicuntur.

2624 4103 2848 4159 CAPUT
2886 4100 3045 4158 XVII.

2077 4219 2104 4245 ‹‹
2142 4199 2448 4266 [ratusque
2495 4194 2584 4247 est
2637 4190 2925 4248 Dominus
2971 4189 3358 4245 vehementer
3401 4186 3581 4244 Israel
3609 4189 3670 4245 et

2011 4308 2038 4333 ‹‹
2071 4283 2316 4340 abstulit
2357 4297 2461 4338 eos
2494 4280 2569 4336 de
2600 4283 2927 4352 conspectu
2965 4294 3096 4346 suo,
3129 4282 3185 4334 et
3227 4293 3350 4334 non
3379 4275 3670 4334 remansit

217 4391 476 4443 novem,
506 4375 566 4429 et
594 4372 761 4446 quod
805 4371 1027 4428 venerit
1083 4370 1468 4428 Salmanasar
1494 4385 1600 4426 rex
1629 4372 1814 4423 Assur
1844 4371 1900 4423 et
1925 4344 1968 4398 Β
2012 4397 2038 4423 ‹‹
2071 4373 2182 4429 nisi
2213 4371 2402 4428 tribus
2449 4369 2602 4426 Juda
2633 4368 3092 4437 tantummodo;
3143 4367 3248 4424 sed
3274 4382 3386 4424 nec
3408 4366 3539 4439 ipse
3566 4368 3668 4421 Ju-

218 4463 542 4520 obsederit
575 4461 930 4530 Samariam,
962 4477 1098 4534 quae
1148 4476 1309 4516 nunc
1341 4458 1626 4516 Sebasten
1652 4462 1902 4514 vocatur

224 4553 429 4608 tribus
453 4549 655 4620 annis,
680 4555 736 4606 et
764 4565 925 4606 nono
955 4565 1116 4605 anno
1140 4548 1309 4620 regni
1330 4550 1476 4604 Osee
1507 4547 1900 4619 ceperitcam,

220 4641 639 4712 vinctumque
661 4641 807 4696 Osee
829 4639 890 4694 in
920 4654 1222 4694 carcerem
1245 4635 1490 4706 miserit,
1509 4640 1566 4692 et
1593 4634 1903 4692 transtule-

221 4731 304 4786 rit
336 4729 529 4786 Israel
555 4729 618 4784 in
648 4728 945 4800 Assyrios,
971 4727 1356 4799 posueritque
1379 4741 1480 4781 eos
1511 4726 1570 4780 in
1601 4725 1748 4780 Hala
1773 4730 1828 4780 et
1848 4723 1909 4778 in

2014 4487 2039 4512 ‹‹
2074 4463 2186 4518 das
2216 4459 2531 4517 custodivit
2559 4458 2848 4516 mandata
2885 4456 3121 4514 Domini
3161 4456 3262 4511 Dei
3291 4456 3403 4525 sui,
3431 4470 3669 4510 verum-

2015 4575 2043 4601 «
2077 4556 2276 4608 tamen
2308 4548 2642 4605 ambulavit
2689 4547 2752 4603 in
2795 4546 3096 4602 erroribus
3136 4543 3318 4600 Israel
3346 4557 3501 4614 quos
3528 4556 3670 4612 ope-

2019 4664 2045 4691 ‹‹
2076 4643 2242 4696 ratus
2287 4637 2495 4694 fuerat.
2533 4635 2899 4707 Projecitque
2949 4632 3234 4689 Dominus
3261 4645 3443 4686 omne
3470 4645 3679 4686 semen

2019 4753 2046 4781 ‹‹
2077 4727 2274 4799 Israel,
2307 4731 2365 4784 et
2391 4725 2599 4782 afﬂixit
2618 4741 2720 4782 eos
2742 4727 2798 4780 et
2821 4721 3063 4780 tradidit
3090 4721 3151 4777 in
3181 4735 3370 4776 manu
3398 4719 3680 4794 diripien-

224 4817 454 4874 Ha-bor
495 4819 671 4889 quta
725 4817 979 4874 ﬂlWium
1023 4817 1242 4883 δοκέω,
1288 4814 1351 4870 in
1400 4813 1757 4882 CiVitalibUS.
1790 4813 1912 4867 Sive
2021 4820 2188 4884 tium,
2222 4817 2415 4872 donec
2456 4814 2768 4886 projiceret
2799 4829 2901 4869 eos
2954 4827 2991 4868 a
3027 4810 3176 4867 facie
3205 4826 3386 4866 sua.»
3430 4809 3685 4868 Subver-

226 4908 332 4978 (ut
367 4906 760 4978 Septuaginta
809 4903 1258 4972 transtulerunt)
1289 4903 1352 4958 in
1382 4902 1689 4958 montibus
1720 4899 1913 4956 Medo-

2025 4908 2114 4963 sio
2149 4909 2351 4961 autem
2395 4902 2813 4969 Israelitarum,
2843 4917 2979 4975 quae
3028 4900 3107 4957 ab
3147 4900 3405 4973 Assyrias
3442 4899 3687 4970 regibus

220 5009 401 5050 rum.
429 4994 611 5050 Juxta
642 5009 959 5064 anagogen
989 4991 1176 5048 facilis
1197 4991 1602 5062 interpretatio
1625 4994 1732 5056 est,
1752 4987 1918 5061 quod
2025 4997 2366 5071 perpetrata
2402 4995 2491 5048 est
2517 4991 2666 5065 quid
2706 4990 3019 5062 signiﬁcat,
3050 4989 3168 5046 nisi
3200 4989 3603 5046 miserabilem
3634 4993 3693 5046 et

223 5090 542 5155 regnante
596 5085 792 5139 Achaz
840 5099 979 5153 rege
1035 5080 1242 5154 impio,
1272 5097 1376 5136 rex
1403 5085 1584 5136 Aram
1613 5079 1720 5152 qui
1749 5079 1922 5134 inter-

227 5179 528 5245 pretatur
558 5174 829 5230 excelsus
860 5177 1040 5245 atque
1066 5171 1357 5238 sublimis,
1391 5174 1457 5225 ut
1497 5169 1718 5225 indicet
1755 5184 1919 5224 arro-

203 5266 527 5342 gantiam
559 5262 866 5336 sapientiae
912 5260 1146 5329 saeculi;
1179 5264 1237 5317 et
1265 5260 1491 5316 Phacee
1522 5259 1678 5314 ﬁlius
1711 5263 1922 5315 Bome-

229 5352 339 5410 Iiee
387 5355 500 5429 qui
549 5360 608 5410 et
650 5355 782 5426 ipse
830 5353 1001 5424 juxta
1041 5354 1190 5409 Osee
1226 5351 1588 5424 prophetam
1616 5353 1674 5405 et
1703 5350 1925 5405 tribum

201 5505 204 5508 ,
229 5445 542 5517 Ephraim
555 5488 568 5513 ,
583 5443 660 5500 de
681 5458 807 5516 qua
821 5442 1141 5499 Jeroboam
1160 5440 1318 5496 ﬁlius
1334 5440 1568 5498 Nabath
1589 5438 1807 5494 vitulos
1830 5455 1932 5495 au-

226 5549 382 5590 reos
417 5534 485 5589 in
509 5531 714 5590 Bethel
735 5537 792 5587 et
811 5531 938 5587 Dan
960 5530 1367 5599 constituerat,
1386 5535 1442 5586 et
1475 5546 1511 5584 a
1539 5527 1723 5584 domo
1748 5527 1930 5584 David

193 5697 198 5701 _
229 5624 351 5680 Dei
384 5622 700 5697 populum
732 5624 1059 5694 separarat,
1089 5619 1337 5677 refertur
1357 5619 1438 5676 ad
1466 5618 1806 5687 hereeticos,
1831 5618 1935 5690 qui

679 5731 926 5785 PAIROL.
971 5729 1134 5784 CXV.

2029 5085 2208 5143 nimis
2227 5081 2570 5140 deﬂendam
2581 5080 2819 5138 ruinam
2834 5080 3044 5154 populi
3064 5078 3484 5136 ecclesiastici?
3503 5095 3692 5152 quam

2031 5191 2134 5232 rex
2163 5171 2462 5246 Assyrius,
2491 5171 2608 5227 hoc
2653 5174 2741 5226 est
2789 5168 3086 5236 diabolus,
3117 5183 3258 5224 cum
3291 5184 3402 5224 suo
3429 5169 3692 5224 exercitu

2035 5259 2409 5319 devastando
2454 5264 2632 5332 atque
2663 5257 2997 5315 obsidendo
3028 5255 3294 5329 quotidie
3326 5255 3524 5329 efficit,
3557 5270 3692 5312 cum

2039 5368 2143 5409 eos
2192 5353 2436 5424 propter
2476 5351 2726 5422 peccata
2769 5345 3118 5418 commissa,
3149 5345 3224 5402 de
3274 5344 3518 5401 sedibus
3564 5358 3704 5417 pro-

2040 5441 2185 5516 priis
2215 5439 2494 5511 evellens,
2525 5438 2715 5496 defert
2760 5437 2821 5494 in
2854 5441 3072 5495 terram
3118 5434 3397 5503 alienam,
3428 5450 3552 5508 quo
3577 5448 3704 5489 ma-

2046 5532 2135 5601 gis
2165 5530 2367 5598 Iugere
2396 5528 2670 5594 delectat,
2701 5544 2887 5601 quam
2918 5525 3138 5584 cantita
3176 5524 3390 5581 laetitiae
3415 5521 3700 5596 proferre.

2085 5617 2252 5675 Unde
2281 5620 2339 5674 et
2375 5617 2689 5676 Psalmisla
2719 5613 3337 5690 mysticoeloqniohoc
3367 5613 3528 5669 idem
3545 5623 3707 5666 com-

3253 5724 3313 5775 17
