4092 6176
452 195 554 250 523

1553 185 1915 242 ANGELOMI
1954 176 2406 240 LUXOVIENSIS
2445 182 2775 240 MONACHI.

3777 191 3877 245 524

451 316 770 381 memorat,
802 311 1039 368 dicens:
1074 329 1103 358 «
1117 308 1306 382 Super
1333 308 1587 365 ﬂumina
1631 308 1949 381 Babylonis
1986 307 2101 363 illic
2128 309 2178 364 Α
2220 310 2275 363 et
2302 322 2426 363 non
2457 308 2655 364 solum
2682 307 3023 364 inventores
3067 307 3248 381 primi
3273 323 3566 375 errorum,
3600 326 3757 384 quos
3783 328 3883 386 pa-

452 406 740 473 sedimus,
758 404 814 457 et
837 397 1133 466 ﬂevimus,
1156 396 1305 453 dum
1334 397 1788 454 rccordaremur
1813 396 1914 465 tui,
1942 396 2111 454 Sion.

451 502 518 554 In
549 490 830 551 salicibus
877 489 940 545 in
994 487 1194 545 medio
1238 489 1390 560 ejus,
1426 489 1852 563 suspendimus
1877 502 2107 558 organa

449 587 677 641 nostra.
707 579 860 648 Quia
907 578 1025 635 illic
1078 566 1595 648 interrogaverunt
1632 592 1762 645 nos,
1795 576 1900 650 qui
1927 574 2107 649 capti-

449 689 562 732 vos
591 673 890 730 duxerunt
917 682 1050 737 nos,
1078 668 1266 726 verba
1294 668 1660 725 cantionum.
1696 670 1763 723 Et
1790 667 1895 741 qui
1920 666 2107 723 abdu-

450 766 666 821 xerunt
715 776 847 830 nos,
881 761 1186 833 Dymnum
1224 762 1456 816 cantate
1502 757 1677 815 nobis
1734 756 1809 813 de
1861 755 2106 814 canticis

454 851 613 909 Sion.
646 848 964 917 Quomodo
994 846 1375 905 cantabimus
1427 847 1727 905 canticum
1770 845 2005 902 Domini
2047 844 2108 900 in

448 943 608 997 terra
633 938 828 996 aliena
858 938 1043 1012 (Psal.
1076 938 1356 1010 cxxxvr)?
1384 959 1411 988 »
1451 936 1623 1003 Quod
1670 936 1884 992 dicitur
1913 934 1987 991 de
2016 932 2108 990 his

450 1045 589 1104 quas
635 1029 698 1085 in
730 1027 1069 1087 Samariam
1101 1026 1377 1085 adductae
1425 1030 1563 1083 sunt
1604 1043 1639 1083 a
1662 1041 1801 1096 rege
1832 1024 2106 1097 Assyrio-

448 1134 586 1175 rum
616 1116 985 1175 nationibus.

526 1248 555 1275 ‹‹
589 1227 656 1280 Et
683 1238 1065 1297 unaquaeque
1087 1238 1235 1293 gens
1254 1220 1544 1279 fabricata
1573 1224 1664 1278 est
1692 1220 1875 1278 deum
1908 1234 2108 1275 suum.

455 1338 484 1366 ‹‹
513 1318 965 1386 Posueruntque
1018 1329 1122 1369 eos
1161 1312 1222 1369 in
1250 1312 1466 1385 phanis
1504 1311 1772 1381 excelsis,
1804 1327 1940 1385 quas
1966 1308 2115 1367 fece‘

455 1426 485 1454 α
515 1406 653 1460 rant
682 1400 987 1459 Samaritae
1036 1416 1182 1472 gens
1224 1405 1282 1457 et
1324 1416 1472 1473 gens
1501 1400 1564 1456 in
1593 1399 1844 1455 urbibus
1878 1399 2024 1470 suis,
2049 1400 2110 1454 in

454 1512 486 1548 ‹
517 1491 740 1566 quibus
766 1489 1141 1548 habitabant.
1168 1489 1291 1545 Viri
1314 1490 1474 1546 enim
1501 1487 1816 1562 Babylonii
1844 1487 2113 1545 fecerunt

455 1605 485 1634 ‹‹
512 1581 772 1639 Sochoth
800 1578 1043 1649 Benoth,
1067 1579 1172 1636 viri
1190 1583 1390 1636 autem
1413 1579 1593 1636 Cuthe
1606 1579 1661 1634 oi
1690 1578 1954 1635 fecerunt
1976 1580 2109 1634 Ner-

454 1694 484 1724 «
516 1671 630 1742 gel,
649 1675 706 1727 et
721 1666 835 1727 viri
854 1669 928 1726 de
949 1668 1203 1726 Hemath
1223 1668 1487 1725 fecerunt
1512 1672 1733 1726 Asima.
1761 1671 1939 1724 Porro
1954 1667 2109 1723 Evaai

455 1783 486 1811 ‹‹
518 1760 785 1817 fecerunt
834 1758 1067 1816 Nebaaz
1090 1764 1146 1815 et
1182 1759 1541 1815 Tharthac.»
1578 1762 1643 1814 ln
1678 1756 1832 1813 libro
1863 1755 2109 1830 quidem

452 1851 746 1907 Locorum
800 1847 1015 1919 legitur
1062 1846 1230 1920 quod
1276 1847 1502 1903 Benoth
1539 1851 1591 1902 et
1648 1846 1857 1918 Nergel
1895 1845 2113 1903 fuerint

452 1937 717 1994 civitates
781 1953 934 2009 quas
980 1939 1440 1992 construxerunt
1488 1934 1549 1990 in
1591 1935 1832 2006 regione
1888 1934 2108 1990 Judaeae

454 2026 833 2095 Samaritani,
860 2026 967 2099 qui
1003 2026 1078 2082 de
1127 2024 1456 2097 Babylonia
1495 2028 1869 2082 transierant.
1904 2012 2109 2080 Asima

449 2132 693 2188 quoque
720 2113 1015 2189 oppidum
1046 2112 1512 2183 aediﬁcaverunt,
1541 2113 1645 2187 qui
1670 2113 1750 2170 ad
1770 2130 1907 2170 eam
1935 2130 2109 2169 vene-

450 2209 591 2262 runt
618 2204 693 2260 de
720 2205 991 2261 Hemath.
1024 2201 1261 2260 Nebaaz
1298 2208 1356 2259 et
1373 2204 1623 2259 Thartac
1648 2202 1916 2259 civitates
1947 2208 2104 2270 sunt,

448 2311 603 2368 quas
626 2294 781 2350 Evasi
808 2294 871 2350 in
900 2293 1113 2350 eadem
1141 2292 1360 2350 Iudaeae
1386 2298 1542 2349 terra
1570 2291 1985 2349 condiderunt.
2014 2293 2106 2348 Vi-

449 2383 623 2440 detur
671 2388 893 2450 autem,
919 2383 1094 2454 juxta
1147 2382 1640 2455 consequentiam
1696 2382 2011 2447 sermonis,
2052 2386 2109 2437 et

449 2471 773 2542 idolorum,
795 2471 1016 2544 quibus
1036 2471 1131 2527 hae
1162 2475 1367 2542 gentes
1387 2471 1554 2543 prius
1585 2471 1647 2526 in
1666 2474 1823 2525 terra
1853 2486 1963 2525 sua
1992 2486 2109 2525 ser-

448 2558 681 2626 vierint,
713 2560 810 2614 hic
836 2575 1015 2631 posse
1049 2558 1343 2615 vocabula
1380 2559 1647 2628 intelligi.
1681 2559 1830 2625 Quia
1861 2575 1999 2614 cum
2025 2559 2110 2615 di-

453 2650 618 2703 ctum
668 2651 860 2703 esset:
912 2669 939 2697 ‹‹
961 2652 1017 2703 et
1062 2663 1463 2721 unaquaequee
1518 2663 1665 2717 gens
1705 2647 1993 2704 fabricata
2022 2651 2109 2704 est

453 2757 482 2786 ‹‹
514 2735 699 2792 deum
729 2751 928 2802 suum,
952 2758 981 2786 ››
1030 2735 1206 2808 quasi
1247 2735 1327 2791 ad
1373 2735 1770 2808 expletionem
1809 2737 2108 2793 sententiae

452 2824 840 2897 subjunctum
874 2824 984 2881 sit:
1015 2823 1173 2880 (viri
1197 2823 1355 2880 enim
1384 2824 1702 2903 Babylonii
1719 2824 1985 2883 fecerunt
2011 2828 2109 2882 So-

451 2913 633 2971 choth
663 2914 949 2971 Benoth.»
1004 2913 1072 2969 Et
1100 2912 1333 2980 melius,
1368 2912 1431 2969 ni
1457 2911 1651 2980 fallor,
1680 2912 1901 2971 faceret
1928 2914 2107 2971 inter-

447 3018 608 3076 pres,
642 3004 691 3060 si
722 3002 985 3063 Sochoth
1010 3003 1214 3060 Latine
1238 3002 1301 3058 in
1331 3003 1723 3060 tabernacula
1750 3008 2018 3073 verteret,
2052 3009 2108 3062 et

445 3109 673 3150 nomen
711 3092 855 3151 idoli
909 3092 1133 3149 Benoth
1176 3091 1447 3149 absolute
1485 3096 1751 3165 poneret,
1779 3097 1837 3150 et
1866 3092 2016 3150 sicut
2043 3094 2105 3151 in

451 3181 843 3256 sequentibus
872 3172 1190 3239 manifeste
1220 3180 1453 3237 dicitur.

519 3329 549 3357 «
581 3306 648 3363 Hi
670 3310 880 3363 autem
906 3306 1013 3379 qui
1040 3310 1212 3363 erant
1239 3306 1315 3362 de
1346 3306 1757 3379 Sepharvaim,
1788 3307 2102 3365 combure-

449 3419 479 3448 α
511 3397 660 3453 bant
686 3394 844 3451 ﬁlios
873 3410 1015 3451 suos
1057 3394 1183 3464 igni
1217 3395 1609 3452 Adramelech
1654 3401 1716 3453 et
1740 3399 2104 3455 Anamelech

449 3506 480 3534 «
511 3484 627 3539 diis
658 3482 1068 3555 Sepharvaim.
1088 3506 1114 3533 »
1148 3483 1257 3539 Ubi
1284 3484 1618 3541 ostenditur
1636 3486 2032 3544 Adramelech
2045 3491 2105 3544 et

448 3571 819 3628 Anamelech
862 3571 1027 3628 idola
1056 3570 1237 3627 fuisse
1267 3572 1435 3628 urbis
1468 3575 1878 3646 Septiarvaim.
1909 3582 1993 3633 Ita
2017 3579 2102 3634 vi-

448 3662 622 3718 detur
644 3674 1042 3734 consequens,
1072 3665 1217 3718 utet
1243 3662 1452 3733 Nergel
1482 3664 1885 3737 C‘uthaaorum,
1901 3667 2104 3724 Asima

446 3750 952 3815 Hemaﬁzaeorum,
979 3750 1215 3807 Nebaaz
1256 3756 1315 3808 et
1343 3752 1639 3808 Tharthac
1687 3753 1850 3811 idola
1888 3755 2104 3812 fuerint

445 3841 776 3895 Evaeorum.
809 3838 1079 3894 Posthac
1125 3838 1427 3912 Scriptura
1459 3845 1663 3897 narrat
1708 3841 1783 3897 de
1812 3843 1958 3916 ipsis
1994 3846 2102 3902 Sa-

445 3928 757 3986 maritanis
784 3928 958 4001 quod
980 3942 1119 3985 cum
1150 3929 1471 3986 Dominum
1499 3930 1781 4005 colerent,
1812 3933 1925 3990 diis
1950 3950 2103 4007 quo-

446 4032 565 4089 que
604 4017 727 4072 suis
752 4017 1038 4074 servirent
1061 4018 1235 4090 juxta
1272 4019 1771 4078 consuetudinem
1810 4024 2099 4094 gentium,

447 4099 522 4155 de
578 4100 797 4172 quibus
844 4101 1117 4158 translati
1162 4102 1397 4159 fuerant
1458 4105 1812 4176 Samariam,
1868 4113 1926 4165 et
1977 4124 2101 4166 non

446 4187 638 4245 multo
662 4193 801 4261 post
824 4190 1209 4263 subsequitur
1228 4190 1442 4247 dicens
1467 4209 1480 4247 :

521 4312 830 4370 «Fuerunt
878 4314 1056 4384 igitur
1105 4318 1311 4384 gentes
1367 4316 1492 4372 istm
1546 4317 1818 4376 timentes
1853 4321 2098 4395 quidem

446 4423 476 4453 α
507 4402 717 4475 Deum,
750 4403 857 4459 sed
886 4403 1273 4460 nihilominus
1304 4408 1359 4461 et
1387 4404 1560 4462 idolis
1592 4408 1713 4465 suis
1745 4410 2098 4482 servientes;

445 4512 477 4548 ‹
501 4508 647 4550 nam
675 4497 731 4549 et
758 4492 862 4549 ﬁlii
906 4510 1116 4551 eorum
1144 4498 1202 4550 et
1228 4498 1497 4569 nepotes,
1532 4496 1681 4554 sicut
1706 4497 1972 4557 fecerunt
1993 4518 2102 4574 pa-

443 4600 474 4630 «
504 4584 621 4636 tres
643 4579 754 4648 sui,
782 4579 866 4636 ita
891 4578 1117 4637 faciunt
1147 4596 1338 4653 usque
1364 4580 1426 4636 in
1464 4588 1824 4656 praesentem
1864 4584 2044 4643 diem.
2070 4608 2100 4637 »

440 4670 510 4725 Et
537 4669 681 4743 quia
720 4669 786 4726 in
843 4670 1358 4727 Samaritanorum
1404 4687 1664 4744 persona
1717 4674 1977 4732 haeretici
2008 4692 2104 4733 ac-

441 4752 760 4823 cipiuntur,
789 4755 854 4810 in
897 4755 1187 4828 praedicta
1241 4757 1535 4815 sententia
1592 4758 1832 4817 illorum
1891 4761 2100 4836 nequi-

439 4838 523 4894 tia
559 4843 981 4899 convenienter
1020 4844 1389 4919 exprimitur.
1424 4847 1657 4905 Habent
1709 4851 1870 4907 enim
1918 4853 2103 4909 haere-

440 4925 540 4981 tic’i
568 4929 851 4998 quaedam
898 4940 1274 4992 sacramenta
1330 4940 1676 4996 communia
1723 4959 1863 4998 cum
1893 4948 2101 5000 sancta

438 5013 721 5103 Ecclesia,
754 5019 1136 5103 etquasdam
1178 5026 1500 5081 sententias
1540 5033 1882 5085 sanctarum
1911 5031 2101 5103 Scrip-

438 5100 710 5156 turarum
779 5099 888 5156 rite
961 5102 1315 5174 intelligunt,
1370 5106 1477 5163 sed
1540 5115 1747 5167 tamen
1804 5099 2100 5169 nihilomi-

437 5200 556 5243 nus
608 5187 787 5245 idolis
829 5188 1289 5249 immundorum
1338 5196 1657 5268 spirituum
1710 5200 1930 5255 servire
1972 5218 2097 5259 non

434 5281 690 5333 cessant.
746 5276 996 5335 Videtur
1045 5280 1208 5337 enim
1265 5282 1349 5338 eis
1399 5284 1678 5340 timorem
1727 5286 1829 5341 Dei
1878 5288 1985 5346 rite
2033 5307 2095 5349 se

437 5366 755 5438 custodire,
814 5382 953 5424 cum
1005 5369 1339 5426 secundum
1407 5384 1655 5427 sensum
1715 5390 1894 5431 suum
1948 5380 2097 5436 veri-

430 5454 540 5511 tati
596 5472 658 5512 se
708 5460 926 5530 putant
964 5456 1183 5514 favere.
1238 5459 1353 5514 Sed
1400 5460 1546 5532 quia
1597 5463 1897 5521 catholicae
1953 5466 2093 5526 ﬁdei

433 5544 724 5602 unitatem
756 5550 1045 5620 spernunt
1070 5546 1316 5620 habere,
1339 5548 1745 5620 malignorum
1775 5556 2091 5629 spirituum

2214 401 2331 452 tres
2364 397 2878 453 Samaritanorum
2932 396 3295 467 significant,
3325 399 3441 456 hoc
3489 398 3741 473 faciunt,
3776 403 3881 460 sed

2214 488 2271 541 et
2303 500 2591 558 sequaces
2617 501 2848 556 eorum,
2867 502 3023 558 quos
3054 486 3317 543 ﬁliorum
3332 489 3581 546 nomine
3610 494 3670 547 et
3701 507 3878 566 nepo-

2214 579 2342 631 tum
2372 590 2683 648 expressos
2710 579 2866 631 recte
2895 590 3226 648 possumus
3246 575 3596 649 intelligere,
3617 579 3880 638 similiter

2216 668 2423 735 agunt

2825 750 3052 809 CAPUT
3088 751 3280 809 XVIII.

2288 861 2316 889 «
2349 842 2524 896 Anno
2541 840 2711 897 tertio
2739 842 2925 907 Oscae,
2947 838 3052 896 ﬁlii
3083 840 3186 897 Ela
3203 841 3360 913 regis
3385 843 3589 909 Israel,
3614 847 3882 917 regnavit

2218 949 2246 978 ι(
2281 929 2746 997 Ezechias,ﬁlius
2772 929 2965 986 Achaz
2997 927 3154 999 regis
3181 930 3354 987 Juda.
3374 932 3592 1001 Viginti
3613 935 3879 1009 quinque

2220 1033 2248 1061 «
2277 1026 2577 1069 annorum
2608 1017 2737 1070 erat
2780 1029 2921 1068 cum
2962 1028 3217 1082 regnare
3258 1014 3558 1087 cmpisset,
3590 1022 3647 1072 et
3675 1019 3881 1089 viginti

2220 1122 2250 1150 «
2280 1116 2500 1157 novem
2520 1102 2695 1158 annis
2717 1101 2987 1173 regnavit
3012 1102 3074 1157 in
3092 1102 3485 1160 Hierusalem.
3509 1108 3741 1164 Nomen
3757 1125 3880 1167 ma-

2221 1212 2251 1240 «
2282 1190 2385 1246 tris
2411 1193 2541 1262 ejus
2565 1191 2734 1259 Abia,
2753 1191 2877 1247 ﬁlia
2904 1192 3221 1248 Zachariae.
3258 1193 3532 1266 Fecitque
3565 1195 3733 1270 quod
3754 1203 3880 1255 erat

2221 1303 2250 1332 ‹‹
2280 1279 2514 1338 bonum
2543 1296 2748 1338 coram
2780 1281 3053 1350 Domino,
3073 1281 3246 1353 juxta
3276 1283 3484 1340 omnia
3505 1300 3638 1357 quae
3657 1285 3880 1345 fecerat

2223 1394 2251 1420 ‹‹
2284 1370 2472 1427 David
2495 1375 2663 1444 pater
2693 1387 2860 1426 suus.
2886 1375 3015 1442 ipse
3047 1370 3360 1444 dissipavit
3379 1372 3633 1446 excelsa,
3658 1380 3715 1431 et
3737 1393 3879 1433 con-

2222 1484 2251 1512 ‹‹
2277 1461 2433 1517 trivit
2464 1465 2709 1527 statuas,
2734 1467 2789 1516 et
2819 1459 3069 1517 succidit
3090 1459 3278 1530 lucos,
3313 1462 3723 1539 confregitque
3762 1484 3878 1523 ser-

2220 1573 2249 1601 «
2277 1555 2520 1625 pentem
2551 1566 2791 1622 aereum,
2825 1565 3009 1624 quem
3038 1552 3255 1608 iecerat
3292 1554 3543 1626 Moyses.
3569 1555 3877 1629 Siquidem

2220 1663 2247 1690 ‹‹
2275 1656 2469 1714 usque
2524 1639 2602 1696 ad
2644 1639 2779 1695 illus
2826 1644 3064 1713 tempus
3110 1639 3214 1695 ﬁlii
3270 1640 3447 1698 Israel
3497 1643 3875 1703 adolebantei

2219 1753 2246 1782 ι(
2273 1730 2607 1786 incensum.
2644 1728 3003 1802 Vocavitque
3034 1745 3173 1785 eum
3226 1744 3452 1788 nomen
3482 1734 3613 1806 ejus
3657 1736 3876 1792 Nahas-

2218 1838 2247 1870 α
2277 1818 2443 1875 than.
2480 1820 2550 1875 Et
2576 1819 2639 1874 in
2668 1818 2919 1875 Domino
2952 1821 3069 1874 Deo
3107 1818 3287 1874 Israel
3319 1822 3599 1893 speravit.
3620 1845 3650 1873 »
3686 1823 3875 1898 Siqui-

2216 1908 2356 1964 dem
2383 1907 2727 1965 Nahasthan
2774 1908 3195 1981 interpretatur
3221 1923 3301 1965 (es
3330 1925 3554 1980 eorum,
3594 1916 3660 1968 ut
3696 1928 3879 1986 quem

2215 1996 2297 2052 illi
2324 2012 2436 2070 pro
2476 1996 2725 2052 numine
2766 1995 3046 2053 colebant
3089 1996 3150 2052 in
3207 1997 3379 2054 dictis
3409 1999 3537 2071 ejus
3566 2001 3878 2058 metallum

2215 2101 2357 2143 eum
2386 2102 2516 2142 esse
2548 2101 2670 2143 non
2695 2085 2878 2141 deum
2906 2092 3322 2158 agnoscerent.
3344 2089 3569 2162 thuia
3596 2092 3874 2148 Ezechias

2214 2176 2277 2232 in
2305 2176 2420 2232 hoc
2449 2177 2615 2250 quod
2642 2175 2879 2233 excelsa
2894 2176 3229 2249 dissipavit,
3255 2183 3313 2234 et
3330 2183 3556 2236 statuas
3581 2182 3876 2250 contrivit,

2215 2272 2395 2340 atque
2427 2266 2674 2322 succidit
2717 2266 2905 2334 lucos,
2938 2282 3175 2323 necnon
3219 2272 3276 2325 et
3322 2269 3527 2325 omnia
3555 2270 3878 2328 simulacra

2215 2355 2588 2424 comminuit,
2623 2354 2937 2411 Salvatoris
2976 2359 3189 2428 typum
3239 2361 3414 2413 tenet.
3456 2361 3880 2428 interpretatur

2215 2444 2375 2500 enim
2408 2445 2681 2500 Ezechias
2713 2444 3164 2514 apprehendens
3192 2446 3509 2502 Dominum
3523 2447 3612 2501 vel
3623 2448 3873 2516 fortitu-

2215 2533 2290 2589 do
2318 2534 2577 2589 Domini.
2613 2538 2675 2589 ln
2706 2549 2777 2589 eo
2808 2533 2938 2605 ipso
2969 2535 3172 2607 utique
3202 2534 3363 2607 quod
3393 2535 3587 2605 ipsum
3621 2550 3867 2606 serpen-

2216 2627 2335 2678 tem
2379 2637 2615 2678 aeneum
2663 2639 2847 2694 quem
2896 2625 3121 2696 Moyses
3172 2623 3320 2690 fecit,
3353 2621 3726 2695 comminuit,
3756 2626 3871 2679 Be-

2215 2711 2541 2785 demptoris
2572 2712 2829 2782 ﬁguram
2860 2713 3271 2768 convenienter
3296 2715 3471 2768 tenet.
3502 2714 3634 2768 Non
3663 2710 3873 2768 solum

2216 2801 2375 2857 enim
2408 2800 2694 2857 Dominus
2736 2805 2940 2857 noster
2976 2817 3047 2858 ac
3091 2800 3470 2874 Redemptor,
3503 2800 3579 2857 de
3612 2816 3737 2874 quo
3767 2817 3880 2875 per

2215 2886 2571 2959 Prophetam
2601 2885 2844 2941 dicitur:
2875 2905 2906 2940 «
2925 2884 3211 2941 Dominus
3248 2885 3415 2940 fortis
3446 2885 3739 2941 Dominus
3764 2902 3877 2959 po-

2135 3011 2179 3066 ο
2215 2979 2345 3030 tens
2372 2974 2434 3029 in
2464 2973 2669 3046 praelio
2701 2974 2885 3046 (Psal.
2915 2974 3099 3046 χχιιι),
3128 2996 3155 3024 ››
3181 2973 3346 3029 idola
3372 2974 3641 3044 gentium
3667 2975 3879 3031 contri-

2215 3063 2313 3133 vit,
2342 3067 2397 3119 et
2424 3063 2629 3119 omnia
2659 3062 2979 3119 simulacra
3028 3076 3239 3118 eorum
3285 3061 3624 3135 dissipavit,
3667 3068 3879 3136 quate-

2214 3168 2328 3208 nus
2383 3152 2486 3208 Dei
2535 3151 2960 3225 omnipotentis
2998 3152 3274 3209 notitiam
3323 3151 3593 3219 haberet,
3626 3151 3880 3224 ejusque

2214 3241 2396 3298 cultui
2445 3241 2626 3312 digne
2668 3242 3181 3314 manciparentur,
3212 3241 3361 3316 quin
3388 3240 3586 3314 ipsam
3613 3240 3879 3297 littaram

2211 3331 2358 3401 legis
2385 3332 2678 3403 Mosaicae,
2711 3347 2897 3405 quam
2943 3330 3039 3386 ille
3084 3330 3346 3404 populus
3387 3330 3594 3401 legalis
3625 3329 3875 3387 assidua

2209 3419 2459 3477 lectione
2470 3419 2812 3490 resonabat,
2826 3436 2896 3476 ac
2911 3436 3021 3498 pro
3034 3435 3260 3491 magno
3271 3420 3556 3488 habebat,
3576 3420 3879 3490 contrivit,

2212 3525 2281 3566 ac
2313 3525 2559 3565 sensum
2591 3508 2959 3582 spiritualem
2978 3509 3040 3565 in
3066 3526 3138 3566 ea
3165 3508 3492 3580 intelligere
3513 3525 3613 3565 eos
3642 3509 3875 3565 docuit.

2285 3622 2310 3650 ε
2345 3603 2517 3655 Anno
2545 3598 3041 3670 quatuordccimo
3095 3599 3253 3670 regis
3301 3598 3554 3654 Ezechias
3598 3597 3881 3654 ascendit

2213 3709 2241 3738 «
2276 3686 2678 3744 Sennacherib
2708 3702 2812 3743 rex
2857 3687 3244 3760 Assyriorum
3276 3686 3357 3743 ad
3398 3686 3695 3742 universas
3720 3684 3875 3740 civi-

2214 3799 2243 3826 ‹‹
2272 3781 2420 3833 tates
2447 3776 2601 3833 Juda
2630 3777 2914 3848 munitas,
2942 3780 2999 3834 et
3025 3776 3181 3850 cepit
3210 3791 3334 3833 eas.
3369 3778 3528 3832 Tunc
3559 3774 3720 3831 misit
3740 3777 3878 3832 Eze-

2212 3890 2240 3919 ‹‹
2275 3868 2439 3924 chias
2468 3884 2573 3924 rex
2598 3870 2625 3923 J
2633 3866 2752 3923 uda
2778 3868 3023 3924 nuntios
3053 3868 3131 3924 ad
3160 3883 3366 3938 regem
3394 3866 3784 3940 Assyriorum
3812 3866 3881 3923 in

2212 3978 2240 4007 «
2264 3957 2497 4026 Lachis,
2529 3956 2731 4013 dicens
2758 3974 2770 4012 :
2800 3956 3069 4028 Peccavi,
3100 3958 3311 4013 recede
3350 3973 3387 4013 a
3440 3972 3560 4026 me,
3592 3960 3650 4012 et
3691 3971 3877 4013 omne

2211 4069 2239 4097 ‹‹
2270 4047 2438 4121 quod
2466 4046 2822 4119 imposueris
2845 4046 3014 4116 mihi,
3046 4045 3256 4103 feram.
3292 4045 3509 4102 Indixit
3530 4046 3733 4120 itaque
3762 4061 3872 4102 rex

2211 4158 2239 4187 ι(
2272 4136 2650 4209 Assyriorum
2700 4135 2959 4191 Ezechias
3006 4136 3133 4206 regi
3160 4135 3327 4192 Judae
3356 4140 3620 4192 trecenta
3649 4134 3878 4192 talenta

2212 4246 2241 4275 ‹‹
2273 4225 2521 4295 argenti,
2568 4229 2622 4280 et
2663 4224 2906 4295 triginta
2954 4224 3178 4281 talenta
3220 4225 3369 4283 auri.
3400 4225 3693 4298 Deditque
3732 4226 3879 4281 Eze-

2213 4336 2241 4365 ‹‹
2274 4314 2440 4370 chias
2474 4329 2653 4370 omne
2685 4319 3003 4385 argentum
3032 4314 3196 4388 quod
3235 4319 3541 4388 repertum
3577 4315 3775 4372 fuerat
3810 4314 3879 4371 in

2213 4426 2240 4453 «
2273 4402 2458 4460 domo
2490 4402 2743 4471 Domini,
2779 4408 2836 4459 et
2862 4404 2924 4459 in
2966 4404 3258 4461 thesauris
3283 4405 3467 4475 regis,
3495 4408 3657 4461 etc.»
3698 4403 3881 4461 Clara

2211 4498 2297 4550 est
2322 4493 2570 4549 historia
2598 4509 2732 4566 quae
2763 4492 2826 4549 in
2852 4492 3020 4549 libris
3044 4497 3275 4564 Regum
3301 4509 3538 4550 necnon
3568 4494 3631 4548 in
3650 4492 3881 4550 Parali-

2208 4597 2514 4656 pomenon
2541 4586 2596 4638 et
2618 4582 2680 4637 in
2730 4583 3043 4655 Prophetia
3072 4582 3235 4639 Isaias
3274 4582 3407 4655 pari
3429 4582 3615 4638 modo
3643 4581 3879 4638 descri-

2209 4671 2386 4729 bitur.
2443 4672 2721 4728 Ezechias
2768 4671 2975 4743 viginti
3050 4672 3318 4745 quinque
3386 4687 3687 4728 annorum
3741 4675 3882 4727 erat

2210 4778 2349 4819 cum
2376 4777 2630 4834 regnare
2651 4762 2966 4835 coepisset:
2997 4762 3269 4832 regnavit
3293 4765 3496 4821 autem
3515 4761 3725 4832 viginti
3753 4776 3879 4818 no-

2205 4868 2347 4909 vem
2376 4851 2550 4908 annis
2598 4852 2660 4908 in
2690 4849 3080 4922 Hierusalem,
3111 4854 3169 4906 et
3208 4849 3517 4907 rebellavit
3545 4853 3756 4907 contra
3778 4866 3883 4906 re-

2209 4956 2346 5012 gem
2374 4942 2776 5015 Assyriorum,
2810 4943 2866 4996 et
2902 4956 3026 4996 non
3058 4939 3298 4998 servivit
3343 4941 3416 4996 ei.
3458 4939 3607 4996 Hinc
3646 4942 3885 4997 Senna—

2207 5031 2409 5088 cherib
2452 5032 2760 5103 ingressus
2782 5030 3071 5098 Iudaeam,
3100 5029 3334 5087 obsedit
3364 5029 3545 5087 urbes
3578 5029 3709 5101 ejus
3737 5046 3888 5086 mu-

2204 5119 2381 5183 nitas.
2408 5123 2475 5176 Et
2505 5138 2643 5176 cum
2673 5119 2972 5177 obsideret
3001 5120 3235 5195 Lachis,
3266 5120 3426 5177 misit
3447 5120 3527 5178 ad
3565 5136 3706 5175 eum
3738 5121 3887 5175 Eze-

2204 5204 2371 5260 chias
2422 5208 2685 5261 trecenta
2732 5204 2955 5262 talenta
2996 5205 3248 5278 argenti,
3280 5210 3336 5263 et
3376 5205 3613 5276 triginta
3643 5203 3884 5263 talenta

2203 5292 2353 5363 auri,
2393 5292 2592 5349 fractis
2624 5293 2829 5363 januis
2876 5294 3103 5368 templi,
3137 5299 3192 5351 et
3237 5294 3480 5353 laminis
3510 5296 3642 5367 ejus
3668 5293 3888 5352 detra-

2202 5383 2307 5440 ctis
2336 5383 2511 5457 quasi
2540 5382 2667 5455 ipse
2698 5380 3005 5440 aﬂixisset.

2272 5496 2299 5525 α
2323 5474 2471 5531 Misit
2482 5477 2683 5529 autem
2695 5489 2797 5529 rex
2817 5473 3198 5547 Assyriorum
3222 5474 3483 5532 Tarthan
3502 5478 3558 5531 et
3576 5472 3883 5531 Rabsaris

2199 5583 2228 5613 «
2260 5567 2315 5619 et
2362 5564 2672 5622 Rabsacen
2727 5581 2866 5620 cum
2915 5581 3103 5621 manu
3128 5566 3331 5623 valida
3359 5565 3440 5623 ad
3465 5563 3881 5622 Hierusalem.

426 5635 841 5696 voluntatibus
862 5638 1225 5747 severaciter
1243 5639 1628 5701 manifestam
1645 5644 2083 5724 obtemperare,
2197 5672 2227 5703 «
2256 5655 2541 5724 Egressus
2579 5661 2671 5714 est
2697 5658 2899 5714 autem
2943 5656 3023 5714 ad
3055 5672 3159 5714 eos
3188 5656 3434 5716 Eliacim
3463 5654 3624 5713 ﬁlius
3648 5653 3888 5714 Helcim
