4102 6184
529 199 533 202 ·
567 174 668 237 527

1199 297 1377 352 CAPU
1391 297 1422 350 Γ
1460 296 1602 353 ΧΙΧ.
1673 328 1679 334 -

639 414 668 444 ‹‹
701 393 840 456 Quae
871 403 1009 442 cum
1031 385 1297 440 audisset
1334 386 1628 452 Ezechias,
1659 383 1833 440 scidit
1875 382 2225 439 vestimenta

567 501 597 530 κ
629 494 759 541 sua,
779 480 836 532 et
851 479 1093 548 opertus
1110 478 1198 529 est
1219 490 1414 543 sacco,
1433 474 1856 547 ingressusque
1868 476 1956 528 est
1969 471 2222 526 domum

565 588 596 618 «
624 565 883 632 Domini,
916 568 972 621 et
1001 563 1164 619 misit
1196 562 1436 619 Eliacim
1464 563 1854 637 praepositum
1894 561 2137 623 domus,
2166 563 2224 615 et

567 680 595 710 α
627 656 893 713 Sobnam
915 652 1196 721 scribam,
1225 657 1284 709 et
1305 669 1476 710 senes
1497 653 1571 709 de
1603 651 2036 718 sacerdotibus,
2055 665 2223 722 oper-

568 770 596 798 ‹‹
629 753 719 804 tos
747 743 957 813 saccis,
991 742 1069 798 ad
1099 742 1315 799 Isaiam
1362 742 1724 816 prophetam
1770 741 1959 796 ﬁlium
2012 740 2217 795 Amos.

566 858 595 886 «
630 833 741 900 Qui
770 833 1052 888 dixerunt
1077 830 1128 886 ei
1154 849 1166 886 :
1193 834 1326 887 Haec
1347 832 1490 888 dicit
1515 831 1794 887 Ezechias
1822 847 1835 884 :
1868 829 2000 884 Dies
2037 827 2221 884 tribu-

565 945 592 972 ι(
625 919 884 988 lationis,
913 923 972 976 et
995 919 1440 992 increpationis,
1469 923 1526 976 et
1551 918 1949 990 blasphemiae
1977 917 2104 972 dies
2138 915 2220 970 is-

564 1032 594 1060 ‹‹
617 1015 693 1067 te.
724 1011 1030 1064 Venerunt
1058 1007 1159 1062 ﬁlii
1189 1023 1384 1080 usque
1429 1008 1508 1064 ad
1535 1013 1801 1081 partum,
1833 1011 1888 1062 et
1913 1005 2068 1061 vires
2095 1019 2220 1060 non

565 1123 595 1150 ‹‹
624 1099 810 1156 habet
831 1097 1193 1170 parturiens,
1221 1119 1248 1147 »
1271 1102 1379 1154 etc.
1407 1098 1696 1155 Scindunt
1718 1096 2070 1152 vestimenta
2087 1109 2215 1163 sua,

561 1187 707 1262 quia
733 1189 1044 1259 Bapsacen
1095 1185 1348 1242 audiunt
1378 1185 1923 1260 blasphemantem.
1960 1182 2140 1240 Scidit
2164 1186 2220 1238 et

561 1292 668 1334 rex
695 1280 924 1333 vestem
948 1290 1142 1343 suam,
1175 1274 1319 1348 quia
1347 1291 1458 1348 pro
1479 1274 1686 1349 populi
1716 1273 1911 1330 etsuis
1941 1288 2070 1328 esse
2085 1287 2220 1345 pec-

562 1367 710 1424 catis
744 1365 1043 1437 credebat,
1075 1365 1240 1438 quod
1272 1369 1573 1438 Rapsaces
1631 1380 1824 1436 usque
1870 1362 1949 1420 ad
1977 1366 2217 1436 portam

561 1454 725 1510 venit
749 1453 1135 1524 Hierusalem,
1171 1457 1227 1510 et
1263 1458 1470 1510 contra
1517 1451 1835 1508 dominum
1865 1450 2005 1508 talia
2033 1450 2108 1505 sit
2132 1449 2218 1505 lo-

1553 206 1562 213 -
1661 171 2016 228 ANGELOMI
2070 166 2516 225 LUXOVIENSIS
2556 163 2868 224 MONACHI

3888 171 3990 225 528

2406 313 2434 339 «
2465 291 2672 363 Itaque
2729 303 2868 346 cum
2921 285 3250 358 accepisset
3299 285 3578 343 Ezechias
3632 287 3861 346 litteras
3918 292 3991 348 de

2331 401 2360 430 «
2392 395 2580 436 manu
2608 379 2975 438 nuntiorum,
3000 380 3057 432 et
3083 375 3324 445 legisset
3353 392 3478 444 eas,
3503 379 3777 434 ascendit
3805 379 3869 435 in
3887 381 3989 437 do-

2330 491 2358 519 κ
2390 485 2561 525 mum
2593 466 2847 534 Domini,
2871 450 3234 538 etexpandit
3258 481 3360 520 eas
3391 481 3600 522 coram
3635 468 3916 538 Domino,
3937 477 3992 527 et

2329 579 2358 607 α
2385 557 2576 614 oravit
2612 557 2673 613 in
2701 558 3027 628 conspectu
3057 554 3210 625 ejus,
3242 553 3450 610 dicens
3479 573 3492 622 ;
3538 556 3792 613 Domine
3841 561 3992 616 Deus

2328 667 2357 694 «
2390 644 2589 712 Israel,
2624 644 2728 716 qui
2747 642 2918 699 sedes
2950 657 3131 714 super
3161 641 3496 710 cherubim,
3530 647 3595 699 tu
3619 660 3684 699 es
3713 644 3873 702 Deus
3908 664 3994 704 so-

2328 756 2356 784 ‹‹
2396 733 2490 789 lus
2524 732 2800 790 omnium
2827 747 3042 802 regum
3086 733 3275 799 terrae,
3329 733 3395 786 tu
3432 729 3622 787 fecisti
3673 733 3898 791 coelum
3939 741 3994 792 et

2326 844 2356 874 ι(
2387 827 2628 880 terram.
2671 821 2919 892 Inclina,
2973 819 3246 892 Domine,
3277 836 3489 877 aurem
3541 824 3712 878 tuam
3741 828 3801 880 et
3826 825 3989 893 audi,

2325 935 2354 964 α
2389 913 2554 987 aperi
2582 911 2788 969 oculos
2825 915 2978 978 tuos,
3009 911 3281 981 Domine,
3315 915 3374 967 et
3399 911 3558 980 vide,
3609 918 3670 968 et
3696 913 3842 970 audi
3869 931 3994 972 om-

2327 1025 2356 1053 ‹‹
2382 1002 2484 1058 nia
2511 1001 2696 1058 verba
2723 999 3148 1070 Sennacberib,
3180 1015 3318 1072 quas
3348 1000 3508 1056 misit
3556 1005 3624 1057 ut
3666 1003 3994 1075 exprobra-

2327 1114 2354 1142 ‹‹
2386 1094 2475 1146 ret
2497 1089 2676 1146 nobis
2703 1092 2889 1145 Deum
2917 1088 3241 1156 viventem,
3263 1111 3290 1138 υ
3316 1093 3374 1144 et
3392 1089 3644 1162 reliqua.
3677 1091 3844 1147 Prius
3861 1095 3997 1149 Eze-

2325 1178 2491 1234 chias
2518 1175 2756 1233 Domini
2787 1175 2998 1232 timore
3027 1176 3393 1248 perterritus,
3423 1193 3596 1233 orare
3646 1178 3706 1233 in
3763 1181 3998 1253 templo

2334 1280 2458 1322 non
2487 1265 2769 1336 audebat,
2791 1263 2885 1319 vel
2912 1263 3133 1320 liberas
3163 1264 3414 1320 fundere
3443 1281 3682 1338 preces:
3717 1273 3860 1323 tunc
3887 1286 4001 1325 au-

2330 1358 2470 1421 tem,
2504 1354 2649 1427 quia
2696 1351 2862 1410 audit
2907 1352 3123 1408 Isaiam
3152 1353 3489 1410 dicentem:
3520 1376 3548 1406 ‹
3583 1358 3659 1410 Ne
3713 1355 3932 1413 timeas
3958 1374 3998 1414 a

2343 1444 2493 1500 facie
2521 1443 2842 1501 verborum
2883 1459 3017 1515 quae
3047 1441 3266 1499 audisti
3295 1445 3435 1510 (13a.
3463 1445 3714 1517 xxxvii),
3747 1469 3776 1495 »
3807 1451 3870 1503 et
3896 1463 3994 1504 re-

561 1548 758 1600 cutus.
792 1542 930 1599 Mira
959 1544 1113 1613 regis
1138 1541 1444 1598 humilitas
1479 1547 1534 1598 et
1563 1540 1881 1614 prudentia
1909 1540 1922 1595 !
1957 1537 2216 1596 Dimisso
2321 1533 2508 1607 liqua,
2534 1533 2819 1590 audacter
2850 1532 3174 1588 Dominum
3214 1532 3590 1606 deprecatur.

559 1633 724 1704 regio
743 1632 928 1695 cultu,
961 1631 1284 1688 obvolutus
1315 1646 1514 1698 sacco,
1565 1630 1645 1686 ad
1689 1628 1984 1702 templum
2021 1626 2216 1700 pergit
2243 1615 2284 1670 Β
2395 1643 2425 1677 ‹
2456 1622 2603 1680 Misit
2629 1626 2832 1680 autem
2858 1619 3045 1677 Isaias
3080 1619 3240 1677 ﬁlius
3289 1626 3474 1678 Amos
3521 1622 3602 1678 ad
3646 1624 3986 1693 Ezechiam,

559 1722 635 1778 de
664 1721 887 1794 palatio
914 1738 927 1788 ;
961 1720 1260 1794 principes
1291 1719 1694 1790 sacerdotum,
1735 1735 1859 1775 non
1893 1716 2077 1786 stolis,
2111 1715 2217 1772 sed

559 1809 762 1865 ciliciis
793 1808 968 1865 mittit
991 1808 1069 1864 ad
1102 1809 1323 1864 Isaiam
1355 1813 1695 1881 coopertos,
1719 1811 1776 1862 et
1804 1805 1986 1862 dixit:
2032 1827 2060 1854 «
2085 1803 2216 1860 Dies

557 1897 687 1954 haec
714 1895 1114 1954 tribulationis
1125 1895 1764 1967 nostrm,correptionis
1788 1893 1909 1964 Dei,
1940 1891 2217 1966 blasphe-

555 1987 694 2042 miae
717 1987 1001 2042 hostium.
1034 2007 1062 2036 »
1086 1987 1374 2058 Ponitque
1401 1985 1850 2041 similitudinem
1884 1981 2215 2056 parturien-

557 2072 630 2128 tis
654 2072 894 2129 feminaa
925 2077 982 2129 et
1010 2072 1288 2144 dolentis,
1321 2089 1459 2146 quae
1489 2073 1566 2129 ad
1598 2077 1836 2145 partum
1867 2086 2059 2143 usque
2084 2085 2216 2143 per-

553 2161 737 2232 venit,
769 2165 826 2217 et
847 2176 1132 2231 generare
1162 2176 1285 2217 non
1315 2161 1527 2233 possit.

627 2270 656 2300 κ
683 2249 741 2307 Si
769 2250 1082 2323 quomodo
1105 2249 1313 2306 audiat
1335 2250 1628 2306 Dominus
1663 2252 1813 2306 Deus
1831 2252 1986 2305 tuus.
2023 2268 2051 2298 ›
2085 2251 2214 2304 Non

555 2338 717 2395 enim
749 2339 1044 2395 audemus
1066 2339 1261 2395 dicere
1288 2339 1561 2395 omnium
1575 2343 1849 2394 nostrum
1869 2337 2212 2402 Dominum,

555 2443 679 2500 quo
709 2426 998 2484 irascente
1031 2431 1194 2483 tanta
1209 2429 1596 2500 perpetimur,
1623 2427 1726 2482 sed
1759 2431 1928 2483 tuum
1958 2426 2214 2481 dicimus

560 2515 913 2584 Dominum;
970 2519 1029 2572 et
1074 2516 1231 2572 hanc
1283 2516 1582 2573 habemus
1625 2515 1863 2571 ultionis
1901 2515 2212 2586 ﬁduciam,

561 2604 855 2676 quoniam
884 2604 1086 2660 vivens
1108 2608 1263 2661 Deus
1283 2605 1758 2677 blasphematur,
1783 2621 1819 2661 a
1840 2604 2070 2660 cultura
2089 2604 2214 2660 ido-

558 2689 758 2746 lorum
784 2695 1182 2748 mortuorum.

627 2802 656 2830 «
693 2782 849 2836 Leva
875 2795 1020 2852 ergo
1068 2781 1404 2838 orationem
1455 2785 1724 2837 nostram
1768 2782 2069 2852 jacentem
2100 2797 2210 2854 pro

555 2890 585 2919 α
616 2867 880 2942 reliquiis
902 2869 1136 2942 Vpopuli
1163 2885 1300 2943 quas
1329 2869 1697 2926 obsidentur.
1730 2893 1757 2919 ››
1790 2870 2077 2926 Praevenit
2105 2885 2209 2926 eos

2323 1733 2354 1762 ‹‹
2379 1712 2614 1770 dicens:
2665 1713 2799 1767 Haec
2830 1710 2974 1766 dicit
3011 1711 3300 1767 Dominus
3352 1713 3511 1767 Deus
3562 1713 3788 1770 Israel:
3841 1717 3986 1780 Qua:

2321 1821 2351 1849 «
2383 1799 2739 1873 deprecatus
2768 1802 2861 1854 est
2889 1813 2986 1854 me
3025 1815 3207 1872 super
3257 1799 3662 1856 Sennacberib
3692 1816 3829 1871 rege
3871 1807 3986 1858 As-

2323 1912 2352 1941 ‹‹
2381 1889 2700 1962 syriorum,
2733 1888 2960 1945 audivi.
2990 1892 3101 1945 Iste
3153 1892 3241 1945 est
3285 1905 3484 1946 sermo
3521 1907 3708 1963 quem
3749 1891 3984 1948 locutus

2321 2000 2350 2030 ι(
2384 1983 2473 2035 est
2502 1979 2792 2035 Dominus
2813 1977 2888 2034 de
2916 1993 2987 2034 eo
3011 1995 3024 2034 :
3081 1977 3313 2050 Sprevit
3339 1983 3394 2035 te
3423 1983 3480 2035 et
3508 1979 3909 2037 subsannavit
3932 1987 3982 2037 te

2321 2089 2351 2118 ‹‹
2383 2067 2553 2139 virgo
2579 2067 2704 2124 ﬁlia
2734 2067 2893 2124 Sion.
2931 2068 3071 2124 Post
3123 2071 3360 2138 tergum
3417 2073 3589 2124 tuum
3638 2075 3818 2144 caput
3859 2087 3981 2126 mo-

2323 2157 2459 2214 «vit
2486 2155 2610 2214 ﬁlia
2659 2156 3050 2214 Hierusalem.
3105 2157 3211 2213 Cui
3259 2158 3634 2231 exprobrasti
3686 2165 3744 2216 et
3796 2177 3978 2233 quem

2322 2267 2353 2300 ‹
2386 2246 2860 2320 blasphemasti?
2889 2247 3108 2302 Contra
3137 2262 3323 2319 quem
3353 2247 3625 2304 exaltasti
3651 2265 3886 2317 vocem,
3925 2254 3981 2304 et

2321 2359 2350 2388 ‹‹
2383 2336 2621 2393 elevasti
2662 2335 2722 2392 in
2770 2335 3074 2392 excelsum
3103 2335 3313 2392 oculos
3348 2341 3478 2393 tuos
3499 2339 3526 2393 ἱ)
3558 2338 3772 2394 Contra
3802 2354 3977 2394 sanc-

2321 2445 2352 2479 ‹
2381 2428 2508 2480 tum
2536 2424 2737 2494 Israel,
2770 2448 2798 2474 »
2858 2429 2914 2480 et
2957 2423 3206 2496 reliqua.
3257 2425 3516 2498 Denique
3566 2426 3837 2480 Ezechias
3867 2442 3975 2480 au-

2319 2514 2526 2571 dacter
2554 2514 2875 2570 Dominum
2905 2513 3283 2586 deprecatur,
3309 2530 3416 2570 nec
3441 2513 3602 2568 misit
3625 2513 3703 2568 ad
3748 2512 3965 2568 lsaiam

2319 2606 2384 2659 ut
2410 2602 2578 2675 prius
2602 2603 2754 2671 fecit,
2780 2618 2903 2658 non
2931 2603 3061 2675 ipse
3093 2604 3376 2676 prapheta
3427 2601 3620 2672 pergit
3659 2599 3740 2656 ad
3793 2615 3963 2668 eum,

2319 2692 2428 2748 sed
2457 2692 2698 2748 nuntios
2722 2692 2888 2748 misit
2915 2692 3019 2765 qui
3059 2693 3156 2748 Dei
3204 2705 3558 2762 responsum
3585 2688 3866 2745 deferant
3892 2688 3975 2744 ad

2318 2798 2554 2838 eum:«
2591 2781 2773 2851 Virgo
2833 2781 2993 2850 Sion,
3042 2786 3095 2838 et
3141 2780 3262 2836 ﬁlia
3316 2778 3718 2835 Hierusalem.
3745 2802 3773 2828 ››
3835 2781 3974 2845 Quae

2317 2871 2453 2928 ideo
2478 2873 2648 2943 virgo
2688 2871 2904 2927 dicitur
2932 2875 2989 2927 et
3037 2870 3176 2941 ﬁlia,
3205 2869 3351 2942 quia
3406 2869 3640 2924 cunctis
3696 2869 3973 2939 gentibus

554 2957 736 3013 Isaias
768 2957 906 3028 (Isa.
951 2959 1190 3030 xxxvn),
1249 2959 1394 3031 quia
1440 2973 1512 3014 eo
1576 2957 1782 3031 spiritu
1830 2974 1954 3031 quo
2012 2957 2212 3015 futura
2240 2971 2280 3027 c
2319 2960 2642 3017 simulacra
2671 2964 3050 3016 mortuorum
3081 2958 3491 3021 adorantibus,
3523 2957 3658 3013 hac
3684 2958 3812 3014 sola
3831 2974 3970 3014 con-

551 3046 862 3117 noscebat,
895 3047 1076 3104 etiam
1105 3048 1417 3105 absentem
1467 3049 1755 3104 audierat.
1794 3051 1946 3110 Haec.
1995 3048 2207 3121 inquit,

551 3134 729 3191 dicite
758 3135 1007 3192 domino
1037 3141 1272 3194 vestro:

624 3226 758 3281 Hec
777 3223 920 3280 dicit
946 3225 1264 3282 dominus:
1300 3247 1328 3276 ‹‹
1371 3225 1499 3282 Noli
1531 3227 1734 3282 timere
1772 3225 1959 3282 verba
1986 3223 2209 3298 quibus

551 3335 583 3364 «
612 3328 738 3370 non
783 3317 867 3383 tu,
900 3313 1007 3370 sed
1058 3330 1172 3386 ego
1203 3332 1338 3372 sum
1392 3314 1866 3389 blasphematus,
1923 3331 2034 3374 nec
2072 3314 2208 3370 dico

551 3420 585 3456 ‹
613 3401 820 3459 omnia
839 3417 975 3474 quas
1001 3403 1128 3473 regi
1183 3404 1426 3476 Assyrio
1468 3403 1709 3470 faciam,
1763 3419 1839 3460 ne
1888 3419 2091 3460 meam
2119 3402 2206 3458 vi-

550 3511 582 3542 α
613 3490 759 3548 dear
781 3491 1010 3562 jactare
1039 3492 1393 3563 potentiam.
1446 3492 1558 3548 Sed
1601 3493 1745 3564 quia
1789 3492 2030 3548 dandus
2059 3492 2132 3549 sit
2154 3492 2209 3548 ei

551 3601 582 3631 κ
608 3581 850 3653 spiritus
885 3596 1009 3636 non
1034 3580 1156 3651 Dei,
1188 3580 1294 3636 sed
1323 3579 1670 3637 adversarii.
1721 3583 1786 3636 Et
1815 3580 2020 3636 audito
2049 3597 2205 3637 nun-

553 3692 582 3720 ‹‹
609 3669 712 3743 tio,
744 3673 1046 3728 revertens
1075 3670 1155 3727 ad
1193 3674 1414 3727 terram
1468 3686 1642 3726 suam
1697 3674 1933 3725 corruat
1981 3670 2202 3739 gladio,

551 3775 583 3813 ‹
613 3762 680 3816 ut
701 3759 827 3817 duo
871 3758 1094 3833 pariter
1146 3772 1285 3833 quas
1337 3758 1585 3833 optabat
1642 3758 1918 3814 Ezechias
1975 3759 2202 3829 audire,

549 3870 580 3900 α
613 3865 674 3907 se
706 3849 786 3907 ab
839 3848 1154 3906 obsidione
1203 3848 1610 3920 liberandum,
1669 3853 1728 3905 et
1782 3847 2096 3904 inimicum
2143 3849 2203 3904 in

548 3960 581 3989 «
611 3954 723 3996 sua
769 3942 926 3995 terra
975 3937 1337 3995 moriturum
1384 3953 1534 3995 esse.
1569 3939 1860 3994 Reversus
1900 3940 1988 3994 est
2027 3937 2206 4008 igitur

549 4047 580 4076 ‹‹
610 4029 929 4098 Rapsaces,
966 4031 1023 4083 et
1076 4027 1304 4084 invenit
1339 4043 1542 4098 regem
1586 4028 1973 4099 Assyriorum
2025 4042 2207 4099 expu-

549 4135 581 4165 α
611 4119 897 4182 gnantem
921 4115 1212 4172 Lobnam.
1242 4115 1526 4172 Audierat
1553 4115 1714 4170 enim
1737 4114 1904 4187 quod
1927 4115 2203 4170 recessis-

547 4219 582 4256 ι
611 4205 698 4257 set
748 4201 825 4258 de
883 4203 1116 4259 Lachis.
1169 4207 1441 4275 Cumque
1494 4202 1760 4259 audisset
1814 4203 1888 4258 de
1937 4203 2203 4261 Tharaca

546 4311 578 4342 κ
609 4304 748 4361 rege
796 4291 1105 4363 Ethiopiae
1158 4291 1453 4348 dicentes:
1513 4295 1659 4348 Ecce
1714 4291 2022 4361 ingressus
2087 4297 2196 4361 est,

546 4397 577 4427 α
602 4379 667 4431 ut
683 4377 913 4449 pugnet
940 4373 1266 4430 adversum
1307 4379 1383 4441 te,
1409 4379 1467 4431 et
1493 4374 1605 4431 iret
1647 4380 1855 4432 contra
1898 4392 2058 4442 eum,
2089 4377 2199 4432 mi-

543 4485 577 4518 α
605 4465 678 4522 sit
704 4463 950 4523 nuntios
972 4462 1054 4520 ad
1076 4463 1405 4528 Ezechiam,
1434 4464 1668 4521 dicens:
1703 4467 1832 4522 Haec
1863 4466 2036 4522 dicite
2061 4469 2198 4522 Eze-

543 4579 575 4608 «
608 4557 755 4614 chiaa
784 4554 910 4629 regi
937 4553 1141 4612 ludas:
1202 4557 1330 4612 Non
1359 4558 1415 4612 te
1454 4554 1699 4611 seducet
1741 4559 1893 4614 Deus
1931 4560 2089 4626 tuus,
2135 4555 2197 4612 in

543 4668 575 4700 «
604 4663 728 4721 quo
747 4646 938 4704 habes
966 4643 1278 4716 ﬁduciam,
1305 4659 1503 4718 neque
1523 4643 1723 4700 dicas:
1777 4648 1902 4701 Non
1933 4645 2198 4702 tradetur

543 4758 575 4788 α
596 4736 963 4795 Hierusalem
1007 4735 1068 4792 in
1099 4750 1318 4792 manus
1346 4733 1503 4805 regis
1532 4734 1932 4807 Assyriorum.
1966 4757 1993 4785 »
2023 4736 2197 4790 Juxta

537 4825 911 4882 voluntatem
968 4825 1068 4880 Dei
1130 4827 1428 4899 Rapsaces
1493 4823 1757 4882 deseruit
1816 4823 2194 4881 obsidionem

541 4907 934 4979 Hierusalem,
1003 4917 1060 4968 et
1123 4915 1382 4984 perrexit
1453 4911 1533 4970 ad
1607 4913 1922 4971 dominum
1990 4930 2192 4982 suum,

538 5011 725 5068 quem
765 4997 863 5052 vel
911 5001 1088 5069 capta
1127 5001 1222 5054 vel
1269 5002 1503 5058 deserta
1559 5003 1764 5058 Lachis
1815 5003 2041 5059 invenit
2069 5019 2195 5074 hop-

536 5089 914 5158 pugnantem
973 5084 1264 5141 Lobnam.
1300 5091 1702 5146 Sennacberib
1733 5096 1933 5147 autem
1989 5106 2193 5146 occur-

536 5187 678 5229 rens
708 5172 834 5244 regi
863 5172 1235 5245 Ethiopum,
1263 5176 1422 5234 misit
1474 5178 1554 5234 ad
1611 5179 1916 5234 Ezechiam
1948 5177 2188 5234 nuntios

536 5265 595 5318 et
623 5261 924 5335 epistolas,
957 5267 1022 5319 ut
1046 5277 1149 5318 eos
1171 5279 1326 5335 quos
1347 5265 1410 5321 in
1438 5265 1667 5321 viribus
1696 5282 1818 5322 non
1862 5266 2035 5338 cepit,
2063 5283 2187 5324 ser-

534 5366 717 5409 mone
745 5355 1006 5409 terreret.
1050 5354 1356 5422 Pugnasse
1387 5359 1584 5410 autem
1613 5354 2011 5411 Sennacberib
2041 5373 2186 5413 con-

533 5445 626 5500 tra
653 5440 982 5514 Egyptios,
1007 5445 1066 5497 et
1093 5439 1400 5498 obsedisse
1448 5440 1771 5513 Pelusium,
1807 5443 2054 5517 jamque
2084 5463 2186 5502 ex-

2319 3053 2517 3106 servat
2555 3049 2908 3117 castitatem,
2942 3048 3246 3120 religionis
3279 3047 3380 3104 Dei
3399 3052 3454 3103 et
3483 3047 3665 3103 unius
3694 3046 3969 3103 divinita-

2317 3138 2390 3195 tis
2413 3138 2641 3196 cultum
2668 3156 2680 3207 ;
2714 3143 2772 3194 et
2804 3154 2942 3212 quas
2967 3155 3044 3195 ne
3069 3139 3148 3195 ad
3177 3138 3470 3210 majorem
3526 3135 3974 3209 blasphemiam

2317 3230 2660 3300 concitaret,
2692 3227 2967 3301 praesenti
2996 3244 3119 3284 non
3149 3226 3480 3300 respondit,
3506 3248 3535 3276 «
3575 3231 3715 3299 post
3743 3226 3969 3282 abeun-

2318 3340 2345 3368 «
2378 3323 2500 3376 tem
2526 3317 2713 3375 movit
2732 3323 2914 3390 caput
2942 3335 3141 3381 suum,
3173 3337 3203 3371 ›
3229 3321 3388 3373 certa
3412 3315 3488 3372 de
3519 3315 3762 3384 ultione,
3810 3331 3970 3372 secu-

2313 3422 2384 3464 ra
2410 3407 2486 3464 de
2507 3423 2709 3480 pmna.
2759 3411 2821 3462 In
2852 3421 3040 3461 manu
3073 3421 3385 3461 servorum
3415 3410 3678 3470 tuorum,
3702 3420 3814 3460 nec
3841 3405 3971 3478 ipse

2313 3513 2424 3569 per
2452 3501 2527 3566 te,
2557 3496 2662 3551 sed
2694 3511 2800 3568 per
2852 3511 3060 3551 servos
3112 3499 3266 3561 tuos,
3317 3499 3382 3550 ut
3428 3495 3625 3564 major
3667 3499 3756 3550 est
3810 3511 3973 3550 arro-

2315 3583 2540 3654 gantia,
2599 3584 2921 3639 Dominum
2969 3583 3421 3656 blasphemasti.
3469 3581 3723 3637 Altitudo
3785 3599 3972 3638 mon-

2314 3672 2462 3730 tium
2490 3676 2548 3727 et
2568 3673 2717 3744 juga
2749 3672 2954 3729 Libani
2999 3672 3234 3728 excelsa
3287 3671 3447 3728 cedri
3491 3676 3546 3728 et
3593 3670 3840 3736 abietes,
3867 3671 3972 3726 vel

2312 3778 2420 3834 per
2465 3762 2883 3834 metaphoram
2933 3763 3009 3818 de
3063 3762 3294 3817 cunctis
3347 3761 3621 3832 gentibus
3669 3759 3975 3833 accipien-

2312 3849 2458 3905 dum
2489 3854 2596 3922 est,
2628 3855 2686 3906 et
2737 3850 3110 3924 principibus
3161 3865 3394 3920 earum,
3457 3849 3550 3906 vel
3579 3849 3653 3905 de
3695 3849 3976 3905 Hierusa-

2309 3937 2429 3994 lem
2457 3953 2593 4010 quaa
2614 3943 2706 3995 est
2725 3937 2940 3994 cedrus
2978 3937 3204 4007 Libani,
3239 3941 3296 3994 et
3320 3937 3546 3994 abietes
3571 3942 3972 4012 potentesque

2313 4031 2370 4084 et
2397 4028 2736 4100 optimates.
2789 4026 3053 4083 Altitudo
3100 4026 3463 4083 summitatis
3505 4031 3563 4083 et
3592 4027 3777 4084 saltus
3823 4030 3968 4083 Car-

2310 4115 2471 4180 meli,
2530 4115 2819 4188 templum
2866 4117 2975 4170 est.
3030 4115 3321 4188 Quodque
3363 4114 3575 4171 infert:
3610 4138 3640 4165 ‹‹
3672 4117 3793 4185 Ego
3846 4112 3975 4171 fodi

2312 4207 2368 4258 et
2390 4203 2516 4259 bibi
2547 4219 2771 4277 aquam
2797 4222 2809 4272 ;
2853 4207 2907 4260 et
2939 4203 3157 4260 siccavi
3186 4203 3436 4274 vestigio
3472 4203 3644 4275 pedis
3691 4204 3820 4259 mei
3849 4220 3977 4260 om-

2310 4307 2416 4346 nes
2445 4291 2604 4348 rivos
2631 4305 2943 4364 aggerum,
2979 4314 3006 4342 »
3050 4291 3144 4347 vel
3199 4291 3278 4348 ob
3328 4292 3390 4347 id
3442 4291 3612 4359 dixit,
3663 4294 3818 4364 quia
3868 4310 3978 4367 pro

2309 4379 2687 4437 multitudine
2727 4381 3021 4437 exercitus
3055 4380 3260 4437 omnia
3291 4380 3518 4436 ﬂuenta
3543 4380 3889 4450 siccaverit,
3919 4389 3982 4438 ut

2306 4471 2520 4541 puteos
2553 4469 2665 4525 sibi
2685 4468 2887 4525 fodere
2918 4470 3268 4542 compulsus
3299 4468 3404 4524 sit:
3433 4467 3529 4524 vel
3556 4469 3704 4542 quia
3759 4488 3982 4528 omnes

2305 4558 2563 4631 populos
2596 4575 2752 4632 quos
2781 4575 2956 4631 aquas
2985 4558 3341 4630 signiﬁcant,
3376 4574 3486 4614 suo
3513 4561 3781 4619 vastavit
3811 4577 3980 4617 exer-

2305 4647 2425 4704 citu

2376 4758 2404 4786 «
2427 4736 2708 4810 Nunquid
2733 4752 2857 4794 non
2883 4737 3102 4794 audisti
3131 4753 3267 4810 quae
3299 4737 3443 4793 olim
3472 4737 3719 4794 fecerim
3757 4742 3816 4797 ei
3843 4742 3873 4796 ?
3906 4745 3985 4797 Ex

2288 4842 2335 4877 '«
2364 4825 2577 4884 diebus
2604 4827 2865 4900 antiquis
2894 4826 3192 4900 plasmavi
3216 4826 3382 4890 illud,
3429 4832 3488 4883 et
3516 4843 3676 4883 nunc
3716 4831 3982 4898 adduxi,

2303 4937 2332 4967 «
2364 4919 2422 4972 et
2458 4915 2683 4973 factum
2731 4921 2820 4972 est
2846 4915 2908 4971 in
2939 4915 3407 4972 eradicationem
3438 4915 3680 4972 collium
3723 4936 3988 4994 compu-

2305 5027 2332 5055 «
2359 5005 2675 5076 gnantium
2707 5010 2764 5062 et
2800 5005 3108 5061 civitatum
3153 5005 3545 5062 munitarum.
3581 5004 3985 5067 Habitatores

2303 5115 2334 5144 ‹‹
2371 5109 2580 5150 earum
2599 5095 2873 5152 breviata
2902 5110 3082 5151 manu
3103 5098 3613 5161 contremuerunt,
3643 5100 3710 5152 et
3739 5101 3988 5158 contusi

2300 5201 2331 5235 ‹
2364 5186 2523 5250 sunt,
2579 5181 2730 5238 sicut
2771 5183 2978 5239 fenum
3023 5183 3171 5254 agri,
3220 5188 3276 5240 et
3323 5199 3574 5253 gramen
3603 5199 3909 5260 pascuae,
3935 5195 3990 5245 et

2299 5291 2329 5322 ‹‹
2352 5269 2543 5328 herba
2587 5275 2897 5341 tectorum,
2948 5289 3086 5346 quae
3140 5273 3372 5329 exaruit
3401 5277 3750 5346 antequam
3785 5286 3986 5337 matu-

2298 5381 2328 5410 «
2352 5364 2560 5417 rescet.
2582 5360 3027 5418 Habitation’em
3047 5366 3234 5426 tuam,
3264 5367 3324 5419 et
3342 5377 3655 5432 egressum
3677 5369 3901 5439 tuum,
3932 5375 3988 5426 et

2297 5473 2327 5501 «
2357 5450 2664 5507 introitum
2689 5453 2859 5508 tuum
2885 5451 3160 5521 cognovi,
3191 5455 3249 5508 et
3275 5451 3577 5508 insaniam
3604 5456 3798 5515 tuam
3838 5477 3984 5517 con-

533 5528 1584 5605 structisaggeribusurbecapienda,
1605 5531 1835 5588 venisse
1855 5534 2182 5592 Tharacam
2294 5557 2326 5591 ‹
2355 5544 2446 5595 tra
2477 5543 2760 5598 me.Cum
2778 5539 3004 5598 fureres
3030 5542 3349 5598 adversum
3379 5557 3496 5609 me,
3531 5546 3851 5615 superbia
3882 5553 3987 5606 tua

531 5638 734 5697 regem
763 5620 1103 5696 Ethiopum
1138 5621 1197 5678 in
1244 5620 1554 5694 auxilium,
1586 5627 1790 5681 narrat
1829 5624 2177 5682 Herodotus.

2293 5648 2322 5676 κ
2346 5629 2620 5686 ascendit
2636 5629 2700 5687 in
2733 5646 2910 5690 aures
2930 5646 3119 5690 meas.
3152 5634 3381 5691 Ponam
3401 5645 3543 5703 ergo
3570 5631 3901 5698 circulum
3924 5639 3986 5698 in
