4102 6184
121 221 212 274 529

1073 222 1324 276 ENARR.
1368 222 1436 276 IN
1477 218 1725 284 LIBROS
1788 218 2049 274 REGUM.
2091 249 2158 258 —
2197 220 2264 274 IN
2306 217 2437 274 LIB.
2480 220 2567 274 ιν.

3428 223 3533 277 530

118 363 141 391 α
179 340 426 396 naribus
457 341 592 408 tuis,
625 346 681 397 et
728 341 962 399 frenum
998 343 1062 399 in
1107 343 1283 400 ladiis
1324 344 1459 413 tuis,
1491 347 1548 400 et
1573 342 1753 399 redu-
1783 342 1830 398 Δ
1869 340 2236 399 Hierusalem
2293 342 2452 399 enim
2514 346 2570 398 et
2632 341 2706 398 de
2771 345 2972 397 monte
3028 340 3166 397 Sion
3223 342 3533 412 egredien-

118 452 141 478 ‹‹
179 446 309 485 cam
341 434 393 485 te
423 430 485 485 in
515 430 677 486 viam
702 447 810 503 per
837 448 1020 504 quam
1050 433 1283 490 venisti.
1311 457 1338 484 »
1369 438 1502 490 Haec
1533 450 1607 489 ex
1627 448 1755 505 per-

117 534 258 574 sona
305 518 408 575 Dei
451 523 661 575 contra
718 519 902 577 verba
960 521 1183 594 Assyrii
1233 522 1545 579 sentienda
1597 525 1755 588 sunt,

113 606 271 680 quod
301 607 380 664 ad
409 607 850 680 blasphemiam
879 610 1008 681 ejus
1053 611 1136 667 sic
1164 612 1540 685 responderit
1565 610 1760 667 Domi-

113 714 255 753 nus:
302 719 329 746 «
363 700 516 752 Num
562 697 804 767 ignoras
854 698 1020 771 quod
1049 701 1178 756 haec
1217 716 1354 773 quae
1385 701 1592 765 fecisti,
1623 715 1761 756 mea

113 785 315 841 feceris
341 786 666 854 voluntate,
713 792 770 843 et
793 787 921 843 haec
965 804 1076 858 ego
1125 790 1323 846 futura
1355 789 1756 862 praedixerim,

114 879 308 947 aperte
331 875 608 932 facienda
636 877 1096 935 mandaverim?
1131 901 1157 928 ››
1190 883 1392 953 Itaque
1416 878 1580 952 quod
1615 878 1759 934 olim

110 963 367 1035 decrevi,
415 965 531 1020 hoc
581 965 874 1037 expletem
921 971 1010 1022 est
1073 971 1372 1040 tempore:
1437 972 1500 1024 ut
1556 967 1755 1035 colles,

109 1053 164 1108 id
199 1057 288 1109 est
306 1053 603 1126 principes
632 1054 736 1126 qui
764 1054 916 1111 inter
941 1072 1003 1112 se
1026 1060 1162 1113 ante
1191 1056 1566 1130 pugnabant,
1599 1061 1654 1112 et
1677 1056 1758 1112 ci-

110 1143 322 1199 vitates
394 1143 826 1209 munitissimae,
899 1161 996 1202 me
1060 1147 1442 1203 contrahente
1506 1162 1759 1202 manum

109 1247 306 1287 meam
327 1248 436 1287 nec
458 1232 700 1289 solitum
729 1233 1032 1306 praebente
1062 1235 1351 1292 auxilium
1381 1235 1758 1292 eradicaren-

111 1327 218 1388 tur,
254 1326 311 1377 et
341 1322 866 1380 contremiscerent
894 1340 965 1380 ac
1001 1327 1291 1397 perirent;
1321 1329 1377 1382 et
1405 1340 1758 1397 comparen-

109 1415 196 1464 tur
223 1425 347 1465 non
378 1409 550 1466 olivae
591 1415 647 1466 et
701 1411 906 1479 vineae,
938 1412 1378 1487 fructuosisque
1417 1414 1754 1481 arboribus,

107 1497 207 1553 sed
257 1497 396 1554 feno
436 1503 494 1555 et
528 1500 784 1569 gramini
835 1501 1158 1575 herbisque
1204 1503 1580 1573 dogmatum,
1621 1519 1757 1575 qua:

106 1587 374 1657 frugibus
423 1589 856 1662 impedimenta
898 1597 1055 1660 sunt,
1088 1597 1146 1649 et
1199 1598 1334 1650 ante
1379 1595 1758 1650 marcescunt

1866 434 1962 486 tur
2017 431 2304 504 reliquiae,
2338 437 2394 488 et
2441 430 2780 504 implebunt
2832 435 3051 487 terram
3100 431 3380 501 Judeam,
3408 449 3533 490 non

1868 536 1980 576 suo
2008 522 2240 588 merito,
2268 521 2371 578 sed
2404 521 2504 578 Dei
2533 520 2960 590 misericordia,
2984 520 3108 577 imo
3130 522 3253 578 zelo
3282 539 3406 596 quo
3426 523 3534 581 ad“

1865 626 2078 666 versus
2108 611 2364 682 impium
2410 609 2633 665 zelatus
2674 613 2762 666 est
2787 610 3082 682 populum
3115 627 3313 668 suum.

1940 721 1964 746 ‹‹
2013 701 2141 754 Haec
2173 699 2315 753 dicit
2348 699 2633 754 Dominus
2655 699 2728 754 de
2766 715 2906 769 rege
2949 698 3366 770 Assyriorum:
3399 702 3531 756 Non

1870 810 1898 837 ‹‹
1937 786 2179 842 intrabit
2231 787 2530 842 civitatem
2560 788 2737 855 hanc,
2771 792 2977 844 etnon
3002 788 3184 858 jaciet
3230 788 3313 845 ibi
3341 789 3528 859 sagit-

1869 898 1896 925 «
1940 880 2090 933 tam:
2139 891 2250 932 nec
2280 876 2600 949 occupabit
2627 893 2762 934 eam
2797 877 3069 950 clypeus,
3100 881 3158 932 et
3184 894 3307 933 non
3336 879 3530 936 mittet

1869 987 1898 1015 «
1938 967 1999 1021 in
2039 964 2289 1020 circuitu
2320 965 2448 1036 ejus
2473 980 2775 1034 aggerem.
2805 966 2870 1020 In
2917 965 3016 1022 via
3039 981 3165 1038 qua
3194 967 3372 1039 venit,
3420 983 3528 1040 per

1869 1072 1898 1100 ‹‹
1939 1066 2075 1107 eam
2103 1057 2447 1118 revertetur,
2482 1057 2537 1109 et
2567 1053 2776 1110 urbem
2807 1054 2964 1110 hanc
2993 1069 3117 1110 non
3138 1053 3524 1127 ingredietur,

1868 1161 1896 1188 ‹‹
1937 1139 2079 1195 dicit
2137 1141 2444 1198 Dominus.
2496 1146 2561 1198 Et
2608 1147 2923 1215 protegam
2971 1142 3264 1198 civitatem
3313 1143 3521 1200 istam:

1868 1247 1900 1282 ‹
1937 1233 1995 1284 et
2044 1228 2294 1286 salvabo
2333 1246 2467 1287 eam
2512 1235 2754 1304 propter
2804 1246 2902 1286 me
2961 1235 3018 1286 et
3060 1235 3302 1304 propter
3335 1232 3526 1289 David

1868 1339 1896 1366 ‹‹
1939 1332 2177 1374 servum
2207 1335 2434 1375 meum.
2465 1341 2492 1370 ι)
2523 1323 2764 1393 Propter
2792 1319 3130 1376 futurorum
3151 1334 3342 1392 spem,
3370 1335 3525 1392 prae-

1867 1411 2095 1463 sentem
2153 1409 2374 1465 excutit
2424 1413 2672 1466 metum.
2732 1409 2879 1466 Dicit
2924 1413 3147 1479 autem,
3191 1409 3337 1482 quia
3398 1425 3526 1466 non

1866 1510 1975 1550 suo
2006 1495 2218 1550 merito
2255 1482 2368 1552 sed
2403 1497 2502 1553 Dei
2555 1496 2872 1554 clementia
2913 1501 3359 1567 conserventur,
3399 1498 3524 1554 imo

1864 1583 2054 1656 patris
2080 1599 2290 1640 eorum
2323 1584 2507 1640 David
2562 1586 2888 1642 memoria:
2921 1586 2983 1642 in
3035 1602 3158 1658 quo
3201 1590 3524 1643 monentur

105 1693 289 1748 quam
319 1677 398 1732 ad
428 1679 829 1736 maturitatem
872 1682 1240 1753 perveniant.
1289 1687 1494 1756 Itaque
1546 1687 1601 1739 et
1630 1698 1752 1738 ses-
1797 1695 1839 1750 Β
1866 1675 1924 1727 et
1951 1688 2071 1726 διιεθ
2101 1671 2498 1742 negligentiae,
2527 1677 2584 1730 θι
2627 1674 2782 1731 illius
2811 1673 2953 1730 ﬁdei
2979 1678 3038 1731 εἴ
3072 1673 3346 1746 lusui-5&3;
3377 1674 3524 1747 (Ιιιία

106 1765 358 1836 sionem,
397 1771 455 1823 et
473 1783 802 1839 egressum,
835 1774 892 1826 et
921 1770 1226 1828 introitum
1249 1776 1422 1829 tuum
1452 1787 1564 1844 ego
1589 1771 1751 1838 novi,

105 1859 155 1908 et
181 1854 484 1911 insaniam
514 1873 636 1929 qua
686 1862 893 1915 contra
941 1875 1038 1915 me
1081 1859 1561 1918 debacchaturus
1598 1876 1754 1930 eras,

102 1943 405 2016 prophetis
451 1945 938 2017 vaticinantibus,
984 1965 1119 2004 sum
1166 1948 1419 2006 locutus.
1453 1951 1558 2004 Per
1600 1963 1756 2021 quos

102 2031 241 2087 olim
273 2032 573 2090 dicturum
603 2050 730 2091 esse
769 2040 824 2092 te
854 2052 1180 2094 noveram:
1213 2038 1274 2093 in
1305 2038 1524 2095 coelum
1553 2053 1756 2094 ascen-

96 2120 265 2188 dam,
299 2138 477 2194 super
529 2123 723 2181 sidera
766 2125 897 2182 coeli
935 2142 1164 2198 ponam
1217 2127 1502 2184 thronum
1549 2143 1754 2184 meum

95 2223 200 2264 ero
243 2209 450 2265 similis
477 2211 795 2268 Altissimo.
825 2213 1030 2286 Itaque
1060 2213 1224 2270 furor
1245 2219 1381 2270 tuus
1395 2219 1452 2271 et
1473 2215 1755 2288 superbia

94 2299 383 2368 pervenit
401 2299 462 2354 in
485 2316 658 2356 aures
686 2317 875 2370 meas,
891 2307 945 2358 et
959 2318 1350 2376 nequaquam
1370 2308 1424 2360 te
1453 2304 1603 2361 ultra
1622 2319 1755 2376 por-

89 2387 270 2454 tabo,
306 2392 370 2443 ut
397 2389 692 2460 intelligas
723 2391 888 2464 quod
921 2393 1165 2465 potuisti
1197 2409 1320 2449 non
1350 2395 1463 2450 tuis
1493 2395 1754 2468 potuisse

89 2480 145 2531 te
176 2475 433 2541 viribus,
467 2478 572 2534 sed
596 2495 733 2536 meo
758 2480 1020 2538 arbitrio.
1051 2483 1420 2540 Merebantur
1452 2486 1612 2540 enim
1639 2484 1751 2540 im-

89 2565 204 2636 piae
239 2569 451 2633 gentes
473 2571 529 2622 et
553 2567 934 2626 infructuosae
970 2572 1235 2644 arbores,
1265 2578 1330 2629 ut
1356 2589 1462 2645 per
1495 2578 1549 2630 te
1577 2574 1749 2646 quasi

93 2653 352 2708 securim
385 2659 443 2710 et
468 2671 694 2712 serram
742 2674 941 2715 meam
999 2661 1442 2718 succiderentur
1470 2667 1526 2720 et
1569 2664 1748 2720 cade-

90 2746 238 2798 rent.
276 2746 478 2816 Itaque
500 2761 728 2817 ponam
751 2748 1040 2805 circulum
1071 2751 1193 2807 sive
1222 2768 1463 2808 camum
1483 2754 1544 2808 in
1586 2753 1746 2810 nari-

1866 1759 1926 1816 in
1964 1765 2196 1817 tantum
2224 1760 2416 1831 diligit
2432 1763 2588 1818 Deus
2603 1763 2925 1835 justitiam,
2947 1768 3012 1820 ut
3025 1767 3297 1836 posteros
3327 1765 3521 1836 majo-

1865 1863 2001 1904 rum
2032 1847 2246 1904 virtute
2272 1853 2525 1906 tueatur.

1937 1959 1966 1985 α
1993 1937 2242 1993 Factum
2271 1942 2360 1994 est
2380 1938 2559 2008 igitur
2602 1938 2665 1995 in
2693 1943 2868 1997 nocte
2896 1939 3016 2009 illa,
3056 1941 3219 1998 venit
3259 1940 3521 2012 Angelus

1867 2047 1896 2074 «
1938 2024 2172 2082 Domini
2187 2030 2245 2082 et
2262 2027 2555 2098 percussit
2571 2027 2634 2083 in
2647 2028 2856 2085 castris
2871 2029 3261 2103 Assyriorum
3278 2033 3521 2086 centum

1864 2136 1891 2164 «
1933 2114 2237 2184 octoginta
2278 2117 2547 2188 quinque
2577 2116 2782 2174 millia.
2807 2119 3077 2192 Cumque
3097 2118 3361 2175 diluculo
3388 2134 3519 2175 sur-

1863 2226 1892 2253 «
1933 2203 2200 2268 rexisset.
2227 2203 2368 2261 vidit
2396 2205 2604 2261 omnia
2632 2221 2886 2278 corpora
2916 2211 3312 2276 mortuorum,
3345 2211 3403 2264 et
3433 2223 3522 2264 re-

1864 2314 1892 2342 «
1933 2293 2154 2349 cedens
2183 2292 2398 2349 abiit.»
2431 2295 2681 2351 Centum
2707 2296 3013 2367 octoginta
3041 2296 3310 2370 quinque
3333 2296 3521 2356 millia

1858 2381 2320 2439 fortissimorum
2344 2383 2609 2439 virorum
2638 2384 2716 2442 ab
2764 2401 2886 2442 uno
2919 2386 3132 2457 angelo
3176 2403 3299 2444 una
3343 2391 3518 2444 nocte

1859 2472 2192 2536 caeduntur,
2218 2476 2276 2528 et
2314 2473 2544 2546 absque
2573 2473 2922 2532 vulneribus
2964 2478 3304 2532 occisorum
3351 2493 3518 2534 mors

1858 2576 2020 2616 saeva
2066 2559 2362 2629 discurrit,
2395 2561 2718 2618 excludens
2764 2580 2802 2621 a
2852 2565 3204 2638 corporibus
3257 2565 3516 2639 animas,

1859 2648 2094 2705 Doinini
2143 2649 2466 2706 voluntate.
2513 2652 2702 2724 Super
2748 2668 2871 2725 quo
2914 2653 2975 2709 in
3017 2652 3518 2727 Paralipomenon

1855 2737 2104 2809 legitur:
2141 2761 2168 2788 ι(
2203 2742 2267 2795 Et
2310 2738 2471 2796 misit
2517 2741 2802 2798 Dominus
2848 2742 3142 2813 Angelum
3185 2760 3364 2800 suum
3411 2743 3518 2817 qui

92 2830 201 2886 bus
245 2833 385 2904 tuis,
444 2837 509 2890 ut
545 2833 1030 2908 blasphemantia
1076 2856 1182 2896 ora
1233 2841 1659 2914 constringam,
1691 2849 1748 2900 et
1853 2828 2151 2900 P61“:uSSit
2175 2843 2420 2884 omnem
2473 2829 2668 2886 Virum
2697 2831 3034 2903 Γοδιιείυωυ
3066 2836 3123 2889 et
3163 2831 3515 2890 bellatorem

94 2935 485 2994 nequaquam
511 2923 667 2980 ultra
697 2925 838 2982 talia
867 2927 1029 3000 loqui
1087 2929 1333 3000 audeas,
1385 2930 1745 3006 frenumque
1854 2920 1909 2970 et
1933 2917 2268 2988 principem
2323 2917 2614 2974 exercitus
2660 2920 2817 2990 regis
2845 2921 3254 2993 Assyriorum.
3297 2922 3515 2978 Rever-

95 3011 321 3066 mittam
349 3012 412 3067 in
442 3012 616 3068 labiis
647 3015 778 3083 tuis,
811 3017 976 3088 quod
1025 3022 1188 3074 tuam
1217 3020 1502 3076 ferociam
1540 3021 1746 3080 domet
1782 3047 1823 3104 ο
1853 3021 2081 3104 εξιείιιις
2096 3011 2185 3104 est
2208 3023 2346 3104 ςιξιξι
2369 3007 2702 3077 ignominia
2722 3009 2782 3065 in
2811 3015 3025 3066 terram
3059 3026 3231 3104 suam
3259 3012 3344 3082 (II
3361 3015 3510 3067 Par-

93 3103 140 3152 et
168 3101 218 3154 te
241 3099 498 3156 reducat
524 3101 585 3158 in
615 3104 907 3175 Assyrios,
1787 3095 1990 3166 ‘11).»
2045 3095 2157 3162 Qui
2210 3096 2432 3152 idcirco
2511 3103 2779 3154 servatus
2839 3104 2946 3164 est,
3005 3103 3070 3154 ut
3102 3099 3274 3156 sciret
3299 3104 3512 3172 poten-

154 3209 179 3235 ‹‹
219 3188 351 3244 Tibi
375 3194 580 3246 autem
609 3192 864 3248 Ezechiae
890 3193 1004 3250 hoc
1034 3194 1142 3251 erit
1170 3196 1445 3266 signum:
1494 3197 1741 3254 comede

1854 3183 1995 3240 tiam
2026 3184 2144 3252 Dei,
2173 3190 2230 3240 et
2250 3185 2738 3258 blasphemantia
2767 3202 2874 3243 ora
2925 3186 3364 3259 comprimeret,
3397 3186 3502 3243 fie-

93 3297 114 3321 «
151 3275 265 3333 hoc
298 3294 465 3334 anno
491 3295 626 3352 quae
656 3282 964 3353 repereris,
983 3283 1043 3338 in
1067 3284 1334 3341 secundo
1358 3289 1560 3342 autem
1582 3301 1742 3343 anno
1848 3277 2055 3345 Ρθῖίῖιιθ
2103 3274 2268 3330 testis
2316 3273 2471 3330 illius
2522 3275 2874 3347 maiestatis»
2908 3291 3090 3348 quem
3137 3275 3320 3349 P3010
3371 3279 3509 3334 aute

91 3385 115 3411 «
152 3381 286 3437 quae
318 3373 535 3440 sponte
562 3374 924 3428 nascuntur:
956 3387 1136 3444 porro
1167 3373 1229 3429 in
1269 3389 1430 3430 anno
1453 3375 1618 3430 tertio
1649 3392 1739 3432 se-
1850 3365 2313 3435 contempserat-

89 3475 110 3501 ει
150 3455 378 3512 minata
405 3461 462 3513 et
487 3458 706 3526 metite,
731 3481 760 3508 »
792 3463 849 3516 et
875 3459 1129 3533 reliqua.
1167 3461 1506 3518 Notandum
1537 3469 1738 3521 autem

1922 3468 1950 3502 ‹
1993 3453 2056 3506 Et
2102 3467 2373 3508 reversus
2421 3457 2510 3509 est
2540 3454 2945 3511 Sennacherib
2973 3470 3074 3511 rex
3101 3455 3506 3528 Assyriorum,

84 3543 244 3611 quod
266 3543 331 3599 in
355 3543 511 3600 libro
542 3545 705 3601 Isaiae
737 3546 837 3602 ubi
865 3547 1047 3604 verba
1068 3548 1259 3621 ipsius
1286 3549 1633 3624 phrophetae
1659 3553 1737 3609 ad

1854 3558 1879 3593 α
1919 3543 1976 3595 et
2002 3539 2223 3596 mansit
2250 3541 2313 3596 in
2341 3541 2567 3600 Ninive.
2593 3545 2863 3617 Cumque
2890 3543 3169 3602 adoraret
3186 3544 3250 3601 in
3279 3545 3507 3619 templo

84 3642 286 3697 regem
334 3632 650 3688 Ezechiam
703 3633 1000 3706 descripta
1057 3640 1213 3704 sunt,
1246 3637 1326 3694 ita
1383 3644 1732 3696 narrantur:

84 3737 108 3760 ιι
149 3716 419 3773 Comede
441 3719 550 3776 hoc
577 3736 739 3777 anno
767 3738 902 3794 quae
933 3728 1143 3794 sponte
1169 3730 1516 3795 nascuntur,
1550 3732 1606 3783 et
1627 3745 1734 3784 an-

81 3824 108 3850 ‹‹
155 3817 242 3856 no
275 3807 534 3862 secundo
560 3809 756 3881 pomis
785 3826 1041 3868 vescere.
1059 3816 1120 3868 ln
1145 3827 1306 3869 anno
1337 3820 1535 3870 autem
1565 3817 1734 3873 tertio

81 3911 109 3942 α
151 3892 449 3950 seminata
479 3900 527 3950 el
549 3899 768 3971 metite,
817 3904 875 3956 et
899 3899 1162 3972 plantate
1205 3901 1428 3972 vineas,
1455 3907 1511 3960 et
1540 3921 1734 3962 come-

78 4000 102 4025 α
143 3978 266 4036 dite
297 3981 558 4040 fructum
590 4001 819 4051 earum,
849 3993 905 4044 et
931 3988 1121 4045 mittet
1143 3989 1204 4045 id
1233 3991 1397 4062 quod
1437 3992 1732 4050 salvatum

77 4085 102 4117 ‹
139 4067 318 4126 fuerit
343 4070 422 4126 de
443 4071 627 4129 domo
647 4074 822 4140 Juda,
844 4079 901 4132 et
929 4077 1094 4149 quod
1115 4077 1410 4151 reliquum
1431 4085 1522 4136 est
1545 4081 1735 4137 mittet

77 4176 98 4200 ιι
138 4157 412 4214 radicem
440 4159 744 4217 deorsum.
773 4167 828 4219 et
852 4163 1024 4219 faciet
1044 4164 1270 4222 luctum
1303 4183 1565 4237 sursum,
1588 4169 1732 4241 quia

75 4264 99 4289 «
135 4244 206 4300 de
233 4247 613 4305 Hierusalem
646 4251 893 4307 exibunt
949 4253 1233 4325 reliquize,
1283 4259 1340 4311 et
1369 4256 1619 4313 salvatio
1654 4258 1728 4313 de

79 4355 101 4378 κ
136 4342 340 4393 monte
376 4338 544 4409 Sion,
576 4339 732 4395 zelus
775 4341 1010 4397 Domini
1052 4343 1418 4400 exercituum
1447 4345 1620 4402 faciet
1648 4346 1722 4402 is-

1846 3649 1875 3676 ‹‹
1917 3629 2139 3684 Nesrah
2171 3628 2358 3685 Deum
2385 3647 2585 3700 suum,
2619 3631 3013 3689 Adramelech
3035 3637 3092 3690 et
3123 3635 3374 3690 Sarasar
3401 3633 3506 3690 ﬁlii

1846 3739 1873 3766 «
1914 3716 2046 3787 ejus
2094 3724 2519 3790 percusserunt
2569 3735 2708 3776 eum
2760 3720 2981 3791 gladio,
3012 3721 3412 3795 fugeruntque
3440 3723 3505 3779 in

1843 3828 1870 3854 «
1916 3810 2133 3862 terram
2187 3807 2629 3876 Armeniorum,
2692 3813 2748 3864 et
2792 3810 3066 3880 regnavit
3101 3810 3503 3866 Asarhaddon

1841 3911 1872 3946 ‹
1914 3893 2068 3948 ﬁlius
2095 3894 2225 3964 ejus
2275 3911 2384 3968 pro
2433 3912 2524 3952 eo.
2560 3919 2589 3946 ››
2612 3896 2843 3953 Pharao
2889 3913 3134 3970 quoque
3180 3898 3242 3953 in
3289 3898 3500 3954 decem

1839 3983 2073 4056 Egypti
2121 3989 2391 4039 servatur
2444 3985 2660 4057 plagis,
2715 3990 2778 4042 ut
2835 3986 3205 4043 novissimus
3270 3991 3494 4060 pereat,

1837 4072 2000 4145 quod
2034 4077 2092 4128 et
2118 4071 2227 4128 iste
2259 4088 2478 4144 passus
2508 4078 2614 4130 est.
2649 4077 2795 4132 Cum
2829 4076 2991 4133 enim
3039 4092 3314 4133 reversus
3343 4081 3498 4134 esset

1836 4160 1897 4216 in
1949 4161 2196 4217 Niniven
2245 4162 2456 4218 urbem
2487 4163 2748 4236 primam
2777 4165 2944 4237 regni
2993 4165 3106 4236 sui,
3139 4170 3196 4223 et
3219 4165 3496 4224 adoraret

1782 4263 1796 4284 ι
1835 4248 1898 4305 in
1928 4249 2148 4322 templo
2170 4253 2430 4307 Nesrach
2455 4256 2640 4309 Deum
2663 4270 2862 4324 suum,
2885 4255 3060 4329 quasi
3088 4255 3397 4313 victoriam
3417 4255 3492 4312 de

1838 4337 2110 4395 hostibus
2137 4345 2484 4412 reportaret,
2503 4342 2636 4398 etin
2659 4342 2982 4402 delubrum
2995 4344 3141 4403 idoli
3169 4345 3263 4401 sui
3291 4345 3494 4402 trium-

76 4444 98 4470 «
137 4425 235 4481 tud
268 4428 422 4494 (Isa.
454 4407 740 4497 xrxvn)»
771 4433 937 4487 Nunc
963 4431 1038 4488 ad
1068 4432 1268 4505 ipsum
1298 4435 1605 4491 Ezechiam
1643 4435 1727 4492 lo—
1767 4407 1809 4460 Β
1839 4428 2058 4499 Pharis:
2117 4432 2173 4484 θί
2202 4407 2709 4500 ἒωιυιθὸιιηάιιε
2767 4433 3063 4492 incederet
3117 4439 3491 4506 contemptor

75 4513 290 4581 quitur:
318 4518 451 4573 Hoc
480 4517 608 4588 erit,
636 4519 846 4592 inquit,
867 4520 1108 4590 signum
1128 4537 1507 4596 eorum,quae
1528 4524 1728 4582 futura
1837 4515 1946 4571 viri
1975 4517 2074 4572 Dei
2101 4533 2113 4571 :
2143 4517 2204 4572 in
2233 4517 2372 4574 fano
2404 4519 2535 4576 falsi
2560 4521 2821 4577 nominis
2849 4523 2945 4578 dei
2973 4523 3327 4587 trucidatur;
3376 4536 3488 4576 nec

74 4607 425 4676 praenuntia,
478 4608 646 4679 quod
675 4607 790 4664 hoc
843 4625 1004 4666 anno
1061 4626 1133 4666 ea
1180 4611 1483 4676 comedas,
1537 4631 1726 4687 «qua;
1836 4604 2106 4674 angelico
2143 4606 2296 4678 perit
2343 4607 2570 4676 gladio,
2602 4608 2770 4680 quod
2797 4615 2924 4666 erat
2957 4624 3278 4665 commune
3324 4622 3485 4663 com-

73 4698 266 4758 Sponte
293 4699 664 4763 nascuntur,
687 4718 714 4745 »
748 4696 893 4765 sive,
916 4697 1088 4769 juxta
1119 4700 1524 4772 Septuaginta,
1555 4719 1724 4774 «qum

72 4778 220 4847 prius
250 4799 531 4840 severas.
569 4806 596 4833 ››
627 4789 799 4841 Anno
829 4791 1029 4842 autem
1053 4788 1340 4854 secundo,
1366 4789 1538 4860 juxta
1559 4792 1727 4863 Sym-

70 4871 370 4937 machum,
407 4873 613 4946 pomis
643 4890 898 4943 vescere,
933 4875 1055 4931 sive
1099 4876 1270 4947 juxta
1312 4878 1555 4934 eosdem
1586 4897 1723 4952 quae

69 4952 131 5008 de
156 4962 479 5030 praeteritis
511 4963 814 5031 segetibus
845 4967 903 5019 et
929 4963 1176 5020 cadente
1201 4965 1262 5020 in
1301 4970 1516 5022 terram
1551 4969 1724 5024 semi-

65 5058 130 5098 ne
182 5049 644 5118 pz.llulaverint.
699 5056 760 5107 In
809 5067 971 5107 anno
1026 5056 1226 5108 autem
1277 5055 1466 5124 tertio,
1519 5055 1722 5126 fugato

60 5130 182 5199 jam
207 5140 484 5211 Assyrio,
515 5144 569 5195 et
599 5139 911 5197 obsidione
940 5140 1158 5208 laxata,
1197 5143 1482 5200 seminate
1513 5149 1569 5201 et
1596 5162 1721 5201 me-

67 5221 180 5288 tite,
208 5224 480 5295 plantate
513 5228 741 5295 vineas,
774 5229 1116 5285 et'fructum
1149 5245 1355 5287 earum
1406 5233 1717 5291 comedite.

67 5308 364 5381 Siquidem
449 5332 656 5389 parvze
743 5317 907 5372 urbis
968 5317 1150 5388 hujus
1213 5319 1500 5392 reliquiae,
1559 5337 1718 5393 quae,

63 5414 208 5458 nunc
260 5405 479 5462 hostili
525 5405 826 5476 vallantur
867 5406 1146 5470 exercitu,
1203 5414 1260 5465 et
1313 5425 1602 5466 evasuras
1655 5426 1720 5466 se

63 5503 178 5545 esse
205 5510 330 5550 non
357 5495 642 5564 credunt,
670 5501 897 5553 tantam
920 5496 1206 5570 recipient
1223 5514 1420 5554 rerum
1446 5499 1719 5557 omnium

62 5577 508 5640 abundantiam
535 5600 605 5640 ac
643 5584 1000 5656 felicitatem,
1033 5590 1098 5642 ut
1125 5586 1312 5642 instar
1340 5586 1569 5643 arboris
1599 5590 1718 5648 alta

61 5667 244 5730 radice
272 5672 581 5741 fundatae,
607 5673 801 5747 pomis
826 5674 1196 5733 densissimis
1226 5674 1602 5748 impleantur.
1640 5681 1716 5736 De

1833 4693 2124 4766 pluribus,
2153 4694 2260 4750 sed
2285 4695 2604 4767 parricidio
2637 4696 2930 4753 ﬁliorum:
2980 4695 3085 4769 qui
3127 4712 3266 4752 cum
3298 4695 3484 4764 fugis-

1833 4783 2044 4839 sentin
2075 4787 2291 4838 terram
2314 4785 2587 4854 Ararath,
2610 4786 2776 4858 quod
2796 4785 3138 4856 intelligitur
3163 4785 3478 4848 Armenim,

1834 4871 2115 4927 successit
2142 4871 2203 4926 in
2231 4873 2415 4944 patris
2430 4872 2632 4929 locum
2649 4873 3067 4943 Asarhaddon,
3084 4890 3268 4948 quem
3296 4875 3483 4949 Scrip-

1831 4967 1964 5018 tura
1982 4964 2226 5016 testatur
2250 4960 2486 5016 misisse
2511 4961 2872 5020 habitatores
2902 4965 3204 5034 Samariae,
3226 4981 3301 5022 ne
3328 4970 3482 5024 terra

1830 5053 2164 5106 remaneret
2189 5047 2432 5105 inculta.
2466 5051 2717 5108 Ararath
2745 5057 2946 5110 autem
2974 5054 3137 5125 regio
3165 5054 3225 5110 in
3274 5060 3482 5112 Arme-

1831 5140 1931 5195 nia
1975 5140 2037 5195 in
2068 5138 2213 5194 locis
2264 5139 2702 5212 campestribus
2744 5146 2853 5215 est,
2885 5159 2991 5217 per
3027 5159 3215 5216 quam
3271 5145 3480 5202 Araxis

1830 5228 1977 5297 ﬂuit,
2011 5227 2371 5285 incredibilis
2402 5228 2710 5299 ubertatis,
2741 5231 2821 5288 ad
2858 5232 3089 5289 radices
3111 5233 3284 5290 Tauri
3304 5250 3478 5290 mon-

1831 5317 1921 5383 tis,
1945 5316 2046 5388 qui
2089 5333 2281 5389 usque
2301 5316 2440 5374 illuc
2469 5318 2822 5376 extenditur.
2849 5323 2998 5391 Ergo
3023 5325 3081 5379 et
3105 5338 3246 5379 arca
3265 5323 3325 5378 in
3355 5339 3480 5396 qua

1826 5403 2113 5460 liberatus
2169 5410 2257 5460 est
2309 5407 2428 5462 Noe
2479 5422 2620 5463 cum
2663 5406 2865 5468 liberis
2918 5409 3062 5478 suis,
3093 5416 3364 5468 cessante
3393 5413 3480 5468 di-

1829 5493 2005 5561 luvio,
2033 5509 2156 5548 non
2186 5493 2264 5549 ad
2301 5500 2536 5553 montes
2569 5498 2918 5568 generaliter
2947 5501 3242 5556 Armeniae
3279 5500 3478 5558 delata

1827 5597 1932 5661 est,
1980 5591 2088 5646 sed
2135 5591 2213 5645 ad
2242 5599 2476 5652 montes
2503 5597 2682 5654 Tauri
2722 5597 3060 5662 altissimos,
3095 5599 3195 5672 qui
3227 5601 3476 5659 Ararath

1824 5679 2096 5738 imminet
2121 5680 2374 5752 campis.
