4102 6184
1196 344 1420 400 ΟΑΡΗΤ
1457 346 1561 401 XX.

626 448 654 489 ξ(
695 440 760 493 In
790 434 1003 493 diebus
1053 433 1183 491 aliis
1214 434 1525 504 aegrotavit
1581 433 1857 490 Ezechias
1884 447 2078 505 usque
2130 431 2205 486 ad

552 548 582 582 ‹
622 529 902 591 mortem,
927 527 982 581 et
1005 523 1168 579 venit
1192 523 1271 579 ad
1297 534 1437 578 eum
1464 522 1647 579 lsaias
1676 521 1834 577 ﬁlius
1864 525 2048 578 Amos
2067 530 2211 595 pro.-

553 639 582 669 ‹‹
620 616 824 689 pheta,
880 612 1149 684 dixitque
1200 611 1285 667 ei:
1321 614 1453 667 limo
1508 611 1650 667 dicit
1702 604 2211 667 Domitms‘De‘us:

554 716 583 757 ct
622 701 886 778 praecipe
938 699 1147 756 domui
1196 703 1331 766 tute,
1374 699 1643 756 morieris
1691 700 1853 756 enim
1881 702 1967 765 tu,
1997 703 2053 756 et
2088 714 2213 755 non

554 804 583 844 «ε
622 792 807 848 vives.
845 811 873 839 κ
927 792 1008 845 Ne
1036 787 1368 844 elevaretur
1397 800 1501 844 cor
1552 788 1831 857 Ezechiae,
1861 790 1998 862 post
2025 789 2213 844 incres

552 879 762 939 dibiles
780 878 1139 951 triumphos,
1152 880 1209 933 et
1223 877 1299 933 de
1314 877 1515 934 media
1524 878 1858 951 captivitate
1880 878 2211 947 victoriam,

552 967 896 1027 inﬁrmitate
927 965 1195 1038 corporis
1222 966 1583 1032 visitatur,et
1607 966 1772 1022 audit
1798 982 1860 1021 se
1889 982 2017 1022 esse
2037 965 2215 1022 morie

552 1063 777 1124 turum,
811 1058 876 1113 ut
903 1066 1233 1112 conversus
1264 1055 1343 1111 ad
1380 1055 1703 1112 Dominum
1734 1054 1932 1111 ﬂectat
1982 1058 2214 1111 senten-

553 1146 700 1203 tiam
731 1144 880 1216 ejus.
914 1143 1086 1210 Quod
1115 1142 1359 1216 quidem
1386 1146 1440 1199 et
1469 1142 1531 1199 in
1561 1143 1714 1200 Jona
1743 1143 2037 1217 propheta
2069 1142 2219 1214 legi-‘-

554 1238 714 1303 mus,
764 1234 909 1291 etin
967 1232 1541 1289 comminationibus
1572 1236 1783 1290 contra
1841 1233 2047 1305 David,
2078 1236 2214 1306 qua!

557 1324 838 1380 dicuntur
866 1321 1084 1389 intura,
1126 1338 1236 1379 nec
1267 1310 1428 1378 facta
1458 1327 1614 1385 sunt,
1650 1337 1774 1378 non
1801 1324 1921 1378 Deo
1948 1324 2219 1377 mutante

560 1411 935 1479 sententiam,
969 1411 1075 1468 sed
1126 1415 1493 1484 provocante
1521 1411 1861 1467 humanum
1892 1426 2081 1479 genus
2140 1408 2220 1465 ad

559 1500 832 1557 notitiam
860 1500 972 1557 sui.
993 1499 1283 1562 Dominus
1309 1496 1607 1573 paenitens
1631 1504 1720 1555 est
1739 1513 1920 1572 super
1946 1497 2216 1566 malitiis;

474 1649 479 1655 ,
566 1585 733 1646 nulla
758 1594 893 1662 quae
923 1590 985 1646 in
1008 1589 1125 1646 hoc
1155 1588 1387 1645 mundo
1404 1587 1752 1644 hominibus
1782 1588 1954 1658 iiunt,
1987 1587 2218 1660 absque

1661 210 2015 276 ANGELOM]
2057 206 2508 272 LUXCWIENSIS
2546 211 2858 273 HONACHI

3868 221 3977 274 932

2244 341 2293 394 Α
2320 341 2475 405 sant,
2504 342 2560 394 et
2597 339 2713 394 dici
2742 339 3047 395 humiliter
3072 352 3253 411 posse
3280 352 3421 393 vera
3453 337 3616 393 bona
3648 354 3773 395 non
3830 344 3983 398 testi—

2318 431 2509 483 mant;
2543 428 2701 484 Sicut
2750 430 2948 498 gravis
2997 428 3177 501 culpa
3206 432 3294 483 est
3344 427 3457 482 sibi
3500 428 3615 483 hoc
3667 428 3979 488 hominem

2318 528 2603 587 arrogare‘
2628 518 2794 590 quod
2824 534 2947 574 non
2978 523 3084 581 est,
3103 518 3188 573 sic
3218 516 3579 589 plerumque
3606 517 3789 590 culpa
3813 521 3987 580 nulla

2319 610 2409 663 est
2432 606 2485 662 si
2507 606 2811 662 humiliter
2828 607 3059 664 bonum
3091 608 3254 663 dicat
3291 606 3457 679 quod
3486 610 3598 663 est.
3633 609 3798 664 Unde
3824 626 3985 683 saepe

2322 695 2610 766 contingit
2639 701 2704 753 ut
2720 697 2866 769 justi
2892 702 2949 753 et
2980 696 3184 769 injusti
3214 696 3481 752 habeant
3512 697 3703 753 verba
3743 698 3983 771 similia,

2322 786 2424 842 sed
2468 790 2667 842 tamen
2716 801 2821 842 cor
2854 800 3090 859 semper
3120 784 3409 841 dissimile
3439 785 3638 856 longe,
3676 791 3737 843 et
3768 788 3829 844 in
3850 791 3987 862 qui-

2321 874 2438 931 bus
2464 874 2632 931 dictis
2665 875 2951 931 Dominus
2982 875 3059 932 ab
3112 874 3352 945 injustis
3384 874 3709 932 offenditur
3755 876 3819 932 in
3869 879 3991 934 eis;

2322 962 2462 1019 dem
2492 977 2734 1036 quoque
2767 979 2802 1018 a
2826 963 3002 1034 justis
3025 962 3313 1035 placatur.
3343 965 3493 1019 Nam
3528 964 3877 1033 Pharisums,
3900 967 3992 1022 in-

2326 1066 2565 1122 gressus
2593 1052 2904 1125 templum,
2939 1052 3177 1109 dicebat
3197 1069 3208 1107 :
3227 1052 3473 1124 «Jejuno
3496 1052 3592 1108 bis
3622 1054 3681 1109 in
3706 1054 3993 1125 sabbato,

2324 1140 2590 1195 decimas
2618 1139 2696 1195 do
2723 1141 2996 1196 omnium
3018 1157 3154 1214 quas
3186 1141 3488 1214 possideo,
3510 1142 3615 1197 sed
3626 1142 3996 1214 justiﬁeatus

2324 1229 2517 1298 magis
2545 1228 2905 1303 publicanus
2930 1244 3115 1302 quam
3138 1230 3233 1287 ille
3250 1230 3390 1287 exiit
3419 1232 3586 1299 (Duc.
3613 1234 3836 1305 χωρή.»
3856 1237 3997 1291 Eae-

2326 1318 2491 1374 chias
2519 1334 2765 1392 quoque
2792 1334 2893 1375 rex
2945 1335 3083 1375 cum
3129 1319 3403 1376 molestia
3433 1321 3697 1394 corporis
3748 1322 3997 1380 aﬂlictis

2326 1407 2406 1463 ad
2425 1407 2856 1464 extremitatem
2877 1408 3266 1480 pervenisset,
3288 1408 3350 1464 in
3375 1410 3641 1466 oratione
3661 1424 3999 1485 compunc-

2326 1499 2421 1551 tus
2452 1495 2599 1551 dixit
2624 1512 2636 1550 :
2672 1516 2700 1545 α
2725 1496 3006 1564 Obsecro,
3041 1497 3311 1566 Domine,
3343 1502 3649 1554 memento
3673 1501 3995 1572 quomodo

2328 1583 2761 1641 ambulaverim
2788 1600 2992 1642 coram
3024 1588 3078 1642 te
3106 1585 3168 1642 in
3189 1586 3435 1643 veritate
3465 1590 3522 1642 et
3558 1587 3618 1642 in
3649 1589 3828 1644 corde
3858 1603 3995 1662 per-

566 1678 990 1752 emnipotentis
1038 1678 1138 1735 Dei
1193 1676 1427 1734 occulto
1482 1676 1731 1734 consilio
1769 1677 2037 1733 veniunt.
2072 1679 2219 1733 Nam
2260 1684 2301 1746 β
2327 1672 2501 1730 tecto.-
2534 1695 2562 1724 ι
2602 1677 2717 1731 Nec
2749 1675 3034 1730 Dominus
3062 1675 3220 1732 hanc
3275 1676 3717 1733 confessionem
3762 1677 3994 1751 perfec-

566 1768 784 1824 cuncta
821 1767 978 1823 Deus
1009 1772 1285 1824 secutura
1314 1776 1577 1839 praesens
1608 1770 1745 1822 ante
1770 1765 1992 1823 saecula
2021 1765 2220 1821 decre-

563 1857 669 1928 vit,
715 1856 970 1929 qualiter
1016 1872 1125 1929 per
1172 1855 1391 1912 saecula
1444 1856 1865 1929 disponantur.
1924 1856 2221 1912 Statutum

566 1947 795 2019 quippe
839 1947 970 2017 jam
1011 1942 1358 2002 hominibus
1410 1948 1517 2009 est,
1551 1945 1641 2001 vel
1688 1945 1983 2018 quantum
2038 1945 2221 2017 hujus

567 2034 779 2091 mundi
826 2034 1195 2108 prcsperitas
1248 2033 1517 2107 sequitur
1545 2037 1916 2107 quantumve
1956 2032 2221 2090 adversi-4

565 2124 704 2180 tatis
725 2121 925 2180 feritas
952 2121 1143 2189 feriat,
1164 2138 1276 2179 nec
1305 2122 1524 2179 electos
1553 2125 1700 2194 ejus.
1725 2127 1830 2179 aut
1852 2122 2221 2180 immodera=

565 2217 626 2269 ta
654 2211 1021 2287 prosperitas
1056 2211 1265 2279 elevet,
1295 2216 1397 2268 aut
1424 2212 1613 2269 nimia
1638 2211 1968 2269 adversitas
1996 2215 2219 2283 gravet.

568 2298 866 2358 Statilium
895 2304 1140 2374 quoque
1166 2304 1582 2373 est,quantu‘m
1610 2300 1820 2374 inipsa
1850 2300 1970 2358 vita
1988 2300 2225 2358 mortali

565 2386 969 2462 temporaliter
1019 2389 1273 2459 vivatur,
1305 2402 1450 2446 nam
1479 2390 1586 2445 etsi
1640 2392 1832 2445 anatis
1878 2388 2226 2461 quindecim

567 2476 830 2535 Eiechias
859 2478 986 2548 regi
1016 2478 1096 2534 ad
1119 2478 1303 2535 vitam
1333 2478 1565 2534 addidit
1614 2478 1994 2550 omnipotens
2023 2478 2177 2535 Deus
2209 2497 2222 2547 ;

566 2572 707 2622 cum
728 2578 867 2623 eum
891 2566 1046 2623 mori
1072 2567 1362 2640 permisit,
1392 2570 1534 2623 tunc
1560 2566 1857 2640 prtescivit
1886 2582 2014 2624 esse
2041 2568 2223 2645 mori-

565 2654 766 2711 turum
792 2661 805 2723 ;'
835 2656 958 2728 qlia
1004 2654 1067 2710 in
1114 2670 1177 2711 re
1224 2655 1476 2727 quaestio
1505 2657 1711 2725 oritur,
1742 2655 2048 2729 quemodo
2105 2657 2156 2713 ei
2188 2670 2225 2715 a

565 2739 859 2816 Propheta
877 2743 1093 2799 dicitur
1108 2762 1121 2796 :
1138 2754 1167 2793 et
1190 2745 1447 2817 Dispone
1471 2741 1679 2800 domui
1708 2746 1825 2800 tuae
1850 2745 1994 2818 quia
2014 2746 2223 2804 morieé

564 2831 645 2888 ris
688 2835 772 2901 tu,
803 2834 859 2889 et
902 2836 1026 2889 non
1079 2832 1261 2890 vives.
1374 2832 1478 2889 cui
1509 2836 1647 2889 cum
1698 2834 1903 2890 mortis
1933 2835 2225 2892 sententia

564 2921 724 2978 dicta
748 2926 856 2991 est,
889 2922 1163 2994 protinus
1195 2921 1275 2979 ad
1304 2922 1435 2994 ejus
1464 2921 1766 2994 lacrymas
1794 2926 1882 2980 est
1906 2923 2025 2980 vita
2050 2923 2222 2980 addi-

2330 1763 2504 1819 tionis
2530 1764 2660 1835 ejus
2685 1764 2957 1837 despexit
2988 1769 3091 1821 aut
3114 1765 3331 1833 renuit,
3374 1780 3559 1839 quem
3606 1782 3748 1823 mox
3776 1768 3839 1823 in
3866 1769 3994 1824 suis

2329 1851 2611 1924 precibus
2648 1853 2972 1910 exaudivit.
3006 1857 3151 1910 Ecce
3192 1854 3528 1927 pharisaeus
3551 1871 3617 1911 se
3636 1854 3991 1926 justiﬁoavit

2328 1940 2392 1996 in
2423 1954 2637 2014 opere:
2674 1942 2952 1998 Ezechias
2975 1944 3203 2015 justum
3230 1958 3291 1998 se
3319 1943 3571 2000 asseruit
3599 1944 3775 2001 etiam
3799 1945 3860 2001 in
3891 1961 3991 2002 co-

2331 2029 2633 2100 gitatione.
2664 2033 2852 2103 Atque
2898 2032 3059 2088 unde
3106 2032 3203 2087 ille
3230 2032 3499 2097 oﬂendit,
3542 2032 3682 2089 inde
3724 2034 3831 2089 iste
3885 2037 3993 2090 Do-

2332 2117 2565 2174 minum
2594 2118 2874 2191 placavit.
2916 2120 3033 2175 Cur
3051 2121 3258 2193 itaque
3281 2121 3399 2177 hoc
3417 2121 3446 2176 ?
3468 2120 3585 2176 nisi
3630 2122 3777 2195 quia
3796 2123 3993 2178 omni-

2330 2207 2544 2279 potens
2603 2208 2756 2264 Deus
2814 2208 3191 2279 singulorum
3245 2208 3433 2265 verba
3489 2224 3560 2266 ac
3608 2211 3995 2280 cogitationes

2331 2299 2564 2367 pensat,
2597 2300 2653 2352 et
2683 2296 2743 2351 in
2770 2297 2901 2367 ejus
2939 2296 3192 2353 auribus
3244 2297 3509 2372 superba
3535 2314 3657 2354 non
3692 2303 3829 2355 sunt
3857 2315 3992 2372 quae

2334 2383 2545 2440 humili
2566 2385 2745 2442 corde
2770 2385 3081 2459 proferunt
3095 2391 3122 2442 ?

2406 2494 2433 2525 κ
2477 2473 2776 2548 Flevitque
2805 2475 3083 2533 Ezechias
3114 2475 3258 2534 ﬂetu
3286 2492 3530 2547 magno.
3567 2479 3634 2531 Et
3657 2478 3991 2547 antequam

2337 2583 2365 2612 κ
2406 2564 2787 2634 egrederetur
2842 2566 3026 2622 Isaias
3055 2567 3313 2623 mediam
3350 2571 3577 2639 partem
3622 2564 3753 2621 atrii
3791 2564 3994 2621 iactus

2337 2673 2365 2701 ‹‹
2404 2655 2492 2708 est
2515 2668 2714 2709 sermo
2744 2653 2977 2710 Domini
3014 2655 3091 2711 ad
3133 2671 3292 2721 eum,
3320 2654 3559 2711 dicens:
3594 2656 3911 2711 Revertere
3935 2656 3998 2709 et

2334 2762 2363 2790 α
2403 2741 2499 2798 dic
2530 2742 2788 2798 Ezechias
2807 2742 2946 2799 duci
2967 2744 3170 2818 populi
3189 2743 3337 2799 mei:
3361 2743 3503 2800 Haec
3525 2744 3671 2800 dicit
3699 2743 3996 2800 Dominus

2335 2852 2362 2879 «
2407 2832 2560 2886 Deus
2590 2830 2776 2903 patris
2813 2832 2895 2888 tui
2927 2832 3140 2889 David:
3195 2832 3411 2889 Audivi
3438 2832 3777 2890 orationem
3801 2836 3993 2898 tuam,

2334 2938 2364 2973 ι
2405 2918 2527 2975 vidi
2545 2918 2877 2993 lacrymam
2911 2926 3079 2978 tuam
3105 2925 3163 2979 et
3181 2938 3317 2979 ecce
3343 2922 3555 2978 sanavi
3588 2927 3663 2978 te.
3694 2922 3792 2978 Die
3821 2921 3994 2977 tertio

563 3014 642 3066 ta.
679 3008 794 3067 Sed
822 3025 931 3084 per
953 3010 1313 3083 prophetam
1336 3009 1623 3067 Dominus
1646 3010 1794 3067 dixit
1816 3026 1940 3084 quo
1955 3014 2221 3085 tempore
2263 3039 2305 3099 ρ
2335 3029 2362 3057 ‹‹
2405 3009 2693 3099 ascendas
2714 3011 3005 3084 templum
3028 3012 3282 3081 Domini,
3305 3016 3363 3067 et
3386 3012 3613 3068 addam
3642 3011 3855 3067 diebus
3877 3012 3995 3067 tuis

563 3096 719 3153 mori
747 3097 876 3171 ipse
902 3098 1265 3168 merebatur,
1295 3114 1407 3156 nec
1437 3099 1742 3157 dominica
1792 3101 2058 3158 instituta
2087 3108 2223 3158 con-

565 3183 743 3243 vulsa
774 3190 931 3252 sunt,
964 3188 1069 3262 qui
1097 3193 1299 3245 autem
1347 3204 1420 3245 ex
1466 3188 1736 3260 largitate
1760 3189 1861 3246 Dei
1899 3190 2042 3247 anni
2088 3190 2223 3247 vita:

561 3276 1044 3341 crescerent,hOc
1069 3282 1315 3350 quoque
1337 3281 1475 3334 ante
1503 3277 1724 3334 saecula
1744 3277 2060 3351 praeﬁxum
2090 3277 2221 3348 fuit,

560 3366 741 3434 atque
761 3363 1022 3433 spatium
1040 3365 1174 3420 vita:
1195 3365 1362 3437 quod
1379 3365 1670 3439 inopinati
1692 3366 1834 3422 foris
1849 3370 1936 3424 est
1951 3366 2223 3423 additum

565 3448 694 3503 siue
718 3455 1044 3518 augmento
1072 3453 1352 3522 prmsenti
1375 3453 1485 3509 fuit
1512 3455 1671 3509 intus
1693 3457 2007 3511 statutum.

634 3545 664 3585 ει
690 3535 800 3601 Qui
821 3538 1110 3593 convertit
1138 3539 1354 3594 faciem
1377 3554 1553 3596 suam
1585 3540 1663 3595 ad
1687 3542 1979 3613 parietem
2015 3546 2072 3599 et
2096 3558 2224 3601 ora-

563 3631 594 3674 ἀ
634 3622 711 3678 vit
751 3624 1073 3682 Dominum
1134 3625 1363 3683 dicens.
1395 3644 1423 3679 ›
1474 3630 1891 3702 Convertitque
1944 3631 2222 3687 Ezechias

561 3708 776 3769 faciem
829 3729 1002 3770 suam
1052 3715 1131 3773 ad
1168 3716 1478 3789 parietem,
1511 3719 1654 3792 quia
1698 3719 1775 3774 ad
1822 3719 2109 3792 templum
2139 3719 2223 3777 ire

560 3816 685 3859 non
713 3805 964 3876 poterat.
985 3804 1076 3861 Ad
1102 3806 1390 3879 parietem
1412 3809 1611 3864 autem
1635 3808 1843 3881 templi
1860 3808 2030 3879 juxta
2057 3811 2222 3882 quod

563 3891 844 3949 Stilomon
877 3893 1169 3965 palatium
1218 3898 1586 3953 eXstruxerat
1623 3914 1633 3952 :
1696 3897 1785 3952 vel
1830 3897 2104 3954 absolute
2143 3898 2221 3955 ad

559 3980 963 4052 parietem,ne
982 3981 1284 4055 lacrymas
1313 4000 1457 4041 suas
1484 3984 1887 4042 assidentibus
1920 3990 2220 4043 ostentare

559 4066 878 4126 videretur.
910 4074 1025 4127 Aut
1052 4075 1207 4128 certe
1231 4073 1405 4145 juxta
1437 4075 1752 4131 Jere‘miam
1779 4075 1857 4131 ad
1887 4091 1990 4132 cor
2016 4091 2219 4145 suum;

561 4155 666 4227 qui
704 4156 927 4215 idcirco
976 4160 1267 4232 parietem
1324 4176 1426 4218 cor
1468 4163 1750 4236 appellat,
1775 4168 1840 4220 ut
1869 4167 1992 4222 tota
2021 4170 2218 4223 mente

562 4244 889 4301 Dominum
921 4247 1367 4319 deprecarettlr.

634 4350 663 4381 α
682 4331 964 4404 Obsecro,
985 4334 1254 4405 Domine,
1280 4339 1583 4394 memento
1612 4338 1920 4409 quomodo
1946 4339 2218 4396 ambula—

562 4441 592 4471 «
631 4421 820 4477 verim
852 4428 1057 4480 eorum
1083 4427 1138 4480 te
1164 4424 1225 4480 in
1254 4424 1520 4496 veritate,
1552 4428 1608 4481 et
1647 4425 1709 4481 in
1737 4426 1915 4482 corde
1934 4428 2215 4500 perfecto,

560 4520 591 4562 vi
631 4512 688 4569 et-
711 4511 878 4585 quod
934 4512 1221 4586 placitum
1251 4517 1339 4572 est
1362 4522 1567 4571 coram
1626 4518 1677 4570 te
1707 4515 1964 4571 fecerim.
2002 4539 2029 4567 »
2064 4517 2219 4573 Felix

559 4601 927 4659 conscientia
946 4617 1084 4676 quas
1101 4600 1439 4660 aﬂlictiouis
1460 4606 1729 4679 tempore
1752 4605 2049 4662 bonorum
2082 4622 2220 4679 ope-

558 4704 696 4748 rum
737 4692 1105 4750 recordatur.
1151 4714 1181 4743 «
1210 4692 1372 4749 Beati
1400 4692 1559 4750 enim
1590 4694 1821 4751 mundo
1851 4694 2029 4751 corde
2068 4710 2221 4768 quo-

559 4779 729 4834 niam
762 4781 876 4853 ipsi
912 4785 1101 4839 Deum
1130 4782 1422 4839 videbunt
1446 4783 1686 4851 (Matth.
1720 4784 1831 4855 v).»
1866 4786 1932 4840 Et
1972 4800 2223 4849 quomo-

560 4864 642 4919 do
672 4866 815 4922 alibi
846 4870 1131 4941 scriptum
1154 4875 1271 4928 est:
1307 4886 1336 4922 te
1362 4871 1503 4938 Quis
1534 4872 1884 4944 gloriabitur
1907 4889 2129 4946 purum
2160 4889 2224 4929 se

560 4950 786 5008 habere
815 4969 919 5010 cor
951 4956 1151 5025 (Prov.
1176 4961 1283 5028 x)?
1306 4973 1335 5010 ς)
1362 4962 1531 5033 quod
1579 4962 1660 5018 ita
1685 4963 1968 5019 solvitur:
2001 4963 2224 5036 perfec-

562 5037 787 5095 tionem
825 5042 1023 5099 cordis
1073 5045 1135 5099 in
1185 5060 1256 5101 eo
1312 5063 1476 5105 nunc
1504 5050 1641 5118 dici,
1672 5052 1837 5123 quod
1894 5050 2055 5106 idola
2091 5050 2226 5106 des-

562 5128 830 5192 truxerit,
858 5132 1061 5204 templi
1090 5140 1334 5208 quoque
1381 5137 1584 5194 valVas
1624 5137 1940 5210 aperuerit,
1978 5152 2220 5210 serpen-

562 5219 685 5275 tem
728 5226 965 5276 aaneum
1008 5224 1449 5296 comminuerit,
1495 5231 1550 5281 et
1602 5229 1813 5280 caetera
1844 5223 2042 5280 fecerit
2085 5242 2221 5298 quae

562 5306 865 5379 Seriphira
889 5317 1343 5371 commembrat.
1373 5312 1735 5383 Plerumque
1753 5310 2053 5383 aliquibus
2073 5313 2222 5385 justi

561 5394 1016 5454 necessitatibus
1056 5398 1258 5456 afﬂicti
1304 5404 1416 5454 sua
1469 5408 1655 5468 opera
1705 5402 2000 5466 coguntur
2028 5400 2218 5471 fateri,

564 5483 672 5541 sed
695 5496 835 5542 cum
858 5500 1067 5544 eorum
1095 5486 1255 5544 dicta
1284 5484 1486 5557 injusti
1515 5484 1766 5543 audiunt
1795 5486 1923 5544 haec
1965 5500 2074 5561 per
2103 5490 2220 5548 ela-

562 5574 789 5633 tionem
804 5576 1004 5649 potius
1024 5590 1212 5648 quam
1241 5590 1350 5650 per
1376 5574 1684 5633 veritatem
1713 5577 2051 5636 existimant
2077 5595 2216 5654 pro-

562 5662 705 5728 lata.
738 5665 820 5721 Ex
871 5678 994 5721 suis
1022 5663 1183 5724 enim
1229 5664 1512 5726 cordibus
1539 5665 1724 5727 verba
1746 5667 2045 5741 justorum
2070 5684 2215 5744 psus

2336 3121 2361 3147 ‹‹
2405 3098 2751 3170 quindecim
2779 3116 2990 3157 annos.
3019 3101 3133 3157 Sed
3154 3101 3307 3158 etde
3326 3108 3515 3157 manu
3538 3101 3695 3171 regis
3713 3100 3992 3173 Assyrio-

2334 3207 2360 3234 «
2402 3202 2538 3243 rum
2567 3186 2837 3245 liberabo
2861 3191 2934 3255 te,
2967 3192 3023 3246 et
3053 3189 3351 3246 civitatem
3377 3190 3557 3251 hanc,
3592 3193 3648 3246 et
3666 3194 3986 3263 protegam

2336 3295 2363 3323 κ
2405 3275 2615 3331 urbem
2662 3276 2839 3333 istam
2867 3282 3111 3350 propter
3139 3293 3237 3333 me
3274 3281 3333 3334 et
3361 3282 3608 3350 propter
3652 3278 3841 3334 David
3872 3292 3998 3333 ser-

2334 3384 2363 3414 ‹‹
2403 3379 2547 3420 vum
2579 3380 2805 3421 meum.
2831 3388 2859 3415 ››
2881 3366 3067 3422 Flevit
3095 3371 3301 3424 autem
3320 3366 3466 3423 ﬂetu
3494 3382 3720 3437 magno
3748 3370 3999 3441 propter

2238 3499 2248 3510 .
2330 3452 2796 3524 promissionem
2832 3453 3065 3510 Domini
3095 3455 3175 3510 ad
3201 3455 3408 3523 David,
3448 3470 3637 3528 quam
3658 3455 3901 3512 videbat
3930 3455 3995 3510 in

2332 3556 2441 3596 sua
2468 3545 2656 3597 morte
2683 3543 3028 3615 perituram.
3080 3546 3160 3600 Eo
3188 3545 3349 3601 enim
3398 3548 3663 3617 tempore
3707 3544 3998 3601 Ezechias

2330 3629 2486 3685 ﬁlios
2515 3645 2636 3686 non
2662 3631 2947 3701 habebat,
2980 3649 3122 3689 nam
3153 3638 3294 3707 post
3322 3639 3571 3691 mortem
3603 3634 3733 3702 ejus
3761 3637 4003 3691 Manas-

2332 3735 2425 3774 ses
2455 3734 2593 3774 cum
2619 3720 2938 3777 duodecim
2975 3738 3276 3779 annorum
3327 3727 3499 3789 esset,
3522 3736 3771 3792 regnare
3814 3724 4005 3796 erepit

2330 3807 2389 3863 in
2425 3807 2595 3863 .luda.
2632 3812 2711 3864 Ex
2742 3826 2863 3882 quo
2896 3812 3281 3882 perspicuum
3326 3816 3414 3868 est
3442 3815 3578 3884 post
3613 3811 3855 3867 tertium
3888 3827 4002 3868 an-

2329 3914 2476 3953 num
2531 3914 2827 3954 concessas
2868 3899 3025 3969 vitm,
3058 3902 3368 3957 Manassen
3424 3916 3556 3956 esse
3613 3905 3998 3971 generatum.

2331 3990 2482 4058 Ergo
2518 3988 2630 4044 iste
2660 3987 2855 4044 omnis
2885 3992 2973 4044 est
2992 3988 3188 4059 ﬂetus,
3211 3990 3378 4063 quod
3406 3990 3771 4062 desperabat
3801 3990 4002 4046 Chris—

2329 4079 2457 4132 tum
2483 4076 2558 4132 de
2581 4091 2691 4132 suo
2721 4076 2946 4132 semine
2976 4077 3366 4133 nasciturum.
3394 4078 3680 4144 Quamvis
3709 4077 3804 4133 alii
3830 4093 4002 4133 asse-

2330 4168 2471 4220 runt
2497 4168 2737 4220 sanctos
2767 4164 2948 4235 viros,
2980 4181 3101 4221 non
3159 4166 3356 4222 terreri
3398 4170 3644 4239 propter
3695 4166 4000 4223 incertum

2326 4252 2555 4324 judicii,
2574 4256 2631 4309 et
2652 4253 3085 4323 ignorationem
3110 4256 3412 4312 sententiae
3431 4256 3550 4322 Dei,
3574 4270 3762 4329 quam
3788 4256 4002 4313 sedem

2329 4341 2589 4398 habituri
2642 4342 2777 4407 sint,
2810 4343 3110 4418 simulque
3143 4345 3280 4401 facti
3311 4346 3565 4417 quaestio
3609 4345 3888 4417 solvitur,
3932 4362 4006 4403 ac

2330 4430 2696 4486 necessitatis
2722 4430 2961 4487 vincula
2992 4434 3171 4506 atque
3201 4435 3545 4502 causarum,
3571 4434 3740 4507 quod
3762 4444 4007 4508 neqﬂa-

2329 4534 2511 4591 quam
2545 4518 2673 4575 dies
2701 4521 2906 4576 mortis
2947 4523 3195 4591 singulis
3233 4526 3583 4595 priestatuta
3626 4523 3720 4590 sit,
3756 4524 3873 4580 sed
3902 4540 4009 4580 vo-

2329 4608 2557 4665 luntate
2588 4610 2688 4665 Dei
2719 4614 2776 4666 et
2803 4610 3022 4681 ignotis
3056 4611 3410 4668 mortalibus
3443 4612 3665 4683 causis,
3698 4611 3790 4668 vel
3838 4613 4011 4670 vivat

2333 4698 2548 4771 aliquis
2584 4699 2679 4755 vel
2736 4700 3045 4756 moriatur.
3097 4698 3428 4758 Praesertim
3470 4712 3610 4758 cum
3659 4705 3717 4758 et
3771 4705 4013 4761 statuta

2329 4803 2492 4844 nunc
2520 4788 2727 4845 mortis
2768 4790 3095 4846 necessitas
3124 4788 3454 4861 differatur,
3479 4795 3535 4847 et
3565 4796 3703 4863 pust
3731 4797 4011 4850 mortem

2328 4878 2708 4934 resuscitatos
2756 4878 3048 4951 plurimos
3095 4879 3387 4951 legamus.
3422 4880 3752 4937 Revertitur
3790 4886 4011 4940 autem

2331 4967 2411 5023 ad
2430 4984 2633 5037 regem
2655 4969 2953 5040 propheta
2964 4969 3502 5042 Dominijussione,
3524 4974 3591 5026 ut
3604 4970 3734 5043 ipse
3751 4978 4014 5029 sanaret

2328 5057 2435 5128 qui
2486 5062 2881 5127 percusserat,
2933 5060 2989 5112 et
3016 5064 3265 5115 vocatur
3316 5058 3594 5115 Ezechias
3619 5059 3742 5115 dux
3784 5063 4015 5136 populi

2329 5142 2467 5213 mei,
2491 5147 2547 5197 et
2575 5143 2733 5199 illius
2762 5146 2966 5213 David,
3006 5147 3177 5218 cujus
3205 5156 3390 5219 opera
3426 5147 3815 5205 sectabatur:
3850 5151 4013 5208 fece-

2326 5232 2420 5285 rat
2462 5229 2623 5285 enim
2661 5236 2888 5289 rectum
2936 5235 3107 5304 juxta
3137 5237 3344 5293 omnia
3384 5250 3522 5309 quae
3552 5236 3775 5292 fecerat
3808 5239 4012 5295 David

2326 5322 2495 5391 pater
2523 5319 2673 5391 ejus,
2700 5324 2757 5377 et
2782 5323 3023 5379 auditur
3051 5325 3178 5396 ejus
3208 5326 3418 5395 oratio,
3450 5325 3870 5399 videnturque
3930 5329 4016 5386 la-

2327 5422 2570 5479 crymee‘,
2584 5410 2873 5481 quoniam
2893 5412 3309 5472 ambulaverat
3323 5428 3525 5470 coram
3548 5414 3808 5471 Domino
3827 5417 3897 5473 in
3921 5435 4014 5473 ve.

2326 5494 2516 5561 ritate,
2535 5497 2671 5553 etin
2694 5498 2872 5555 corde
2898 5500 3180 5572 perfecto.
3209 5505 3274 5559 Et
3304 5503 3547 5559 ﬂeverat
3568 5503 3713 5559 ﬂetu
3740 5520 4012 5577 magno,

2323 5586 2380 5639 et
2396 5584 2561 5656 quod
2576 5585 2857 5658 placitum
2879 5590 3072 5645 eratin
3092 5591 3280 5647 oculis
3300 5592 3427 5663 ejus
3443 5591 4018 5663 fecerat.Adjiciun-

2324 5674 2544 5746 turque
2564 5675 2910 5747 quindecim
2938 5679 3081 5737 anni
3111 5680 3191 5738 ad
3210 5679 3413 5750 vitam,
3435 5692 3590 5754 quos
3616 5680 3714 5738 ille
3740 5695 3887 5740 non
3910 5700 4020 5758 po-
