4102 6184
266 155 369 208 533

1227 154 1475 209 ENARR.
1519 155 1584 209 IN
1627 149 1874 207 LIBROS
1912 145 2177 206 REGUM.
2211 178 2279 188 -—
2307 150 2374 206 IN
2418 150 2543 205 LIB.
2585 151 2668 204 IV.

3573 156 3677 209 534

247 275 586 344 stulaverat,
611 273 744 330 etin
766 273 1179 346 supervivente
1199 273 1300 330 illo
1325 276 1493 346 regni
1511 273 1796 330 securitas
1818 287 1902 327 re—
1932 268 1981 322 A
2018 271 2076 325 ni
2122 276 2331 328 exortu
2359 274 2677 330 reddatur:
2715 275 2864 330 sicut
2907 278 2962 330 et
2990 276 3259 330 veterum
3288 273 3569 346 historice,
3619 255 3677 333 et

240 364 622 437 promittitur.
650 363 749 419 Siu
777 367 976 419 autem
1001 364 1081 434 (ut
1111 365 1363 436 quidam
1395 367 1624 437 putant)
1672 365 1729 419 in
1776 379 1906 417 cor-

237 469 382 527 pore
402 452 600 509 vivere
617 453 1042 508 condemnatio
1067 458 1177 522 est,
1206 458 1261 508 et
1279 455 1451 525 juxta
1476 454 1621 510 illud
1642 452 1808 526 quod
1828 452 1908 506 di-

238 543 391 598 citur
423 560 435 596 :
476 563 490 586 ν
528 543 1074 606 Revertere,anima
1092 559 1247 609 mea,
1272 543 1332 597 in
1357 544 1625 615 requiem
1657 548 1842 597 tuam.
1880 560 1904 588 ι

241 635 309 687 Et
332 631 396 686 in
419 631 538 686 alio
556 631 719 686 loco:
744 654 768 678 ‹‹
789 631 946 687 Educ
968 631 1041 686 de
1065 648 1302 688 carcere
1327 634 1597 689 animam
1625 649 1844 693 meam,
1877 651 1906 684 ι

241 721 516 794 optanda
537 726 622 777 est
641 736 790 786 mos,
813 726 876 776 ut
895 721 970 776 de
997 737 1232 778 carcere
1258 723 1583 779 liberemur
1599 721 1907 795 quomodo

241 826 410 866 nunc
437 809 619 866 donat
649 827 755 884 pro
787 810 1098 882 beneﬁcio,
1151 817 1214 867 ut
1253 813 1356 884 qui
1385 812 1736 868 liberandus
1784 815 1911 867 erat

241 899 449 956 adhuc
487 899 823 972 quindecim
855 900 1028 960 annis
1058 901 1216 957 vivat
1246 901 1306 957 in
1339 918 1574 958 carcere
1594 902 1620 956 ‘?

319 1011 349 1039 ε
373 988 642 1062 Dixitque
657 989 836 1046 Isaias
859 1006 873 1045 :
894 990 1106 1046 Alferte
1124 1007 1389 1047 massam
1411 993 1664 1047 ﬁcorum
1686 1008 1697 1045 :
1722 1006 1907 1062 quam

243 1099 276 1128 α
293 1094 435 1134 cum
459 1078 787 1135 attulissent
807 1084 862 1135 et
878 1079 1222 1152 posuissent
1245 1097 1425 1152 super
1449 1081 1617 1136 ulcus
1639 1081 1789 1150 ejus,
1809 1095 1910 1134 cu-

239 1173 467 1224 «natus
489 1171 594 1224 est.
620 1192 648 1218 ››
666 1167 845 1224 Aiunt
877 1169 1101 1226 Hebraei
1134 1170 1390 1226 verbum
1424 1170 1680 1226 schehin
1712 1168 1909 1240 (quod

235 1256 664 1331 praetermisere
712 1258 1120 1330 Septuaginta)
1145 1258 1314 1314 ulcus
1360 1275 1602 1327 sonare,
1635 1273 1759 1313 non
1781 1257 1908 1312 vul-

235 1362 372 1402 nus.
406 1350 556 1404 Nam
592 1345 826 1419 Aquila,
863 1348 1381 1420 Symmachusque
1426 1353 1481 1403 et
1527 1345 1904 1402 Theodotion

235 1436 382 1499 ἕλκος
411 1435 781 1508 interpretati
823 1440 981 1506 sunt,
1014 1452 1121 1510 per
1157 1437 1322 1509 quod
1356 1437 1636 1492 morbum
1666 1435 1898 1504 regium

232 1523 481 1593 intelligi
505 1523 733 1580 volunt.
765 1523 868 1581 Cui
899 1525 1195 1581 contraria
1215 1530 1504 1598 putantur
1535 1524 1627 1580 vel
1655 1529 1897 1595 sumpta

2014 361 2202 416 nostri
2227 363 2503 420 homines
2533 364 2658 428 aevi,
2675 363 2776 436 qui
2798 362 2911 418 illis
2926 362 3000 418 de
3022 362 3290 436 partibus
3317 364 3668 434 adveniunt,

2012 450 2527 509 abundantissime
2550 453 2832 524 produnt,
2861 468 3177 525 nunquam
3217 456 3418 508 autem
3466 455 3528 511 hi
3567 456 3674 528 qui

2013 538 2290 595 interiora
2317 542 2501 596 austri
2522 541 2809 608 incolunt,
2833 541 3032 596 videre
3058 540 3246 596 solem
3271 555 3374 612 per
3398 542 3674 601 meridia-

2010 641 2121 682 nas
2139 627 2348 698 plagas
2365 628 2442 685 ad
2465 630 2751 686 orientem
2780 629 2858 686 ab
2880 644 3101 685 occasu
3128 628 3339 685 redire.
3374 629 3548 695 Quod
3599 631 3674 688 si-

2013 730 2200 784 gnum
2221 721 2277 772 et
2298 720 2606 789 praesentis
2631 719 2913 791 temporis
2937 721 2993 774 et
3019 717 3200 773 futuri
3224 722 3403 791 typus
3428 724 3575 788 erat,
3607 724 3674 778 ut

2013 805 2322 876 quomodo
2350 807 2438 861 sol
2468 812 2855 862 reverteretur
2883 807 2962 864 ad
2991 807 3306 863 exordium
3337 807 3449 874 sui,
3480 809 3578 870 lita
3614 814 3673 866 et

2012 894 2271 949 Ezechias
2311 897 2452 962 vita,
2485 896 2563 951 ad
2588 897 2854 952 detextos
2872 911 3064 952 annos
3089 896 3306 954 rediret
3331 914 3344 952 :
3368 897 3669 971 nobisque

2012 982 2073 1036 in
2095 983 2473 1040 hebdomade
2505 989 2559 1040 et
2585 985 2862 1053 ogdoade
2878 984 3213 1040 viventibus
3243 1001 3349 1058 per
3378 1001 3668 1043 ressurre-

2014 1072 2271 1128 ctionem
2294 1073 2524 1144 Christi,
2544 1074 2672 1129 vitae
2689 1073 2882 1145 spatia
2903 1073 3285 1144 protelentur.
3312 1075 3511 1133 Solent
3527 1092 3666 1134 san-
3708 1139 3710 1142 τ

2013 1165 2244 1217 ciorum
2269 1163 2538 1218 locorum
2558 1165 2620 1219 iu
2647 1165 2757 1219 hac
2780 1163 3088 1236 provincia
3118 1168 3666 1238 monstratores,in-

2011 1255 2101 1308 tra
2125 1259 2415 1324 consepta
2445 1253 2645 1324 templi
2669 1253 2982 1309 ostendere
3017 1252 3242 1321 gradus
3269 1255 3529 1312 Ezechias
3561 1257 3669 1312 do-

2007 1355 2147 1394 mus
2177 1340 2272 1396 vel
2299 1341 2511 1410 Achaz,
2542 1342 2707 1413 quod
2736 1341 2824 1396 sol
2852 1357 2957 1413 per
2997 1357 3098 1397 eos
3128 1341 3520 1399 descenderit.
3549 1345 3664 1402 Sed

2004 1444 2322 1502 nunquam
2349 1446 2461 1499 ego
2503 1431 2701 1497 credo,
2733 1447 2854 1486 non
2885 1430 3019 1486 dico
3061 1431 3258 1487 Achaz
3284 1431 3390 1503 qui
3418 1448 3521 1488 rex
3549 1433 3663 1489 im-

2004 1521 2140 1590 pius
2171 1519 2297 1588 fuit,
2331 1520 2435 1575 sed
2467 1519 2783 1590 cujuslibet
2807 1519 2963 1590 regis
2987 1521 3133 1591 justi
3170 1520 3424 1576 domum
3472 1521 3661 1579 fuisse

232 1615 296 1670 in
313 1613 568 1680 cibo,vel
588 1614 866 1686 apposita
879 1615 1112 1687 corpori
1129 1631 1508 1688 quaecunque
1523 1613 1891 1670 suntdulcia.
1926 1620 1975 1676 Β
2004 1607 2064 1662 in
2091 1608 2313 1680 templo
2342 1609 2440 1663 Dei
2473 1627 2484 1664 :
2529 1625 2666 1664 cum
2717 1609 3000 1666 Salomon
3027 1609 3252 1666 idcirco
3277 1611 3481 1680 {Deum
3511 1611 3663 1668 inter

232 1706 386 1773 Ergo
416 1707 481 1758 ut
504 1702 603 1758 Dei
630 1703 893 1774 potentia
922 1710 1375 1775 monstraretur,
1411 1720 1516 1776 per
1538 1709 1653 1759 tres
1683 1702 1895 1758 noxias

231 1797 290 1849 et
317 1794 604 1850 adversas
638 1793 861 1849 sanitas
891 1794 1158 1850 restituta
1183 1799 1290 1850 est.
1338 1794 1446 1849 Alii
1470 1793 1740 1860 schehin,
1772 1808 1894 1847 non

229 1882 424 1945 ulcus,
457 1881 559 1938 sed
594 1887 906 1954 apostema
935 1883 1338 1956 suspicantur,
1367 1883 1614 1955 quando
1655 1887 1893 1938 tumens

229 1989 454 2045 corpus
478 1988 658 2028 cocco
691 1977 746 2028 et
773 1977 1289 2044 computrescente
1320 1989 1467 2044 pure
1511 1971 1812 2045 impletur,
1840 1977 1898 2026 et

222 2061 404 2135 juxta
425 2065 614 2118 artem
648 2059 1020 2116 medicorum
1051 2061 1250 2117 omnis
1302 2060 1496 2115 sanies
1549 2059 1896 2116 siccioribus

222 2148 362 2206 ﬁcis
402 2152 582 2221 atque
629 2148 915 2215 contusis,
948 2148 1008 2204 in
1053 2148 1206 2204 cutis
1239 2148 1621 2219 superﬁciem
1676 2163 1894 2219 provo-

231 2240 432 2296 catur.
465 2240 544 2292 Ac
573 2253 680 2307 per
708 2235 825 2291 hoc
845 2251 968 2292 non
1021 2236 1431 2308 spernendam
1470 2251 1598 2290 esse
1653 2235 1896 2290 medici-

233 2339 558 2395 nam,qua3
584 2340 699 2382 usu
737 2328 963 2380 constet
990 2329 1047 2380 et
1073 2325 1480 2398 experimento
1511 2324 1651 2397 quia
1670 2328 1724 2379 et
1739 2325 1892 2380 hanc

221 2411 442 2469 fecerit
469 2412 644 2470 Deus.

301 2522 333 2552 α
363 2501 604 2559 Dixerat
629 2506 834 2558 autem
868 2503 1137 2560 Ezechias
1176 2504 1254 2558 ad
1285 2503 1493 2559 Isaiam
1527 2502 1729 2568 :Quod
1769 2501 1896 2559 erat

220 2613 251 2641 «ι
286 2589 550 2658 signum,
573 2590 718 2663 quia
735 2591 1028 2646 Dominus
1045 2608 1142 2647 me
1168 2593 1416 2661 sanavit,
1441 2597 1495 2647 et
1523 2591 1661 2663 quia
1682 2608 1890 2648 ascen-

219 2693 448 2733 «surus
477 2694 612 2736 sum
635 2677 732 2734 die
787 2678 952 2734 tertio
1007 2679 1298 2753 templum
1329 2679 1615 2736 Domini?
1658 2681 1763 2735 Cui
1813 2680 1896 2736 ait

166 2767 169 2769 ’
217 2789 251 2817 α
287 2768 470 2823 Isaias
494 2785 508 2822 :
536 2770 654 2822 Hoc
680 2767 787 2823 erit
808 2769 1050 2838 signum
1076 2784 1112 2824 a
1134 2769 1406 2837 Domino,
1434 2769 1598 2842 quod
1623 2769 1890 2824 facturus

218 2879 250 2906 «
279 2857 352 2914 sit
377 2856 664 2914 Dominus
695 2873 1035 2913 sermonem
1067 2873 1250 2930 quem
1284 2857 1516 2914 locutus
1544 2863 1650 2913 est.
1701 2859 1801 2913 Vis
1828 2864 1892 2914 ut

2002 1702 2216 1751 caetera
2237 1697 2555 1752 offendisse
2603 1697 2856 1767 dicatur,
2896 1697 3065 1770 quod
3094 1697 3155 1754 in
3186 1696 3442 1753 sublime
3473 1698 3660 1753 aediﬁ-

2001 1786 2224 1842 caverit
2245 1786 2429 1855 Mello,
2450 1787 2609 1844 unde
2651 1787 2868 1844 atrium
2914 1787 3138 1860 templi,
3169 1787 3568 1848 deambulans
3598 1787 3660 1844 in

2002 1879 2159 1930 turre
2187 1875 2412 1947 palatii,
2461 1877 2757 1948 respicere
2807 1876 3013 1934 solitus
3040 1877 3130 1932 sit.
3181 1877 3380 1933 Solent
3408 1877 3661 1950 quidam

1999 1964 2114 2019 hos
2144 1965 2352 2022 decem
2383 1966 2607 2035 gradus
2623 1966 2918 2022 linearum
2949 1966 3028 2022 ad
3059 1967 3414 2038 mysterium
3447 1967 3660 2024 Christi

2001 2055 2342 2122 transferre,
2385 2060 2447 2112 ut
2476 2056 2722 2112 umbras
2754 2056 3086 2124 ﬁgurarum
3109 2056 3168 2112 in
3198 2056 3658 2114 descensionem

2001 2144 2211 2200 Christi
2261 2144 2738 2217 interpretentur,
2771 2161 2880 2217 per
2908 2161 3064 2216 quos
3103 2144 3317 2201 iterum
3349 2144 3438 2202 sol
3488 2144 3658 2216 justi-

2001 2233 2095 2289 tiaa
2109 2233 2399 2302 Christus,
2420 2239 2557 2307 post
2575 2234 3070 2291 resurrectionem
3091 2233 3358 2292 ascendit
3381 2252 3394 2289 :
3418 2234 3656 2292 Primus

1999 2321 2201 2394 itaque
2231 2321 2456 2391 gradus
2488 2322 2897 2379 descensionis
2921 2322 2996 2380 de
3030 2323 3152 2379 Deo
3181 2322 3244 2380 in
3266 2323 3482 2393 angelo
3506 2323 3653 2395 ,l'uit,

1999 2412 2145 2484 quia
2178 2434 2206 2461 ι(
2228 2413 2435 2480 magni
2487 2412 2720 2468 consilii
2747 2413 2994 2469 nuntius
3033 2417 3160 2469 erat
3183 2413 3324 2483 (Isa.
3356 2417 3456 2484 xx),
3489 2433 3521 2467 ›
3550 2413 3656 2470 de-

1999 2501 2182 2573 nique
2203 2506 2260 2557 et
2302 2501 2490 2557 Jacob
2523 2502 2608 2556 sic
2643 2501 3012 2574 alloquitur:
3059 2524 3088 2552 «
3115 2504 3182 2558 Et
3210 2501 3381 2567 dixit.
3439 2502 3654 2575 inquit,

2001 2591 2251 2660 angelus
2283 2592 2514 2648 Domini
2541 2611 2553 2648 :
2590 2595 2712 2662 Ego
2747 2609 2885 2648 sum
2916 2594 3091 2663 Deus,
3119 2592 3217 2650 cui
3241 2592 3495 2663 junxisti
3523 2594 3656 2650 titu-

1999 2679 2127 2736 lum
2152 2685 2209 2736 et
2228 2681 2438 2737 vovisti
2469 2686 2678 2737 votum
2701 2683 2864 2752 (Gen.
2895 2684 3058 2754 ml)
3089 2699 3104 2738 :
3137 2704 3167 2733 ι»
3202 2685 3266 2738 ut
3293 2685 3352 2738 et
3370 2682 3657 2753 angelum

1998 2774 2056 2824 et
2085 2771 2272 2825 Deum
2299 2769 2656 2826 ostenderet.
2693 2771 3001 2828 Secundus
3041 2771 3266 2843 gradus
3312 2771 3654 2841 descensio,

1999 2857 2090 2914 nis
2116 2858 2191 2914 de
2213 2858 2428 2924 angelo
2443 2859 2504 2915 in
2524 2859 2879 2932 patriarchis
2896 2860 3024 2932 fuit,
3048 2861 3193 2934 quia
3215 2882 3243 2914 α
3266 2860 3327 2916 in
3347 2861 3653 2933 omnibus,

215 2969 246 2996 α
279 2946 564 3006 ascendat
584 2947 803 3005 umbra
823 2946 1031 3002 decem
1048 2947 1237 3015 lineis,
1261 2963 1341 3003 an
1365 2953 1426 3005 ut
1455 2953 1784 3004 revertatur
1807 2952 1890 3003 to-
1923 2975 1968 3033 ρ
1999 2952 2063 3001 ut
2092 2947 2171 3002 ait
2199 2947 2676 3019 apostolus,ipse
2704 2952 2794 3004 est
2816 2953 3100 3020 operatus
3124 2949 3172 3020 (1
3197 2948 3334 3004 Cor.
3359 2949 3493 3019 xu)»
3517 2949 3656 3004 Ter-

216 3059 250 3086 α
278 3036 460 3092 tidem
483 3035 832 3106 gradibus,»
859 3041 915 3092 et
939 3036 1188 3108 reliqua.
1217 3039 1398 3093 Datur
1418 3042 1620 3092 autem
1644 3037 1885 3106 signum
1997 3035 2111 3092 tius
2139 3036 2200 3090 iu
2216 3035 2364 3104 legis
2387 3037 2714 3103 dationem,
2739 3037 2881 3109 quia
2909 3041 2967 3094 et
2993 3037 3055 3093 in
3076 3037 3206 3106 lege
3252 3037 3384 3108 ipse
3431 3041 3521 3094 est
3571 3038 3655 3094 lo-

218 3129 286 3181 ut
315 3123 404 3179 sol
421 3122 630 3179 decem
663 3123 959 3192 gradibus
989 3128 1316 3180 revertatur
1367 3141 1522 3196 quos
1555 3139 1666 3179 nos
1712 3124 1885 3194 juxta

217 3212 655 3284 Symmachum
675 3211 733 3267 in
751 3211 938 3268 lineas
950 3217 1005 3268 et
1017 3212 1399 3283 horologium
1413 3211 1882 3283 vertimus,quos

215 3301 446 3372 gradus
475 3300 760 3358 intellexit
787 3300 848 3356 in
879 3301 1073 3369 lineis,
1127 3306 1193 3356 ut
1234 3301 1704 3356 manifestiorem
1743 3317 1877 3356 sen-

218 3406 359 3445 sum
387 3389 724 3459 legentibus
754 3388 1013 3445 faceret:
1073 3389 1197 3444 sive
1245 3389 1327 3444 ita
1381 3395 1551 3444 erant
1601 3390 1883 3445 exstructi

215 3478 468 3548 gradus,
499 3483 622 3534 arte
652 3478 1024 3546 mechanica,
1061 3482 1125 3533 ut
1152 3478 1370 3532 umbra
1385 3476 1754 3534 descendens
1780 3479 1884 3535 ho-

215 3583 428 3622 rarum
460 3567 652 3640 spatia
682 3567 1050 3624 terminaret.
1085 3570 1219 3623 Erat
1250 3572 1450 3623 autem
1480 3568 1630 3623 hora
1651 3567 1764 3623 diei
1787 3569 1885 3623 de-

219 3656 387 3712 cima
424 3656 668 3728 quando
693 3657 808 3711 hoc
833 3656 960 3723 regi
1015 3657 1307 3729 propheta
1361 3656 1738 3728 laquebatur.
1786 3657 1882 3713 Vis

226 3743 624 3814 ergo,inquit,
645 3750 708 3801 ut
736 3744 1027 3800 ascendat
1055 3745 1273 3801 umbra
1303 3745 1512 3800 decem
1541 3745 1712 3800 lineis
1740 3762 1877 3817 pro-

229 3829 480 3886 cedente
531 3830 648 3888 sole
690 3849 869 3904 supra
918 3837 1136 3888 terram
1185 3849 1291 3907 per
1341 3833 1610 3889 boreales
1664 3833 1880 3906 plagas

219 3932 421 3992 usque
477 3919 552 3976 ad
597 3920 880 3978 Orientem
908 3923 935 3976 ‘I
979 3922 1148 3994 quod
1195 3922 1404 3978 subtus
1434 3927 1653 3978 terram
1698 3924 1873 3994 juxta

207 4009 636 4084 quotidianam
668 4011 1166 4068 consuetudinem
1199 4013 1293 4067 sui
1325 4028 1539 4068 cursus
1575 4017 1701 4068 erat
1756 4012 1876 4068 fac-

209 4105 384 4156 turus
415 4117 427 4154 :
463 4115 541 4155 an
563 4104 975 4156 utrevertatur
999 4099 1216 4156 umbra
1261 4101 1506 4157 totidem
1563 4099 1871 4172 gradibus.

205 4203 507 4246 conversa
535 4193 860 4244 retrorsum
888 4189 1038 4244 facie
1083 4188 1243 4256 solis,
1290 4189 1544 4262 ipsoque
1574 4205 1681 4262 per
1731 4205 1871 4245 aus-

205 4279 421 4336 tralem
442 4277 691 4351 plagam
712 4278 790 4334 ad
809 4279 1097 4336 orientem
1118 4294 1406 4348 regresso.

276 4392 302 4420 «ε
335 4373 408 4426 At
439 4385 549 4423 rex
579 4385 592 4423 :
617 4368 810 4424 Facile
841 4375 945 4434 est,
997 4367 1208 4441 inquit,
1271 4368 1552 4424 umbram
1611 4384 1871 4424 crescere

209 4481 239 4508 α
265 4458 484 4516 decem
512 4457 707 4523 lineis,
732 4472 844 4512 nec
879 4458 996 4513 hoc
1017 4457 1152 4513 volo
1174 4457 1298 4524 ﬁat,
1322 4456 1428 4512 sed
1457 4461 1521 4513 ut
1545 4461 1873 4514 revertatur

208 4565 238 4604 ‹
266 4553 605 4604 retrorsum
634 4546 842 4602 decem
865 4546 1174 4615 gradibus.
1202 4568 1229 4594 ››
1261 4545 1420 4602 Vidit
1445 4561 1709 4619 namque
1731 4546 1875 4619 quia

207 4638 459 4708 majoris
488 4635 762 4692 miraculi
785 4652 913 4692 esse
932 4640 1184 4710 poterat,
1199 4636 1246 4691 si
1264 4636 1352 4692 sol
1374 4637 1740 4692 contrarium
1763 4652 1872 4692 suo

206 4727 361 4782 mori
391 4741 643 4782 cursum
673 4731 893 4795 ageret,
926 4742 1116 4798 quam
1143 4725 1191 4780 si
1241 4730 1529 4781 consueto
1583 4741 1870 4798 processu

202 4813 517 4881 incedens,
563 4815 796 4871 tametsi
833 4814 1023 4871 multo
1051 4814 1253 4879 altius,
1273 4814 1334 4871 id
1361 4817 1449 4871 est
1473 4831 1656 4888 supra
1685 4820 1871 4871 terras

207 4902 402 4959 elatus
441 4903 520 4960 ad
543 4902 854 4968 orientem,
886 4903 1059 4976 quasi
1093 4902 1338 4958 secundi
1366 4901 1480 4958 diei
1509 4919 1686 4959 mane
1707 4902 1874 4958 nulla

206 4992 638 5048 interveniente
664 4997 860 5062 nocte,
882 4993 1150 5049 facturus
1168 4991 1493 5049 advolaret.
1517 4994 1665 5047 Nam
1683 4995 1740 5047 et
1756 4992 1871 5048 hoc

215 5077 328 5149 qui
349 5076 408 5132 in
435 5078 626 5138 insula
658 5081 866 5154 Thyle,
900 5097 1036 5154 quae
1070 5079 1222 5136 ultra
1249 5080 1612 5136 Britanniam
1643 5084 1750 5144 est,
1780 5079 1872 5135 vel

217 5165 278 5224 in
319 5165 535 5224 ultimis
578 5171 937 5244 Scytharum
959 5169 1180 5225 ﬁnibus
1208 5168 1452 5238 degunt,
1477 5169 1643 5225 omni
1666 5173 1867 5225 testate

209 5255 426 5328 diebus
460 5258 692 5332 aliquot
716 5259 840 5314 ﬁeri
874 5258 1110 5316 vident:
1136 5258 1279 5331 quia
1307 5258 1395 5314 sol
1416 5262 1628 5314 caetero
1657 5258 1787 5314 orbi
1808 5259 1870 5314 in

207 5363 436 5404 occasu
464 5352 523 5403 et
545 5349 661 5404 sub
695 5354 846 5405 terra
876 5347 1123 5421 positus,
1157 5346 1303 5420 ipsis
1334 5347 1721 5402 nihilominus
1753 5351 1872 5404 tota

205 5443 382 5495 nocte
411 5454 600 5511 supra
628 5443 848 5495 terram
878 5443 1184 5510 appareat,
1218 5442 1274 5493 et
1301 5434 1612 5509 quomodo
1643 5451 1680 5491 a
1707 5441 1871 5508 parte

207 5527 542 5583 occidentis
564 5527 644 5581 ad
664 5527 950 5583 orientem
976 5526 1216 5582 humilis
1242 5526 1446 5580 redeat
1465 5523 1774 5580 manifeste
1797 5525 1874 5581 vi-

206 5615 423 5678 deatur
443 5617 644 5678 donec
662 5620 930 5692 tempore
940 5620 1282 5692 opportuno
1304 5617 1426 5673 toto
1446 5613 1578 5672 orbi
1598 5629 1868 5673 commu-

1995 3128 2190 3180 cutus.
2220 3127 2477 3190 Quartus
2511 3125 2736 3194 gradus
2767 3126 2830 3181 in
2861 3129 3003 3182 Jesu
3032 3128 3212 3193 Nave,
3243 3129 3311 3180 ut
3356 3123 3652 3196 populum

1995 3213 2056 3268 in
2113 3219 2333 3270 terram
2383 3214 2864 3287 repromissionis
2917 3214 3244 3271 induceret.
3304 3213 3558 3278 Quintus
3589 3212 3652 3269 in

1993 3304 2324 3368 Iudicibus,
2358 3305 2503 3378 quia
2526 3305 2810 3360 eumdem
2839 3305 3140 3377 populum
3169 3319 3277 3377 per
3300 3303 3544 3374 eosipse
3560 3318 3652 3358 re-

1993 3394 2190 3462 gebat.
2227 3397 2459 3467 Sextus,
2493 3396 2552 3452 in
2583 3395 2826 3464 regibus
2872 3395 3239 3463 Iudaeorum,
3261 3393 3406 3467 quia
3456 3392 3519 3448 in
3560 3393 3647 3449 eis

1990 3483 2118 3555 ipse
2144 3484 2453 3551 regnabat.
2481 3485 2780 3557 Septimus
2796 3485 2857 3541 in
2883 3484 3215 3558 prophetis,
3246 3484 3391 3558 quia
3414 3498 3522 3556 per
3545 3498 3650 3540 eos

1992 3573 2398 3629 annuntiatur.
2430 3576 2688 3631 Octavus
2709 3574 2768 3630 in
2789 3574 3195 3647 pontiﬁcibus,
3229 3574 3372 3647 quia
3399 3574 3528 3647 ipse
3557 3576 3650 3630 est

1991 3678 2268 3718 summus
2299 3664 2580 3720 sacerdos
2611 3665 2816 3720 Patris.
2842 3667 3045 3720 Nonus
3088 3665 3149 3720 in
3178 3665 3444 3721 homine.
3488 3663 3649 3720 Deci-

1987 3767 2127 3806 mus
2146 3751 2205 3806 in
2215 3751 2516 3823 passione.
2542 3755 2647 3809 Per
2667 3753 2778 3808 hos
2799 3753 2960 3810 enim
2975 3753 3187 3810 decem
3205 3753 3449 3823 gradus,
3471 3753 3647 3824 quasi

1988 3856 2095 3913 per
2120 3840 2402 3896 umbram
2427 3841 2576 3908 legis
2633 3841 2845 3912 priscas
2895 3842 3160 3899 Christus
3215 3841 3546 3910 descendit,
3573 3857 3645 3896 ac

1985 3943 2196 3986 rursus
2238 3933 2379 3999 post
2427 3929 2925 3985 resurrectionem
3003 3945 3177 3985 suam
3246 3928 3335 3984 sol
3401 3927 3642 3999 justiﬁes

1988 4016 2274 4084 Christus,
2306 4032 2414 4088 per
2442 4017 2687 4076 eosdem
2716 4017 2941 4086 gradus
2961 4033 3204 4074 sursum
3222 4017 3283 4074 in
3303 4017 3524 4074 caelum
3552 4033 3643 4074 as-

1986 4105 2187 4162 cendit
2214 4121 2227 4160 :
2260 4109 2317 4160 et
2353 4121 2599 4161 omnem
2631 4106 2911 4164 umbram
2963 4106 3112 4177 legis
3141 4107 3403 4164 veritatis
3453 4105 3638 4164 radiis

1985 4195 2320 4265 illustravit,
2345 4194 2606 4254 obscura
2633 4195 2926 4268 revelans,
2982 4197 3188 4254 clausa
3227 4212 3526 4266 reserans,
3585 4201 3644 4255 et

1908 4327 1956 4384 Β
1985 4285 2192 4384 omnia
2206 4289 2368 4384 tecta
2395 4285 2734 4384 denudans.

2049 4394 2078 4425 ι
2107 4379 2171 4430 In
2203 4379 2446 4448 tenpore
2477 4375 2576 4431 illo
2607 4376 2772 4434 misit
2798 4377 3105 4436 Berodach
3153 4377 3423 4436 Baladan
3477 4377 3638 4434 ﬁlius

1986 4463 2269 4531 Baladan,
2299 4481 2401 4521 rex
2461 4465 2954 4538 Babyloniorum,
2997 4468 3222 4525 litteras
3276 4473 3334 4524 et
3384 4481 3639 4524 munera

1984 4553 2063 4610 ad
2113 4555 2442 4611 Ezechiam.
2495 4555 2778 4611 Audierat
2860 4555 3022 4610 enim
3068 4554 3236 4626 quod
3287 4557 3640 4622 aegrotasset

1983 4643 2284 4699 Ezechias.
2318 4646 2572 4700 Limatus
2630 4648 2722 4699 est
2749 4645 2952 4698 autem
2999 4642 3061 4696 in
3115 4641 3377 4697 adventu
3424 4655 3636 4698 eorum

1983 4732 2281 4798 Ezechias,
2332 4735 2390 4788 et
2433 4731 2696 4789 ostendit
2764 4731 2850 4787 eis
2880 4729 3134 4786 domum
3163 4733 3523 4796 aromatum,
3579 4734 3638 4788 et

1981 4835 2199 4876 aurum
2228 4823 2286 4875 et
2307 4825 2622 4889 argentum
2648 4823 2705 4876 et
2728 4819 3038 4892 pigmenta
3077 4817 3268 4886 varia,
3323 4823 3637 4889 unguenta

1980 4923 2224 4980 quoque
2283 4911 2340 4962 et
2389 4907 2641 4963 domum
2687 4923 2970 4964 vasorum
3024 4923 3295 4980 suorum,
3325 4913 3384 4967 et
3429 4910 3638 4968 omnia

1979 5012 2117 5068 quin
2197 4994 2422 5052 habere
2494 4999 2724 5068 poterat
2781 4994 2845 5052 in
2932 4996 3227 5054 thesaurls
3289 4999 3440 5055 suis.
3505 5003 3637 5057 Non

1981 5084 2142 5141 «fuit
2169 5085 2424 5141 verbum
2454 5086 2618 5158 quod
2656 5102 2781 5143 non
2821 5091 3184 5145 monstraret
3235 5088 3320 5146 eis
3359 5091 3636 5147 Ezechias

1983 5196 2012 5224 ‹‹
2041 5174 2102 5230 in
2129 5174 2312 5231 domo
2343 5190 2474 5246 sua,
2500 5178 2566 5232 ut
2596 5175 2658 5232 in
2694 5176 2862 5234 omni
2885 5181 3177 5251 potestate
3208 5193 3336 5236 sua.
3364 5202 3394 5231 υ
3444 5181 3637 5252 Supra

1979 5263 2234 5333 legimus
2253 5267 2306 5333 (Ι
2323 5267 2367 5321 V
2384 5267 2525 5337 Reg.
2553 5266 2713 5338 xviu)
2736 5266 2972 5325 decimo
2991 5271 3209 5342 quarto
3255 5283 3418 5325 anno
3477 5269 3635 5340 regis

1983 5354 2239 5410 Ezechias
2285 5355 2630 5411 ascendisse
2706 5356 3111 5413 Sennacherib
3193 5371 3400 5428 regem
3458 5359 3635 5430 Assy-

1981 5442 2207 5498 riorum
2259 5459 2439 5515 super
2517 5458 2730 5500 omnes
2788 5445 3052 5502 civitates
3125 5444 3285 5502 Juda
3339 5446 3626 5515 munitas,

1982 5536 2039 5587 et
2111 5531 2339 5601 cepisse
2415 5550 2536 5600 eas,
2592 5539 2650 5591 et
2719 5539 2929 5606 postea
3004 5535 3314 5592 obsedisse
3401 5535 3628 5599 Lachis,

1984 5615 2270 5677 transisse
2353 5621 2624 5679 Lobnam
2647 5667 2662 5695 ,
2751 5623 2985 5682 misisse
3060 5624 3431 5682 Hierusalem
3497 5636 3635 5694 par-
