4102 6184
460 141 563 193 535

1557 129 1910 186 ANGELOMI
1965 121 2430 180 LUXOVIENSIS
2477 124 2783 180 MONACHI

3783 129 3890 182 536

452 265 578 318 tem
600 261 890 318 exercitus
915 257 1028 327 sui,
1063 270 1337 326 caesaque
1387 269 1493 325 per
1546 252 1832 321 angelum
1871 253 2110 306 centum
2144 247 2192 301 Α
2223 251 2278 301 et
2303 246 2836 304 odoramentorum
2865 253 2920 303 et
2945 244 3236 317 unguenti
3253 245 3485 317 optimi,
3512 247 3760 319 quodin
3780 251 3888 306 He-

455 351 759 418 octoginta
785 344 1053 418 quinque
1085 342 1266 398 millia
1299 341 1590 397 exercitus
1617 342 1772 411 ejus,
1807 343 1862 394 et
1912 338 2113 410 ipsum

2226 335 2428 390 bralco
2457 336 2731 392 scribitur
2751 337 2864 392 olei
2906 335 3073 402 boni,
3116 340 3173 391 et
3201 350 3413 390 omnes
3442 336 3765 393 thesauros
3790 356 3894 395 va-

458 438 682 507 fugisse
734 432 1001 496 Niniven,
1045 430 1540 502 interfectumque
1598 445 1635 484 a
1668 427 1806 483 ﬁliis
1864 427 1925 482 in
1973 425 2115 481 fano
2226 441 2432 480 sortun
2464 428 2650 493 Gazae,
2705 427 2850 494 sive,
2909 430 2974 481 ut
3025 425 3107 480 ibi
3163 423 3398 494 legitur,
3431 441 3724 482 vasorum
3757 445 3898 485 suo-

455 525 551 580 dei
573 523 686 593 sui,
731 537 1022 593 regnasse
1053 536 1165 592 pro
1196 536 1266 575 eo
1313 517 1713 574 Asarhaddon
1741 517 1930 572 ﬁlium
1962 515 2116 585 ejus.

2226 525 2380 564 rum.
2407 511 2559 566 Gaza
2585 514 2784 565 autem
2816 510 3022 578 lingua
3056 511 3370 564 Persarum
3401 509 3624 566 divitiae
3655 528 3897 570 nuncu-

457 617 793 683 Egrotasse
820 610 1151 677 Ezechiam,
1181 613 1237 666 et
1257 609 1550 681 recepisse
1577 609 1886 680 prophetae
1909 604 2118 661 nuntio
2229 603 2468 670 paritur,
2502 615 2610 654 nec
2659 603 2747 654 est
2793 598 3076 654 Hebraeus
3133 615 3354 671 sermo,
3409 599 3515 655 sed
3565 599 3896 659 barbarus.

460 702 830 775 sospitatem,
857 700 1083 755 factum
1112 698 1352 767 signum
1394 696 1757 761 incredibile,
1792 699 1856 751 ut
1880 694 1967 750 sol
2012 695 2120 748 ho-

457 807 664 848 rarum
688 788 896 860 spatiis
924 791 1315 842 reverteretur
1342 787 1418 841 ad
1449 791 1648 840 ortum
1672 801 1851 840 suum
1883 788 1939 838 et
1969 798 2122 856 pene

460 879 682 951 duplex
712 877 838 932 dies
861 876 1046 931 ﬁeret.
1073 879 1238 931 Nunc
1267 875 1522 945 legimus
1554 873 1722 946 quod
1753 873 1812 928 in
1849 880 2122 943 tempore

458 967 583 1037 illo,
612 967 728 1022 hoc
759 970 868 1030 est,
896 965 955 1020 in
983 963 1198 1019 eodem
1249 978 1409 1018 anno
1441 977 1564 1035 quo
1593 962 1720 1017 haec
1768 965 1935 1030 gesta
1988 963 2127 1013 sunt

463 1055 688 1122 omnia,
719 1053 945 1109 miserit
977 1051 1281 1107 Berodach
1331 1050 1612 1119 Baladan,
1645 1049 1801 1104 ﬁlius
1851 1048 2121 1104 Baladan

459 1161 569 1201 rex
595 1142 934 1215 Babylonis,
965 1141 1150 1197 libros
1179 1145 1235 1196 et
1261 1155 1514 1196 munera
1541 1139 1619 1195 ad
1642 1139 1972 1203 Ezechiam,
2003 1152 2126 1192 non

466 1230 886 1295 Asarhaddon,
911 1229 1016 1302 qui
1035 1228 1437 1285 Sennacherlb
1468 1227 1621 1300 patri
1642 1227 1805 1299 apud
1837 1226 2038 1297 Syrios
2067 1225 2128 1280 in

467 1335 724 1390 regnum
751 1320 1138 1384 successerat,
1167 1317 1241 1371 de
1287 1316 1458 1386 cujus
1491 1331 1598 1370 seu
1627 1319 1817 1370 morte
1862 1329 1969 1369 seu
2015 1313 2132 1368 vita

474 1408 776 1480 Scriptura
804 1406 1102 1463 conticuit.
1137 1407 1219 1460 Ex
1250 1421 1370 1476 quo
1399 1403 1794 1476 perspicuum
1829 1407 1938 1469 est,
1967 1401 2131 1457 aliud

473 1497 658 1552 fuisse
675 1500 813 1552 tunc
830 1509 1084 1564 regnum
1105 1493 1506 1565 Assyriorum,
1530 1491 1672 1548 etali
1683 1491 1759 1547 ud
1781 1490 2136 1562 Babylonio—

2234 709 2259 734 ‹‹
2284 690 2408 742 Non
2442 687 2570 752 fuit,
2605 687 2815 760 inquit,
2843 687 3116 743 verbum.
3152 707 3179 738 ι
3211 686 3384 753 Quod
3424 688 3598 759 juxta
3640 689 3897 747 Hebrai-

2233 792 2364 831 cam
2411 775 2926 843 consuetudinem,
2978 792 3088 849 pro
3119 792 3181 831 re
3207 775 3552 848 frequenter
3579 779 3899 851 accipitur,

2233 864 2393 936 quod
2423 881 2544 921 non
2575 865 2912 920 ostenderet
2941 865 3025 920 eis
3054 865 3114 920 in
3147 865 3332 921 domo
3363 882 3494 936 sua,
3545 871 3602 923 et
3649 867 3712 924 in
3765 885 3901 925 om-

2234 953 2295 1008 ni
2324 958 2614 1026 potestate
2671 970 2804 1010 sua.
2853 953 3016 1010 Unde
3070 955 3167 1010 Dei
3219 954 3306 1010 ira
3344 955 3705 1027 justissima,
3751 971 3906 1030 quo-

2235 1043 2398 1098 niam
2420 1059 2543 1099 non
2575 1043 2770 1099 solum
2801 1045 3114 1100 thesauros
3144 1061 3286 1100 suos
3321 1049 3500 1118 atque
3530 1045 3759 1119 palatii,
3793 1047 3905 1104 sed

2235 1137 2292 1187 et
2337 1131 2543 1204 templi
2599 1131 2942 1200 ostenderit,
2996 1131 3163 1205 quod
3217 1137 3374 1189 certe
3425 1133 3533 1190 fuit
3578 1136 3905 1206 potestatis

2237 1222 2391 1292 ejus,
2425 1221 2500 1277 de
2521 1221 2694 1292 cujus
2721 1221 2904 1277 valvis
2931 1221 3060 1277 atrii
3091 1221 3349 1278 laminas
3363 1227 3500 1278 ante
3511 1224 3637 1294 jam
3652 1223 3904 1280 tulerat.

2311 1332 2340 1359 «
2382 1311 2624 1367 Intravit
2655 1315 2855 1366 autem
2886 1311 3068 1367 Isaias
3090 1312 3385 1384 propheta
3414 1311 3495 1368 ad
3519 1316 3739 1382 Regem
3758 1316 3908 1370 Eze-

2243 1423 2268 1449 «
2313 1401 2531 1468 chiam,
2564 1403 2622 1457 et
2645 1399 2793 1457 dixit
2821 1400 2874 1456 ei
2905 1417 2917 1456 :
2944 1401 3097 1467 Quid
3121 1401 3402 1458 dixerunt
3425 1402 3536 1458 viri
3557 1403 3671 1469 isti,
3703 1407 3764 1459 et
3790 1419 3909 1459 un-

2245 1514 2271 1540 ι(
2315 1490 2389 1546 de
2419 1494 2710 1546 venerunt
2729 1490 2806 1545 ad
2837 1495 2891 1546 te
2915 1491 2944 1546 ‘?
2986 1493 3051 1546 Et
3080 1490 3226 1546 dixit
3256 1492 3533 1548 Ezechias
3577 1510 3591 1546 :
3635 1496 3717 1548 De
3747 1496 3909 1549 terra

474 1602 630 1641 rum.
666 1585 929 1656 Denique
965 1582 1322 1652 Samariam,
1349 1581 1410 1636 id
1437 1585 1542 1648 est,
1578 1597 1683 1637 sex
1710 1579 1899 1636 tribus
1926 1594 2134 1652 cepere
2155 1585 2207 1654 τῃ
2247 1601 2275 1630 ‹‹
2315 1578 2647 1651 longinqua
2678 1583 2970 1634 venerunt
2997 1578 3075 1634 ad
3115 1595 3211 1635 me
3237 1579 3312 1635 de
3343 1579 3667 1652 Babylone.
3725 1584 3794 1637 Et
3821 1580 3908 1636 di-

477 1673 726 1746 Assyrii,
739 1674 768 1725 J
776 1673 962 1728 udam
977 1675 1177 1727 autem
1190 1675 1248 1727 et
1265 1669 1638 1726 Hierusalem
1659 1674 1868 1742 postea
1880 1669 2135 1738 legimus

479 1762 711 1835 cepisse
759 1761 1110 1828 Chaldaeos,
1141 1775 1402 1832 quorum
1443 1775 1546 1815 rex
1577 1758 2142 1815 Nabuchodonosor

480 1851 609 1907 fuit.
644 1853 711 1906 Et
735 1850 880 1921 quia
916 1849 1082 1921 apud
1129 1865 1231 1905 eos
1285 1852 1588 1905 astrorum
1620 1848 2003 1904 observantia
2028 1849 2138 1918 est,

481 1939 906 2012 stellarumque
937 1954 1165 2001 cursus,
1217 1937 1398 2008 longo
1454 1954 1571 1993 usu
1613 1941 1671 1994 et
1727 1937 2142 1993 exercitatione

483 2028 783 2098 cognitus,
812 2027 978 2099 quod
995 2032 1051 2082 et
1079 2027 1140 2080 in
1159 2026 1392 2081 Domini
1419 2025 1721 2082 nativitate
1751 2029 2141 2092 monstratur,

482 2115 898 2172 intellexerunt
910 2114 1098 2170 solem
1109 2130 1442 2183 reversum,
1465 2115 1579 2170 diei
1601 2114 1796 2187 spatia
1815 2113 2139 2187 duplicata,

485 2205 741 2263 serviere
770 2206 822 2260 ei
851 2220 1034 2276 quem
1066 2204 1264 2260 solum
1288 2203 1491 2268 deum,
1526 2204 1587 2259 id
1616 2208 1724 2273 est,
1760 2203 1946 2260 solem
1968 2209 2144 2276 puta-

483 2295 652 2352 bant.
681 2296 952 2365 Cumque
983 2308 1197 2350 causas
1222 2293 1404 2364 hujus
1427 2292 1697 2349 miraculi
1728 2293 2144 2364 rationemque

485 2381 1086 2456 perquirerent,fama
1115 2397 1221 2453 per
1251 2397 1464 2436 omnes
1494 2386 1704 2450 gentes
1730 2381 2036 2446 volitante,
2055 2381 2144 2435 di-

485 2471 1012 2541 diceruntpropter
1023 2471 1472 2540 aegrotationem
1485 2470 1640 2539 regis
1660 2470 1943 2536 Exechiae,
1967 2469 2145 2524 etiam

490 2573 730 2614 cursum
771 2558 1240 2626 signiclarissimi
1286 2563 1742 2625 commutatum,
1794 2574 1980 2630 quam
2024 2574 2146 2614 non

487 2661 618 2700 esse
647 2643 1076 2717 opiniationem
1114 2661 1336 2715 meam,
1369 2646 1473 2701 sed
1497 2646 1792 2718 Scripture
1823 2651 2042 2702 sanctae
2077 2647 2145 2701 ﬁ-

489 2733 632 2789 dem
676 2733 914 2789 Dierum
961 2733 1146 2790 verba
1180 2737 1470 2790 testantur
1502 2736 1589 2807 (II
1609 2736 1757 2792 Par.
1789 2736 1984 2808 xxxii),
2011 2752 2145 2808 quae

489 2822 693 2877 dixere
720 2826 856 2894 post
882 2821 1034 2878 alia:
1070 2826 1235 2895 «Ipse
1257 2829 1348 2879 est
1395 2823 1671 2879 Ezechias
1700 2825 1802 2896 qui
1851 2823 2150 2880 obturavit

490 2911 863 2982 superiorem
892 2910 1117 2966 fontem
1144 2926 1442 2984 aquarum
1474 2913 1682 2980 Gihon,
1716 2918 1771 2968 et
1809 2913 2018 2969 avertit
2047 2929 2147 2968 eas
2177 2947 2218 3005 Ο

491 2999 696 3056 subter
726 3000 804 3054 ad
859 2999 1230 3056 occidentem
1282 3001 1450 3056 urbis
1501 3002 1705 3057 David.
1764 3007 1826 3058 In
1864 3002 2148 3058 omnibus

489 3086 773 3160 operibus
804 3087 927 3142 suis
954 3087 1392 3161 fecitprospere
1421 3090 1773 3163 qure'voluit
1821 3113 1846 3140 ››
1877 3095 2147 3146 Attamen

486 3176 549 3231 in
575 3176 870 3246 legatione
901 3176 1262 3250 principium
1297 3179 1644 3250 Babylonis,
1688 3183 1792 3252 qui
1825 3179 1998 3236 missi
2021 3180 2150 3236 fue-

488 3269 626 3321 rant
653 3265 732 3322 ad
779 3281 938 3333 eum,
989 3271 1054 3322 ut
1082 3267 1516 3337 interrogarent
1545 3268 1620 3324 de
1650 3274 1927 3342 portento
1984 3265 2152 3342 quod

490 3354 792 3409 acciderat
823 3369 1004 3425 super
1040 3357 1280 3422 terram,
1335 3356 1648 3429 dereliquit
1692 3373 1831 3412 eum
1887 3359 2042 3413 Deus
2090 3362 2154 3413 ut

490 3446 835 3511 tentaretur,
895 3446 952 3497 et
996 3446 1141 3498 nota
1176 3442 1387 3499 ﬂerent
1417 3446 1626 3501 omnia
1673 3463 1808 3517 quae
1866 3451 2035 3502 erant
2091 3447 2152 3503 in

491 3527 672 3583 corde
724 3528 877 3597 ejus.
929 3528 1154 3584 Idcirco
1175 3536 1375 3586 autem
1406 3533 1714 3588 tentatioui
1744 3535 1983 3590 relictus
2043 3539 2150 3607 est,

490 3614 638 3686 quia
658 3620 796 3686 post
827 3619 1056 3672 tantam
1081 3617 1392 3675 victoriam
1435 3625 1491 3676 et
1522 3621 1664 3676 solis
1707 3638 2071 3691 regressum,
2097 3630 2155 3681 et

494 3704 1073 3774 congratulationem
1125 3709 1293 3778 regni
1367 3711 1782 3782 potentissimi,
1843 3727 1945 3768 cor
1999 3710 2197 3769 illius'

492 3791 788 3850 elevatum
840 3798 948 3850 est.
980 3795 1245 3868 Denique
1300 3797 1362 3853 in
1412 3799 1627 3855 eodem
1684 3801 1988 3858 volumine
2015 3803 2152 3859 scri-

489 3882 684 3939 bitur:
715 3902 746 3936 ‹
798 3883 954 3940 Multi
1011 3885 1357 3944 deferebant
1404 3889 1628 3946 hostias
1677 3895 1733 3946 et
1763 3892 2051 3949 sacriﬁcia
2092 3893 2153 3948 in

498 3971 864 4028 Hierusalem
931 3975 1206 4041 Domino,
1279 3983 1336 4034 et
1411 3995 1665 4036 munera
1715 3982 1971 4038 Ezechiae
2027 3983 2153 4052 regi

490 4058 666 4128 Juda,
719 4061 822 4132 qui
867 4063 1161 4120 exaltatus
1211 4070 1299 4120 est
1345 4072 1484 4139 post
1535 4068 1662 4125 haec
1694 4085 1896 4126 coram
1919 4072 2149 4127 cunctis

497 4145 797 4232 gentibus.
832 4150 895 4204 In
943 4151 1155 4207 diebus
1183 4152 1297 4208 illis
1325 4157 1633 4223 aegrotavit
1655 4159 1930 4214 Ezechias
1964 4176 2151 4232 usque

498 4231 578 4289 ad
613 4239 890 4305 mortem,
938 4243 995 4294 et
1021 4240 1211 4295 oravit
1242 4241 1320 4296 ad
1359 4244 1699 4300 Dominum.
1734 4249 1800 4302 Et
1850 4231 2151 4304 exaudivit

499 4336 660 4391 eum,
690 4325 747 4377 et
781 4323 945 4380 dedit
989 4326 1043 4381 ei
1072 4326 1333 4399 signum,
1359 4329 1470 4385 sed
1513 4347 1632 4387 non
1659 4334 1830 4404 juxta
1859 4335 2151 4393 beneﬁcia

496 4425 636 4482 quae
686 4419 1017 4484 acceperat,
1050 4416 1318 4474 retribuit
1350 4437 1363 4474 :
1405 4421 1548 4492 quia
1579 4422 1901 4480 exaltatum
1934 4431 2022 4481 est
2053 4443 2154 4482 cor

499 4499 649 4571 ejus.
703 4503 768 4557 Et
815 4501 971 4560 facta
1021 4509 1109 4561 est
1153 4512 1361 4564 contra
1409 4525 1544 4565 eum
1578 4510 1686 4576 ira,
1735 4516 1791 4569 et
1820 4518 2026 4571 contra
2057 4517 2153 4572 Ju-

498 4586 666 4654 dam.
693 4592 751 4647 et
771 4591 1156 4651 Hierusalem.
1188 4596 1571 4671 Rursumque
1621 4601 1922 4676 Scriptura
1952 4611 2158 4662 sancta

501 4676 818 4736 elationem
849 4683 1046 4739 cordis
1077 4685 1206 4757 ejus
1245 4685 1384 4744 dicit
1420 4689 1770 4761 paenitentia
1797 4693 2156 4764 mitigatam,

502 4764 812 4858 inferens:
860 4789 890 4823 ‹
923 4774 988 4828 Et
1037 4774 1386 4834 humiliatus
1434 4784 1521 4835 est
1567 4787 1796 4854 postea,
1857 4800 1928 4840 eo
1991 4785 2158 4858 quod

501 4851 829 4943 exaltatum
859 4864 1013 4914 esset
1043 4876 1146 4917 cor
1174 4865 1323 4935 ejus,
1365 4870 1488 4922 tam
1530 4851 1658 4941 ipse
1714 4887 1900 4943 quam
1933 4851 2161 4930 habita-

501 4939 679 5033 tores
695 4939 1083 5033 Hierusalem,
1134 4955 1191 5005 et
1229 4952 1452 5010 idcirco
1502 4939 1626 5012 non
1675 4939 1832 5016 venit
1861 4961 1947 5016 ira
1979 4978 2162 5033 super

505 5037 609 5119 eos
642 5025 877 5119 Domini
899 5029 962 5086 in
987 5033 1202 5090 diebus
1230 5041 1505 5098 Ezechiae.
1545 5067 1572 5092 κ
1607 5048 1856 5103 Laetatns
1899 5053 1985 5103 est
2016 5025 2159 5117 ergo

502 5111 924 5206 inadventum
965 5119 1299 5189 legatorum
1331 5130 1654 5198 Berodach,
1697 5150 1878 5205 quem
1925 5111 2158 5206 patrem

504 5197 689 5287 fuisse
735 5201 1291 5270 Nabuchodonosor
1335 5216 1567 5274 Hebraei
1615 5197 1952 5287 aut-ument:
1997 5229 2053 5280 et
2095 5225 2156 5281 in

503 5286 744 5345 datione
794 5307 1133 5367 munerum,
1191 5307 1249 5359 et
1297 5308 1811 5374 congratulatione
1887 5286 2155 5371 sanitatis

505 5391 632 5432 sua;
696 5381 958 5439 ostendit
1015 5402 1149 5458 quae
1222 5392 1306 5447 eis
1368 5394 1542 5463 juxta
1613 5399 2002 5470 Septuaginta
2055 5403 2160 5460 do-

503 5481 677 5522 mum
755 5473 948 5539 νεχοθὰ
1008 5490 1118 5546 pro
1194 5496 1318 5552 qua
1396 5485 1794 5555 Symmachus
1862 5494 2160 5551 transtulit

505 5561 843 5618 aromatum
881 5578 1152 5636 suorum,
1183 5574 1241 5630 et
1281 5572 1589 5633 thesauros
1634 5580 1762 5638 auri
1805 5586 1861 5643 et
1899 5586 2150 5656 argenti,

2249 1690 2277 1716 «
2318 1668 2402 1723 xit
2461 1685 2474 1722 :
2527 1667 2678 1728 Quid
2707 1667 2987 1723 viderunt
3009 1668 3069 1723 in
3103 1667 3288 1724 domo
3319 1673 3423 1725 tua
3449 1668 3477 1724 ?
3523 1671 3590 1724 Et
3618 1669 3768 1726 dixit
3801 1672 3905 1725 Eze

2251 1777 2280 1810 ‹
2323 1757 2489 1830 cuias
2523 1774 2535 1812 :
2579 1757 2794 1814 Omnia
2839 1773 3216 1830 qurecunque
3261 1757 3319 1814 in
3350 1758 3537 1814 domo
3575 1775 3716 1816 mea
3745 1765 3903 1822 sunt,

2253 1871 2280 1898 ‹‹
2321 1846 2619 1902 viderunt.
2649 1849 2775 1902 Non
2807 1845 2915 1903 fuit
2957 1846 3212 1902 verbum
3245 1847 3365 1903 sive
3404 1864 3499 1904 res
3543 1864 3734 1921 quam
3783 1863 3904 1904 non

2254 1959 2281 1985 ‹‹
2322 1934 2689 1991 ostenderim
2720 1935 2804 1990 eis
2832 1935 2892 1991 in
2923 1935 3218 1991 thesauris
3250 1937 3421 1993 meis.
3452 1940 3519 1993 Et
3538 1937 3687 1994 dixit
3720 1938 3903 1994 Isaias

2253 2048 2280 2076 α
2323 2025 2400 2082 ad
2428 2025 2735 2081 Ezechiam
2761 2025 2946 2081 :Audi
2975 2025 3228 2082 verbum
3251 2027 3487 2084 Domini
3514 2027 3902 2085 exercituum:

2257 2139 2284 2164 ‹‹
2324 2118 2470 2171 Ecce
2498 2114 2734 2171 venient
2767 2115 2892 2170 dies
2937 2119 2994 2171 et
3040 2114 3384 2172 auferentur
3436 2117 3644 2173 omnia
3681 2133 3818 2190 quae
3847 2116 3909 2171 in

2256 2229 2281 2256 ‹‹
2325 2205 2508 2262 domo
2535 2209 2637 2262 tua
2667 2211 2826 2270 sunt,
2857 2211 2912 2262 et
2949 2221 3083 2278 quae
3115 2206 3667 2264 thesaurizaverunt
3710 2210 3909 2279 patres

2257 2318 2284 2344 «
2327 2294 2431 2358 tui,
2463 2310 2653 2366 usque
2681 2294 2756 2350 ad
2774 2294 2932 2350 diem
2962 2294 3120 2350 hanc
3150 2293 3211 2350 in
3254 2293 3642 2368 Babylonem.
3672 2298 3796 2351 Non
3823 2307 3912 2349 re-

2258 2407 2283 2432 ‹‹
2328 2383 2629 2454 linquetur
2653 2382 3012 2456 quidquam,
3043 2382 3186 2439 dicit
3234 2383 3538 2439 Dominus.
3572 2382 3683 2438 Sed
3733 2384 3790 2435 et
3825 2379 3903 2434 de

2259 2493 2288 2525 ‹
2328 2472 2461 2527 filiis
2493 2472 2606 2528 tuis
2628 2472 2732 2545 qui
2761 2470 3138 2543 egredientur
3189 2488 3255 2528 ex
3293 2477 3364 2539 te,
3419 2487 3568 2542 quos
3597 2467 3896 2540 genuerist

2261 2586 2286 2610 ‹‹
2328 2561 2548 2628 tollent,
2575 2565 2629 2617 et
2655 2565 2828 2617 erunt
2847 2560 3104 2616 eunuchi
3130 2561 3188 2616 in
3217 2559 3434 2633 palatio
3456 2558 3612 2628 regis
3641 2555 3908 2628 Babylo-

2260 2675 2285 2700 ‹‹
2327 2650 2439 2706 nis.
2472 2653 2537 2706 Et
2559 2650 2706 2706 dixit
2735 2650 3014 2706 Ezechias
3050 2649 3124 2706 ad
3167 2648 3383 2704 Isaiam
3445 2663 3456 2700 :
3509 2647 3752 2703 Bonum
3780 2658 3914 2700 ver-

2258 2759 2287 2793 ς
2327 2737 2475 2794 bum
2498 2734 2734 2795 Domini
2763 2737 2930 2812 quod
2955 2737 3179 2795 locutus
3208 2741 3315 2793 est.
3348 2735 3417 2793 Et
3445 2734 3526 2792 ait
3555 2751 3569 2790 :
3621 2733 3750 2792 Fiat
3778 2738 3912 2790 tan.

2257 2850 2286 2876 «
2329 2831 2454 2882 tum
2485 2843 2603 2900 pax
2627 2833 2682 2883 et
2707 2828 2922 2884 veritas
2952 2828 3014 2883 in
3042 2826 3251 2884 diebus
3305 2825 3476 2882 meis.
3508 2823 3764 2897 Reliqua
3805 2838 3913 2878 au-

2259 2939 2286 2966 «
2329 2920 2447 2972 tcm
2479 2932 2825 2972 sermonum
2847 2917 3124 2984 Ezechiae,
3149 2920 3205 2972 et
3232 2914 3428 2971 omnis
3447 2913 3732 2969 fortitudo
3760 2912 3913 2982 ejus,

2261 3029 2288 3056 «
2329 3010 2384 3061 et
2414 3005 2721 3077 quomodo
2743 3004 2943 3062 fecerit
2971 3005 3268 3078 piscinam
3298 3008 3352 3060 et
3377 3001 3824 3076 aquaeductum,
3854 3001 3918 3054 et

2261 3120 2287 3145 ‹‹
2331 3095 2723 3151 introduxerit
2773 3111 2962 3168 aquas
3017 3097 3076 3150 in
3139 3094 3458 3165 civitatem,
3536 3107 3738 3148 nonne
3785 3090 3918 3145 haec

2262 3209 2289 3236 ‹‹
2331 3185 2550 3257 scripta
2577 3188 2716 3240 sunt
2744 3183 2804 3240 in
2836 3183 2988 3241 libro
3028 3200 3378 3241 sermonum
3421 3181 3654 3238 dierum
3685 3182 3916 3249 Regum

2263 3299 2289 3324 ‹‹
2329 3272 2535 3331 Juda?
2583 3278 2692 3330 etc.
2729 3296 2755 3323 »
2829 3273 3090 3330 Tradunt
3137 3270 3364 3330 Hebrmi
3409 3271 3543 3328 ideo
3595 3273 3920 3341 aegrotasse

2263 3363 2589 3430 Ezechiam,
2626 3363 2915 3437 quoniam
2950 3368 3194 3436 propter
3220 3361 3555 3419 inauditam
3579 3357 3920 3426 victoriam,

2261 3456 2318 3507 et
2353 3451 2578 3523 Assyrii
2615 3451 2772 3520 regis
2827 3452 3148 3515 interitum.
3208 3467 3331 3508 non
3378 3449 3651 3507 cecinerit
3700 3447 3923 3503 laudes

2265 3540 2530 3610 Domino,
2562 3557 2714 3614 quas
2755 3541 2964 3598 cecinit
2998 3545 3224 3614 Moyses
3256 3541 3557 3598 Pharaone
3575 3537 3922 3607 submerso,

2263 3633 2320 3685 et
2348 3629 2580 3685 Debora
2610 3630 2912 3687 interfecto
2954 3630 3153 3687 Sisara
3201 3650 3212 3686 :
3267 3635 3322 3686 et
3370 3635 3540 3686 Anna
3579 3625 3773 3697 genito
3805 3626 3920 3681 Sa-

2263 3718 2476 3774 muele.
2535 3717 2696 3775 Unde
2748 3715 3181 3777 commonitum
3225 3729 3356 3777 esse
3415 3717 3742 3790 fragilitatis
3768 3731 3924 3782 suae,

2261 3825 2624 3882 rursumque
2663 3816 2800 3883 post
2829 3811 3096 3883 corporis
3130 3810 3444 3867 sanitatem
3493 3812 3549 3866 et
3593 3803 3749 3877 signi
3786 3818 3926 3861 ma-

2264 3898 2655 3970 gnitudinem,
2693 3900 2907 3956 auferri
2935 3899 3195 3972 aliquam
3218 3899 3598 3955 occasionem
3621 3891 3922 3969 superbire

2262 4005 2446 4060 quam
2497 3993 2559 4044 ut
2599 3988 2866 4061 prudens
2911 3993 2968 4044 et
3007 3988 3105 4043 Dei
3152 3987 3340 4044 cultor
3389 3986 3578 4042 vitare
3607 3984 3917 4050 debuerat,

2263 4091 2371 4130 nec
2399 4080 2735 4132 monstrare
2765 4074 3114 4146 alienigenis
3135 4075 3373 4131 divitias
3409 4089 3553 4130 suas
3579 4089 3753 4146 quas,
3799 4072 3926 4126 Deo

2265 4162 2575 4234 tribuente,
2610 4164 2981 4238 possederat.
3016 4165 3097 4220 Ex
3125 4180 3246 4238 quo
3273 4164 3444 4235 juxta
3488 4162 3649 4232 leges
3679 4175 3931 4235 quoque

2265 4254 2609 4326 tropologize
2639 4254 2949 4325 discimus,
2981 4268 3104 4312 non
3154 4272 3182 4305 α
3214 4252 3538 4311 mittendas
3565 4249 3931 4322 margaritas

2265 4348 2398 4397 ante
2425 4359 2638 4415 porcos
2669 4359 2778 4400 nec
2799 4344 3072 4401 dandum
3094 4348 3371 4402 sanctum
3391 4342 3645 4400 canibus
3675 4339 3933 4410 (Matth.

2263 4435 2356 4505 vi).
2392 4457 2417 4482 »
2454 4433 2562 4500 Qui
2593 4434 2751 4489 enim
2785 4433 2976 4490 fidelis
3011 4443 3098 4492 est
3129 4435 3358 4508 spiritu,
3387 4423 3708 4489 abscondit
3743 4439 3943 4498 nego‘

2266 4522 2344 4579 tia
2376 4527 2430 4578 et
2460 4523 2794 4596 cuicunque
2823 4525 2938 4581 hoc
2967 4540 3091 4580 non
3136 4524 3356 4594 fecerit,
3408 4521 3606 4580 omnis
3645 4521 3831 4577 virtus
3865 4512 3936 4574 Ῐξε

2267 4612 2378 4668 lius
2411 4617 2747 4680 cnervatur,
2781 4614 3049 4686 peritque
3081 4613 3416 4686 posteritas,
3464 4616 3522 4668 et
3570 4610 3795 4668 amisso
3841 4608 3937 4664 vi-

2267 4701 2357 4757 rili
2405 4702 2636 4771 robore,
2662 4703 2722 4758 in
2745 4703 3099 4759 muliebrem
3131 4703 3419 4773 redigitur
3459 4699 3931 4758 mollitudinem.

2271 4791 2602 4863 Ingreditur
2630 4809 2772 4864 ergo
2806 4792 2988 4848 Isaias
3023 4793 3099 4848 ad
3125 4809 3348 4864 regem,
3390 4795 3450 4848 et
3477 4791 3653 4864 quasi
3678 4789 3934 4846 nescius

2271 4883 2598 4939 sciscitatur
2631 4899 2643 4938 :
2679 4882 2831 4948 Quid
2861 4881 3139 4938 dixerunt
3185 4882 3291 4937 viri
3320 4881 3413 4936 isti
3459 4884 3516 4936 et
3553 4879 3717 4936 unde
3753 4894 3942 4935 vene-

2269 4974 2453 5027 runt?
2485 4974 2610 5028 Duo
2643 4973 2965 5043 interrogat
3011 4989 3022 5026 :
3081 4970 3226 5044 quid
3273 4970 3454 5026 locuti
3486 4970 3620 5037 sint,
3679 4973 3733 5025 et
3762 4968 3938 5026 unde

2270 5060 2539 5116 venerint
2568 5061 2596 5115 ?
2626 5061 2721 5116 llle
2753 5061 2831 5118 ad
2869 5077 3059 5117 unum
3085 5059 3413 5134 respondit,
3475 5057 3661 5116 altero
3692 5063 3943 5132 printer-

2269 5147 2473 5213 misso,
2496 5148 2661 5220 quod
2693 5151 2965 5222 emphasi
2997 5154 3053 5207 et
3082 5149 3396 5222 supercilio
3421 5145 3745 5219 legendum
3777 5152 3874 5203 est
3920 5166 3936 5202 :

2270 5258 2296 5284 «
2333 5239 2411 5292 De
2440 5240 2594 5294 terra
2641 5237 2972 5313 longinqua
3020 5242 3310 5295 venerunt
3335 5237 3413 5294 ad
3459 5253 3555 5294 me
3607 5237 3683 5294 de
3733 5236 3947 5311 Baby-

2267 5320 2423 5379 lone.
2486 5345 2511 5370 ››
2581 5324 2772 5392 Quod,
2833 5330 3061 5398 quanto
3114 5328 3270 5381 terra
3325 5322 3562 5393 longior
3627 5321 3702 5377 sit
3768 5323 3948 5379 unde

2267 5412 2574 5475 venerunt,
2604 5413 2767 5464 tanto
2815 5409 2923 5465 iste
2967 5409 3280 5480 gloriosior
3332 5413 3578 5481 propter
3620 5421 3804 5479 quem
3844 5423 3946 5463 ve-

2267 5495 2478 5551 nerint.
2527 5521 2552 5545 «
2601 5501 2663 5552 Et
2699 5504 3004 5567 venerunt,
3055 5498 3269 5570 inquit,
3320 5497 3397 5554 ad
3446 5512 3562 5563 me,
3616 5519 3644 5544 ››
3695 5495 3800 5567 qui
3834 5497 3948 5552 de-

2267 5586 2478 5643 buerat
2505 5587 2719 5659 dicere,
2765 5593 3060 5648 venerunt
3097 5588 3176 5647 ad
3211 5585 3675 5663 gloriﬁcandum
3718 5586 3945 5658 Deum,
