4102 6184
259 155 364 208 537

1232 152 1483 208 ENARR.
1529 153 1595 208 IN
1636 150 1886 208 LIBROS
1927 149 2188 210 BEGUM.
2234 185 2303 194 —
2341 155 2409 212 IN
2449 155 2580 214 LIB.
2622 159 2709 213 IV.

3566 171 3668 226 538

256 288 370 346 pro
400 273 554 345 signi
578 273 995 344 magnitudine
1025 275 1099 330 de
1128 275 1449 348 Babylone,
1486 291 1622 348 quae
1654 275 1798 332 urbs
1851 275 1911 331 in
1939 276 1988 330 Α
2029 278 2405 336 conscientiae
2427 285 3038 357 commemorat,quia
3059 285 3326 344 favorem
3356 288 3531 347 alieni
3551 292 3670 348 oris

256 369 380 420 toto
433 363 580 420 orbe
625 364 1040 437 potentissima
1088 370 1193 422 est.
1239 368 1616 440 Rursumque
1672 366 1858 422 Isaias
1894 385 1905 422 :

258 473 286 500 α
329 452 508 522 Quid,
541 451 756 525 inquit,
798 452 1075 508 viderunt
1120 452 1181 508 in
1225 452 1410 509 domo
1457 453 1609 510 tua?
1639 474 1668 503 »
1715 454 1781 508 Et
1819 450 1914 506 ille

253 540 570 614 respondit
595 557 669 597 ex
717 545 882 614 parte
927 557 1162 612 verum,
1187 541 1354 614 quod
1409 541 1614 598 omnia
1660 540 1916 596 viderint

255 631 317 687 in
347 630 536 687 domo
559 629 736 701 illius,
758 646 869 686 nec
893 630 1072 687 fuerit
1100 647 1193 686 res
1221 647 1410 703 quam
1441 647 1564 687 non
1593 629 1915 686 ostenderit

255 719 316 775 in
365 718 663 775 thesauris
709 718 833 774 suis
881 718 1002 774 eis:
1039 718 1144 774 sed
1185 718 1437 774 alterum
1480 721 1651 781 tacet,
1683 717 1759 772 de
1789 733 1912 789 quo

253 807 576 864 verebatur
625 807 938 875 offensam,
994 807 1159 880 quod
1208 807 1532 864 ostenderit
1566 807 1650 863 eis
1699 810 1914 862 cuncta

259 913 400 970 quas
438 895 684 952 haberet
711 896 773 951 in
807 900 1098 970 potestate
1129 911 1258 964 sua,
1287 896 1452 953 haud
1481 896 1734 952 dubium
1764 895 1912 968 quin

257 991 318 1043 et
367 985 571 1058 templi
628 985 1076 1058 supellectilem,
1105 989 1351 1058 propter
1399 1003 1536 1059 quae
1585 985 1765 1042 Isaias
1813 985 1912 1041 Dei

257 1090 533 1131 sermone
568 1076 792 1148 profert
821 1075 1178 1131 sententiam
1206 1093 1220 1131 :
1257 1097 1285 1124 ‹‹
1316 1075 1472 1130 Audi
1501 1074 1756 1130 verbum
1806 1077 1913 1130 Do-

255 1165 405 1220 mini
435 1165 800 1221 exercituum
833 1181 847 1220 :
881 1164 1094 1220 Veniet
1125 1169 1361 1238 tempus
1408 1165 1656 1238 quando
1704 1163 1911 1220 omnia

251 1253 383 1310 haec
405 1269 543 1327 quas
586 1253 646 1310 in
673 1253 859 1310 domo
889 1258 993 1309 tua
1041 1257 1197 1320 sunt,
1231 1258 1288 1310 et
1317 1269 1439 1310 non
1492 1257 1614 1315 tuo,
1650 1253 1754 1309 sed
1802 1269 1909 1326 pa-

250 1347 412 1400 trum
442 1348 682 1400 tuorum
713 1343 918 1400 labore
947 1345 1203 1416 quaesita
1241 1348 1400 1413 sunt,
1426 1343 1484 1400 in
1533 1342 1904 1415 Babylonem

252 1432 716 1501 transferantur,
748 1437 806 1489 et
847 1433 923 1489 de
975 1433 1200 1489 semine
1234 1437 1334 1489 tuo
1378 1432 1525 1490 ﬁant
1555 1431 1815 1488 eunuchi
1845 1431 1907 1487 in

249 1521 392 1578 aula
421 1521 587 1591 regia
635 1522 774 1588 (Isa.
809 1522 1025 1590 xxxrx).
1057 1540 1088 1574 ›
1131 1524 1212 1577 Ex
1239 1536 1363 1594 quo
1403 1521 1630 1577 Hebrasi
1677 1519 1904 1588 volunt,

2022 381 2145 421 non
2191 371 2435 440 appetit,
2459 371 2589 426 vitae
2635 388 2757 427 suae
2803 373 3025 444 gaudia
3071 379 3235 432 extra
3278 379 3668 453 semetipsum

2019 470 2241 528 ponere
2262 457 2514 528 ignorat.
2536 461 2901 519 Occultanda
2921 465 3060 519 sunt
3079 478 3222 534 ergo
3243 481 3380 538 quae
3411 469 3668 540 agimus,

2019 559 2095 599 ne
2121 545 2247 601 haec
2278 547 2337 602 in
2365 548 2544 618 hujus
2574 550 2708 606 vita:
2732 551 2938 607 itinere
2963 552 3198 609 incaute
3236 560 3560 627 portantes,
3583 559 3668 616 Ia-

2020 634 2439 692 trocinantium
2470 637 2783 709 spirituum
2815 641 3153 699 incursione
3181 645 3528 716 perdamus.

2545 782 2736 837 CAPP.
2780 784 2884 838 XXI
2926 788 2983 838 et
3019 786 3170 840 XXII.

2093 923 2119 952 ¢
2162 903 2568 976 Dormivitque
2619 906 2892 962 Ezechias
2939 923 3076 963 cum
3125 911 3394 981 patribus
3440 914 3582 981 suis,
3615 919 3671 972 et

2022 1012 2050 1038 ‹‹
2096 992 2366 1059 regnavit
2395 995 2700 1050 Manasses
2730 995 2886 1050 ﬁlius
2931 997 3062 1067 ejus
3091 1013 3200 1070 pro
3225 1015 3316 1055 eo.
3347 1003 3668 1060 Duodecim

2019 1099 2048 1126 «
2089 1094 2389 1136 annorum
2423 1086 2548 1138 erat
2573 1086 2871 1139 Manasses
2902 1101 3040 1140 cum
3069 1101 3320 1155 regnare
3370 1091 3665 1163 cmpisset,

2017 1185 2049 1218 ‹
2079 1171 2136 1222 et
2162 1168 2603 1240 quinquaginta
2631 1171 2899 1244 quinque
2947 1174 3121 1229 annis
3160 1177 3425 1245 regnavit
3453 1178 3513 1233 in
3545 1179 3670 1235 Hie-

2019 1278 2048 1304 «
2077 1257 2360 1327 rusalem,
2393 1264 2500 1316 etc.
2528 1283 2556 1310 ››
2606 1264 2740 1317 Post
2767 1267 3021 1319 mortem
3052 1278 3194 1333 ergo
3235 1265 3512 1332 Ezechiae,
3539 1283 3670 1323 nar-

2014 1349 2107 1400 rat
2136 1346 2436 1418 Scriptura
2492 1352 2823 1407 Manassem
2875 1352 3064 1408 ﬁlium
3113 1354 3242 1422 ejus
3288 1369 3570 1423 regnasse
3607 1356 3668 1411 in

2016 1433 2383 1491 Hierusalem
2409 1455 2421 1504 ;
2454 1439 2558 1510 qui
2589 1455 2727 1495 cum
2753 1440 2831 1495 ad
2863 1440 3024 1496 idola
3049 1441 3323 1506 colenda,
3355 1447 3410 1498 et
3435 1442 3668 1498 abomi-

2013 1517 2288 1574 nationes
2363 1521 2668 1577 faciendas
2735 1539 2800 1578 se
2864 1530 3259 1593 converteret,
3326 1526 3669 1599 relinquens

251 1609 581 1680 Danielem,
609 1610 928 1680 Ananiam,
959 1610 1274 1677 Misaelem,
1297 1609 1567 1666 Asariam
1591 1609 1719 1682 (qui
1744 1609 1908 1665 fuere
1937 1625 1978 1679 Β
2016 1605 2201 1661 Deum
2244 1612 2483 1679 patrum
2533 1626 2779 1666 suorum
2831 1616 2887 1666 et
2915 1612 3078 1668 bona
3117 1613 3413 1686 exempla,
3441 1631 3576 1687 quae
3607 1616 3666 1671 in

248 1697 326 1754 de
355 1698 582 1754 semine
622 1697 808 1770 regio)
838 1713 971 1754 esse
1000 1698 1336 1765 eunuchos,
1367 1713 1523 1770 quos
1554 1697 1615 1753 in
1646 1696 1908 1753 ministe-

245 1787 339 1844 rio
411 1787 972 1845 Nabuchodonosor
1038 1786 1223 1843 fuisse
1295 1802 1418 1842 non
1485 1786 1742 1842 dubium
1799 1790 1904 1842 est.

251 1893 284 1930 σι
324 1876 595 1950 Dixitque
615 1877 917 1934 Ezechias:
943 1879 1178 1933 Bonum
1197 1877 1451 1933 verbum
1483 1876 1717 1932 Domini
1740 1876 1907 1948 quod

244 1965 486 2043 locutus
516 1970 628 2022 est.
661 1989 690 2016 »
721 1971 781 2022 ln
813 1982 937 2039 quo
986 1965 1064 2023 ab
1112 1966 1376 2022 Hebraeis
1424 1965 1904 2039 reprehenditur,

245 2071 357 2111 cur
383 2071 510 2112 non
538 2055 616 2112 sit
638 2055 903 2112 imitatus
926 2055 1256 2112 bonitatem
1284 2055 1489 2128 Moysi,
1517 2054 1621 2128 qui
1669 2054 1904 2110 locutus

248 2143 333 2200 ad
361 2145 683 2201 Dominum
707 2149 796 2200 est
825 2162 838 2201 :
875 2166 903 2194 «
931 2148 1047 2200 Aut
1093 2144 1320 2201 dimitte
1350 2145 1433 2201 eis
1463 2145 1620 2200 hanc
1652 2159 1896 2210 noxam,

253 2236 363 2288 aut
381 2233 434 2287 si
448 2247 572 2288 non
598 2231 897 2299 facis,dele
916 2248 1010 2288 me
1025 2232 1100 2288 de
1113 2232 1268 2288 libro
1286 2238 1390 2288 tuo
1404 2248 1587 2306 quem
1610 2232 1904 2304 scripsisti

257 2319 480 2386 (Exod.
505 2320 708 2391 xxxu).
733 2340 761 2370 »
789 2319 955 2376 Unde
979 2324 1036 2376 et
1060 2321 1379 2393 Apostolus
1426 2321 1746 2376 anathema
1773 2319 1902 2375 vult

252 2421 455 2476 essepa
486 2408 719 2465 Christo
746 2423 858 2481 pro
879 2408 1160 2465 fratribus
1186 2409 1325 2476 suis,
1341 2409 1444 2481 qui
1474 2413 1611 2465 sunt
1632 2408 1904 2464 lsraelitaa

245 2494 442 2566 (Rom.
476 2499 579 2566 rx).
618 2497 756 2553 Hinc
782 2497 983 2570 itaque
1010 2498 1299 2554 sententia
1328 2498 1632 2571 prophetas
1665 2498 1743 2554 ad
1775 2501 1907 2553 Eze-

249 2582 477 2652 chiam,
504 2585 757 2657 mystice
791 2590 999 2641 contra
1039 2586 1383 2658 bypocritas
1430 2587 1665 2658 prolata
1711 2585 1904 2659 accipi

244 2676 445 2744 potest
476 2689 491 2727 :
524 2673 628 2744 qui
660 2678 797 2744 post
820 2689 1076 2743 magnas
1095 2674 1338 2730 virtutes
1363 2675 1734 2743 decrescunt,
1759 2676 1906 2748 quia

243 2776 461 2817 cavere
490 2760 895 2831 malignorum
928 2762 1244 2834 spirituum
1275 2763 1522 2820 insidias
1569 2763 1900 2835 negligant,

242 2855 306 2908 et
346 2850 525 2906 celari
565 2849 627 2906 in
680 2851 906 2908 eisdem
959 2851 1278 2908 virtutibus
1322 2853 1554 2920 nolunt,
1581 2853 1747 2910 bona
1794 2869 1904 2909 sua

242 2938 646 3031 ostendendo,
673 2940 1194 3031 hostiumfaciunt
1222 2959 1236 2998 :
1269 2947 1326 2998 et
1354 2943 1766 3031 imprudentes
1810 2959 1908 2998 su—
1932 2977 1975 3031 ο

241 3029 375 3085 bito
405 3029 684 3085 amittunt
710 3029 1006 3103 quidquid
1051 3029 1276 3086 diutius
1320 3030 1624 3086 studentes
1651 3047 1904 3104 operan-

243 3123 364 3176 tur.
417 3119 565 3176 Hinc
611 3135 719 3192 per
766 3119 1138 3176 Psalmistam
1186 3119 1402 3175 dicitur
1434 3137 1446 3174 :
1481 3141 1509 3168 «
1542 3120 1806 3176 Tradidit
1841 3121 1902 3176 in

243 3209 649 3281 captivitatem
699 3209 977 3264 virtutem
1026 3223 1257 3269 eorum,
1285 3212 1342 3263 et
1394 3207 1902 3280 pulchritudinem

242 3313 458 3353 eorum
504 3298 567 3352 in
615 3312 833 3352 manus
875 3295 1098 3351 inimici
1141 3297 1330 3366 (Psat.
1383 3299 1616 3359 Lxxvu).
1649 3318 1678 3345 ιι
1713 3296 1904 3353 Virtus

241 3381 474 3454 quippe
502 3387 561 3437 et
587 3379 968 3453 pulchritudo
1007 3379 1419 3449 arrogantium
1444 3379 1666 3435 inimici
1716 3381 1905 3436 mani-

242 3470 364 3526 bus
395 3470 664 3538 traditur,
691 3469 834 3541 quia
865 3484 1045 3524 omne
1073 3467 1305 3523 bonum
1343 3468 1510 3540 quod
1552 3485 1659 3542 per
1687 3486 1906 3526 concu-

248 3559 600 3631 piscentiam
618 3558 813 3614 laudis
834 3557 1186 3627 ostenditur,
1201 3557 1417 3613 occulti
1439 3559 1766 3615 adversarii
1783 3559 1904 3630 juri

251 3648 646 3720 mancipatur.
678 3650 883 3703 Hostes
936 3662 1200 3718 namque
1231 3647 1309 3702 ad
1357 3647 1634 3719 rapinam
1683 3664 1903 3720 provo-

258 3741 418 3805 cant,
447 3737 541 3808 qui
572 3753 714 3793 suas
743 3751 952 3792 eorum
1009 3735 1227 3790 notitiae
1273 3735 1508 3791 divitias
1539 3736 1852 3793 denudant
1886 3753 1898 3791 :

259 3841 570 3898 quousque
591 3826 754 3882 enim
771 3825 848 3880 ab
870 3829 1104 3880 aeternae
1124 3823 1328 3896 patrita
1352 3825 1663 3882 securitate
1675 3825 1904 3896 disjun-

249 3914 468 3985 gimur,
499 3915 559 3969 in
589 3915 892 3970 latronum
937 3913 1348 3968 insidiantium
1397 3913 1601 3968 itinere
1633 3913 1905 3969 ambula-

245 4021 384 4060 mus
407 4005 436 4060 ?
461 4004 568 4076 qui
599 4004 759 4060 enim
786 4003 846 4058 in
877 4002 1081 4059 itinere
1101 4001 1438 4074 depraedari
1464 4001 1768 4068 formidat,
1800 4002 1904 4058 ab-

243 4093 501 4150 scondat
527 4109 768 4149 necesse
790 4097 881 4148 est
900 4092 1065 4148 bona
1085 4108 1222 4164 quae
1249 4095 1465 4163 portat.
1488 4092 1532 4146 Ο
1556 4089 1777 4158 miseri,
1798 4091 1902 4163 qui

240 4182 594 4239 aﬂectantes
613 4181 822 4238 laudes
839 4179 1155 4236 hominum
1172 4179 1233 4235 in
1255 4177 1591 4250 semetipsis
1607 4178 1904 4250 dissipant

238 4271 473 4327 fructus
494 4269 794 4325 laborum.
822 4272 1090 4341 Cumque
1116 4285 1178 4324 se
1199 4267 1512 4324 ostendere
1535 4266 1744 4323 alienis
1766 4283 1906 4324 ocu-

238 4357 309 4414 lis
338 4362 657 4432 appetunt.
689 4357 984 4414 damnant
1003 4357 1168 4430 quod
1193 4362 1407 4427 agunt:
1432 4373 1586 4429 quos
1614 4357 1902 4414 nimirum

239 4447 494 4518 maligni
535 4447 794 4520 spiritus,
826 4447 972 4502 dum
1023 4445 1104 4502 ad
1141 4446 1495 4517 jactantiam
1548 4452 1900 4519 provocant,

240 4552 455 4592 eorum
515 4535 692 4607 (sicut
742 4535 1025 4606 diximus)
1086 4551 1270 4608 opera
1317 4535 1520 4591 hostes
1567 4535 1897 4592 denudant.

243 4625 389 4681 Hinc
415 4629 509 4680 est
531 4625 693 4680 enim
713 4624 879 4696 quod
908 4639 1015 4696 per
1046 4623 1431 4693 Evangelium
1464 4623 1690 4680 Veritas
1713 4623 1855 4680 dicit
1885 4642 1896 4678 :

244 4739 270 4763 α
303 4713 537 4770 Nesciat
562 4713 802 4769 sinistra
821 4718 919 4768 tua
951 4712 1099 4784 quid
1123 4711 1303 4767 faciat
1331 4711 1576 4769 dextera
1596 4715 1804 4780 tua,ut
1833 4712 1905 4767 sit

240 4802 636 4874 eleemosyna
681 4805 783 4858 tua
812 4802 874 4856 in
928 4801 1302 4868 abscondito,
1335 4804 1394 4856 et
1422 4803 1588 4856 Pater
1618 4805 1756 4856 tuus
1799 4800 1902 4873 qui

240 4892 406 4948 videt
432 4893 496 4948 in
527 4891 884 4947 abscondito
915 4889 1124 4946 reddet
1151 4889 1252 4946 tibi
1283 4890 1525 4960 (Matth.
1561 4893 1663 4957 vr).
1699 4913 1726 4939 ››
1758 4889 1905 4944 Hinc

243 4989 334 5039 est
347 4981 519 5056 quod
537 4981 612 5038 de
629 4981 950 5038 electorum
972 4979 1233 5035 Ecclesia
1242 4994 1349 5051 per
1365 4979 1750 5035 Psalmistam
1767 4979 1906 5034 dici-

243 5078 366 5127 tur:
387 5092 416 5123 ‹
431 5071 640 5128 Omnis
663 5069 849 5140 gloria
871 5069 1000 5140 ejus
1022 5067 1155 5125 ﬁlim
1178 5069 1336 5138 regis
1365 5068 1443 5125 ab
1468 5068 1626 5125 intus
1651 5069 1900 5140 (Psalm.

242 5163 419 5232 xuv).
458 5184 486 5210 ››
521 5159 670 5214 Hinc
701 5158 916 5216 Paulus
948 5158 1028 5214 ait
1062 5177 1074 5214 :
1111 5181 1138 5207 «
1172 5157 1367 5215 Gloria
1401 5162 1607 5215 nostra
1631 5159 1759 5214 haec
1793 5163 1902 5226 est,

248 5248 660 5305 testimonium
683 5246 1055 5302 conscientiae
1081 5251 1317 5302 nostrae.
1345 5271 1374 5297 ››
1399 5248 1538 5304 Filia
1564 5247 1788 5318 quippe
1819 5261 1904 5300 re-

245 5350 391 5404 gum
417 5334 676 5391 Ecclesia
695 5339 942 5406 est,qute
958 5333 1116 5391 bono
1138 5351 1316 5407 opere
1343 5333 1740 5407 spiritualium
1756 5333 1905 5388 filio-

239 5440 382 5481 rum
403 5426 477 5480 sit
492 5423 912 5497 prasdicatione
929 5429 1236 5495 generata:
1257 5423 1510 5495 gloriam
1528 5423 1685 5476 intus
1703 5421 1900 5489 habet,

242 5516 392 5585 quia
444 5514 562 5569 hoc
609 5513 772 5584 quod
822 5514 958 5583 agit,
990 5515 1046 5569 in
1100 5513 1492 5568 ostentatione
1547 5512 1896 5580 jactautiaun

239 5619 374 5660 non
405 5603 608 5659 habet.
635 5602 892 5659 Gloriam
917 5620 1091 5660 suam
1126 5600 1446 5674 Apostolus
1490 5599 1899 5657 testimonium

2015 1696 2279 1766 genitore
2327 1714 2435 1753 suo
2469 1699 2712 1756 Ezechia
2741 1707 3150 1773 conspexerat.
3183 1705 3556 1776 Locutusque
3582 1709 3670 1761 est

2017 1785 2302 1841 Dominus
2332 1787 2410 1842 ad
2439 1803 2576 1843 eum
2604 1792 2660 1844 et
2689 1789 2768 1844 ad
2799 1790 3092 1863 populum
3112 1791 3264 1862 ejus,
3283 1796 3340 1848 et
3365 1793 3666 1850 attendere

2015 1873 2354 1930 noluerunt.
2379 1876 2599 1933 Idcirco
2630 1879 3046 1950 superinduxit
3065 1881 3149 1936 eis
3178 1881 3478 1954 principes
3507 1897 3668 1938 exer-

2015 1962 2164 2017 citus
2195 1963 2350 2031 regis
2380 1965 2782 2036 Assyriorum,
2815 1973 3218 2040 ceperuntque
3249 1973 3579 2036 Manassen,
3610 1975 3668 2025 et

2013 2050 2281 2106 vinctum
2323 2053 2546 2108 catenis
2587 2058 2766 2126 atque
2815 2057 3228 2128 compedibus,
3262 2057 3562 2113 duxerunt
3603 2058 3663 2113 in

2020 2139 2405 2212 Babylonem.
2439 2142 2545 2207 Qui
2577 2148 2897 2216 postquam
2931 2149 3358 2214 coangustatus
3387 2150 3495 2214 est,
3528 2161 3662 2202 ora-

2012 2228 2095 2284 vit
2141 2229 2456 2285 Dominum
2508 2234 2693 2288 Deum
2748 2249 2946 2301 suum,
2987 2238 3044 2288 et
3089 2235 3207 2303 egit
3249 2234 3661 2306 pmnitentiam

2011 2317 2186 2373 valde
2216 2333 2421 2374 coram
2451 2321 2701 2376 Domino
2733 2324 2850 2377 Deo
2878 2327 3119 2393 patrum
3149 2339 3416 2380 suorum.
3446 2324 3662 2396 Depre-

2012 2410 2300 2478 catusque
2329 2411 2419 2462 est
2446 2424 2606 2475 eum,
2638 2414 2694 2465 et
2730 2409 3065 2467 obsecravit
3116 2411 3357 2482 intente,
3390 2417 3446 2468 et
3485 2429 3664 2469 exau-

2010 2493 2158 2550 divit
2185 2495 2515 2552 orationem
2559 2497 2712 2567 ejus,
2755 2497 3108 2571 reduxitque
3161 2515 3301 2554 eum
3344 2500 3405 2556 in
3461 2500 3662 2555 Hieru-

2013 2583 2202 2638 salem
2245 2584 2307 2639 in
2362 2599 2616 2655 regnum
2665 2601 2864 2650 suum,
2914 2591 2970 2642 et
3034 2588 3314 2657 cognovit
3363 2592 3663 2645 Manasses

2010 2671 2177 2743 quod
2224 2671 2512 2728 Dominus
2555 2673 2681 2745 ipse
2727 2679 2880 2730 esset
2911 2677 3082 2731 Deus.
3115 2676 3430 2748 Exemplar
3458 2681 3661 2733 autem

2011 2765 2100 2816 est
2125 2761 2253 2817 haec
2283 2762 2626 2833 paenitentia
2669 2765 2934 2820 Manasse
2963 2765 3129 2837 quod
3159 2771 3292 2838 post
3336 2766 3664 2824 commissa

2011 2850 2235 2906 scelera
2270 2851 2470 2906 nullus
2517 2852 2697 2908 debet
2737 2852 2812 2908 de
2856 2854 2957 2909 Dei
3005 2854 3412 2911 misericordia
3457 2855 3666 2929 despe-

2010 2955 2160 3006 rare,
2189 2939 2292 2994 sed
2322 2941 2515 3010 magis
2553 2957 2660 3014 per
2690 2942 3098 3014 paenitentiam
3125 2959 3456 3013 congruam
3489 2961 3662 3018 spem

2008 3028 2230 3083 habere
2261 3028 2468 3096 venias,
2501 3029 2546 3084 si
2578 3045 2713 3086 eam
2738 3029 2844 3086 rite
2874 3030 3200 3103 perfecerit.
3232 3034 3365 3088 Post
3395 3032 3556 3088 hunc
3578 3048 3664 3087 re-

2011 3116 2215 3184 gnavit
2232 3115 2389 3172 ﬁlius
2418 3118 2548 3188 ejus
2570 3122 2829 3174 Ammon
2850 3119 3182 3175 idololatra.
3204 3121 3342 3175 Post
3368 3134 3550 3191 quem
3571 3123 3664 3175 Jo-

2011 3207 2130 3262 sias
2155 3206 2313 3262 ﬁlius
2343 3207 2472 3277 ejus
2521 3223 2624 3263 rex
2657 3207 3031 3278 justissimus
3072 3207 3361 3278 regnavit,
3390 3208 3494 3280 qui
3530 3223 3663 3264 om-

2009 3310 2150 3351 nem
2180 3295 2527 3367 spurcitiam
2558 3295 2857 3351 idolorum
2885 3311 3074 3368 quam
3110 3300 3310 3368 patres
3353 3295 3445 3351 sui
3487 3295 3665 3352 fabri-

2010 3389 2316 3455 caverunt,
2347 3385 2715 3457 emundavit,
2747 3389 2804 3441 et
2851 3401 2912 3441 se
2958 3385 3019 3442 in
3071 3385 3171 3442 Dei
3214 3385 3379 3442 cultu
3425 3389 3663 3443 strenue

2011 3473 2288 3528 exercuit.
2322 3476 2385 3528 Et
2427 3474 2657 3541 merito,
2689 3477 2834 3547 quia
2874 3475 3053 3544 longe
3095 3479 3232 3531 ante
3279 3475 3395 3532 hoc
3441 3475 3516 3532 de
3563 3475 3663 3531 illo

2011 3561 2360 3633 praedictum
2411 3569 2498 3619 est
2545 3579 2652 3636 per
2694 3565 3070 3636 prophetam.
3106 3565 3526 3638 Interpretatur
3563 3571 3663 3622 au-

2011 3655 2129 3705 tem
2153 3651 2342 3707 Josias
2371 3653 2544 3723 cujus
2569 3657 2657 3708 cst
2685 3653 3043 3710 sacriﬁcium
3076 3655 3347 3722 Domino,
3374 3655 3471 3710 vel
3498 3656 3664 3711 salus

2011 3740 2253 3794 Domini
2280 3739 2370 3794 vel
2400 3742 2634 3796 Domini
2667 3742 2982 3810 fortitudo.
3018 3742 3190 3807 Quod
3238 3747 3440 3799 autem
3470 3742 3664 3815 sequi-

2012 3833 2106 3883 tur
2134 3828 2208 3883 de
2239 3828 2452 3884 eodem
2481 3844 2639 3897 rege,
2672 3830 2837 3900 quod
2868 3830 3073 3886 audito
3113 3831 3266 3886 libro
3295 3831 3442 3900 legis
3470 3831 3665 3887 Homi-

2010 3915 2290 3985 ni,quem
2318 3914 2586 3970 Helchias
2617 3915 2896 3970 sacerdos
2915 3917 3140 3973 invenit
3164 3918 3226 3972 in
3255 3917 3438 3972 domo
3470 3918 3665 3973 Domi-

2012 4003 2092 4069 ni,
2123 4001 2390 4058 scidisset
2421 4002 2769 4058 vestimenta
2810 4019 2939 4070 sua,
2973 4009 3028 4061 et
3075 4005 3334 4061 misisset
3363 4004 3664 4062 Helchiam

2011 4090 2382 4146 sacerdotem
2408 4095 2464 4146 et
2493 4095 2734 4147 caeteros
2773 4092 2876 4165 qui
2907 4093 3344 4166 subsequenter
3373 4109 3665 4150 annume-

2011 4183 2238 4247 rantur,
2265 4179 2342 4234 ad
2372 4179 2582 4236 Oldam
2612 4181 2971 4254 prophetam
2989 4197 3236 4238 uxorem
3265 4182 3506 4252 Sellum,
3528 4198 3664 4255 qua:

2013 4268 2322 4324 habitabat
2341 4268 2399 4322 in
2420 4268 2782 4326 Hierusalem
2813 4270 2872 4326 in
2893 4270 3176 4326 secunda.
3202 4270 3355 4336 Quid
3377 4270 3668 4340 signiﬁcet

2014 4356 2160 4412 illud
2205 4358 2369 4428 quod
2427 4357 2660 4427 dicitur,
2709 4381 2736 4408 «
2763 4359 2822 4414 in
2874 4359 3157 4426 secunda,
3181 4381 3208 4408 η
3255 4359 3317 4415 in
3368 4359 3520 4415 libro
3560 4360 3668 4414 Pa-

2012 4447 2431 4518 ralipomenon
2460 4447 2816 4513 declaratur,
2848 4449 2951 4504 ubi
2992 4449 3277 4520 scriptum
3307 4453 3396 4502 est
3419 4448 3494 4502 de
3518 4463 3667 4518 prta-

2013 4534 2134 4590 iato
2191 4550 2329 4603 rege
2376 4535 2621 4591 Ezechia
2670 4537 2757 4605 (ῙῙ
2805 4537 2951 4591 Par.
3005 4539 3228 4601 xxxii):
3277 4532 3668 4588 «Ediﬁcavit

2012 4639 2255 4696 quoque
2286 4639 2472 4693 agens
2516 4623 2806 4678 industrie
2846 4638 3089 4677 omnem
3119 4635 3384 4687 murum,
3413 4619 3519 4690 qui
3542 4618 3668 4674 fue-

2012 4717 2104 4768 rat
2145 4712 2486 4784 dissipatus,
2521 4712 2894 4782 extruxitque
2942 4714 3133 4765 turres
3176 4707 3454 4780 desuper,
3486 4711 3544 4762 et
3582 4706 3667 4763 fo-

2011 4801 2282 4855 rinsecus
2311 4800 2562 4856 alterum
2603 4813 2870 4854 murum.
2892 4818 2920 4846 »
2967 4795 3224 4853 Meminit
3253 4796 3433 4867 hujus
3468 4795 3584 4852 loci
3609 4799 3668 4853 et

2015 4888 2371 4958 Sophonias,
2400 4886 2603 4941 dicens
2629 4904 2641 4940 :
2675 4909 2701 4935 «
2726 4889 2847 4941 Vox
2863 4885 3139 4942 clamoris
3166 4901 3202 4941 a
3222 4889 3396 4958 porta
3417 4885 3665 4958 piscinae

2013 4980 2070 5031 et
2096 4974 2358 5030 ululatus
2401 4991 2436 5029 a
2484 4974 2749 5030 secunda
2790 4975 2989 5045 (Soph.
3017 4978 3140 5042 1):»
3182 4990 3293 5047 pro
3330 4990 3454 5048 quo
3495 4979 3666 5031 vetus

2012 5065 2190 5122 editio
2212 5064 2384 5137 quasi
2414 5064 2725 5137 proprium
2755 5080 2977 5121 nomen
3002 5064 3116 5120 luci
3149 5064 3446 5122 transtulit
3471 5065 3533 5121 in
3558 5068 3668 5123 Ma-

2013 5171 2177 5211 sena.
2208 5158 2441 5211 Masena
2469 5154 2692 5226 quippe
2731 5154 3149 5227 interpretatur
3176 5155 3459 5211 secunda.
3493 5154 3668 5220 Quod

2013 5261 2154 5314 ergo
2184 5244 2398 5300 dicitur
2415 5243 2856 5317 prophetissam
2878 5243 3182 5299 habitasse
3211 5266 3238 5292 «
3258 5244 3320 5299 in
3337 5242 3664 5310 secunda,»

2011 5335 2072 5390 in
2105 5335 2349 5391 secundi
2401 5333 2555 5389 muri
2603 5338 2768 5404 parte
2811 5333 3091 5403 intellige.
3124 5332 3295 5398 Quod
3336 5333 3551 5389 dicitur
3588 5333 3662 5389 de

2011 5424 2167 5478 JOsia
2198 5440 2334 5489 rege
2362 5441 2373 5477 :
2409 5421 2892 5478 «Contaminavit
2912 5437 3155 5494 quoque
3179 5421 3469 5492 Thophet,
3499 5419 3662 5492 quod

2015 5534 2040 5557 ‹‹
2073 5516 2159 5565 cst
2191 5512 2245 5564 in
2281 5510 2546 5565 convalle
2580 5510 2676 5564 lilii
2712 5511 2936 5573 Ennon,
2971 5514 3034 5564 ut
3080 5523 3259 5563 nemo
3291 5512 3661 5563 consecraret

2013 5621 2040 5649 ‹‹
2074 5597 2263 5652 ﬁlium
2291 5614 2471 5654 suum
2501 5603 2604 5655 aut
2629 5597 2814 5652 tiliam
2842 5611 2948 5667 per
2974 5595 3178 5666 ignem
3207 5595 3488 5654 Moloch.»
3523 5596 3658 5648 Fre-
