4092 6176
371 157 476 212 539

1468 148 1826 210 ANGELOMl
1862 139 2318 203 LUXOVIENSIS
2356 141 2688 198 MONACIII.

3690 142 3797 198 540

369 296 560 352 quens
619 284 708 336 est
757 279 816 334 in
848 278 1157 350 Scripturis
1209 277 1425 334 horum
1475 277 1697 334 mentio
1725 275 2018 334 locorum,
2053 269 2093 324 Δ
2139 280 2392 336 puerum
2449 263 2900 352 imberbemiin
2949 277 3130 316 curru
3157 265 3467 352 ponentes,
3502 278 3695 336 equos
3723 266 3800 322 ei-

371 367 631 422 maxime
659 367 720 422 in
748 366 901 422 libro
948 368 1175 435 Regum
1218 370 1274 421 et
1298 367 1551 422 Ieremia
1581 365 1891 437 propheta.
1929 363 2022 414 Est

372 459 571 510 autem
597 454 767 509 vallis
797 458 1028 524 Ennon,
1055 454 1176 510 sive
1198 455 1304 511 ﬁlii
1342 457 1551 510 Ennon
1581 455 1753 526 juxta
1780 465 2022 508 murum

371 543 730 599 Hierusalem
777 549 984 600 contra
1032 544 1342 611 orientem,
1369 544 1433 600 in
1479 560 1600 616 qua
1653 559 1866 599 nemus
1893 539 2023 613 pul-

371 631 733 688 cherrimum
753 633 904 689 Siloe
930 632 1194 691 fontibus
1215 633 1792 704 irrigatur.Thopliet
1822 634 2021 686 autem

371 720 494 775 sive
523 720 790 791 Thophet
833 725 1176 793 (utrumque
1225 722 1383 776 enim
1434 721 1729 779 scribitur)
1781 722 1904 774 erat
1944 717 2028 771 lo-

373 827 478 864 cus
505 809 563 864 in
589 810 801 866 eadem
837 811 1107 867 convalle
1127 812 1298 880 juxta
1315 811 1606 883 piscinam
1636 808 1897 871 fullonis,
1927 824 2026 861 cu-

367 898 466 967 jus
499 899 770 954 meminit
801 901 1123 972 Scriptura,
1152 905 1208 954 et
1231 901 1402 970 juxta
1432 916 1644 969 agrum
1685 897 2023 963 Aceldema,

267 1017 270 1020 ~
372 987 475 1059 qui
507 1003 695 1059 usque
725 989 903 1044 hodie
932 993 1299 1044 monstratur
1327 988 1405 1044 ad
1427 987 1750 1044 australem
1782 985 2026 1057 plagam

373 1075 591 1132 montis
626 1077 784 1133 Sion.
821 1077 1102 1133 Solebant
1131 1081 1333 1137 autem
1371 1077 1433 1132 in
1462 1077 1730 1148 Thophet
1757 1074 1919 1146 (quia
1945 1073 2028 1128 lo-

375 1181 479 1220 cus
501 1171 626 1220 erat
653 1167 1120 1235 amoenissimus,
1157 1166 1313 1222 unde
1342 1166 1521 1221 hodie
1550 1181 1686 1237 qua:
1715 1165 2026 1220 hortorum

374 1254 879 1325 praebetdelicias)
897 1256 1092 1328 posita
1121 1271 1228 1311 ara
1260 1255 1594 1311 sacrificare
1623 1252 2023 1316 daemonibus,

373 1342 754 1415 nefandoque
778 1344 916 1413 igne
946 1362 1086 1401 suos
1118 1361 1468 1401 consecrare
1498 1343 1738 1406 liberos,
1772 1343 1894 1398 sive
1924 1342 2028 1396 ho-

373 1432 707 1490 locaustum
762 1435 1010 1492 offerre:
1063 1436 1212 1492 sicut
1267 1436 1326 1490 in
1366 1435 1518 1490 libro
1549 1433 1876 1489 Verborum
1907 1429 2028 1484 die-

374 1537 508 1576 rum
538 1521 613 1576 de
639 1523 833 1580 Achaz
865 1540 1002 1592 rege
1048 1525 1340 1596 scriptum
1372 1529 1463 1580 est
1493 1524 1582 1589 (II
1605 1523 1752 1578 Par.
1785 1518 2023 1587 xxviii):

2129 353 2268 407 dem
2305 355 2479 424 quasi
2505 370 2683 408 cursu
2715 351 2934 407 omium
2965 354 3232 423 petentes
3266 350 3396 420 subj
3410 358 3661 420 ungant.
3694 355 3801 411 Cui

2128 446 2442 513 propterea
2496 441 2664 512 pueri
2703 443 2912 512 aptant
2939 438 3288 508 imaginem,
3323 437 3469 510 quia
3515 440 3606 496 sol
3639 442 3802 498 velut

2129 530 2394 601 quotidie
2426 545 2580 585 novo
2603 533 2735 604 ortu
2765 530 2966 592 natus,
2997 526 3059 581 in
3088 525 3322 581 nullum
3354 526 3533 598 plane
3560 530 3800 586 senium

2130 618 2355 675 incidit.
2390 621 2459 674 Ut
2488 623 2690 675 autem
2742 616 2905 673 idem
2958 631 3166 672 currus
3206 621 3264 671 et
3292 633 3483 687 equos
3510 618 3797 687 tribuant,

2132 708 2207 763 de
2239 707 2526 764 miraculo
2569 712 2654 762 est
2693 711 3004 778 sumptum
3052 704 3187 760 Elite
3243 706 3574 776 prophetae,
3608 707 3714 779 qui
3764 724 3802 764 a

2134 814 2311 853 curru
2339 797 2516 866 igneo
2549 801 2606 850 et
2634 797 2802 867 cquis
2833 795 3023 863 igneis
3073 798 3160 848 est
3212 798 3419 866 raptus
3448 795 3526 850 ad
3553 796 3796 866 caelum,

2135 892 2199 942 ut
2239 888 2502 942 Joannes
2535 883 3112 954 ConstantinOpolim
3166 883 3487 956 episcopus
3517 886 3796 942 restimat.

2136 976 2286 1041 Quia
2310 977 2470 1032 enim
2503 978 2698 1031 Graece
2727 972 2910 1034 Ἥλιος
2956 973 3170 1028 dicitur
3201 973 3312 1043 sol,
3346 977 3501 1029 sicut
3529 979 3586 1032 et
3615 976 3804 1031 Sedu-

2134 1064 2247 1120 lius
2297 1081 2436 1121 cum
2490 1065 2549 1120 in
2619 1063 2750 1119 Elise
2819 1077 3078 1118 ascensu
3164 1067 3497 1134 caneretur,
3564 1064 3798 1135 dicens,

2136 1153 2392 1210 ostendit
2419 1172 2431 1208 :

2240 1245 2412 1306 Quam
2442 1243 2585 1298 bene
2615 1242 2872 1296 ﬂuminei
2902 1239 3223 1311 praelucens
3265 1241 3466 1295 semita
3495 1243 3646 1314 coeli,

2244 1332 2520 1387 Convenit
2541 1333 2678 1385 Eliae
2708 1331 3031 1400 meritoque
3062 1339 3118 1385 et
3144 1332 3375 1384 nomine
3394 1331 3645 1400 fulgens.

2243 1421 2358 1476 Hae
2389 1439 2495 1492 ope
2526 1421 2733 1488 dignus
2757 1433 2902 1484 erat,
2933 1419 3205 1489 quoniam
3238 1421 3522 1476 sermonis
3552 1422 3761 1476 Achivi

2248 1511 2371 1566 Una
2396 1529 2498 1583 per
2526 1518 2816 1567 accentum
2848 1518 3101 1565 mutetur
3122 1509 3338 1576 littera,
3368 1512 3457 1564 sol
3487 1517 3596 1568 est.

377 1627 403 1655 «
440 1609 567 1677 Ipse
598 1612 703 1673 est,
736 1609 839 1679 qui
866 1609 1123 1664 adolevit
1169 1611 1487 1664 incensum
1533 1607 1594 1662 in
1631 1605 1782 1661 valle
1815 1608 2030 1659 Benen-
2061 1620 2101 1675 Β
2138 1601 2462 1657 Audientes
2486 1601 2668 1658 Graeci
2699 1599 2778 1654 ab
2811 1599 3110 1665 Israelitis,
3133 1615 3288 1671 quos
3316 1599 3552 1656 divinas
3571 1601 3800 1658 habere

375 1705 519 1758 non,
552 1695 609 1746 et
635 1691 904 1749 lustravit
935 1693 1087 1748 filios
1130 1711 1273 1750 suos
1322 1693 1382 1749 in
1413 1694 1620 1763 igne.»
1661 1693 2029 1745 Bennennon

377 1777 672 1850 siquidem
698 1784 906 1837 Ennon
929 1782 1248 1853 signiﬁcat,
1277 1782 1448 1838 vallis
1473 1787 1675 1838 autem
1703 1783 1911 1834 Ennon
1941 1777 2024 1832 (11-

375 1866 526 1922 citur
554 1869 838 1926 Hebraiee
875 1875 1213 1940 Benennon,
1246 1872 1418 1943 cujus
1470 1870 1714 1926 nomine
1760 1869 1822 1924 in
1865 1871 2029 1923 Novo

375 1958 746 2014 Testamento
772 1975 952 2030 poena
979 1960 1306 2016 inferorum
1340 1962 1612 2030 gehenua
1643 1956 2032 2028 cognomina-

376 2047 487 2098 tur.
519 2045 666 2108 Quia
721 2047 1000 2104 nimirum
1051 2049 1202 2105 sicut
1255 2051 1314 2104 in
1363 2048 1635 2105 convalle
1687 2050 1896 2101 Ennon
1925 2043 2029 2116 qui

373 2131 547 2188 idolis
579 2137 922 2204 servierunt,
944 2138 1024 2194 ita
1052 2139 1113 2194 in
1144 2155 1236 2209 ea,
1264 2138 1572 2211 prophetis
1593 2133 2027 2198 attestantibus,

373 2223 721 2293 poenitentia
763 2232 1106 2297 peccatores
1161 2244 1235 2284 ex
1281 2228 1372 2282 his
1438 2243 1575 2300 quae
1631 2226 2033 2298 peccaverunt

373 2315 594 2369 aeterna
643 2313 1031 2372 damnatione
1059 2318 1398 2388 punientur.
1434 2315 1703 2386 Denique
1743 2311 2031 2371 Jeremias

375 2415 512 2454 cum
539 2401 779 2458 referret
810 2406 1162 2477 praecepisse
1195 2406 1309 2461 sibi
1360 2406 1680 2461 Dominum
1713 2418 1782 2458 ac
1811 2400 2031 2456 dixisse

377 2490 520 2553 (Jer.
557 2491 710 2558 nx):
746 2514 774 2541 «
798 2493 1088 2560 Egredere
1133 2494 1212 2549 ad
1241 2495 1460 2549 vallem
1499 2492 1600 2547 filii
1634 2495 1862 2557 Ennon,
1893 2504 2030 2559 qua:

375 2579 462 2629 est
483 2575 657 2643 juxta
683 2578 986 2634 introitum
1031 2587 1218 2650 porta;
1259 2581 1471 2636 fictilis.
1498 2604 1526 2631 ››
1567 2580 1748 2635 Paulo
1778 2582 1914 2649 post
1943 2577 2030 2630 di-

374 2662 483 2718 cit:
519 2684 548 2712 «
573 2666 639 2719 Et
663 2680 785 2720 non
815 2668 1127 2722 vocabitur
1150 2668 1316 2724 locus
1351 2670 1458 2723 iste
1487 2667 1746 2738 amplius
1763 2666 2032 2737 Thophet

375 2753 433 2804 et
461 2749 632 2806 vallis
653 2750 752 2806 filii
788 2755 1020 2816 Ennon,
1052 2755 1158 2809 sed
1188 2755 1358 2811 vallis
1385 2755 1734 2811 occisionis:
1777 2759 1834 2810 et
1861 2754 2030 2808 dissi-

373 2837 537 2910 pabo
567 2839 883 2897 consilium
905 2843 1076 2898 Judse
1103 2849 1162 2899 et
1192 2844 1552 2900 Hierusalem
1575 2846 1633 2899 in
1663 2844 1795 2899 loco
1817 2845 1951 2909 isto,
1973 2846 2032 2899 et

2137 1691 2359 1746 litteras
2380 1690 2544 1746 fama
2573 1688 2890 1761 prodebat,
2916 1687 3227 1758 praedicari
3247 1687 3414 1759 quod
3441 1688 3596 1746 Elias
3619 1705 3802 1746 curru

2138 1780 2318 1847 igneo
2365 1781 2422 1834 et
2449 1779 2618 1850 equis
2674 1777 2748 1832 sit
2787 1776 2978 1844 igneis
3019 1775 3098 1832 ad
3147 1775 3411 1832 coelestia
3441 1777 3796 1848 translatus,

2142 1867 2235 1923 vel
2265 1872 2419 1923 certe
2451 1867 2564 1922 hoc
2588 1865 2788 1938 ipsum
2809 1864 2960 1920 inter
2989 1864 3106 1921 alia
3131 1865 3438 1937 depictum
3472 1865 3532 1922 in
3565 1866 3792 1938 pariete

2142 1957 2436 2021 videntes,
2465 1953 2823 2011 crediderint
2853 1953 3091 2023 (vicinia
3132 1954 3366 2026 decepti
3406 1954 3671 2012 nominis
3705 1971 3800 2012 so-

2139 2045 2229 2113 lis)
2262 2045 2356 2101 hic
2385 2043 2700 2100 transitum
2743 2058 2850 2115 per
2895 2042 3075 2098 caelos
3125 2059 3259 2099 esse
3305 2043 3697 2112 designatum
3741 2040 3800 2103 et

2139 2133 2499 2190 miraculum
2528 2131 2818 2187 divinitus
2849 2131 3073 2186 factum
3108 2131 3230 2198 Dei,
3263 2136 3574 2190 mutarunt
3612 2133 3676 2191 in
3703 2149 3800 2190 ar-

2141 2228 2498 2291 gumentum
2536 2220 2773 2287 erroris,
2804 2219 3078 2277 humana
3134 2219 3378 2280 stultitia
3425 2227 3795 2284 commenta-

2141 2316 2288 2367 tum.
2321 2314 2484 2376 Quos
2511 2309 2724 2366 imitati
2756 2307 2870 2382 ipsi
2897 2308 3085 2364 Judaei
3107 2315 3471 2380 sategerunt,
3504 2327 3579 2368 ne
3602 2310 3663 2368 in
3696 2309 3802 2366 ali-

2137 2415 2262 2472 quo
2292 2399 2620 2467 gentilium,
2677 2397 3038 2454 stultissimis
3096 2398 3300 2455 minus
3343 2399 3502 2455 stulti
3545 2413 3795 2470 appare-

2138 2493 2287 2544 rent.
2323 2487 2494 2552 Quod
2524 2486 2708 2559 paulo
2740 2492 2876 2555 post
2912 2487 2988 2544 de
3017 2486 3231 2544 eodem
3261 2503 3395 2557 rege
3445 2487 3674 2542 dicitur.

2211 2599 2238 2624 «
2265 2575 2511 2631 Excelsa
2539 2591 2782 2648 quoque
2806 2591 2943 2647 quae
2979 2580 3147 2632 erant
3181 2575 3243 2632 in
3286 2573 3675 2642 Hierusalem,
3706 2572 3791 2630 ad

2141 2688 2168 2714 κ
2199 2665 2508 2721 dexteram
2539 2670 2771 2736 partem
2800 2665 3022 2720 montis
3047 2663 3406 2731 offensionis,
3430 2679 3569 2734 quin
3600 2661 3792 2718 {edifi-

2137 2775 2166 2804 ‹‹
2199 2759 2438 2811 caverat
2469 2753 2749 2810 Salomon
2779 2770 2881 2808 rex
2915 2753 3085 2809 Israel
3113 2752 3391 2808 Astaroth
3434 2751 3599 2807 idolo
3632 2750 3800 2810 Sido-

2140 2867 2168 2894 ‹‹
2201 2844 2460 2912 nierum,
2494 2847 2550 2899 et
2580 2844 2838 2900 Chamos
2864 2842 3179 2899 offensioni
3205 2841 3394 2909 Moab,
3423 2846 3481 2898 et
3507 2841 3798 2899 Melchom

376 2927 717 2984 subvertam
747 2945 850 2986 eos
879 2931 1100 2999 gladio.
1127 2955 1156 2982 »
1190 2934 1368 2990 Isaias
1397 2950 1638 3005 quoque
1669 2932 2030 2989 manifestis-
2060 2972 2100 3028 ϐ
2139 2956 2166 2982 ι(
2201 2931 3188 2990 abominationifiliorumAmmon
3215 2930 3427 3004 polluit
3447 2936 3644 2997 rex,et
3663 2946 3800 2986 con-

375 3015 524 3072 sime
555 3017 819 3090 Thophet
865 3020 1166 3078 infernum
1197 3023 1476 3095 appellat.
1513 3023 1622 3088 Qui
1653 3039 1790 3078 cum
1820 3037 2030 3094 perpe-

375 3109 545 3161 tuum
571 3107 790 3163 diaboli
823 3109 1145 3180 interitum,
1175 3113 1290 3167 sub
1317 3113 1562 3168 nomine
1583 3118 1787 3179 Assur,
1816 3112 2028 3167 descri-

374 3193 558 3266 beret,
589 3195 794 3253 dicens
840 3202 980 3266 ([sa.
1020 3203 1192 3273 xxx):
1244 3206 1348 3258 (Α
1394 3218 1538 3258 voce
1581 3203 1742 3257 enim
1795 3201 2028 3257 Domini

373 3285 613 3356 pavebit
660 3291 845 3344 Assur
892 3290 1059 3359 virga
1105 3308 1448 3363 percussus,
1489 3296 1546 3347 et
1597 3292 1706 3347 erit
1748 3291 2028 3347 transitus

372 3373 553 3441 virgae
583 3373 888 3447 fundatus,
922 3394 1110 3449 quam
1136 3381 1507 3452 requiescere
1538 3380 1712 3435 faciet
1742 3381 2029 3435 Dominus

374 3478 553 3533 super
582 3479 720 3519 eum
749 3483 762 3521 :
790 3488 817 3514 »
865 3468 1064 3522 statim
1093 3470 1422 3540 quomodo,
1455 3473 1512 3524 et
1559 3470 1658 3524 ubi
1698 3475 1851 3524 esset
1877 3469 2030 3541 peri-

371 3553 558 3619 turus,
588 3552 874 3618 subdidit.
905 3555 1111 3611 dicens
1136 3573 1149 3611 :
1204 3579 1232 3608 ι(
1257 3557 1597 3628 Ρτωρδτδιδ.
1643 3561 1732 3612 est
1758 3557 1916 3611 enim
1949 3557 2028 3612 ab

373 3639 498 3694 heri
529 3641 814 3713 Thophet.
841 3659 876 3699 a
903 3660 1040 3713 rege
1069 3650 1430 3718 praeparata,
1457 3646 1779 3718 profunda,
1803 3651 1858 3700 et
1880 3645 2026 3700 dila-

375 3733 514 3785 tata.
538 3751 565 3779 ι»
586 3733 830 3789 Pulchre
851 3734 932 3791 ait
953 3758 979 3784 «
1007 3740 1064 3790 et
1091 3735 1356 3803 dilatata,
1378 3757 1406 3785 »
1431 3737 1575 3807 quia
1595 3735 1863 3806 Thophet
1880 3735 2025 3790 dici-

373 3821 467 3873 tur
490 3820 767 3878 latitudo.
798 3844 827 3871 «
847 3823 1234 3895 Nutrimenta,
1266 3827 1477 3897 inquit,
1505 3825 1634 3896 ejus
1680 3824 1832 3896 ignis
1876 3829 1933 3880 et
1959 3825 2026 3879 li-

373 3923 493 3976 gna
525 3910 730 3978 multa,
765 3916 950 3968 status
981 3916 1212 3970 Domini
1261 3915 1412 3970 sicut
1439 3920 1668 3970 torrens
1701 3914 2025 3986 sulphuris,

376 3999 748 4054 succendens
811 4017 1020 4057 eam.»
1080 4005 1519 4060 Contaminavit
1576 4008 1778 4059 autem
1839 4003 2028 4059 Josias

373 4084 659 4155 Thophet,
692 4089 785 4142 vel
804 4105 942 4146 ossa
970 4096 1344 4147 mortuorum
1374 4093 1455 4148 ibi
1487 4093 1661 4163 (sicut
1683 4094 1744 4147 in
1775 4109 2027 4164 sequen-

375 4171 532 4226 tibus
579 4173 655 4228 de
701 4177 832 4232 aliis
862 4179 1161 4235 idolorum
1201 4181 1347 4236 locis
1389 4181 1598 4236 fecisse
1644 4181 1896 4250 legitur),
1931 4180 2027 4235 vel

371 4259 489 4316 alia
515 4263 796 4333 quaelibet
818 4265 1138 4323 immunda
1157 4269 1528 4339 dispergens,
1552 4273 1849 4340 quatenus
1879 4269 2026 4324 abo-

373 4350 685 4407 minationi
732 4355 934 4424 potius
981 4371 1170 4426 quam
1211 4356 1585 4412 delectationi
1624 4360 1800 4428 aptus
1830 4358 2025 4412 omni-

370 4439 487 4495 bus
517 4441 622 4514 qui
665 4443 1000 4514 aspicerent
1053 4443 1222 4500 locus
1261 4450 1596 4518 appareret.
1631 4445 1802 4511 Quod
1833 4447 2026 4518 sequi-

370 4532 467 4586 tur
493 4530 569 4586 de
597 4531 812 4588 eodem
842 4546 981 4601 rege
1007 4533 1184 4588 .Iosia.

975 4695 1206 4752 CAPUT
1246 4695 1422 4752 XXIII.

444 4820 471 4847 α
499 4800 755 4857 Abstulit
797 4818 1040 4875 quoque
1097 4819 1288 4875 equos
1338 4819 1494 4875 quos
1541 4802 1833 4860 dederant
1860 4819 2031 4873 reges

371 4904 400 4931 α
428 4885 601 4951 Juda,
629 4888 738 4941 soli
776 4889 836 4942 in
885 4891 1127 4946 introitu
1177 4891 1377 4964 templi
1434 4892 1744 4948 Domini.»
1787 4897 1844 4950 et
1882 4910 2033 4966 pau-

373 4991 400 5018 ‹‹
434 4969 491 5024 lo
523 4978 687 5042 post:
749 4977 971 5030 Currus
1019 4983 1220 5033 autem
1273 4982 1414 5036 solis
1473 4982 1807 5037 combussit
1852 4983 2034 5047 igni.»

373 5058 644 5114 Ostendit
713 5063 879 5117 omni
956 5066 1223 5131 gentium
1293 5068 1682 5124 idolatrarum
1759 5071 2042 5138 supersti-

374 5146 520 5202 tioni
572 5148 810 5204 Judmos
867 5167 937 5206 eo
983 5157 1247 5222 tempore
1291 5156 1472 5210 fuisse
1522 5156 1912 5225 mancipatos,
1958 5155 2041 5212 ita

370 5239 437 5290 ut
491 5238 552 5291 in
627 5237 1072 5294 venerationem
1149 5240 1312 5309 solis,
1370 5257 1552 5310 quem
1619 5255 1786 5295 more
1853 5242 2038 5310 genti-

368 5324 514 5380 lium
567 5329 752 5380 Deum
799 5341 926 5382 esse
973 5327 1317 5396 credebant,
1347 5329 1670 5382 simulacro
1709 5329 1839 5398 ejus
1870 5332 2036 5402 quod

369 5411 629 5468 fecerant
695 5429 904 5469 currus
959 5430 1270 5487 equosque
1339 5413 1713 5470 subdiderint
1813 5423 1867 5473 et
1920 5419 2034 5476 hoc

371 5503 429 5557 in
491 5501 653 5556 atriis
706 5503 906 5575 templi
962 5502 1214 5558 Domini.
1272 5502 1362 5558 Sic
1421 5502 1579 5558 enim
1645 5504 1836 5563 solent
1888 5524 2032 5578 gen-

369 5592 497 5649 tiles
556 5592 822 5666 pingere,
889 5593 986 5651 vel
1049 5593 1241 5652 facere
1322 5592 1709 5654 simulacrum
1771 5599 1912 5657 solis
1969 5605 2034 5660 ut

2139 3047 2166 3073 ‹‹
2199 3023 2350 3080 trivit
2375 3026 2661 3078 statuas.»
2691 3025 2840 3078 Luce
2867 3021 3084 3078 clarius
3111 3026 3200 3077 est
3229 3021 3395 3093 quod
3428 3019 3666 3077 excelsa
3695 3035 3798 3077 no-

2139 3112 2369 3168 minare
2431 3111 2580 3168 solet
2642 3111 2963 3182 Scriptura,
3009 3110 3142 3166 loca
3198 3111 3258 3166 in
3310 3109 3562 3166 collibus
3602 3109 3799 3181 posita

2139 3201 2575 3268 frondentibus,
2608 3200 2669 3255 in
2718 3200 2940 3272 quibus
2984 3199 3078 3254 vel
3107 3199 3490 3255 daemonibus
3519 3198 3796 3256 immola-

2136 3291 2285 3346 bant
2314 3289 2405 3344 vel
2437 3288 2711 3348 Domino.
2742 3289 3014 3345 locorum
3047 3290 3392 3346 amoenitate
3423 3288 3635 3355 allecti,
3658 3303 3798 3343 con~

2139 3385 2228 3436 tra
2247 3379 2647 3445 interdictum,
2681 3379 2881 3434 relicto
2907 3378 3078 3436 altari
3108 3378 3275 3450 quod
3304 3383 3430 3434 erat
3458 3378 3519 3434 in
3551 3377 3793 3452 templo,

2137 3469 2361 3524 hostias
2409 3468 2757 3524 offerebant.
2796 3469 2959 3523 Unde
3013 3468 3231 3540 saepius
3279 3469 3341 3523 in
3379 3468 3494 3524 hoc
3531 3467 3683 3523 libro
3719 3465 3796 3522 de

2135 3558 2378 3627 regibus
2399 3557 2503 3628 qui
2541 3557 2737 3612 minus
2769 3558 3025 3630 perfecte
3048 3559 3193 3629 justi
3246 3558 3410 3613 fuere
3433 3557 3664 3625 dicitur,
3698 3571 3798 3611 ve-

2135 3664 2270 3702 rum
2302 3653 2502 3702 tamen
2546 3647 2780 3704 excelsa
2831 3663 2954 3703 non
3005 3647 3263 3703 abstulit.
3300 3650 3552 3703 Montem
3580 3649 3783 3700 autem

2137 3734 2486 3792 offensionis
2519 3740 2787 3792 montem
2816 3735 2959 3790 idoli
2983 3736 3144 3801 dicit,
3167 3735 3312 3807 quia
3340 3735 3624 3790 nimirum
3656 3749 3796 3789 con-

2138 3824 2468 3880 suetudinis
2529 3829 2616 3880 est
2683 3826 3123 3896 Scripturarum
3181 3825 3578 3881 offensionem
3633 3823 3796 3881 idola

2138 3929 2510 3986 nuncupare,
2537 3914 2681 3986 quia
2725 3914 2818 3970 vel
2846 3914 2904 3969 in
2955 3914 3070 3969 illis
3122 3913 3443 3969 offenditur
3486 3916 3661 3979 Deus,
3701 3911 3797 3969 vel

2137 4003 2529 4059 offensionem
2559 4009 2616 4060 et
2645 4004 2882 4060 ruinam
2911 4003 3032 4058 suis
3059 4003 3315 4060 afferunt
3339 4002 3687 4058 cultoribus.
3713 4001 3796 4060 Si-

2138 4097 2237 4147 cut
2264 4093 2325 4147 in
2374 4094 2487 4148 hac
2523 4093 2658 4165 ipsa
2685 4093 2976 4149 sententia
3005 4093 3438 4165 subsequenter
3465 4092 3795 4156 intimatur,

2138 4182 2284 4236 dum
2315 4181 2531 4236 dicitur
2555 4199 2568 4236 :
2619 4204 2646 4231 ‹‹
2667 4185 2809 4247 Quae
2835 4182 3230 4238 aediticaverat
3259 4182 3543 4239 Salomon
3581 4197 3687 4238 rex
3717 4182 3796 4236 ls-

2138 4270 2260 4326 rael
2290 4271 2566 4326 Astaroth
2591 4270 2753 4326 idolo
2788 4271 3212 4343 Sydonorium,
3250 4275 3307 4328 et
3333 4272 3594 4327 Chamos
3616 4269 3798 4326 offen-

2140 4359 2289 4414 sioni
2321 4360 2492 4414 Moab
2518 4363 2574 4414 et
2598 4360 2885 4415 Melchom
2915 4361 3351 4416 abominationi
3375 4359 3636 4415 filiorum
3656 4365 3796 4414 Am-

2137 4464 2283 4503 mon
2310 4447 2518 4518 polluit
2548 4463 2706 4503 rex.«
2757 4449 2862 4503 Ubi
2910 4449 3023 4504 hoc
3079 4465 3343 4521 quoque,
3374 4447 3434 4503 ni
3465 4447 3659 4511 fallor,
3689 4463 3798 4520 pa-

2135 4535 2260 4591 lam
2313 4535 2664 4601 ostenditur,
2706 4535 2873 4608 quod
2919 4537 3148 4592 utinam
3196 4553 3320 4593 non
3357 4537 3792 4603 ostenderetur,

2138 4625 2282 4697 quia
2304 4625 2571 4681 videlicet
2594 4625 2876 4682 Salomon
2896 4625 2972 4682 de
2998 4626 3268 4683 admisso
3288 4626 3641 4682 idololatriae
3675 4642 3798 4682 sce-

2139 4713 2258 4769 lere
2307 4729 2621 4786 nunquam
2664 4714 2919 4786 perfecte
2947 4714 3223 4786 poenituit
3252 4732 3265 4769 :
3313 4730 3459 4770 nam
3487 4715 3539 4770 si
3567 4714 3796 4770 fructus

2142 4803 2502 4875 poenitentiae
2542 4804 2757 4874 dignos
2786 4803 3022 4870 faceret,
3055 4809 3350 4874 satageret
3392 4808 3530 4860 ante
3568 4804 3798 4874 omnia,

2144 4897 2210 4948 ut
2237 4893 2399 4949 idola
2443 4909 2578 4965 quae
2607 4893 3006 4949 ediﬁcaverat
3032 4893 3107 4948 de
3138 4893 3372 4949 civitate
3400 4897 3612 4949 sancta
3641 4892 3801 4949 tolle-

2145 4985 2369 5049 rentur,
2395 4987 2453 5036 et
2490 4999 2612 5037 non
2641 4981 2702 5037 in
2732 4981 3083 5038 scandalum
3135 4981 3476 5050 stultorum,
3509 4999 3648 5055 quae
3674 4983 3801 5054 ipse

2147 5083 2286 5121 cum
2330 5067 2536 5124 fuisset
2566 5069 3043 5140 sapientissimus
3066 5085 3317 5126 erronea
3354 5071 3593 5138 fecerat,
3625 5070 3803 5143 quasi

2147 5153 2446 5225 sapienter
2472 5172 2541 5211 ac
2598 5163 2723 5212 ecte
2752 5158 2910 5214 facta
2939 5158 3313 5231 relinqueret.
3340 5159 3599 5215 Meminit
3619 5174 3802 5232 supra

2147 5248 2205 5298 et
2233 5244 2414 5314 hujus
2444 5244 2558 5300 loci
2582 5247 2902 5319 Scriptura,
2944 5248 3153 5304 dicens
3183 5266 3196 5304 :
3244 5271 3270 5299 «
3296 5252 3459 5305 Tunc
3487 5247 3803 5305 mdificavit

2150 5333 2430 5390 Salomon
2473 5333 2683 5392 fanum
2716 5337 2996 5406 Chamos,
3028 5338 3190 5394 idola
3236 5338 3463 5396 Moloeh
3492 5338 3552 5394 in
3574 5342 3796 5404 monte,

2145 5423 2250 5495 qui
2280 5430 2370 5479 est
2411 5429 2618 5481 contra
2665 5426 3052 5495 Hierusalem,
3081 5433 3140 5483 et
3186 5427 3414 5484 Moloch
3457 5425 3620 5483 idolo
3648 5426 3798 5482 filio-

2144 5529 2278 5568 rum
2336 5520 2591 5570 Ammou
2647 5517 2764 5585 (III
2786 5520 2926 5588 Reg.
2963 5519 3116 5590 x1)»
3172 5522 3283 5574 Nec
3334 5517 3519 5573 videri
3569 5522 3799 5590 contra-

2142 5603 2299 5660 rium
2327 5603 2523 5676 debet,
2545 5605 2714 5678 quod
2740 5607 2822 5665 ibi
2854 5624 3028 5665 mons
3047 5609 3110 5666 in
3137 5625 3260 5681 quo
3293 5607 3453 5666 facta
3485 5612 3630 5664 sunt
3656 5608 3789 5664 l1ch
