4092 6178
308 151 419 204 5b!

1384 150 1639 213 ENA“.
1677 152 1749 213 IN
1789 148 2045 213 manus
2072 150 2339 214 ιιαωιρ
2371 180 2442 201 ι·-
2479 157 2555 215 IN
2588 159 2719 215 LIB.
2759 160 2846 215 IV.

307 271 496 342 idola,
541 278 753 331 contra
794 278 1184 341 Hierusalem,
1212 279 1309 336 hic
1355 282 1418 337 iu
1455 281 1820 338 Hierusalem
1850 294 1978 336 esse
2006 283 2053 336 Α
2093 284 2315 338 octavo
2358 282 2597 339 decimo
2624 298 2786 339 anno
2814 284 2983 354 regni
3012 284 3125 351 sui,
3151 286 3405 356 quando
3430 286 3489 341 in
3533 292 3747 346 octava

306 362 540 435 pnsitus
572 365 886 422 asseritur:
937 368 1083 440 quia
1110 368 1396 426 nimirum
1427 372 1487 427 in
1521 376 1687 427 tanta
1716 376 1844 427 erat
1885 386 1982 425 ur.-

306 450 403 507 hvis
429 451 651 509 vicinia
676 455 930 527 positus,
954 461 1018 513 ut
1048 457 1127 513 ad
1150 457 1345 530 ipsam
1372 461 1690 533 pertinere,
1709 463 1765 516 et
1782 460 1978 533 ipsam

305 555 557 613 quoque
585 542 869 599 sordibus
905 556 1049 617 quae
1070 546 1131 601 in
1158 560 1231 603 eo
1274 550 1798 620 congregabantur
1827 553 1976 606 atta-

307 629 543 685 minare
570 630 890 690 videretur.

379 738 409 768 «
434 720 502 774 Et
521 734 853 776 conversus
865 722 1076 794 Josias,
1092 724 1243 781 vidit
1261 724 1342 781 ibi
1363 727 1638 799 sepulcra
1655 738 1791 800 quae
1808 732 1978 784 erant

310 828 338 856 α
364 807 426 863 in
456 814 695 879 monte;
747 812 1027 886 misitque
1056 820 1112 870 et
1137 815 1267 871 tulit
1309 824 1449 873 ossa
1489 818 1565 874 de
1596 819 1887 891 sepulcris
1918 823 1976 875 et

309 916 339 946 κ
369 899 710 956 combussit
738 916 806 956 ea
839 916 1023 975 super
1050 905 1256 973 altare,
1288 911 1345 962 et
1373 907 1587 979 polluit
1606 907 1773 963 illud.
1798 926 1829 959 ν
1858 908 1977 963 Cur

307 992 509 1044 autem
527 988 723 1047 Josias
742 1005 888 1048 ossa
906 998 1285 1051 mortuorum
1306 998 1675 1053 concremari
1688 998 1865 1069 jussit
1881 1012 1975 1054 su-

306 1092 412 1150 per
436 1078 649 1150 altare,
672 1080 785 1137 nisi
807 1086 869 1137 ut
898 1084 1254 1149 ostenderet,
1273 1086 1438 1159 quod
1462 1086 1716 1159 profana
1732 1087 1974 1145 fuerunt

308 1180 520 1222 eorum
573 1169 864 1227 sacriﬁcia
884 1171 914 1226 ?
942 1176 999 1227 et
1026 1188 1149 1229 non
1178 1175 1372 1230 solum
1407 1176 1709 1248 pecudum
1739 1176 1966 1232 hostias

305 1254 624 1312 daemoniis
654 1258 1003 1325 offerebant,
1037 1262 1145 1318 sed
1166 1264 1347 1319 etiam
1372 1266 1726 1337 semetipsos
1755 1276 1865 1339 per
1882 1281 1968 1321 er-

307 1354 504 1401 rorem
524 1347 881 1405 idololatriae
894 1350 952 1406 in
973 1356 1324 1424 potestatem
1339 1355 1684 1410 daemonum
1705 1356 1965 1411 tradide-

306 1434 480 1485 runt:
510 1432 617 1503 qm
642 1432 805 1503 justo
834 1432 931 1491 Dei
959 1436 1187 1507 judicio
1213 1438 1390 1494 simul
1410 1450 1546 1495 cum
1576 1439 1779 1505 altare,
1800 1441 1967 1512 quod

309 1513 485 1569 idolis
533 1514 993 1589 fabricaverunt,
1021 1521 1353 1596 dissipandi
1383 1528 1571 1579 erant.
1606 1525 1841 1597 Mysticc
1869 1540 1971 1580 au-

2087 374 2257 426 tetate
2304 372 2565 438 generali
2620 373 3047 429 resurrectione
3103 378 3464 446 perpetrata,
3506 381 3744 433 sanctos

2086 473 2227 513 suos
2256 474 2395 515 cum
2441 460 2805 532 perfectione
2826 461 3129 517 bonorum
3168 476 3444 533 operum,
3471 465 3746 536 perducit

2083 546 2160 601 ad
2214 551 2447 604 interna:
2503 549 2889 605 beatitudinis
2933 549 3248 606 denarium
3301 552 3739 624 assignandum,

2082 635 2281 705 ejectis
2312 638 2480 709 prius
2503 639 2788 694 omnibus
2823 639 3123 695 scandatis
3150 640 3226 695 de
3255 655 3442 711 regno
3471 642 3643 712 ejus:
3666 643 3743 700 de

2080 740 2204 797 quo
2233 727 2555 799 praedictus
2582 729 2879 801 Propheta
2909 729 3031 785 ait:
3071 751 3099 778 α
3124 732 3269 785 Ecce
3298 731 3455 786 enim
3486 730 3619 787 dies
3646 745 3744 788 ve-

2079 813 2205 871 niet
2230 830 2519 873 succensa
2545 818 2720 889 quasi
2752 818 3073 886 cemimus,
3102 823 3158 875 et
3188 824 3365 876 erunt
3398 835 3611 877 omnes
3640 836 3740 878 sn-

2078 904 2267 975 perbi,
2291 910 2350 962 et
2361 922 2575 962 omnes
2592 907 2875 963 facientes
2903 908 3271 981 impietatem
3301 909 3545 981 stipula.
3569 913 3637 966 Et
3653 911 3741 967 in-

2076 991 2419 1049 ﬂammabit
2444 1009 2547 1050 eos
2574 995 2701 1050 dies
2730 995 3002 1065 veniens,
3028 996 3171 1051 dicit
3198 999 3485 1054 Dominus
3515 1001 3738 1057 exerci-

2076 1085 2269 1151 tuum,
2286 1098 2422 1155 quae
2442 1098 2565 1139 non
2587 1084 2960 1157 derelinquat
2974 1086 3061 1140 eis
3085 1086 3347 1143 radium
3380 1093 3441 1143 et
3466 1102 3738 1157 germen.

2080 1173 2145 1225 Et
2171 1171 2393 1228 orietur
2421 1173 2595 1228 vobis
2625 1174 2971 1229 timentibus
2989 1189 3208 1231 nomen
3235 1188 3441 1232 meum
3463 1178 3554 1233 Iul
3569 1179 3739 1249 justi-

2078 1260 2189 1325 tiaz,
2222 1265 2278 1315 et
2306 1262 2533 1317 sanitas
2560 1263 2622 1318 in
2653 1264 2867 1335 pennis
2896 1265 3044 1335 ejus.
3076 1266 3469 1335 Egrediemini
3492 1273 3550 1322 et
3573 1267 3741 1323 salie-

2075 1350 2148 1405 tis
2169 1350 2345 1422 qtiasi
2357 1350 2522 1407 vituli
2543 1353 2620 1408 de
2644 1358 2936 1423 armento,
2951 1358 3009 1409 et
3033 1354 3337 1410 calcabitis
3360 1356 3578 1429 impios
3599 1370 3735 1412 cum

2076 1438 2296 1495 fuerint
2325 1439 2474 1496 cinis
2496 1441 2613 1497 sub
2640 1442 2847 1514 planta
2874 1443 3095 1515 pedum
3128 1449 3464 1500 vestrorum
3491 1445 3733 1515 (Malae.

2076 1527 2211 1598 nr)»
2240 1530 2303 1583 Et
2329 1532 2485 1585 recte
2505 1530 2731 1586 dictum
2761 1534 2851 1587 est
2878 1531 3043 1603 quod
3075 1551 3103 1580 α
3128 1546 3249 1587 non
3279 1532 3503 1588 factum
3518 1532 3737 1604 (fuerit)

308 1606 425 1694 tem
455 1604 804 1694 signiﬁcant
829 1622 1069 1674 omnes,
1098 1612 1203 1683 Qui
1232 1611 1457 1667 diaboli
1484 1614 1725 1669 servitio
1747 1614 1972 1669 manci-
2000 1631 2046 1684 Β
2077 1617 2262 1672 Phase
2295 1617 2409 1674 tale
2438 1634 2475 1674 a
2501 1619 2716 1675 diebus
2748 1619 3045 1690 judicum,
3083 1621 3189 1694 qui
3212 1621 3635 1691 judicaverunt
3665 1626 3739 1678 ls-

307 1692 451 1764 pati,
462 1693 652 1750 vitam
681 1696 1036 1768 sacrilegam
1065 1702 1467 1773 temporaliter
1488 1702 1789 1769 ﬁnierant,
1810 1709 1973 1760 teter-

304 1782 399 1837 nis
428 1784 796 1842 cruciatibus
822 1790 1295 1855 consumendos,
1323 1791 1445 1848 Deo
1467 1788 1582 1848 illis
1607 1793 1972 1850 retribuente

307 1873 646 1930 secundum
678 1877 924 1949 propria
949 1879 1163 1937 merita
1190 1892 1445 1953 operum
1475 1882 1733 1939 illorum.

376 1965 793 2039 Reversusque
840 1972 927 2023 est
965 1969 1155 2025 losias
1184 1970 1572 2039 Hierusalem,
1606 1992 1635 2025 α
1661 1976 1723 2027 et
1745 1988 1969 2045 praeces

313 2071 341 2099 κ
365 2052 448 2123 pit
472 2053 643 2109 Omni
690 2055 937 2128 populo,
971 2056 1215 2114 dicens:
1266 2060 1463 2115 Facite
1494 2061 1684 2116 Phuse
1714 2060 1968 2116 Domino

312 2159 340 2188 κ
367 2141 485 2195 Deo
512 2146 734 2213 vestro,
756 2146 1089 2202 Secundum
1116 2147 1285 2220 quod
1310 2148 1599 2221 scriptum
1623 2148 1793 2204 estin
1813 2148 1966 2205 libro

306 2248 335 2277 κ
366 2228 607 2285 {mlieris
662 2232 921 2304 hujus,»
986 2240 1095 2291 etc.
1149 2236 1321 2302 Quod
1390 2242 1589 2293 autem
1648 2237 1968 2310 praedictus

304 2330 403 2373 rex
449 2320 657 2390 ejectis
684 2321 861 2378 idolis
905 2323 983 2379 de
1024 2327 1200 2389 terra,
1233 2338 1470 2382 necnon
1512 2327 1883 2399 pythonibus
1910 2330 1969 2384 et

305 2408 528 2479 ariolis,
559 2412 618 2464 et
645 2411 928 2466 omnibus
980 2412 1376 2470 immunditiis
1429 2418 1609 2488 atque
1658 2415 1970 2473 abomina-

304 2497 571 2553 tiouibus
615 2499 851 2571 ablatis,
882 2500 943 2557 iu
973 2507 1190 2559 octavo
1224 2504 1463 2560 decimo
1489 2516 1655 2561 anno
1674 2506 1844 2575 regni
1873 2506 1967 2562 sui

304 2587 561 2643 Domino
610 2589 801 2661 phase
849 2591 1305 2650 celeberrimum
1336 2594 1544 2651 fecisse
1572 2596 1807 2665 legitur,
1841 2606 1968 2653 mo-

306 2674 503 2731 raliter
530 2676 708 2732 decet
728 2690 837 2734 nos
867 2684 935 2736 ut
954 2692 1285 2753 purgemus
1307 2684 1569 2756 primum
1594 2689 1813 2741 terram
1842 2698 1969 2741 cor-

313 2759 400 2815 dis
428 2763 619 2819 nostri
648 2765 727 2820 ab
769 2768 1053 2824 omnibus
1082 2769 1256 2836 vitiis,
1290 2775 1347 2827 et
1391 2772 1761 2827 mnudemus
1797 2777 1967 2829 actus

311 2855 541 2907 nostros
568 2852 651 2909 ab
677 2856 843 2911 omni
871 2857 1348 2930 iuiqninamento
1368 2865 1773 2932 peccatorum,
1804 2866 1861 2918 et
1885 2862 1965 2917 ab

307 2941 591 3036 operibus
620 2946 894 3015 mortuis,
930 2952 992 3002 ut
1025 2949 1243 3005 servire
1269 2951 1573 3022 possimus
1613 2953 1728 3006 Deo
1762 2951 1965 3006 viveu-
1990 2977 2037 3036 ο

305 3029 364 3095 ti,
394 3031 605 3104 sicque
636 3038 873 3103 gratum
900 3037 1155 3094 Domino
1182 3038 1555 3096 celebremus
1581 3042 1964 3108 Pascha,non

300 3120 510 3192 utique
564 3123 679 3179 «in
728 3124 1019 3183 fermento
1065 3128 1305 3184 malitiae
1351 3134 1409 3185 et
1444 3129 1745 3202 nequitiae,
1773 3129 1965 3186 sedin

300 3210 533 3282 azymis
561 3212 913 3271 sinceritatis
950 3221 1007 3273 et
1035 3218 1293 3273 veritatis
1342 3219 1548 3287 (ἶσον.
1573 3219 1650 3289 v).
1677 3234 1706 3267 ii
1749 3221 1967 3275 Secun-

300 3298 450 3354 dum
508 3304 711 3357 autem
758 3303 1125 3376 allegoriam,
1152 3306 1342 3362 Josias
1393 3306 1503 3362 iste
1550 3311 1763 3379 typum
1808 3309 1966 3363 tenet

301 3389 543 3444 Domini
574 3390 911 3459 Salvatoris,
946 3394 1051 3466 qui
1082 3395 1247 3452 salus
1295 3399 1354 3451 et
1398 3392 1681 3452 fortitudo
1730 3395 1964 3452 Domini

301 3476 521 3534 merito
562 3477 794 3547 dicitur,
825 3481 968 3553 quia
998 3483 1124 3554 ipse
1166 3487 1251 3538 est
1282 3483 1359 3539 de
1388 3498 1513 3557 quo
1546 3482 1846 3556 Scriptura
1872 3483 1963 3541 di-

306 3567 418 3623 cit:
452 3590 481 3617 «
505 3570 791 3626 Dominus
828 3572 1013 3639 fortis,
1050 3573 1336 3629 Dominus
1381 3577 1598 3646 potens
1644 3574 1708 3629 in
1756 3573 1963 3646 praelio

312 3657 496 3725 (Pent.
528 3660 704 3731 xxiii),
725 3676 754 3709 ιι
785 3664 843 3716 et
866 3660 1008 3716 alibi
1034 3679 1049 3730 ξ
1073 3682 1101 3711 ‹‹
1153 3663 1284 3734 Ipse
1327 3664 1487 3718 enim
1519 3662 1752 3717 salvum
1791 3662 1965 3719 faciet

319 3745 602 3815 populum
633 3763 811 3802 suum
834 3765 869 3804 a
895 3750 1153 3821 peccatis
1174 3764 1383 3805 eorum
1414 3750 1657 3820 (Matth.
1690 3754 1803 3817 1).»
1838 3754 1963 3822 Ipse

320 3831 554 3902 quidem
581 3835 707 3891 zelo
742 3837 845 3892 Dei
896 3837 1153 3893 mundat
1179 3840 1397 3893 terram
1426 3838 1579 3893 Juda
1607 3842 1664 3893 et
1693 3838 1965 3893 Hierusa-

309 3918 421 3976 lem
452 3922 533 3977 ab
560 3924 844 3981 omnibus
870 3925 1268 3983 immunditiis
1297 3930 1354 3982 et
1383 3925 1959 3993 abominationlbus,

304 4009 407 4082 qui
436 4024 544 4082 per
566 4012 927 4086 Prophetam
958 4014 1134 4070 dixit:
1187 4036 1213 4064 «
1238 4014 1407 4070 Zelus
1453 4013 1673 4069 domus
1712 4018 1829 4068 tum
1868 4028 1964 4069 co-

304 4100 490 4155 medit
531 4112 627 4157 me
677 4102 796 4173 (Ps.
826 4103 1097 4174 1.xvm);»
1152 4103 1227 4159 de
1280 4114 1404 4175 quo
1447 4106 1505 4158 et
1549 4102 1811 4158 Joannes
1840 4102 1958 4159 ait:

304 4190 545 4260 «Cujus
586 4191 983 4248 ventilabrum
1046 4192 1108 4248 in
1160 4204 1349 4249 manu
1398 4206 1530 4255 sua,
1585 4194 1643 4246 et
1680 4191 1962 4262 purgabit

300 4293 508 4335 aream
541 4292 716 4336 suam
742 4282 982 4350 (Matth.
1015 4283 1131 4353 tu);
1169 4282 1244 4337 de
1290 4296 1412 4354 quo
1443 4284 1500 4337 et
1527 4280 1844 4338 Malachizts
1870 4280 1959 4335 die

301 4369 380 4424 cit
411 4384 425 4424 :
458 4389 487 4417 «ι
520 4372 667 4426 Ecce
704 4371 885 4440 venit,
916 4371 1057 4427 dicit
1104 4371 1391 4427 Dominus
1439 4372 1844 4427 exercituum:
1898 4373 1962 4425 Et

301 4459 438 4531 quis
480 4460 699 4532 poterit
725 4460 884 4516 diem
914 4460 1176 4532 cogitare
1215 4460 1509 4517 adventus
1550 4461 1703 4531 ejus,
1737 4463 1795 4516 et
1823 4459 1960 4532 quis

304 4548 486 4604 stabit
528 4548 607 4604 ad
637 4548 961 4605 videndum
992 4551 1176 4606 eum?
1214 4550 1346 4623 Ipse
1394 4549 1555 4605 enim
1604 4549 1781 4622 quasi
1810 4548 1965 4618 ignis

303 4637 600 4707 conﬁ‘aus,
635 4642 691 4695 et
716 4638 889 4712 quasi
918 4632 1105 4696 herba
1129 4639 1449 4707 fullonum,
1482 4643 1542 4695 et
1572 4638 1805 4695 sedebit
1833 4652 1969 4693 cou-

308 4730 481 4800 ﬂans,
513 4735 572 4787 et
606 4730 947 4786 emundans
1002 4734 1341 4802 argentum,
1381 4734 1439 4786 et
1472 4729 1758 4803 purgabit
1812 4727 1968 4783 ﬁlios

306 4820 459 4876 Levi.
496 4823 564 4876 Et
606 4819 893 4876 conﬂabit
937 4836 1041 4876 eos
1097 4821 1273 4893 quasi
1318 4834 1535 4877 aurum
1590 4822 1645 4875 et
1673 4818 1849 4892 quasi
1880 4832 1971 4874 αισι-

308 4915 576 4979 gentum,
609 4912 667 4964 et
709 4912 883 4965 erunt
933 4909 1184 4965 Domino
1232 4909 1547 4964 oﬁ‘ereut’es
1587 4906 1880 4963 sacriﬁcia
1908 4905 1969 4961 in

293 4997 551 5069 justitia.
585 4998 652 5053 Et
679 4997 939 5070 placebit
969 5000 1087 5053 Deo
1113 4997 1472 5053 sacriﬁcium
1500 4995 1653 5053 Juda
1684 4998 1740 5052 et
1770 4995 1971 5051 Hieru.

302 5087 511 5153 salem,
548 5086 700 5143 sicut
730 5087 857 5143 dies
885 5086 1108 5153 seaculi,
1143 5090 1199 5142 et
1241 5087 1394 5143 sicut
1439 5087 1581 5143 anni
1620 5084 1870 5157 antiqui.
1903 5084 1973 5139 Et

302 5176 597 5231 accedam
636 5175 715 5232 ad
742 5190 852 5231 vos
883 5175 944 5231 iu
968 5174 1218 5246 judicio,
1251 5178 1307 5231 et
1332 5190 1433 5230 ero
1463 5174 1623 5230 testis
1648 5171 1819 5229 velox
1842 5186 1972 5229 mas

300 5262 511 5331 laticis,
566 5268 624 5319 et
668 5262 972 5330 adulteris,
1034 5268 1092 5320 et
1137 5263 1413 5336 perjuris,
1471 5265 1526 5318 et
1581 5261 1685 5333 qui
1741 5259 1965 5317 calum-

305 5354 633 5411 niabautur
687 5352 1024 5409 mercedem
1071 5351 1421 5409 mercenarii
1474 5355 1530 5406 et
1570 5349 1975 5406 humiliabaut

303 5443 516 5497 viduas
557 5446 612 5497 et
653 5440 937 5514 pupillos,
969 5442 1027 5497 et
1052 5440 1404 5514 opprimunt
1425 5437 1833 5511 peregrinum,
1864 5452 1974 5494 nec

317 5529 580 5587 imerunt
628 5541 744 5597 me,
777 5531 921 5587 dicit
974 5530 1264 5586 Dominus
1305 5528 1675 5585 exercituum
1726 5528 1970 5597 (Malae.

309 5621 409 5690 ιιι).
440 5642 469 5671 »ο
492 5617 765 5678 Celebrat
790 5632 935 5693 ergo
963 5620 1154 5679 tostas
1182 5622 1390 5678 noster
1416 5632 1627 5675 verum
1654 5616 1885 5676 Pascha
1914 5615 1974 5673 in

2074 1706 2217 1776 rael,
2240 1711 2299 1762 et
2323 1708 2597 1765 omnium
2618 1708 2853 1763 dierum
2876 1724 3085 1779 regum
3117 1710 3313 1779 Israel,
3338 1716 3394 1766 et
3410 1726 3620 1781 regum
3642 1712 3739 1766 Ju-

2074 1795 2180 1864 da,
2207 1797 2363 1853 sicut
2411 1797 2472 1852 in
2529 1802 2745 1854 octavo
2800 1798 3039 1855 decimo
3077 1814 3238 1855 anno
3284 1803 3442 1870 regis
3470 1800 3647 1856 Josiae
3674 1800 3736 1856 iu

2076 1885 2471 1955 Hierusalem;
2497 1906 2527 1939 »
2555 1888 2719 1959 quia,
2739 1887 2954 1943 ablatis
2989 1888 3214 1957 ﬁguris,
3238 1890 3527 1945 veraciter
3557 1889 3617 1944 in
3640 1888 3736 1944 die

2071 1974 2279 2043 judicii
2307 1975 2648 2030 transibunt
2670 1977 2861 2033 sancti
2886 1976 2960 2032 de
2980 1980 3171 2032 morte
3192 1977 3268 2033 ad
3291 1979 3475 2033 vitam
3480 1978 3584 2048 ,de
3611 1994 3736 2033 cor-

2074 2062 2350 2133 ruptione
2366 2062 2446 2118 ad
2467 2063 2740 2131 gloriam.
2761 2063 2972 2136 Sicque
2989 2065 3049 2119 in
3063 2070 3386 2136 conspectu
3405 2064 3736 2121 Conditoris

2077 2150 2167 2205 sui
2196 2150 2257 2205 in
2287 2151 2511 2207 caelesti
2540 2151 2906 2208 Hierusalem
2946 2154 3005 2208 in
3044 2158 3333 2208 aeternum
3364 2152 3732 2222 gaudebunt,

2074 2239 2218 2312 quia
2245 2239 2539 2296 videbitur
2566 2245 2725 2296 Deus
2766 2241 3017 2297 deorum
3059 2241 3120 2296 in
3154 2239 3326 2296 Sion:
3370 2259 3385 2288 ι
3415 2244 3479 2296 Et
3524 2240 3733 2297 civitas

2073 2327 2175 2383 illa
2195 2342 2319 2383 non
2346 2331 2480 2397 eget
2508 2328 2633 2385 sole
2658 2344 2854 2401 neque
2877 2327 3024 2385 luna
3042 2334 3110 2385 ut
3136 2328 3378 2384 luceant
3399 2329 3461 2384 in
3484 2332 3733 2384 ea.Nam

2074 2416 2311 2472 claritas
2358 2417 2459 2473 Dei
2514 2416 2876 2474 illuminabit
2915 2432 3072 2488 eam,
3105 2422 3163 2473 et
3213 2417 3463 2474 lucerna
3489 2418 3621 2489 ejus
3648 2421 3737 2473 est

2073 2509 2301 2576 Agnus,
2321 2509 2378 2562 et
2398 2506 2803 2563 ambulabunt
2825 2512 3031 2577 gentes
3059 2507 3118 2562 in
3140 2506 3369 2563 lumine
3397 2508 3448 2578 ej
3460 2522 3550 2569 us,
3573 2511 3632 2562 et
3652 2520 3737 2561 re-

2073 2609 2179 2663 ges
2207 2598 2376 2650 terraa
2404 2593 2656 2650 afferent
2670 2594 2925 2664 gloriam
2952 2608 3126 2651 suam
3148 2599 3204 2651 et
3222 2595 3514 2650 honorem
3536 2594 3596 2649 in
3613 2593 3734 2659 illa,

2072 2688 2130 2738 et
2154 2687 2343 2756 portae
2370 2683 2502 2754 ejus
2524 2698 2649 2739 non
2679 2683 3036 2739 claudentur
3056 2698 3162 2756 per
3190 2681 3382 2752 diem;
3416 2672 3544 2738 nox
3574 2682 3736 2738 enim

2068 2786 2195 2828 non
2236 2772 2346 2828 erit
2370 2771 2508 2842 illic,
2534 2777 2591 2828 et
2621 2772 2871 2829 aﬁ'ereut
2901 2772 3154 2842 gloriam
3185 2778 3243 2829 et
3269 2774 3561 2829 honorem
3591 2784 3733 2841 geu-

2070 2860 2219 2916 tium
2244 2862 2305 2917 in
2335 2861 2520 2917 illam.
2554 2862 2929 2918 Neciutrabit
2953 2862 3012 2917 in
3042 2874 3179 2917 eam
3204 2861 3432 2934 aliquid
3463 2860 3736 2933 coinqui-

2071 2954 2307 3019 natum,
2341 2954 2400 3006 et
2434 2950 2664 3006 faciens
2692 2951 3204 3007 abominationem
3235 2956 3294 3007 et
3325 2951 3733 3017 mendacium,

2072 3037 2304 3110 uisiqul
2327 3038 2528 3109 scripti
2550 3041 2689 3093 sunt
2707 3038 2767 3093 in
2788 3038 2943 3093 libro
2968 3039 3106 3093 vitae
3136 3038 3288 3109 Agni
3318 3038 3727 3108 (Apoc,xx1).»

2072 3128 2140 3181 Et
2160 3140 2381 3181 nomen
2403 3126 2654 3182 civitatis
2677 3141 2748 3182 ex
2770 3126 2870 3182 illa
2888 3127 2984 3181 die
3006 3127 3286 3183 Dominus
3307 3128 3541 3183 ibidem.
3575 3145 3606 3179 α
3631 3127 3735 3181 Be-

2071 3214 2345 3270 nedictus
2376 3215 2666 3270 Dominus
2713 3216 3003 3289 quoniam
3044 3215 3378 3271 miriﬁcavit
3407 3215 3735 3271 misericor-

2069 3302 2233 3358 diam
2265 3316 2440 3359 suam
2468 3303 2530 3359 in
2562 3303 2860 3360 civitatem
2888 3304 3349 3360 circumstantiae
3378 3304 3496 3376 (Ps.
3533 3304 3605 3376 χ).
3633 3324 3663 3353 ››

2141 3411 2170 3441 «
2199 3391 2406 3447 Occiso
2436 3391 2639 3465 itaque
2676 3390 2835 3449 Josia
2866 3402 3005 3463 rege
3036 3393 3095 3447 in
3126 3393 3435 3464 Mageddo,
3469 3392 3602 3448 tulit
3629 3407 3735 3465 po-

2072 3480 2307 3553 «pulus
2358 3486 2530 3537 terrm
2575 3482 2830 3537 Joachaz
2880 3481 3071 3536 tilium
3119 3482 3317 3550 Josite,
3350 3484 3408 3537 et
3434 3484 3734 3536 unxerunt

2071 3591 2098 3619 ‹‹
2132 3583 2295 3633 eum,
2323 3572 2383 3625 et
2411 3569 2845 3625 constituerunt
2874 3584 3013 3625 eum
3044 3583 3245 3639 regem
3267 3584 3376 3642 pro
3397 3573 3566 3642 patre
3598 3584 3729 3624 suo.

2071 3679 2100 3707 «
2130 3659 2320 3724 Quem
2350 3658 2581 3714 Pharao
2603 3659 2821 3726 Necho,
2852 3659 3034 3714 vinxit
3062 3658 3121 3713 in
3156 3657 3360 3721 Rebla,
3389 3661 3447 3713 et
3472 3657 3643 3713 duxit
3671 3657 3733 3711 in

2074 3769 2103 3796 ‹‹
2132 3750 2473 3819 Αεῖεγρίιιω.
2506 3749 2572 3802 Et
2600 3747 2888 3819 imposuit
2930 3747 3219 3802 mulctam
3268 3750 3438 3802 terrm
3493 3749 3731 3802 centum

2071 3854 2105 3889 ι
2127 3836 2362 3891 talentis
2394 3836 2645 3905 argenti,
2678 3840 2735 3891 et
2768 3835 2990 3892 talento
3025 3836 3194 3903 auri;
3244 3850 3570 3906 regemque
3594 3849 3734 3890 con-

2073 3925 2260 3980 stituit
2290 3922 2573 3979 Eliachim
2622 3923 2812 3979 ﬁlium
2844 3923 3017 3979 Josiae
3049 3937 3159 3995 pro
3186 3923 3345 3979 Josia
3378 3926 3548 3995 patre
3578 3924 3728 3992 ejus,

2073 4034 2102 4062 «
2134 4017 2382 4085 eratque
2426 4024 2649 4068 nomen
2717 4012 2846 4083 ejus
2876 4012 3123 4068 Joacim.
3151 4030 3179 4063 »
3225 4011 3377 4078 Quid
3409 4016 3610 4067 autem
3642 4011 3731 4066 iu-

2072 4100 2333 4158 tert'ectio
2360 4099 2535 4155 Josite
2566 4099 2884 4170 signiﬁcat,
2917 4099 3023 4173 qui
3068 4111 3105 4156 a
3148 4099 3452 4156 Pharaone
3496 4099 3730 4156 Nechao

2071 4192 2462 4263 interemptus
2513 4194 2604 4246 est
2656 4189 2717 4245 iu
2762 4189 3072 4261 Mageddo,
3104 4190 3214 4246 nisi
3256 4190 3734 4262 persecutionem

2074 4278 2303 4352 antiqui
2367 4278 2556 4335 hostis
2614 4278 2904 4335 adversus
2963 4281 3203 4336 sanctos
3264 4275 3735 4352 praedicatores?

2072 4383 2227 4441 quos
2271 4381 2377 4440 per
2429 4366 2718 4423 invidiam
2769 4367 2900 4424 neci
2945 4369 3175 4424 tradere
3222 4367 3483 4437 molitur,
3516 4369 3573 4421 et
3621 4378 3731 4421 au-

2072 4458 2223 4513 ferre
2263 4457 2338 4514 de
2364 4461 2520 4513 terra
2568 4456 2837 4513 Ecclesiae
2877 4460 3147 4524 conatur,
3181 4461 3479 4530 quatenus
3502 4453 3732 4510 facilius

2077 4551 2261 4602 totam
2291 4546 2532 4619 plebem
2572 4545 2863 4617 dissipare
2908 4549 2963 4600 et
2992 4544 3274 4599 invadere
3303 4542 3527 4614 possit:
3560 4541 3733 4596 inter-

2073 4638 2338 4707 pretatur
2381 4634 2609 4688 Pharao
2656 4632 2976 4701 dissipans,
3027 4630 3229 4685 Necho
3272 4627 3588 4698 percussio,
3621 4629 3733 4683 Ma-

2075 4722 2272 4793 geddo
2338 4722 2587 4778 tentatio
2643 4724 2748 4776 est.
2792 4719 3120 4774 Permissus
3175 4717 3399 4789 quippe
3453 4714 3732 4771 diabolus

2076 4824 2436 4880 consurgere
2462 4808 2752 4864 adversus
2782 4811 3020 4862 sanctos
3049 4805 3163 4861 hoc
3184 4803 3567 4860 solummodo
3591 4802 3732 4876 agit,

2075 4901 2192 4955 hoc
2233 4898 2368 4954 totis
2414 4896 2641 4952 viribus
2690 4899 2892 4964 certat,
2923 4899 3223 4968 quatenus
3271 4892 3556 4950 tentando
3608 4907 3735 4962 gre-

2080 5003 2217 5059 gem
2249 4986 2481 5043 Dominl
2529 4985 2865 5059 percutiens
2907 4984 3174 5058 dissipet,
3208 4998 3432 5056 eosque
3471 4982 3735 5055 primum

2081 5078 2330 5149 auferat,
2361 5089 2620 5149 quorum
2652 5076 2863 5133 solatio
2914 5075 3105 5148 adjuti
3151 5078 3358 5131 contra
3395 5073 3607 5130 hosem
3653 5072 3739 5127 di-

2082 5168 2303 5224 micare
2329 5165 2680 5222 debuerant.

2158 5278 2185 5307 u
2215 5254 2484 5329 Tulitwc
2511 5253 2773 5329 populus
2793 5257 2963 5311 terrae
2982 5254 3238 5311 loachaz
3257 5251 3447 5309 ﬁlium
3472 5251 3740 5315 Josiue,et

2084 5367 2114 5401 ‹
2142 5350 2442 5403 unxerunt
2471 5358 2607 5401 cum
2635 5362 2648 5413 ;
2676 5347 2734 5401 et
2760 5344 3188 5400 constituerunt
3216 5356 3352 5398 eum
3393 5354 3595 5410 regem
3624 5351 3735 5411 pro

2085 5459 2113 5487 «
2144 5441 2314 5510 patre
2345 5450 2518 5491 suo.»
2560 5434 2814 5490 Joachaz
2858 5433 2963 5506 qui
3003 5432 3422 5505 interpretatur
3447 5432 3731 5491 retentus,

2085 5527 2282 5595 signat
2302 5525 2492 5581 malos
2504 5524 2797 5593 doctores,
2811 5538 2963 5596 quos
2984 5521 3242 5595 populos
3265 5526 3451 5585 terrae,
3467 5513 3735 5573 carnales

2084 5614 2376 5685 videlicet,
2387 5617 2629 5671 terrenae
2644 5611 2954 5684 cupiditati
2970 5609 3174 5681 dediti,
3189 5607 3522 5667 secundum
3536 5614 3736 5659 mores
