4092 6176
396 158 500 213 563

1482 161 1837 218 ANGELOMI
1876 157 2348 217 LUXOVIENSIS
2387 114 2722 220 moment.

3725 177 3829 231 544

397 296 542 336 suos
593 285 1028 340 consentientes
1080 282 1233 338 vitiis
1279 283 1402 338 suis
1457 298 1746 356 personas
1796 282 2040 352 eligunt.
2073 288 2119 338 Α
2162 306 2190 333 ‹‹
2223 288 2280 339 et
2317 285 2579 343 concidit
2606 288 2884 345 universa
2910 305 3058 346 vasa
3083 306 3288 360 aurea,
3319 307 3454 364 quae
3477 293 3706 352 fecerat
3729 297 3830 354 Sa-

397 371 559 436 Quos
587 373 818 428 Pharao
846 371 909 426 in
935 371 1118 426 Rebla
1145 371 1333 427 vinxit
1359 377 1415 428 et
1439 373 1501 428 in
1531 376 1858 454 I‘Egyptum
1876 372 2042 440 dixit,

396 475 536 515 cum
564 458 840 515 diabolus
865 473 972 530 per
1001 458 1442 516 multitudinem
1473 461 1857 518 adulatorum
1887 478 2044 518 ener-

394 563 541 604 vans
561 546 782 620 decipit
804 548 988 604 corda
1015 549 1430 620 praalatorum;
1455 551 1637 608 Rebla
1665 552 1824 608 enim
1845 554 2045 608 multi-

397 636 538 691 tudo
585 635 1022 708 interpretatur,
1064 637 1268 711 sicque
1323 639 1384 695 in
1442 641 1760 714 spiritualis
1802 642 2043 715 Egypti

392 725 624 781 vinctos
688 729 905 781 cetenis
959 732 1346 798 peccatorum
1396 730 1778 786 tenebrosam
1831 736 2044 799 mergit

395 814 710 885 abyssum.
760 815 941 870 Porro
980 817 1214 873 Pharao
1269 833 1513 891 quoque
1570 821 1766 876 Necho
1815 821 2040 877 Joacim

393 918 596 974 regem
619 904 1006 974 constituens,
1037 906 1324 980 imposuit
1363 909 1652 966 mul‘ctam
1691 915 1857 967 terra:
1901 926 2040 967 cen-

393 995 520 1047 tum
540 991 773 1048 talentis
799 996 1048 1063 argenti,
1072 1000 1130 1052 et
1148 996 1368 1053 talento
1393 999 1542 1054 auri.
1572 1000 1721 1055 Cum
1738 1000 2039 1068 malignus

393 1078 632 1150 spiritus
660 1096 917 1152 pensum
947 1083 1199 1139 servitus
1221 1084 1320 1139 sui
1368 1084 1430 1140 in
1481 1086 1708 1159 populo
1733 1086 2042 1159 praedicto-

390 1181 528 1221 rum
552 1168 788 1240 expetit,
822 1173 888 1224 ut
928 1174 1052 1226 tam
1075 1187 1253 1227 sensu
1284 1189 1472 1244 quam
1501 1173 1741 1246 eloquio
1771 1175 1900 1245 ejus
1938 1190 2043 1246 per

393 1256 598 1313 omnia
641 1259 833 1329 parati
880 1258 996 1315 sint
1046 1260 1358 1333 obsequio.
1394 1263 1556 1319 Unde
1601 1265 1827 1320 Joacim
1872 1266 2042 1334 juxta

390 1349 758 1417 praeceptum
790 1347 1134 1418 Pharaonis,
1166 1365 1664 1424 unumquemque
1704 1353 2042 1409 secundum

391 1432 546 1488 vires
595 1450 739 1490 suas
793 1437 1006 1506 exegit,
1041 1443 1103 1493 ut
1143 1439 1310 1504 daret
1358 1445 1479 1497 tam
1510 1447 1825 1512 argentum
1854 1459 2039 1514 quam

391 1537 628 1590 aurum,
649 1529 946 1596 quatenus
966 1528 1080 1583 hoc
1109 1529 1383 1586 redderet
1407 1531 1719 1599 Pharaoni,
1751 1532 1893 1604 quia
1918 1532 2042 1588 dia-

2157 394 2183 420 ‹‹
2217 372 2420 427 lomen
2473 391 2577 429 rex
2608 376 2786 432 Israel
2834 377 2897 432 in
2947 378 3170 450 templo
3200 380 3455 448 Domini,
3483 383 3666 452 juxta
3693 401 3828 440 ver-

2154 481 2182 507 ‹‹
2215 460 2363 516 bum
2417 463 2671 520 Domini.
2708 467 2773 520 Et
2807 466 3107 522 transtulit
3145 483 3391 524 omnem
3418 471 3824 530 Hierusalem.

2157 570 2184 599 «
2213 554 2270 605 et
2301 549 2613 607 universos
2634 553 2954 627 principes,
2983 559 3040 611 et
3068 571 3280 612 omnes
3304 557 3486 614 fortes
3502 563 3825 632 exercitus,

2155 659 2182 685 ‹‹
2211 637 2418 694 decem
2436 639 2622 696 millia
2647 641 2709 696 in
2734 642 3157 715 captivitatem,
3176 649 3232 701 et
3250 662 3501 703 omnem
3528 650 3827 708 artiﬁcem

2153 749 2180 775 «
2212 732 2268 782 et
2289 727 2608 800 clusorem,
2637 730 2905 803 nihilque
2930 731 3204 789 relictum
3233 741 3344 805 est,
3377 739 3652 809 exceptis
3683 757 3835 813 pau-

2151 837 2178 863 ‹‹
2200 815 2444 886 peribus
2461 816 2666 890 populi
2683 823 2872 874 terrae.
2886 821 3203 877 Transtth
3220 837 3465 896 quoque
3487 827 3746 882 Joachin
3765 829 3826 884 in

2153 924 2180 952 «
2215 902 2604 974 Babylonem,
2637 910 2694 961 et
2719 910 2976 963 matrem
3005 908 3181 977 regis,
3215 915 3273 966 et
3302 927 3528 968 uxores
3554 915 3737 986 regis,
3771 921 3826 973 et

2153 1013 2181 1041 «
2215 993 2523 1048 eunuchos
2554 994 2706 1064 ejus,
2736 999 2794 1050 et
2813 995 3045 1066 judices
3075 1001 3244 1054 terrae
3274 999 3447 1057 duxit
3474 1003 3543 1058 in
3575 1005 3823 1076 captivi-

2152 1102 2178 1129 «
2213 1084 2392 1136 tatem
2422 1080 2498 1136 de
2522 1081 2891 1139 Hierusalem
2916 1084 2979 1140 in
3004 1085 3401 1157 Babylonem,
3428 1095 3486 1147 et
3515 1107 3730 1149 omnes
3749 1095 3823 1151 vi-

2153 1189 2178 1214 «
2208 1184 2306 1222 ros
2331 1169 2609 1227 robustos
2627 1179 2857 1245 septem
2882 1175 3088 1246 millia,
3107 1181 3164 1232 et
3183 1179 3441 1236 artiﬁces
3466 1186 3530 1237 et
3559 1183 3820 1241 clusores

2152 1277 2178 1304 «
2219 1257 2395 1327 mille,
2429 1274 2641 1315 omnes
2668 1261 2829 1317 viros
2852 1263 3032 1319 fortes
3057 1269 3114 1320 et
3142 1265 3494 1337 bellatores;
3535 1270 3816 1346 duxitque

2158 1366 2173 1392 ε
2213 1361 2315 1400 eos
2338 1362 2442 1402 rex
2465 1348 2784 1420 Babylonis
2805 1351 3075 1423 captivos
3099 1353 3159 1408 in
3184 1355 3620 1427 Babylonem.»
3651 1362 3820 1426 Quod

2151 1434 2400 1491 refertur
2447 1436 2521 1492 de
2571 1438 3143 1510 Nabuchodonosor,
3176 1444 3320 1515 quia
3349 1448 3664 1505 transtulit
3705 1466 3829 1506 om-

2153 1539 2291 1578 nem
2318 1524 2702 1592 Hierusalem,
2736 1531 2793 1583 et
2823 1529 3134 1586 universos
3169 1533 3492 1607 principes,
3519 1552 3551 1591 e
3577 1542 3595 1594 t
3619 1555 3823 1596 omnes

390 1611 568 1666 holus
599 1628 705 1684 per
748 1613 858 1669 sibi
889 1615 1122 1672 deditos
1153 1619 1329 1682 viros,
1363 1619 1442 1675 ab
1474 1637 1839 1694 unoquoque
1870 1622 2044 1692 exigit
2078 1637 2114 1689 Β
2153 1612 2332 1668 fortes
2352 1616 2644 1671 exercitus
2666 1617 2877 1673 decem
2901 1618 3088 1676 millia
3116 1620 3177 1675 in
3205 1622 3644 1694 captivitatem,
3659 1629 3820 1684 addi-

392 1700 729 1756 secundum
794 1705 945 1759 vires
1006 1721 1148 1761 suas
1202 1708 1432 1779 peccati
1479 1725 1727 1765 sensum
1792 1710 2038 1778 solvere,

391 1787 594 1860 sicque
622 1789 684 1845 in
705 1791 976 1864 nequiter
993 1794 1275 1865 praelatis,
1297 1797 1564 1869 quotidie
1591 1803 1889 1871 praeparat
1915 1815 2043 1872 per-

390 1874 680 1934 ditionem
712 1879 1011 1950 subjectis.

992 2025 1218 2080 CAPUT
1261 2027 1432 2082 XXIV.

458 2159 490 2194 ‹
516 2142 582 2196 In
611 2143 824 2200 diebus
872 2147 985 2202 illis
1039 2150 1308 2206 ascendit
1352 2151 1909 2210 Nabuchodonosor
1939 2171 2040 2210 rex

386 2247 418 2282 ‹
448 2230 788 2303 Babylonis,
815 2239 874 2290 et
902 2235 1094 2292 factus
1137 2243 1224 2293 est
1269 2239 1320 2294 ei
1359 2240 1586 2298 Joacim
1615 2257 1824 2298 servus
1850 2243 2041 2298 tribus

387 2341 415 2369 «
449 2319 642 2391 annis,
674 2327 730 2378 et
768 2339 1013 2380 rursum
1058 2327 1367 2385 rebellavit
1411 2335 1623 2387 contra
1672 2348 1830 2398 eum,
1859 2354 1886 2380 »
1927 2337 2035 2387 etc.

385 2409 534 2464 Cum
565 2416 753 2467 semet
780 2413 916 2484 quis
967 2415 1206 2472 cuilibet
1250 2433 1313 2472 se
1365 2421 1722 2492 manciparit
1744 2421 1885 2476 vitio
1915 2437 2038 2476 non

382 2495 508 2563 uni,
538 2498 644 2551 sed
672 2499 873 2555 multis
917 2502 1176 2558 dominis
1223 2505 1522 2562 obnoxius
1561 2509 1686 2563 erit.
1718 2508 1880 2563 Unde
1909 2509 2040 2564 Joa-

383 2581 500 2636 cim
525 2599 709 2654 quem
737 2585 972 2643 Pharao
994 2595 1128 2645 ante
1151 2607 1402 2648 censum
1434 2595 1547 2649 sibi
1573 2595 1802 2651 solvere
1824 2596 2035 2666 coegit,

380 2685 545 2726 nunc
588 2671 1141 2732 Nabuchodonosor
1186 2695 1289 2734 rex
1323 2681 1642 2753 Babylonis
1675 2684 1789 2739 sibi
1818 2687 2036 2743 servire

382 2752 570 2808 tribus
595 2756 769 2811 annis
789 2760 1107 2830 compellit.
1131 2763 1243 2818 Sed
1267 2752 1454 2836 quem
1483 2766 2036 2827 Nabuchodonosor

381 2839 565 2897 alium
595 2841 1000 2915 intelligimus,
1020 2850 1135 2904 nisi
1156 2851 1438 2908 eumdem
1459 2869 1641 2925 quem
1663 2857 2032 2915 Pharaonem

380 2946 509 2986 esse
557 2931 839 3003 diximus,
880 2937 1210 3011 principem
1251 2941 1520 2999 videlicet
1559 2945 1947 3019 confusionis,
1979 2955 2034 3006 et

376 3022 666 3076 rectorem
696 3022 1077 3082 tenebrarum
1107 3028 1320 3084 harum
1344 3032 1372 3087 ?
1402 3034 1553 3103 Ergo
1583 3049 1721 3089 cum
1749 3037 2032 3108 antiquus

377 3107 566 3163 hostis
586 3109 851 3182 aliquem
878 3113 990 3170 sibi
1010 3132 1257 3174 censum
1287 3121 1511 3190 peccati
1535 3123 1765 3180 solvere
1789 3107 2034 3198 persua-

375 3195 493 3258 det,
515 3213 656 3253 mox
677 3203 866 3256 totum
885 3201 948 3257 in
970 3203 1285 3262 dominum
1307 3224 1482 3264 suum
1509 3195 1874 3284 redigere,‘et
1901 3215 2028 3286 ple-

375 3299 522 3339 num
553 3287 856 3344 servitium
887 3293 1222 3364 expendere
1259 3295 1563 3353 admonet.
1593 3300 1742 3364 Quid
1771 3307 1858 3358 est
1886 3319 2028 3373 ergo

375 3373 538 3429 aliud
586 3376 773 3432 tribus
830 3381 1004 3435 annis
1062 3383 1186 3452 regi
1230 3383 1548 3456 Babylonis
1601 3404 1839 3446 servum
1897 3408 2027 3447 esse

283 3499 290 3512 .
372 3478 559 3534 quam
582 3466 880 3536 suasione,
903 3469 1312 3541 delectatione,
1335 3478 1513 3545 atque
1544 3492 1844 3534 consensu
1874 3482 2025 3536 anti-

373 3566 496 3622 quo
540 3552 695 3608 hosti
733 3555 1041 3612 subditum
1081 3557 1230 3625 ﬁeri,
1263 3564 1319 3615 et
1361 3565 1551 3618 totum
1581 3565 1641 3619 in
1673 3566 1828 3622 vitiis
1859 3569 2024 3624 dedi-

373 3643 521 3706 tum,
553 3643 730 3713 quasi
760 3644 941 3700 libere
971 3646 1049 3701 ab
1094 3662 1165 3702 eo
1195 3649 1527 3720 possideri?
1567 3653 1671 3708 sed
1702 3671 1860 3726 saepe
1892 3673 2027 3712 con-

375 3727 544 3797 tingit
576 3732 741 3802 quod
771 3733 915 3788 tales
942 3750 1048 3806 per
1069 3735 1168 3790 Dei
1198 3737 1666 3798 misericordiam
1711 3743 2020 3811 admoniti,

369 3812 656 3870 rebellare
681 3821 888 3873 contra
913 3833 1176 3891 nequam
1192 3821 1464 3893 spiritum
1487 3826 1863 3886 meditentur:
1885 3830 2022 3887 hinc

371 3905 459 3955 est
503 3904 667 3974 quod
717 3906 1023 3962 subditur:
1076 3909 1382 3966 «Rursum
1449 3913 1752 3973 rebellavit
1816 3924 2024 3978 contra

370 4003 529 4044 eum.
551 4012 578 4039 »
612 3994 725 4046 Nec
764 3997 965 4049 tamen
1005 3996 1223 4054 sufficit
1261 4000 1566 4064 rebellare,
1602 4004 1652 4061 si
1680 4020 1799 4062 non
1829 4024 2021 4080 perse-

367 4079 658 4133 veravcrit
676 4080 738 4134 in
765 4085 1105 4142 certamine.
1131 4088 1240 4151 Qui
1271 4090 1431 4145 enim
1462 4091 1539 4147 ab
1571 4095 1805 4166 antiqui
1831 4079 2020 4152 hostis

366 4171 654 4237 potestate
696 4184 757 4224 se
791 4186 1004 4228 exuere
1031 4174 1350 4245 desiderat,
1382 4194 1624 4236 necesse
1659 4189 1746 4238 est
1774 4189 1835 4239 ut
1864 4185 2020 4241 forti-

369 4256 454 4307 ter
478 4258 684 4310 contra
727 4272 864 4313 eum
912 4260 1170 4328 dimicet,
1204 4268 1262 4318 et
1307 4258 1675 4335 adjutorium
1715 4287 1751 4325 a
1780 4288 2020 4330 summa

364 4341 630 4413 potentia
654 4345 909 4401 assiduis
939 4348 1216 4420 precibus
1252 4351 1553 4425 imploret,
1583 4362 1900 4431 quatenus,
1927 4361 2015 4416 (li-

361 4429 503 4487 vina
527 4432 717 4502 gratia
737 4433 999 4506 adjutus,
1028 4437 1262 4496 hostem
1288 4441 1680 4502 fortissimum
1707 4429 2012 4520 superare,

363 4525 420 4577 et
434 4522 651 4593 jugum
681 4524 1073 4584 durissimum
1101 4531 1353 4587 evadere
1384 4540 1586 4605 queat.

427 4633 457 4661 α
478 4615 615 4669 Post
641 4615 868 4672 Joacim
896 4621 1095 4674 autem
1127 4621 1394 4691 regnavit
1417 4624 1670 4681 Joachin
1689 4625 1852 4682 ﬁlius
1882 4630 2012 4701 ejus

360 4717 392 4752 ‹
421 4716 532 4773 pro
557 4718 647 4759 eo.
674 4707 738 4760 Et
767 4705 902 4763 fecit
924 4707 1154 4764 malum
1176 4725 1381 4766 coram
1409 4712 1680 4784 Domino,
1694 4715 1866 4786 juxta
1885 4735 2010 4776 om-

361 4809 389 4836 «
421 4788 520 4842 nia
536 4806 671 4860 quae
691 4791 908 4850 fecerat
929 4801 1097 4866 pater
1120 4799 1270 4869 ejus.
1298 4803 1360 4854 In
1394 4803 1658 4874 tempore
1689 4804 1790 4861 illo
1807 4822 2010 4865 ascen-

360 4896 388 4924 «
416 4875 631 4930 derunt
659 4881 810 4934 servi
839 4883 1393 4944 Nabuchodonosor
1420 4891 1576 4962 regis
1606 4895 1926 4968 Babylonis
1947 4899 2007 4955 in

361 4983 391 5011 «
419 4961 805 5030 Hierusalem,
819 4972 876 5021 et
889 4969 1260 5030 circumdata
1280 4983 1368 5032 est
1388 4961 1532 5036 urbs
1554 4961 2006 5045 munitionibus.

361 5071 390 5100 «
421 5048 711 5120 Venitque
731 5053 1289 5116 Nabuchodonosor
1307 5079 1410 5119 rex
1432 5068 1751 5138 Babylonis
1767 5073 1844 5126 ad
1866 5074 2006 5128 civi-

361 5158 391 5187 «
415 5140 596 5193 tatem
618 5153 754 5194 cum
777 5142 960 5197 servis
977 5145 1096 5199 suis
1110 5151 1175 5202 ut
1194 5160 1783 5221 oppugnarenteam.
1810 5162 2008 5227 Egres-

359 5249 389 5277 α
419 5242 643 5297 susque
664 5231 1016 5288 estJoachin
1040 5250 1143 5290 rex
1159 5237 1188 5289 J
1196 5238 1314 5293 uda
1332 5239 1411 5294 ad
1436 5257 1640 5310 regem
1665 5245 2002 5316 Babylonis,

358 5335 386 5362 ‹‹
417 5313 566 5387 ipse,
593 5319 647 5370 et
668 5321 857 5374 mater
876 5319 1024 5390 ejus,
1043 5327 1259 5380 etservi
1287 5327 1440 5395 eius,
1459 5333 1517 5382 et
1534 5313 1834 5402 principes
1852 5335 2002 5404 ejus,

359 5425 386 5452 ‹‹
419 5407 478 5458 et
503 5405 762 5460 eunuchi
791 5407 939 5478 ejus,
965 5415 1020 5465 et
1050 5415 1314 5484 suscepit
1364 5430 1503 5468 eum
1550 5433 1653 5472 rex
1684 5420 2003 5493 Babylonis

356 5514 385 5541 «
410 5508 571 5548 anno
586 5498 798 5552 octavo
818 5500 988 5568 regni
1003 5500 1112 5556 sui.
1135 5505 1199 5556 Et
1220 5501 1466 5573 protulit
1486 5503 1625 5562 inde
1648 5523 1859 5566 omnes
1882 5517 2001 5572 the-

356 5603 385 5632 «
417 5597 627 5640 sauros
644 5583 864 5642 domus
886 5587 1138 5659 Domini,
1152 5595 1209 5647 et
1227 5589 1538 5653 thesauros
1558 5597 1779 5657 domus
1796 5605 1992 5677 regiae,

2152 1702 2238 1758 dit
2287 1704 2609 1775 Scriptura,
2662 1704 2904 1762 dicens:
2969 1729 2988 1760 ι
3014 1712 3070 1765 et
3121 1725 3368 1767 omnem
3417 1715 3712 1772 artiﬁcem
3761 1722 3817 1774 et

2151 1791 2520 1847 clusorem.»
2580 1794 2702 1850 Hoc
2759 1800 2848 1853 est
2884 1797 3052 1869 quod
3104 1815 3292 1871 supra
3347 1803 3581 1876 populo
3641 1806 3812 1862 Israel

2158 1881 2458 1937 l’hilistiim
2517 1889 2837 1953 regnantes
2879 1885 3087 1942 fecisse
3131 1895 3472 1962 narrantur,
3505 1908 3649 1950 cum
3677 1895 3813 1951 dici-

2152 1972 2244 2023 tur
2275 1972 2333 2036 (Ι
2357 1971 2500 2040 Reg.
2531 1975 2690 2037 xm):
2741 1993 2768 2022 κ
2799 1977 2976 2029 Porro
3019 1974 3190 2032 faber
3241 1977 3522 2036 ferrarius
3551 1981 3809 2038 invenie-

2149 2058 2329 2114 batur
2351 2059 2413 2114 in
2443 2061 2608 2115 omni
2661 2065 2816 2117 terra
2846 2063 3043 2120 Israel.
3075 2068 3369 2123 Caverant
3397 2071 3558 2126 enim
3607 2072 3810 2128 Philis-

2150 2146 2298 2215 tiim,
2330 2162 2405 2202 ne
2449 2147 2596 2204 forte
2648 2148 2910 2206 facerent
2953 2151 3186 2208 Hebraei
3223 2153 3514 2227 gladium,
3548 2164 3650 2214 aut
3676 2159 3804 2216 lan-

2150 2250 2390 2289 ceam.»
2421 2234 2582 2290 Sicut
2603 2236 2764 2292 enim
2791 2242 2930 2294 tunc
2967 2239 3051 2295 illi
3080 2248 3366 2300 caverant
3394 2260 3471 2300 ne
3519 2247 3800 2303 habentes

2147 2319 2350 2377 fabros
2380 2321 2653 2380 ferrarios
2681 2325 2908 2382 Hebraei
2934 2343 3106 2384 arma
3121 2329 3202 2386 ad
3225 2335 3687 2405 repugnandum
3712 2336 3796 2392 fa-

2150 2416 2366 2477 cerent,
2397 2411 2480 2467 ita
2509 2429 2670 2469 nunc
2701 2415 2981 2486 Chaldaei,
3013 2417 3316 2476 destructa
3348 2422 3717 2493 Hierusalem,
3739 2429 3792 2478 et

2147 2503 2379 2555 vastata
2431 2502 2596 2556 omni
2651 2507 2806 2560 terra
2855 2506 3353 2580 repromissionis,
3409 2515 3681 2580 satagunt
3725 2515 3788 2567 ut

2145 2587 2346 2642 nullus
2371 2588 2434 2643 in
2479 2605 2550 2644 ea
2596 2597 2906 2649 remaneat
2943 2595 3170 2659 artifex,
3201 2597 3396 2653 nullus
3442 2598 3656 2671 clusor,
3693 2599 3799 2670 qui

2147 2674 2237 2730 vel
2286 2675 2510 2733 fmdata
2556 2679 2732 2736 urbis
2787 2683 3014 2738 moenia
3055 2691 3453 2757 componeret,
3485 2688 3579 2743 vel
3608 2687 3803 2760 possit

2144 2765 2428 2822 resarcire
2444 2767 2740 2841 disrupta,
2760 2772 2905 2843 quin
2935 2774 3134 2844 potius
3155 2775 3447 2848 quidquid
3468 2779 3634 2851 apud
3656 2793 3797 2849 gen-

2145 2857 2264 2910 tem
2309 2857 2764 2916 exterminatam
2795 2863 2938 2918 artis
2985 2864 3356 2933 invenerant,
3390 2871 3582 2924 totum
3617 2868 3800 2943 Baby-

2095 2982 2106 3030 τ
2144 2944 2368 3000 Ioniam
2403 2948 2781 3020 transferunt,
2802 2955 2867 3007 ut
2891 2952 2984 3008 vel
3009 2953 3087 3009 ad
3116 2955 3370 3011 nihilum
3399 2957 3598 3014 valeat
3626 2959 3792 3028 ultra,

2145 3032 2238 3088 vel
2265 3034 2421 3090 illius
2461 3037 2710 3094 civitatis
2755 3041 3106 3099 utilitatibus
3141 3043 3434 3117 proﬁciat,
3467 3063 3606 3103 cum
3633 3049 3795 3120 juxta

2144 3119 2436 3178 deﬂendae
2484 3125 2766 3195 historiae,
2799 3130 2942 3201 quia
2996 3132 3255 3204 multum
3293 3135 3670 3205 negligentia;
3697 3153 3796 3193 no-

2141 3211 2243 3265 stri
2276 3214 2557 3284 temporis
2581 3219 2876 3291 congruit,
2899 3235 3023 3276 non
3045 3223 3261 3294 opinor
3286 3223 3638 3294 allegoriam
3667 3243 3792 3283 esse

2138 3300 2524 3358 reticendam.
2559 3307 2800 3364 Constat
2842 3324 3107 3382 namque
3149 3312 3293 3383 quia
3345 3314 3714 3371 Hierusalem
3741 3320 3796 3372 et

2140 3391 2291 3444 terra
2314 3389 2511 3460 Israel,
2540 3392 2837 3452 civitatem
2865 3399 3094 3465 Christi,
3118 3399 3179 3454 id
3195 3405 3284 3456 est
3304 3407 3577 3458 sanetam
3609 3403 3794 3460 Eccle-

2138 3476 2324 3544 siam;
2357 3479 2664 3551 Babylonii
2691 3487 2892 3542 autem
2923 3491 2980 3542 et
3011 3487 3290 3558 Chaldaei,
3309 3491 3432 3546 sive
3453 3491 3788 3562 Philisthtei,

2135 3564 2433 3622 civitatem
2459 3567 2706 3638 diaboli,
2735 3572 2797 3627 id
2828 3579 2921 3631 est
2949 3591 3193 3632 omnem
3222 3578 3646 3649 malignorum,
3672 3581 3786 3636 slve

2133 3654 2468 3724 hominum,
2493 3673 2598 3714 seu
2626 3662 2980 3730 angelorum
3020 3666 3466 3724 multitudinem
3495 3669 3782 3740 designat.

2132 3744 2437 3816 Servitque
2491 3748 2666 3804 Israel
2719 3750 3071 3810 Philisthaeis
3118 3755 3236 3811 sive
3291 3758 3603 3825 Chaldaeis,
3651 3775 3788 3815 cum

2130 3830 2337 3887 ﬁdeles
2363 3833 2589 3906 quique
2618 3837 2864 3895 nomine
2895 3845 3067 3897 tenus
3095 3843 3157 3898 in
3180 3844 3440 3902 Ecclesia
3468 3847 3791 3902 consisten-

2131 3923 2236 3989 tes,
2270 3926 2621 3980 caeterorum
2652 3925 2731 3982 ab
2758 3927 3087 3985 immundis
3112 3932 3209 3987 vel
3229 3933 3533 4005 spiritibus
3566 3935 3659 3990 vel
3687 3936 3791 3991 ho-

2130 4007 2394 4064 minibus
2450 4010 2703 4084 decepti,
2746 4020 2852 4071 aut
2897 4018 3183 4085 avaritiae,
3227 4025 3330 4076 aut
3382 4021 3653 4085 luxurias,
3688 4027 3789 4079 aut

2128 4095 2292 4153 alteri
2349 4100 2588 4158 cuilibet
2631 4109 2875 4175 peccato
2933 4107 3149 4162 mentis
3198 4109 3352 4165 colla
3396 4111 3777 4168 submittunt.

2125 4187 2381 4243 Abducit
2423 4195 2625 4246 autem
2672 4193 3228 4253 Nabuchodonosor
3274 4214 3476 4269 regem
3520 4202 3787 4257 Hierusa-

2125 4275 2243 4330 lem
2274 4283 2331 4332 et
2359 4278 2662 4336 universos
2702 4282 3003 4356 principes
3045 4285 3227 4342 fortes
3253 4290 3544 4346 exercitus
3574 4291 3784 4348 decem

2110 4365 2310 4422 .millia
2338 4366 2398 4422 in
2429 4369 2852 4440 captivitatem,
2895 4389 3033 4430 cum
3076 4379 3132 4432 et
3174 4377 3497 4448 magistros
3525 4381 3782 4454 populo-

2125 4470 2260 4509 rum
2292 4458 2349 4510 et
2373 4471 2474 4510 eos
2505 4457 2606 4529 qui
2633 4458 2962 4517 invincibili
2993 4464 3198 4522 animo
3244 4469 3494 4525 Domino
3535 4471 3778 4539 servire,

2124 4560 2193 4600 ac
2241 4545 2604 4611 Decalogum
2638 4547 2784 4618 legis
2826 4551 3077 4611 fideliter
3106 4554 3467 4613 videbantur
3490 4558 3553 4614 in
3586 4561 3683 4616 Dei
3711 4577 3780 4616 ac

2123 4634 2376 4707 proximi
2425 4652 2629 4693 amore
2682 4654 3056 4710 conservare,
3091 4645 3289 4702 subito
3330 4647 3449 4703 sive
3489 4649 3778 4706 illecebris

2122 4725 2354 4794 mundi,
2389 4741 2494 4781 seu
2533 4727 2993 4787 adversitatibus
3025 4733 3276 4802 subacti,
3311 4740 3414 4792 aut
3440 4738 3774 4808 majoribus

2121 4831 2181 4869 se
2212 4813 2576 4872 facinoribus
2601 4819 2898 4890 polluunt,
2932 4825 3034 4876 aut
3063 4827 3216 4878 certe
3260 4823 3320 4879 in
3365 4825 3642 4883 haeresim
3682 4829 3781 4884 de-

2119 4904 2419 4973 clinando,
2453 4912 2653 4979 aperte
2679 4910 2995 4981 apostasiie
3037 4917 3243 4969 notam
3268 4913 3561 4972 incidunt.
3594 4919 3775 4974 Arma

2120 5008 2260 5048 vero
2291 4995 2514 5065 quibus
2554 5003 2762 5054 contra
2799 4998 3108 5056 diabolum
3152 5011 3555 5076 repugnantes
3599 5007 3775 5064 liber-

2117 5084 2299 5135 tatem
2337 5097 2374 5137 a
2424 5086 2544 5138 Deo
2595 5086 2771 5141 nobis
2819 5087 3107 5146 donatam
3163 5090 3583 5163 defendamus,
3639 5113 3775 5170 quae

2118 5171 2255 5222 sunt
2314 5167 2430 5224 alia
2493 5171 2612 5226 nisi
2675 5173 2913 5246 eloquia
2979 5179 3457 5252 Scripturarum?
3520 5184 3581 5240 in
3642 5167 3774 5258 qui-

2115 5254 2230 5310 bus
2280 5261 2338 5312 et
2387 5257 2576 5330 ipsius
2629 5262 2862 5319 Domini
2916 5269 2971 5322 et
3021 5273 3369 5326 sanctorum
3412 5273 3541 5344 ejus
3581 5290 3776 5332 exem-

2116 5343 2247 5415 plis,
2279 5361 2402 5418 quo
2431 5347 2640 5404 ordine
2666 5349 2824 5409 bella
2852 5354 3133 5412 vitiorum
3179 5343 3454 5431 superari
3492 5362 3770 5434 debeant,

2115 5431 2244 5487 luce
2277 5434 2494 5490 clarius
2545 5437 2854 5496 discimus.
2891 5443 3005 5498 Sed
3050 5445 3366 5503 Philisthmi
3410 5449 3564 5506 ﬁlios
3595 5431 3773 5508 Israel

2115 5521 2296 5576 fabris
2340 5540 2648 5582 armorum
2708 5529 2964 5600 privant,
3025 5549 3163 5589 cum
3215 5536 3465 5608 maligni
3531 5540 3771 5613 spiritus

2115 5610 2348 5668 animos
2378 5612 2644 5674 ﬁdelium
2670 5632 2708 5674 a
2731 5619 3115 5679 meditatione
3136 5640 3322 5682 sacrae
3348 5610 3640 5701 lectionis,
3664 5648 3769 5690 sae-
