4092 6176
293 181 396 237 545

1289 179 1540 234 ENARB.
1573 176 1639 232 ΙΝ
1671 176 1922 233 LIBROS
1950 177 2208 234 REGUM.
2237 209 2303 218 —
2343 181 2410 235 IN
2453 180 2580 235 LIB.
2614 182 2700 243 ιν.

3589 192 3691 245 546

291 302 516 360 cularia
549 301 666 357 illis
698 300 938 371 negotia
965 300 1309 370 inserendo,
1360 299 1696 357 retardant:
1751 316 1826 356 ne
1854 299 1946 355 vel
1976 304 2021 356 A
2055 317 2117 357 re
2146 305 2203 357 et
2233 302 2395 358 dono
2421 302 2625 358 divino
2654 303 3006 370 abutuntur,
3060 310 3117 362 et
3144 306 3296 364 falso
3340 309 3450 366 sibi
3479 326 3706 369 nomen

287 392 401 465 ipsi
431 407 540 463 per
569 390 753 460 hujus
784 388 1129 445 exercitium
1159 388 1472 444 resistendi
1513 389 1801 444 ﬁduciam
1855 404 1948 442 su-

285 485 479 549 mant,
511 480 608 536 vel
631 479 779 535 alios
805 478 953 534 forte
983 478 1089 551 qui
1113 477 1308 548 legere
1343 479 1638 542 nesciunt,
1669 478 1746 533 ad
1777 477 1950 532 resis-

289 569 544 626 tendum
599 568 754 624 vitiis
800 566 1196 633 exhortando,
1248 572 1352 623 aut
1381 567 1756 639 corripiendo
1787 581 1950 621 acce-

291 659 461 716 dant.
494 657 726 714 Tollunt
753 656 954 713 fabros
989 673 1475 722 armorum,cum
1506 672 1608 712 eos
1646 656 1747 727 qui
1779 669 1949 710 sacra

295 747 536 821 eloquia
564 751 803 814 norunt,
858 746 1157 802 infantum
1191 745 1515 802 sceleribus
1562 745 1845 810 obruunt,
1887 745 1950 798 ut

295 837 494 893 dicere
524 836 688 892 bona
729 851 853 908 qua
902 835 1235 892 didicerant
1277 850 1522 907 prorsus
1572 832 1944 890 erubescant.

293 925 682 982 Transierunt
709 940 953 980 omnem
983 925 1272 981 artiﬁcem
1302 928 1359 980 et
1386 923 1690 979 clusorem
1717 922 1791 977 de
1821 921 1947 976 Hie—

290 1014 554 1070 rusalem
583 1013 644 1068 in
673 1013 1091 1085 Babyloniam.
1134 1015 1282 1069 Cum
1337 1028 1441 1067 eos
1495 1013 1598 1085 qui
1627 1008 1950 1066 multifaria

291 1104 579 1160 virtutum
607 1103 986 1175 operationes
1006 1103 1281 1175 pluribus
1319 1100 1628 1174 prodesse,
1657 1105 1715 1156 et
1745 1099 1948 1154 civita-

296 1197 418 1248 tem
450 1193 552 1248 Dei
591 1195 800 1248 contra
829 1192 1240 1264 corruptiones
1282 1190 1677 1246 tentationum
1714 1188 1949 1245 munire

295 1281 590 1348 solebant,
620 1296 657 1336 a
684 1281 994 1354 proposito
1037 1280 1378 1347 deflectunt,
1411 1283 1591 1351 atque
1638 1277 1948 1348 ingenium

293 1370 460 1444 quod
490 1370 726 1427 tuitioni
750 1374 970 1426 sanctae
1001 1370 1274 1427 Ecclesiae
1326 1367 1676 1441 impendere
1723 1366 1948 1422 debue-

293 1463 449 1527 rant,
483 1458 562 1515 ad
591 1458 959 1515 voluntatem
986 1459 1186 1532 potius
1215 1457 1370 1528 regis
1399 1457 1681 1513 vitiorum
1711 1454 1950 1528 dispen-

295 1564 426 1606 sare
451 1547 838 1620 compellunt.
874 1547 1046 1614 Quod
1077 1548 1124 1603 si
1153 1547 1451 1604 clusorem
1498 1546 1614 1602 hoc
1638 1545 1793 1610 loco,
1827 1558 1946 1598 non

295 1639 588 1702 ostiorum
626 1637 750 1694 sive
776 1654 1110 1705 murorum,
1145 1637 1251 1694 sed
1303 1635 1435 1693 auri
1455 1635 1654 1709 potius
1685 1647 1948 1705 gemma-
1980 1651 2021 1705 Β

293 1743 552 1800 rumque
577 1726 902 1796 intelligere
925 1726 1315 1791 voluerimus,
1349 1725 1428 1781 ad
1462 1741 1653 1780 unum
1682 1721 1950 1796 profecto

295 1818 700 1890 eumdemque
730 1815 1052 1888 spiritualis
1105 1815 1399 1888 expositio
1451 1815 1634 1870 ﬁnem
1689 1811 1948 1882 respicit.

296 1907 532 1964 Dictum
562 1907 785 1980 quippe
815 1911 906 1963 est
951 1907 1026 1963 de
1076 1905 1372 1980 sapientia
1417 1905 1562 1979 quia
1620 1919 1837 1960 aurum
1895 1905 1951 1956 et

294 1995 616 2052 multitudo
642 2011 1021 2064 gemmarum
1045 1995 1099 2050 ei
1127 2011 1251 2051 non
1277 1994 1472 2051 valeat
1489 1991 1847 2065 comparari,
1865 1993 1948 2046 at-

296 2099 416 2156 que
445 2083 580 2138 ideo
608 2082 870 2138 clusores
911 2083 1134 2138 horum
1181 2098 1305 2138 non
1349 2081 1498 2138 alios
1543 2082 1739 2154 aptius
1764 2094 1950 2152 quam

298 2173 577 2228 doctores
594 2171 918 2240 intelligere
942 2172 1233 2228 valemus.
1268 2171 1380 2237 Qui
1405 2170 1679 2243 quandiu
1699 2175 1853 2224 recte
1867 2169 1950 2222 vi-

302 2266 457 2316 vunt
483 2277 554 2315 ac
573 2261 810 2328 docent,
837 2261 898 2315 in
927 2265 1209 2316 ornatum
1240 2265 1460 2316 sanctae
1509 2258 1758 2315 civitatis
1782 2257 1950 2313 indu-

307 2348 516 2404 striam
546 2353 764 2404 sanctae
793 2349 933 2404 artis
956 2348 1332 2422 impendunt.
1365 2353 1435 2404 At
1475 2349 1524 2404 si
1552 2347 1696 2403 forte
1717 2362 1947 2402 errave-

303 2436 445 2504 rint,
479 2435 626 2508 quid
656 2436 770 2491 nisi
789 2453 826 2492 a
853 2452 993 2507 rege
1023 2436 1435 2494 Chaldaeorum
1461 2436 1674 2508 captivi
1696 2435 1948 2506 Babylo-

298 2525 468 2581 niam
490 2524 960 2582 transferuntur?
975 2529 1031 2581 et
1053 2526 1342 2598 quoniam
1351 2525 1633 2582 artiﬁcem
1648 2524 1948 2581 clusorem

299 2613 380 2669 ab
411 2613 840 2686 Hierosolymis
869 2613 1264 2684 Babyloniam
1297 2614 1848 2685 transmigrari,hoc
1863 2619 1952 2670 est

299 2701 592 2758 talentum
627 2701 786 2757 verbi
819 2701 1050 2757 caelitus
1077 2706 1394 2774 acceptum
1423 2704 1485 2758 in
1541 2708 1696 2758 terra
1725 2701 1948 2771 defodi,

297 2789 360 2845 id
385 2794 474 2846 est
499 2789 812 2845 scientiam
844 2789 1213 2862 spiritualem
1241 2790 1319 2846 ad
1351 2795 1737 2863 peccatorum
1767 2805 1952 2862 opera

297 2878 564 2934 converti
589 2878 1041 2948 intelligendum
1071 2881 1179 2942 est,
1213 2894 1544 2952 omnesque
1568 2878 1742 2944 ,‘viros
1774 2879 1951 2933 fortes

297 2972 353 3023 et
380 2966 699 3023 bellatores
727 2966 905 3024 simul
935 2967 998 3023 in
1022 2967 1428 3040 captivitatem
1457 2968 1689 3030 ductos,
1720 2968 1836 3023 hoc
1862 2970 1954 3022 est
1982 2999 2024 3055 α

301 3073 404 3113 eos
441 3056 548 3129 qui
594 3055 952 3112 videbantur
988 3055 1096 3112 viri
1124 3056 1304 3112 fortes
1334 3072 1465 3112 esse
1523 3061 1580 3112 et
1614 3056 1951 3126 bellatores,

298 3146 517 3202 astutia
545 3145 952 3216 malignorum
1003 3146 1322 3218 spirituum
1353 3145 1657 3218 deceptos,
1685 3149 1864 3217 atque
1892 3146 1953 3200 in

299 3250 602 3292 carcerem
634 3234 954 3306 spiritualis
979 3234 1328 3308 Babyloniae
1347 3234 1954 3306 captivatos,necesse

297 3327 388 3380 est
415 3328 480 3380 ut
500 3339 750 3396 operam
779 3322 994 3378 demus
1023 3327 1323 3396 quatenus
1349 3322 1660 3378 saevissimi
1687 3323 1842 3393 regis
1854 3339 1958 3395 po-

296 3418 576 3470 testatem
614 3413 969 3483 evadamus,
1000 3412 1320 3483 vigilemus
1349 3416 1408 3468 et
1441 3411 1626 3468 sobrii
1664 3413 1956 3479 simus;ti-

297 3518 536 3559 morem
565 3502 668 3557 Dei
698 3517 936 3574 semper
963 3505 1102 3557 ante
1132 3500 1340 3557 oculos
1369 3516 1690 3573 ponamus,
1713 3506 1768 3557 et
1788 3517 1956 3557 man-

301 3591 584 3648 datorum
615 3591 746 3662 ejus
777 3590 1143 3647 oblivionem
1174 3591 1423 3646 omnino
1446 3589 1957 3659 fugiamus.Cons-

303 3685 573 3738 truamus
601 3680 778 3736 nobis
824 3685 1038 3736 terram
1093 3679 1397 3736 bonorum
1451 3695 1726 3753 operum,
1759 3685 1814 3736 et
1849 3696 1956 3753 per

307 3770 634 3841 proiectum
657 3770 788 3826 vitae
813 3769 872 3824 in
893 3769 1056 3825 illam
1074 3769 1576 3839 conscendamus,
1611 3792 1638 3819 «
1670 3769 1957 3826 indutilo-

312 3858 432 3913 rica
457 3858 686 3928 justitiae
718 3864 776 3915 et
801 3858 976 3928 galea
1007 3858 1239 3929 salutis,
1271 3859 1552 3915 habentes
1604 3863 1860 3926 scutum,
1891 3858 1958 3913 ﬁ-

309 3947 422 4016 dei,
463 3954 516 4004 et
572 3948 842 4018 gladium
891 3945 1132 4020 spiritus
1189 3946 1358 4019 quod
1411 3951 1500 4003 est
1554 3947 1808 4002 verbum
1861 3947 1959 4002 Dei

301 4035 546 4106 (Ephes.
574 4039 672 4108 vi).
708 4059 736 4087 ››
770 4035 1190 4092 Custodiamus
1242 4040 1444 4107 portas
1488 4050 1781 4089 sensuum
1826 4050 1960 4089 nos-

301 4129 554 4195 trorum,
582 4141 658 4182 ne
678 4142 844 4182 mors
874 4125 1050 4182 intret
1079 4141 1187 4198 per
1216 4125 1529 4181 fenestras.
1563 4123 1738 4181 Omni
1765 4129 1960 4179 custo-

297 4213 400 4270 dia
431 4230 743 4270 servemus
773 4230 876 4270 cor
904 4219 1198 4280 nostrum,
1246 4213 1388 4286 quia
1417 4213 1544 4286 ipse
1574 4229 1647 4268 ex
1673 4212 1793 4268 vita
1820 4228 1958 4285 pro-

297 4303 478 4373 cedit,
513 4308 574 4360 et
592 4307 728 4360 ante
756 4303 961 4360 omnia
997 4319 1168 4376 spem
1200 4307 1469 4358 nostram
1493 4302 1556 4357 in
1576 4301 1734 4372 regis
1759 4301 1958 4357 cales-

296 4393 373 4448 tis
401 4392 672 4448 bonitate
696 4407 1021 4465 ponamus,
1054 4395 1322 4464 petentes
1380 4396 1446 4447 ut
1501 4391 1633 4462 ejus
1683 4391 1874 4461 gratia
1925 4407 1961 4446 a

183 4483 190 4491 '
295 4482 481 4538 malis
534 4481 820 4538 omnibus
856 4481 1198 4538 liberemur.
1235 4481 1447 4553 Sicque
1478 4480 1700 4536 erimus
1726 4496 1963 4552 semper

295 4571 609 4628 immunes
660 4569 739 4626 ab
790 4570 1064 4626 hostibus
1115 4569 1542 4643 spiritualibus,
1574 4569 1719 4642 quia
1773 4571 1960 4642 (Psal.

295 4660 470 4732 xxvi)
502 4681 531 4709 «
556 4659 845 4715 Dominus
873 4657 1156 4715 fortitudo
1181 4657 1375 4730 plebis
1405 4673 1550 4729 suae,
1582 4661 1641 4713 et
1666 4661 1964 4730 protector

299 4750 666 4807 salutarium
695 4749 904 4806 Christi
925 4749 1017 4805 sui
1031 4752 1142 4819 est,
1173 4772 1200 4797 ››
1233 4751 1336 4820 qui
1358 4747 1552 4804 salvat
1579 4763 1791 4804 omnes
1825 4763 1960 4820 spe—

298 4843 510 4895 rantes
533 4837 596 4894 in
619 4854 701 4895 se.

379 4949 410 4978 ‹‹
443 4928 624 4998 Igitur
650 4925 899 4984 Joachin
952 4925 1272 4998 captivato,
1319 4924 1623 4981 constituit
1654 4923 1963 4981 Nabucho-

303 5037 340 5071 ι
369 5016 566 5073 donor
588 5015 952 5074 Mathaniam
973 5019 1257 5088 patruum
1285 5014 1412 5084 ejus
1434 5030 1544 5086 pro
1555 5029 1646 5076 eo,
1661 5012 1965 5086 imposuit-

311 5122 344 5148 ιι
375 5117 494 5173 que
517 5119 743 5160 nomen
765 5104 894 5174 ejus
906 5102 1598 5159 Sedeciam.Vicesimum
1621 5107 1677 5158 et
1701 5101 1963 5174 primum

313 5207 347 5235 α
376 5203 599 5248 annum
651 5190 838 5247 aetatis
878 5190 1146 5247 habebat
1201 5189 1474 5246 Sedecias
1523 5205 1662 5246 cum
1712 5204 1963 5259 regnare

308 5300 342 5328 α
364 5280 659 5352 coepisset,
695 5285 753 5336 et
778 5279 1058 5336 undecim
1085 5278 1258 5337 annis
1286 5279 1554 5349 regnavit
1593 5280 1655 5334 in
1697 5280 1966 5335 Hierusa-

301 5389 334 5418 ιι
371 5369 514 5425 lem.
536 5370 817 5443 Fecitque
841 5370 1072 5427 malum
1089 5385 1292 5426 coram
1309 5369 1562 5426 Domino
1569 5369 1742 5438 juxta
1761 5367 1966 5424 omnia

299 5481 332 5509 ς(
371 5474 511 5532 quae
538 5459 676 5515 fecit
699 5460 984 5516 Joacim.»
1009 5459 1164 5525 Quid
1182 5459 1247 5515 in
1288 5457 1534 5514 Sedecia
1562 5456 1726 5513 aliud
1758 5455 1965 5512 intelli-

294 5564 449 5620 gere
475 5565 800 5623 possumus
828 5549 942 5605 nisi
969 5550 1135 5623 quod
1159 5549 1222 5607 in
1258 5548 1484 5605 Joacim
1511 5551 1646 5603 ante
1694 5546 1966 5620 prmdixi-

295 5655 472 5708 mus,
503 5639 620 5697 hoc
650 5644 739 5696 est
762 5639 955 5698 malos
979 5644 1236 5698 rectores
1254 5637 1319 5694 in
1336 5635 1734 5709 Ecclesia,qui
1755 5652 1964 5693 mune-

2052 391 2296 460 justitiaa
2327 391 2664 464 usurpant?
2707 393 3003 449 Mathania
3041 398 3242 451 autem
3290 397 3711 472 interpretatur

2062 496 2278 536 munus
2309 481 2431 537 sive
2469 483 2714 544 donum,
2759 482 3035 539 Sedecias
3073 487 3278 554 justus
3321 489 3568 554 domini,
3603 491 3707 563 qui

2057 569 2337 625 undecim
2377 570 2551 626 annis
2601 586 2888 640 regnasse
2918 571 3152 642 dicitur,
3185 576 3352 647 quod
3407 576 3706 648 signiﬁcat

2057 672 2194 713 eum
2226 662 2728 727 transgressorem
2744 659 2893 730 legis
2925 659 3106 717 fuisse
3129 680 3142 730 ;
3165 664 3532 722 undenarius
3547 667 3708 723 enim

2057 761 2344 801 numerus
2383 747 2488 818 qui
2534 747 2850 805 denarium
2904 753 3369 823 supergreditur,
3403 757 3701 814 excessio-

2057 850 2197 890 nem
2229 836 2504 905 Decalogi
2534 836 2849 907 signiﬁcat.
2905 842 3020 895 Nec
3053 840 3160 896 rite
3191 858 3296 898 rex
3345 843 3461 900 dici
3491 849 3703 917 potest,

2057 923 2163 996 qui
2189 924 2523 980 secundum
2556 926 2847 982 mandata
2877 928 3111 984 Domini
3134 930 3522 1003 semetipsum
3553 939 3609 990 et
3639 935 3710 990 si-

2056 1011 2120 1067 bi
2151 1011 2452 1083 subjectos
2483 1029 2688 1083 regere
2717 1015 2992 1072 noluerit.

2671 1159 2903 1215 CAPUT
2955 1161 3101 1216 XXV.

2131 1299 2158 1325 ‹‹
2211 1279 2455 1332 Factum
2503 1281 2590 1334 est
2634 1283 2835 1336 autem
2894 1296 3055 1337 anno
3103 1295 3266 1338 nono
3324 1287 3493 1355 regni
3544 1289 3700 1362 ejus,

2061 1385 2089 1411 ‹‹
2131 1380 2337 1420 mense
2366 1366 2620 1429 decimo,
2647 1367 2884 1424 decima
2928 1369 3023 1425 die
3048 1371 3296 1444 mensis,
3331 1374 3490 1430 venit
3516 1377 3709 1432 Nabu-

2061 1476 2088 1505 α
2131 1453 2514 1511 chodonosor
2536 1472 2640 1513 rex
2661 1457 3002 1530 Babylonis,
3024 1459 3152 1532 ipse
3185 1465 3242 1518 et
3264 1463 3461 1518 omnis
3489 1466 3709 1521 exerci-

2061 1563 2089 1588 ‹‹
2124 1546 2215 1596 tus
2245 1543 2373 1613 ejus
2403 1543 2466 1599 in
2495 1545 2882 1615 Hierusalem,
2917 1553 2975 1604 et
3003 1547 3526 1608 circumdederunt
3551 1569 3706 1625 eam,

2063 1652 2087 1677 ‹‹
2114 1634 2170 1684 et
2197 1635 2616 1689 exstruxerunt
2640 1633 2703 1690 in
2746 1635 2992 1691 circuitu
3048 1637 3176 1708 ejus
3232 1639 3612 1698 munitiones.
3646 1645 3713 1699 Et

2065 1739 2091 1764 ‹‹
2124 1717 2334 1776 clausa
2354 1724 2442 1778 est
2462 1720 2668 1777 civitas
2698 1727 2878 1795 atque
2907 1723 3148 1793 vallata,
3172 1742 3367 1800 usque
3417 1728 3495 1784 ad
3526 1729 3711 1785 unde-

2065 1827 2091 1854 «
2122 1806 2347 1863 cimiun
2379 1825 2604 1865 annum
2637 1812 2793 1882 regis
2824 1811 3101 1881 Sedeciae,
3133 1831 3297 1872 nona
3339 1817 3435 1874 die
3465 1819 3706 1877 mensis.

2065 1917 2092 1944 ‹‹
2124 1895 2557 1971 Ριιωνωυὶιᾳιιθ
2603 1899 2794 1957 fames
2849 1901 2909 1957 in
2940 1903 3192 1971 civitate,
3239 1921 3349 1962 nec
3379 1913 3505 1963 erat
3533 1909 3708 1981 panis

2064 2007 2090 2033 ι(
2127 1986 2352 2058 populo
2376 1992 2564 2044 terrae.
2592 2014 2617 2038 ››
2651 1992 3014 2048 Novenarius
3040 2009 3327 2051 numerus
3346 1997 3450 2069 qui
3488 2014 3710 2054 munus

2062 2075 2242 2130 habet
2270 2076 2517 2133 denario
2554 2079 3063 2151 imperfectionem
3109 2082 3257 2152 legis
3287 2084 3600 2156 signiﬁcat,
3631 2085 3709 2142 si-

2063 2171 2163 2220 cut
2190 2166 2559 2224 undenarius
2602 2171 3161 2240 transgressionem,
3191 2178 3249 2229 et
3289 2178 3445 2230 recte
3482 2174 3710 2232 dictum

2064 2259 2152 2309 est
2175 2255 2339 2327 quod
2370 2256 2843 2314 Nabuchonosor
2869 2259 2931 2314 in
2961 2275 3123 2316 nono
3152 2276 3314 2317 anno
3341 2263 3508 2332 regni
3539 2264 3711 2320 Sede-

2064 2344 2168 2398 cite
2193 2344 2493 2401 obsederit
2517 2347 2831 2415 civitatem,
2883 2365 3089 2406 mense
3133 2350 3366 2408 decimo
3397 2357 3453 2408 et
3476 2353 3711 2410 decima

2067 2430 2162 2486 die
2217 2433 2463 2499 mensis,
2513 2436 2654 2507 quia
2709 2437 2851 2492 mali
2899 2449 3193 2511 pastores,
3243 2456 3382 2496 cum
3433 2441 3709 2513 Decalogi

2068 2522 2354 2578 mandata
2391 2539 2528 2595 quae
2572 2524 2817 2581 scientia
2849 2531 3070 2599 tenent,
3102 2544 3281 2602 opere
3337 2533 3394 2585 et
3437 2529 3710 2588 doctrina

2066 2612 2350 2682 perﬁcere
2383 2613 2726 2683 negligunt:
2782 2631 3026 2672 necesse
3075 2621 3164 2673 est
3221 2622 3282 2674 ut
3309 2618 3549 2691 plebem
3599 2619 3712 2675 sibi

2067 2701 2451 2757 commissam
2484 2704 2768 2777 antiquus
2799 2705 2985 2761 hostis
3023 2722 3162 2762 cum
3192 2723 3300 2763 suo
3327 2709 3587 2765 exercitu
3610 2708 3714 2765 ob-

2066 2784 2294 2843 sidione
2315 2788 2661 2859 circumdet,
2693 2796 2751 2847 et
2774 2793 3105 2850 munitione
3147 2795 3384 2864 erroris,
3435 2813 3506 2853 ac
3541 2796 3712 2854 vitio-

2062 2889 2199 2929 rum
2238 2883 2597 2946 constructa,
2647 2878 2888 2937 claudat
2932 2881 3212 2938 vallaudo
3241 2883 3562 2953 civitatem,
3603 2884 3713 2941 sic-

2062 2979 2180 3036 que
2225 2965 2416 3022 fames
2471 2968 2533 3023 in
2584 2969 2816 3025 civitate
2871 2972 3212 3043 praevaleat,
3259 2971 3452 3028 fames
3503 2973 3709 3046 utique

2061 3054 2225 3110 verbi
2275 3057 2395 3124 Dei,
2424 3073 2564 3112 cum
2592 3073 2715 3112 non
2761 3059 3116 3130 expenditur
3144 3060 3327 3116 libere
3359 3061 3533 3132 panis
3561 3061 3704 3118 doc-

2062 3142 2228 3198 trinae
2253 3144 2481 3217 populo
2504 3149 2691 3200 terra.

2134 3254 2162 3282 ‹‹
2198 3235 2265 3288 Et
2293 3233 2623 3306 interrupta
2642 3237 2731 3290 est
2754 3233 3325 3310 civitas,omnesque
3341 3235 3447 3293 viri
3466 3237 3716 3294 bellato-

2065 3343 2092 3369 ‹‹
2125 3337 2220 3378 res
2268 3325 2440 3378 nocte
2486 3322 2822 3393 fugerunt.»
2845 3325 3178 3398 interrupta
3205 3325 3450 3399 quidem
3479 3343 3587 3400 per
3606 3327 3713 3384 de-

2064 3409 2463 3481 praedationes
2478 3411 2674 3468 varias
2691 3412 3092 3484 malignorum
3111 3413 3425 3487 spirituum
3442 3415 3714 3473 custodia

2065 3498 2452 3570 populorum,
2483 3499 2545 3555 hi
2583 3501 2686 3573 qui
2714 3500 3050 3558 debuerant
3075 3503 3258 3559 armis
3283 3503 3581 3561 civitatem
3613 3504 3714 3562 de-

2067 3587 2328 3656 fendere,
2371 3595 2544 3645 nocte
2573 3590 2924 3661 ignorantiae
2955 3595 3012 3647 et
3049 3591 3306 3649 tenebris
3331 3599 3716 3665 peccatorum

2068 3677 2262 3733 vallati
2293 3677 2574 3747 fugiunt?
2595 3680 2758 3752 quia,
2783 3679 3117 3736 secundum
3149 3681 3414 3739 Veritatis
3453 3700 3666 3741 vocem
3696 3702 3711 3740 :

2071 3789 2097 3814 ‹‹
2126 3767 2515 3822 Mercenarius
2547 3773 2602 3823 et
2651 3768 2754 3839 qui
2780 3784 2903 3823 non
2942 3773 3030 3824 est
3064 3774 3270 3840 pastor
3316 3771 3478 3827 videt
3501 3772 3716 3844 lupum

2069 3854 2427 3924 venientem,
2459 3860 2516 3910 et
2543 3855 2785 3911 dimittit
2820 3872 2959 3912 oves
2987 3861 3045 3912 et
3061 3857 3230 3927 fugit,
3259 3863 3316 3914 et
3355 3858 3535 3930 lupus
3563 3859 3719 3930 rapit

2068 3947 2126 3998 et
2152 3941 2437 4013 dispergit
2463 3958 2602 3998 oves
2637 3943 2832 4014 (Joan.
2865 3944 2942 4014 x);
2972 3966 3000 3994 »
3050 3949 3108 4000 et
3154 3945 3507 4018 Apostolus:
3542 3967 3571 3996 «
3606 3945 3717 4011 Qui

2068 4029 2394 4093 dormiunt,
2407 4029 2619 4104 inquit,
2645 4035 2817 4088 nocte
2841 4031 3166 4101 dormiunt,
3190 4037 3249 4090 et
3273 4034 3379 4107 qui
3404 4033 3552 4091 ebrii
3580 4038 3719 4090 sunt

2070 4123 2244 4176 nocte
2274 4118 2422 4175 ebrii
2453 4125 2594 4175 sunt
2622 4121 2680 4191 (Ι
2724 4120 2922 4177 Thess.
2953 4121 3036 4194 v).
3068 4121 3240 4183 Quod
3269 4127 3471 4180 autem
3519 4122 3717 4197 sequi-

2072 4216 2185 4281 tur,
2213 4209 2379 4282 quod
2401 4225 2508 4282 per
2530 4210 2691 4266 viam
2720 4215 2909 4284 portae
2934 4228 3071 4285 quae
3101 4216 3190 4268 est
3217 4213 3370 4271 inter
3415 4213 3718 4288 duplicem

2073 4317 2315 4356 murum
2345 4301 2420 4356 ad
2462 4301 2702 4357 hortum
2725 4302 2881 4373 regis
2911 4301 3189 4374 fugerint,
3215 4302 3466 4361 latenter
3489 4303 3720 4377 aperuit

2072 4391 2346 4447 inertiam
2389 4391 2722 4458 doctorum,
2774 4391 2896 4463 qui,
2927 4392 3078 4448 inter
3123 4393 3424 4466 duplicem
3475 4407 3718 4448 murum

2072 4481 2332 4536 duorum
2362 4483 2872 4536 Testamentorum
2922 4481 3241 4548 constituti,
3271 4498 3394 4537 non
3412 4480 3715 4550 belligare,

2072 4569 2178 4626 sed
2199 4569 2460 4640 effugere
2489 4572 2787 4642 quaerunt,
2817 4571 2875 4623 et
2902 4569 2964 4622 in
2993 4567 3218 4624 deliciis
3256 4567 3451 4636 magis
3490 4565 3721 4622 difﬂue-

2071 4674 2154 4727 re,
2217 4658 2384 4730 quod
2441 4659 2651 4714 hortus
2724 4654 3039 4727 signiﬁcat,
3097 4670 3282 4728 quam
3342 4657 3513 4710 scuto
3575 4654 3720 4712 ﬁdei

2070 4747 2346 4804 hostibus
2384 4746 2691 4802 obsistere.
2727 4768 2754 4795 «
2805 4746 3007 4817 (Porro
3056 4743 3314 4801 Chaldaei
3349 4743 3722 4802 obsistebant

2072 4858 2100 4886 ‹‹
2133 4836 2192 4890 in
2221 4834 2470 4890 circuitu
2497 4835 2814 4898 civitatem)
2839 4852 2853 4901 ;
2901 4831 3054 4902 fugit
3080 4833 3280 4904 itaque
3314 4833 3589 4892 Sedecias
3613 4849 3722 4908 per

2075 4946 2102 4974 ‹‹
2133 4923 2294 4979 viam
2323 4939 2459 4995 quae
2506 4921 2671 4977 ducit
2726 4921 2804 4978 ad
2833 4922 3194 4995 campestria
3239 4923 3598 4982 solitudinis.
3655 4927 3724 4980 Et

2074 5015 2484 5085 «persecutus
2534 5013 2628 5065 est
2676 5009 2968 5066 exercitus
3023 5010 3440 5069 Chaldaaorum
3491 5028 3718 5085 regem,

2073 5126 2100 5154 ‹‹
2133 5099 2706 5174 comprehenditque
2753 5116 2893 5156 eum
2951 5100 3013 5156 in
3068 5101 3310 5174 planitie
3355 5103 3607 5171 Iericho,
3666 5107 3724 5159 et

2075 5215 2101 5241 «
2136 5207 2348 5247 omnes
2369 5189 2686 5247 bellatores
2700 5190 2805 5262 qui
2829 5193 3157 5247 erantcum
3173 5205 3244 5247 eo
3273 5191 3530 5264 dispersi
3560 5195 3719 5263 sunt,

2075 5302 2102 5329 ‹‹
2136 5283 2193 5336 et
2220 5279 2589 5352 reliquerunt
2617 5295 2776 5348 eum,
2811 5300 2839 5328 ››
2871 5284 2927 5335 et
2953 5279 3204 5352 reliqua.
3232 5280 3500 5351 Malignis
3553 5279 3722 5352 spiri-

2073 5369 2232 5426 tibus
2262 5369 2556 5442 populum
2615 5368 3126 5426 circumdantibus
3172 5373 3365 5427 rector
3393 5368 3563 5440 fugit,
3595 5383 3720 5424 non

2074 5459 2152 5515 ad
2181 5464 2437 5528 montes,
2463 5459 2538 5515 de
2566 5458 2787 5532 quibus
2833 5455 3120 5532 scriptum
3150 5462 3242 5516 est
3269 5460 3460 5532 (Psal.
3507 5458 3662 5528 xxxv)
3699 5474 3712 5513 :

2077 5569 2105 5596 ‹‹
2135 5550 2357 5602 Montes
2393 5547 2454 5603 in
2509 5547 2755 5603 circuitu
2807 5546 2961 5617 ejus,
3017 5550 3075 5602 et
3103 5549 3389 5604 Dominus
3419 5546 3481 5602 in
3507 5543 3715 5601 circui-

2075 5638 2140 5692 tu
2179 5634 2388 5708 populi
2425 5636 2546 5692 sui:
2603 5655 2633 5690 ›
2683 5635 2792 5692 sed
2842 5635 2922 5693 ad
2965 5636 3325 5708 campestria
3378 5629 3716 5692 solitudinis
