4092 6176
401 135 504 191 ω

1500 122 1858 182 AIGELOII
1892 114 2352 179 mmmam
2374 124 2692 181 IONAGI‘I

3717 133 3827 187 648

402 257 518 316 hoc
546 260 654 325 est,
682 255 766 315 ad
792 252 1173 310 dilectionem
1222 247 1496 305 luxuriae.
1554 247 1722 305 Unde
1764 244 2055 312 scriptum
2086 246 2135 301 Α
2165 244 2336 316 plum
2364 248 2598 304 Domini
2625 252 2715 306 est
2732 249 2760 304 ?
2788 247 3080 322 quoniam
3106 249 3160 304 si
3212 248 3643 309 benedixeritis
3694 254 3827 311 eius

403 351 492 405 est
516 365 529 403 :
554 368 584 401 α
606 347 872 413 Augusta
892 345 955 397 et
976 342 1240 396 arctaest
1268 338 1367 394 via
1386 354 1527 410 quas
1554 336 1717 397 ducit
1748 335 1828 392 ad
1848 334 2052 406 vitam,

399 435 523 503 lata
542 439 601 490 et
628 432 898 505 spatiosa
922 446 1063 503 quin
1076 428 1245 485 ducit
1259 428 1340 484 ad
1353 433 1611 485 mortem
1630 426 1870 499 (Matth.
1895 425 1992 496 vn)
2003 445 2052 480 .»

401 554 471 575 ςηη
492 544 525 577 ι(
552 517 1140 593 Comprehenditque
1168 532 1310 573 eum
1338 517 1401 573 in
1440 515 1686 589 planitie
1714 514 1968 581 Jericbo,
1996 515 2056 568 et

402 635 431 671 ᾳ
452 626 667 670 omnes
693 608 1011 666 bellatores
1026 606 1137 679 qui
1177 611 1349 662 erant
1374 622 1513 662 cum
1540 621 1615 661 eo
1643 603 1898 677 dispersi
1917 605 2055 658 sunt

401 722 431 751 ‹‹
460 704 520 757 et
547 699 915 771 reliquerunt
942 711 1106 753 eum.
1142 713 1174 749 ›
1224 698 1396 752 Recte
1421 710 1569 765 ergo
1616 710 1757 757 eum
1805 692 2053 748 virtutes

400 789 712 851 hominem
741 786 1049 855 deserunt,
1080 800 1218 857 quae
1257 792 1401 840 eum
1452 784 1776 840 defendere
1826 781 2054 838 debue-

397 881 553 944 rant,
584 877 647 933 in
672 875 915 948 planitie
943 874 1175 931 Jericho
1204 873 1456 946 capitur,
1492 873 1607 929 hoc
1636 878 1728 928 est
1767 872 1825 927 in
1854 870 2052 927 defec—

400 966 561 1022 tione
606 963 863 1020 carnalis
917 978 1152 1018 sensus.
1179 961 1408 1018 lericho
1452 961 1612 1017 enim
1642 961 2056 1033 interpretatur

401 1055 569 1120 luna,
603 1058 660 1109 et
686 1051 981 1122 signiﬁcat
1004 1049 1303 1106 defectum
1332 1050 1550 1106 carnis.
1571 1050 1735 1106 Unde
1755 1049 1850 1104 ille
1870 1049 2054 1104 homo

399 1143 504 1216 qui
527 1140 895 1199 Hierusalem
912 1139 1317 1195 descendebat
1339 1138 1401 1194 in
1421 1138 1678 1205 Jericho,
1706 1138 1768 1194 in
1794 1138 2055 1193 latrones

398 1231 679 1293 incidisse
694 1228 1073 1286 describitur.

470 1342 503 1377 ις
542 1320 1009 1392 Apprehensum
1045 1332 1188 1387 ergo
1217 1332 1422 1387 regem
1449 1315 1834 1372 adduxerunt
1860 1314 1941 1371 ad
1968 1330 2056 1370 re-

400 1431 432 1462 α
460 1424 597 1480 gem
633 1406 948 1481 Babylonis
976 1408 1039 1463 in
1076 1404 1510 1478 Reblatha,qui
1532 1405 1770 1461 loeutus
1798 1409 1888 1460 est
1914 1420 2052 1459 cum

402 1520 431 1551 κ
452 1514 527 1556 eo
543 1498 859 1569 judicium,
903 1516 932 1551 »
959 1496 1074 1552 hoc
1096 1500 1191 1551 est
1230 1496 1463 1567 justum
1491 1510 1630 1550 cum
1669 1510 1743 1549 eo
1791 1493 2055 1550 exercuit

2163 338 2394 390 vestras
2422 341 2480 392 et
2509 337 2709 394 studia
2736 344 2953 401 vestra,
2999 338 3051 393 si
3079 337 3334 395 feceritis
3346 339 3650 411 judicium
3672 343 3829 407 inter

2162 423 2358 479 virum
2389 430 2447 481 et
2490 427 2836 499 proximum
2882 427 3036 497 eius,
3070 427 3344 498 advenae,
3396 433 3455 486 et
3499 429 3726 499 vidum,
3768 435 3832 489 at

2161 512 2392 584 pupillo
2420 529 2547 570 non
2576 514 2830 571 feceritis
2870 515 3263 583 calumniam,
3292 532 3409 573 nec
3456 520 3829 590 sanguinem

2159 600 2550 665 innocentum
2575 604 2901 661 eﬂ‘uderitis
2955 605 3016 661 in
3064 605 3200 661 loco
3230 606 3368 673 hoc,
3398 611 3459 664 et
3502 614 3657 681 post
3680 608 3830 666 deos

2162 689 2388 748 alienos
2416 709 2538 749 non
2584 694 3032 751 ambulaveritis
3082 695 3146 751 in
3176 695 3411 753 malum
3438 697 3830 772 vobisme

2162 778 2261 845 sis,
2295 779 2586 838 habitabo
2612 781 2927 838 vobiscum
2952 783 3013 838 in
3040 782 3173 839 loco
3193 783 3331 850 isto,
3364 785 3428 840 in
3459 789 3622 843 terra
3640 803 3830 860 quam

2162 866 2302 923 dedi
2331 870 2602 942 patribus
2647 872 2859 928 vestris
2906 888 2945 927 a
2974 873 3196 929 sieculo
3221 878 3281 929 et
3311 890 3506 948 usque
3554 877 3829 933 insimu-

2160 955 2308 1013 lum.
2357 961 2503 1015 Ecce
2559 976 2668 1016 vos
2717 960 3019 1017 conﬁditis
3078 962 3277 1018 verbis
3332 963 3393 1019 in
3445 967 3830 1023 sermonibus

2161 1046 2460 1103 mendacii
2486 1048 2590 1120 qui
2612 1065 2736 1104 non
2762 1049 3095 1122 proderunt
3150 1051 3323 1107 vobis
3366 1052 3577 1124 furari,
3602 1056 3829 1112 occide-

2160 1150 2245 1201 re,
2286 1135 2630 1206 adulterari,
2658 1138 2862 1208 jurare
2906 1139 3299 1211 mendaciter,
3349 1142 3538 1200 libare
3598 1144 3824 1201 Baetim

2162 1228 2221 1279 et
2239 1224 2323 1280 ire
2344 1231 2482 1297 post
2508 1227 2656 1283 deos
2682 1226 2909 1284 alienos
2935 1245 3091 1300 quos
3117 1229 3431 1299 ignoratis.
3468 1236 3536 1290 Et
3556 1234 3819 1299 venistis,

2161 1317 2220 1368 et
2248 1314 2487 1370 stetistis
2522 1331 2732 1371 coram
2761 1333 2860 1372 me
2889 1316 2952 1372 in
2978 1317 3169 1374 domo
3188 1319 3323 1386 hac,
3347 1320 3409 1375 in
3437 1338 3564 1393 qua
3585 1322 3821 1387 invoca-

2166 1407 2297 1458 tum
2339 1408 2431 1459 est
2474 1420 2698 1460 nomen
2747 1422 2973 1471 meum,
3004 1412 3066 1462 et
3108 1406 3388 1464 dixistis:
3439 1409 3703 1467 Liberati
3730 1428 3801 1466 su

2165 1509 2320 1563 mus,
2350 1509 2424 1549 eo
2449 1494 2616 1566 quod
2645 1494 2962 1551 fecerimus
2984 1512 3195 1553 omnes
3223 1498 3716 1557 abominationes
3744 1501 3795 1556 is

400 1607 433 1642 ι
457 1587 777 1660 judicium.
812 1585 985 1643 Filios
1031 1589 1234 1642 autem
1292 1584 1551 1642 Sedecise
1603 1583 1821 1640 occidit
1844 1600 2051 1640 coram
2083 1599 2125 1654 Β
2166 1586 2278 1638 tas.
2306 1584 2374 1638 Et
2412 1599 2578 1641 nunc
2605 1585 2752 1657 quia
2792 1584 3011 1641 fecistis
3033 1586 3239 1642 omnia
3278 1604 3487 1661 opera,
3517 1590 3656 1646 haec
3682 1589 3815 1645 diei'

401 1698 431 1727 «
462 1693 556 1743 eo,
599 1680 657 1732 et
692 1675 898 1733 oculos
922 1674 1055 1745 ejus
1110 1672 1337 1742 effodit,
1366 1673 1676 1745 vinxitquc
1698 1689 1840 1728 eum
1896 1677 2052 1728 catc-

403 1789 432 1819 «
463 1765 580 1831 nis,
606 1769 662 1821 et
691 1763 943 1821 adduxit
968 1763 1032 1819 in
1058 1762 1447 1835 Babylonem.
1493 1783 1520 1812 ››
1567 1762 1792 1819 Occidit
1821 1779 1926 1819 rex
1950 1763 2055 1817 Ba-

399 1854 642 1927 bylonis
682 1853 840 1909 ﬁlios
876 1852 1133 1909 Sedeeiaa
1162 1853 1227 1908 in
1279 1852 1567 1908 Reblatha
1614 1867 1824 1908 coram
1874 1867 1968 1916 eo,
1999 1855 2056 1907 et

398 1943 608 2000 oculos
638 1957 881 2015 quoque
911 1941 1069 1997 illius
1097 1940 1268 1997 eruit.
1327 1943 1477 1996 Dum
1533 1956 1704 1996 saera
1754 1940 2055 2012 Scriptura

404 2031 663 2091 Sedeeiaa
691 2030 1103 2103 captivitatem
1146 2034 1372 2096 narrat,
1394 2029 1670 2085 ordinem
1699 2029 2053 2102 captivitatis

398 2122 647 2179 internae
674 2120 1008 2177 denuntiat.
1040 2123 1160 2176 Rex
1186 2120 1414 2192 quippe
1444 2119 1767 2192 Babylonis
1796 2124 1886 2176 est
1907 2119 2056 2176 anti-

399 2228 558 2285 quus
624 2211 810 2268 hostis
863 2225 1178 2283 possessor
1226 2209 1449 2265 intimo
1495 2209 1894 2266 confusionis:
1952 2208 2056 2282 qui

400 2302 567 2374 prius
615 2301 771 2356 ﬁlios
812 2305 951 2357 ante
1004 2299 1289 2356 intuentis
1336 2298 1546 2355 oculos
1594 2298 1870 2364 trucidat,
1911 2299 2056 2372 quia

400 2407 565 2463 saepe
592 2390 679 2446 sic
709 2390 874 2445 bona
903 2404 1087 2461 opera
1109 2388 1402 2458 interﬁcit,
1436 2392 1502 2444 ut
1538 2389 1666 2451 hinc
1692 2404 1758 2444 se
1786 2388 2054 2445 amittere

399 2480 528 2552 ipse
580 2478 686 2549 qui
726 2482 941 2549 captus
986 2482 1077 2533 est
1139 2477 1379 2532 animus
1416 2476 1627 2532 dolens
1654 2481 1879 2533 cernat.
1905 2481 2052 2533 Nam

402 2569 588 2638 gemit
616 2565 974 2639 plermnque
1001 2565 1260 2631 animus,
1326 2570 1383 2620 et
1438 2569 1642 2622 tamen
1680 2565 1878 2622 carnis
1930 2582 2053 2621 sure

401 2652 895 2711 delectationibus
943 2652 1156 2721 victus,
1204 2652 1370 2709 bona
1420 2668 1557 2725 qum
1596 2653 1802 2722 genuit
1838 2669 2052 2711 amans

408 2743 625 2818 perdit,
668 2758 743 2801 ea
760 2756 897 2814 quae
916 2741 1141 2815 patitur
1186 2740 1415 2797 damna
1445 2741 1801 2813 considerat,
1824 2757 1949 2797 non
1978 2750 2056 2799 ta-

402 2850 544 2890 men
571 2831 806 2889 virtutis
852 2829 1171 2887 brachium
1221 2835 1430 2886 contra
1478 2845 1680 2901 regem
1732 2830 2054 2903 Babylonis

2173 1671 2495 1731 Dominus:
2546 1675 2614 1728 Et
2661 1672 2898 1729 locutus
2936 1690 3074 1730 sum
3121 1674 3200 1731 ad
3230 1692 3341 1731 vos
3366 1693 3548 1734 mane
3573 1693 3802 1741 consur

2160 1774 2331 1829 gens,
2390 1768 2449 1816 et
2475 1761 2755 1834 loquens,
2794 1768 2853 1819 et
2874 1778 3004 1819 non
3054 1762 3327 1832 audistis,
3358 1769 3420 1822 et
3446 1767 3665 1824 vocavi
3692 1783 3798 1823 vos

2160 1852 2221 1903 et
2258 1863 2381 1904 non
2411 1849 2828 1921 respondistis,
2876 1850 3101 1917 faciam
3153 1851 3367 1909 domui
3392 1853 3538 1911 huic
3592 1857 3656 1912 in
3698 1872 3799 1928 qua

2163 1936 2505 1997 invocatum
2530 1942 2624 1993 est
2641 1953 2867 1994 nomen
2912 1954 3117 1996 meum
3166 1941 3317 1997 etin
3354 1958 3480 2014 qua
3503 1958 3613 1999 vos
3641 1942 3798 1999 habe

2162 2026 2237 2081 tis
2262 2025 2570 2098 ﬁduciam,
2599 2031 2655 2083 et
2682 2026 2816 2083 loco
2844 2044 3029 2101 quem
3069 2028 3212 2085 dedi
3242 2030 3414 2087 vobis
3444 2036 3503 2088 et
3548 2032 3817 2105 patribuf

2162 2116 2398 2185 vestris,
2432 2115 2584 2172 sicut
2610 2115 2719 2172 feci
2763 2122 2824 2173 et
2857 2116 2998 2186 Silo,
3023 2122 3084 2174 et
3106 2118 3433 2191 projieiam
3458 2135 3567 2177 vos
3595 2138 3632 2177 a
3666 2119 3817 2177 facie

2163 2220 2320 2269 mea,
2345 2204 2496 2260 sicut
2513 2205 2961 2277 projeciomnes
2981 2205 3192 2263 fratres
3206 2213 3459 2279 vestros,
3470 2211 3815 2267 universum

2160 2309 2369 2349 semen
2394 2293 2678 2366 Ephraim
2711 2295 2952 2365 (Jerem.
2996 2296 3155 2367 vn)»:
3187 2297 3358 2355 Venit
3402 2298 3815 2369 Nabuzardan,

2105 2375 2115 2385 ’
2160 2382 2267 2453 qui
2285 2381 2706 2453 interpretatur
2723 2383 3148 2452 ventilabrum,
3166 2384 3291 2445 sive
3306 2386 3617 2459 prophetia
3635 2385 3806 2440 alieni

2157 2470 2388 2542 jndieii,
2415 2471 2564 2542 justi
2592 2472 2692 2527 Dei
2714 2472 2945 2543 judicio
2961 2479 3507 2548 superpeccatores,
3527 2474 3799 2547 princeps

2166 2560 2369 2632 utique
2392 2561 2687 2619 exercitus
2706 2562 2862 2631 regis
2882 2562 3204 2636 Babylonis
3218 2563 3582 2621 Hierusalem
3596 2560 3804 2619 intelli-

2161 2649 2427 2720 gibilem,
2458 2650 2851 2707 etsuecendit
2889 2651 3140 2709 domum
3191 2652 3446 2721 Domini,
3489 2669 3631 2709 cum
3659 2650 3813 2708 anti-

2158 2755 2323 2811 quus
2348 2739 2552 2808 hostis,
2576 2740 2686 2813 qui
2710 2745 2769 2797 et
2793 2756 2900 2797 rex
2918 2740 3283 2807 confusionis
3304 2747 3365 2798 et
3384 2743 3668 2815 princeps
3686 2757 3825 2799 om-

2163 2828 2332 2884 nium
2362 2828 2708 2901 iniquorum
2725 2834 2835 2897 est,
2868 2835 2993 2888 tam
3035 2831 3442 2902 malignorum
3490 2831 3830 2904 spirituum

399 2922 573 2980 levat.
617 2921 730 2979 Sed
748 2920 897 2976 dum
928 2919 1135 2976 videns
1157 2919 1436 2991 nequitia
1468 2920 1905 3019 perpetratione
1925 2936 2055 3019 per—
2081 2962 2126 3019 c
2378 2918 2561 3019 etiam
2585 2918 2913 3019 impiorum
2942 2920 3282 3019 hominum,
3586 2918 3827 3019 invadit

402 3012 637 3082 eutitur,
668 3010 745 3067 ad
775 3010 890 3066 hoe
912 3008 1287 3082 quandoque
1316 3009 1545 3082 peccati
1570 3025 1682 3065 usu
1709 3008 2055 3081 perducitur
2088 3006 2126 3019 “
2162 3006 2453 3074 ﬁdelium,
2482 3011 2544 3062 ct
2564 3006 2818 3064 domum
2848 3008 3006 3079 regis
3022 3012 3083 3066 et
3111 3009 3329 3066 domos
3346 3010 3735 3081 Hierusalem,
3753 3008 3813 3066 id

400 3105 467 3158 ut
479 3101 612 3174 ipso
640 3114 883 3174 quoque
911 3098 1158 3154 rationis
1186 3097 1414 3153 lumine
1434 3099 1720 3171 privetur.
1751 3099 1919 3159 Unde
1951 3100 2055 3155 Ba-

396 3189 641 3265 bylonis
672 3204 777 3244 rex
804 3186 1106 3244 exstinctis
1152 3187 1320 3260 prius
1366 3186 1501 3243 ﬁliis
1554 3188 1817 3251 Sedeeiie
1845 3188 2054 3245 oculos

396 3277 573 3344 eruit,
594 3275 743 3349 quia
757 3276 1059 3348 malignus
1086 3276 1326 3348 spiritus
1345 3275 1657 3349 subductis
1680 3277 1846 3348 prius
1875 3277 2053 3333 bonis

396 3364 705 3436 operibus,
727 3369 864 3434 post
909 3368 968 3418 et
994 3363 1401 3432 intelligentia
1446 3363 1653 3419 lumen
1679 3363 1846 3431 tollit,
1884 3366 2052 3437 quod

402 3456 558 3506 recte
589 3449 936 3507 Sedeciasid
952 3448 1240 3505 Reblatha
1254 3451 1494 3522 patitur.
1514 3450 1807 3507 Reblatha
1827 3452 2053 3524 quippe

400 3538 632 3594 mulcta
679 3536 810 3591 haec
848 3535 1303 3608 interpretatur:
1358 3537 1580 3592 etenim
1606 3538 1977 3610 quandoque
1998 3545 2055 3596 et

398 3625 610 3682 lumen
637 3622 886 3681 rationis
914 3622 1230 3693 clauditur,
1254 3625 1360 3697 qui
1388 3641 1581 3697 pravo
1626 3629 1690 3682 et
1727 3625 2054 3700 iniquitatis

400 3730 527 3772 sua;
552 3712 933 3771 multitudine
959 3716 1261 3784 gravatur.

474 3804 800 3865 Undecimo
828 3818 991 3862 anno
1030 3826 1063 3854 α
1117 3819 1325 3861 mense
1358 3803 1596 3878 quinto,
1658 3807 1912 3879 septima
1952 3807 2051 3866 die

396 3913 433 3949 ι
460 3893 709 3962 mensis,
730 3893 860 3966 ipse
880 3896 970 3949 est
1012 3908 1212 3949 annus
1236 3908 1434 3950 nonus
1460 3892 1734 3954 decimus
1757 3897 1914 3967 regis
1948 3899 2052 3954 Ba-

396 4004 430 4034 «
460 3981 725 4055 bylonis,
767 3981 931 4038 venit
956 3980 1351 4039 Nabuzardan
1406 3982 1692 4056 princeps
1732 3986 2048 4056 exercitus,

401 4092 432 4121 α
450 4086 666 4127 servus
694 4069 851 4139 regis
872 4069 1196 4143 Babylonis
1224 4071 1631 4141 Hierusalem;
1665 4076 1722 4130 et
1742 4076 2053 4132 succendit

394 4179 433 4215 4
452 4160 708 4217 domum
740 4159 991 4229 Domini,
1017 4163 1075 4216 et
1098 4159 1356 4217 domum
1380 4162 1561 4233 regis,
1584 4167 1643 4219 et
1665 4162 1882 4221 domos
1924 4166 2050 4222 llic-

398 4273 430 4303 «
458 4250 744 4308 rusalem.
770 4251 1145 4322 Omnemque
1170 4249 1426 4308 domum
1450 4253 1785 4310 combussit
1814 4254 1960 4326 igni,
1990 4260 2049 4313 et

392 4363 429 4394 a
456 4355 667 4398 muros
694 4338 1059 4396 Hierusalem
1090 4338 1153 4395 in
1210 4339 1463 4398 circuitu
1512 4342 1805 4399 destruxit
1826 4359 2044 4401 omnes

392 4454 427 4484 α
454 4429 747 4489 exercitus
780 4427 1229 4497 Chaldmornm,
1282 4430 1390 4502 qui
1432 4433 1561 4487 erat
1606 4446 1750 4487 cum
1778 4432 2046 4507 principe

397 4544 427 4574 «
774 4517 1089 4592 Reliquam
1118 4521 1322 4575 autem
1366 4518 1575 4592 populi
1626 4526 1859 4593 partem
1911 4540 2047 4596 quae

390 4633 428 4663 4(
456 4612 833 4669 remanserat
868 4608 932 4666 in
969 4607 1226 4676 civitate,
1261 4612 1320 4665 et
1352 4607 1639 4682 perfugas
1663 4611 1770 4684 qui
1796 4613 2050 4673 transfu-

392 4722 426 4752 α
452 4704 668 4772 gerant
695 4699 775 4755 ad
796 4713 1004 4769 regem
1033 4696 1384 4771 Babylonis,
1411 4700 1469 4754 et
1496 4697 1793 4773 reliquum
1832 4701 2048 4774 vulgus

396 4808 426 4837 ‹‹
452 4786 754 4844 transtulit
818 4786 1216 4845 Nabnzardan
1267 4787 1547 4863 princeps
1586 4790 1830 4864 militiae,
1854 4813 1890 4843 η»
1934 4799 2047 4851 etc.

394 4872 681 4942 Gongruit
727 4886 870 4941 ergo
893 4875 1182 4947 temporis
1202 4876 1359 4933 ordo
1397 4893 1537 4934 cum
1564 4880 1796 4939 ratione
1824 4881 2049 4939 vindic-

394 4965 492 5017 tae.
525 4964 720 5019 Mense
743 4960 956 5031 quinto
980 4962 1194 5034 legitur
1216 4969 1451 5022 vastata
1486 4982 1615 5022 esse
1644 4969 1873 5034 civitas,
1912 4986 2049 5040 quae

392 5049 859 5106 Pentateuchum
878 5048 1031 5120 legis
1060 5068 1297 5108 servare
1334 5053 1621 5125 despexit,
1663 5060 1720 5111 et
1770 5056 2051 5128 septima-

388 5139 492 5195 die
522 5138 766 5208 mensis,
785 5140 932 5213 quia
953 5140 1198 5205 sabbati
1232 5141 1502 5214 requiem
1544 5158 1670 5198 non
1711 5143 2046 5214 custodivit,

392 5227 677 5287 etomnia
704 5229 1001 5285 contraria
1029 5229 1345 5301 praeceptis
1380 5229 1607 5285 divinis
1654 5231 1792 5300 egit,
1830 5231 2050 5292 frustra

393 5316 507 5373 sibi
542 5316 860 5374 blandiens
882 5318 964 5373 de
994 5321 1306 5373 securitate
1348 5332 1460 5389 pro
1507 5322 1850 5379 sanctorum
1894 5321 2050 5380 loco-

392 5423 529 5464 rum
578 5407 966 5464 habitatione.
1029 5405 1193 5460 Unde
1244 5422 1354 5478 per
1405 5406 1728 5465 Jeremiam
1760 5412 2045 5471 Dominus

391 5496 561 5556 dicit:
597 5516 617 5549 ι
645 5495 831 5553 Nolite
850 5493 1152 5551 conﬁdere
1176 5495 1240 5551 in
1282 5494 1479 5553 verbis
1508 5498 2043 5574 mendacii,dieen-

384 5590 526 5647 tes:
574 5584 893 5660 Templum
942 5582 1199 5658 nomini,
1245 5585 1543 5661 templum
1591 5590 1846 5666 Domini,
1884 5598 2039 5652 tem-

2072 4315 2120 4370 Β

2158 3101 2254 3153 est
2280 3100 2539 3153 rectores
2565 3101 2625 3154 et
2643 3112 2748 3153 eos
2771 3098 2874 3171 qui
2895 3098 3259 3157 videbantur
3300 3100 3365 3156 in
3393 3099 3627 3156 visione
3649 3099 3815 3173 pacis

2162 3201 2426 3256 manere,
2438 3184 2849 3249 inﬂammatos
2866 3187 3191 3260 cupiditate
3212 3189 3521 3253 subvertit,
3544 3204 3814 3246 omnem-

2161 3292 2278 3348 que
2323 3274 2578 3333 domum
2606 3275 2940 3331 combussit
2992 3277 3139 3347 igni,
3170 3293 3309 3333 cum
3340 3278 3816 3351 uniuscujusque

2162 3364 2507 3421 conscentia
2532 3381 2642 3437 per
2665 3366 2981 3423 ﬂammam
3017 3366 3206 3427 illiciti
3248 3367 3480 3423 amoris
3507 3368 3817 3440 perturba-

2161 3454 2261 3521 vit,
2286 3458 2349 3509 et
2363 3469 2568 3509 muros
2595 3453 2961 3511 Hierusalem
2993 3456 3055 3511 in
3072 3456 3326 3517 circuitu
3347 3455 3657 3524 destruxit,
3677 3472 3817 3513 cum

2160 3544 2549 3599 intentionem
2580 3545 2869 3600 orationis
2888 3550 2950 3601 et
2970 3546 3250 3602 virtutum
3278 3545 3481 3605 studia
3514 3562 3650 3619 quae
3674 3562 3815 3602 con-

2160 3636 2253 3689 tra
2282 3647 2346 3687 se
2368 3630 2565 3687 valere
2588 3635 2771 3701 novit,
2799 3638 2866 3690 et
2916 3633 3057 3690 inde
3104 3634 3476 3706 spirantibus
3521 3633 3811 3702 dissolvit,

2158 3736 2235 3777 ne
2264 3735 2373 3793 per
2394 3735 2565 3792 spem
2593 3721 2783 3778 venim
2829 3722 2907 3778 ad
2937 3722 3146 3780 divina
3165 3727 3528 3781 succurrant
3571 3721 3815 3794 auxilia,

2159 3814 2218 3867 et
2246 3810 2634 3884 correptionis
2657 3811 2790 3868 vitae
2819 3812 3282 3885 apprehendant
3322 3812 3682 3870 munimina.
3714 3816 3821 3870 Po-

2159 3899 2492 3973 pulumque
2521 3900 2583 3956 in
2608 3901 3013 3974 captivitatem
3042 3902 3293 3971 ducens,
3337 3926 3368 3954 ‹‹
3413 3903 3490 3959 de
3530 3902 3815 3977 pauperi-

2160 4011 2190 4041 «
2219 3990 2336 4047 bus
2364 3994 2534 4046 terra;
2563 3990 2801 4064 reliquit
2838 3991 3125 4051 vinitores
3154 3996 3212 4050 et
3260 3993 3577 4064 agricolas,
3612 4016 3644 4044 ι»
3671 3992 3813 4066 quia

2159 4095 2263 4136 eos
2281 4079 2387 4152 qui
2407 4080 2582 4135 utiles
2604 4080 2797 4137 verbo
2822 4084 2884 4136 et
2911 4082 3191 4154 exemplo
3220 4098 3351 4139 esse
3377 4087 3676 4156 poterant,
3708 4098 3815 4156 per

2158 4169 2301 4226 vitia
2338 4169 2674 4241 eaptivans,
2718 4169 2912 4226 stultis
2956 4174 3019 4227 et
3056 4171 3373 4228 hebetibus
3426 4172 3820 4228 commendat

2161 4257 2609 4328 agriculturam,
2660 4263 2962 4331 quatenus
2993 4276 3116 4320 non
3145 4262 3352 4319 vinum
3403 4263 3605 4333 gratiae
3644 4261 3818 4335 spiri-

2156 4346 2359 4416 tualis,
2381 4350 2438 4403 et
2466 4345 2834 4406 frumentum
2860 4364 3027 4406 sanie
3071 4350 3357 4408 doctrinas
3408 4351 3471 4407 in
3518 4351 3713 4407 vineis
3756 4354 3820 4406 et

2157 4436 2318 4507 agris
2351 4436 2719 4510 populorum
2740 4437 3076 4511 fruetiﬁcet,
3110 4440 3217 4497 sed
3276 4441 3469 4514 spinae
3517 4441 3716 4512 magis
3754 4443 3818 4497 et

2157 4524 2356 4581 tribuli
2375 4525 2656 4584 vitiorum
2675 4531 3042 4589 exarescant.

2228 4636 2258 4664 «
2290 4612 2614 4673 Columnas
2645 4618 2846 4671 autem
2872 4630 3063 4673 areas
3103 4632 3243 4690 quas
3274 4623 3443 4674 erant
3481 4617 3544 4674 in
3582 4616 3815 4691 templo

2160 4726 2190 4754 «
2214 4702 2453 4759 Domini
2478 4706 2539 4759 et
2565 4703 2769 4769 bases,
2797 4709 2856 4762 et
2882 4720 3051 4762 mare
3102 4720 3349 4773 aereum,
3383 4706 3555 4780 quod
3592 4711 3724 4764 erat
3748 4706 3815 4762 in

2159 4815 2188 4843 «
2216 4793 2402 4849 domo
2434 4793 2668 4849 Domini
2698 4793 3120 4865 confregerunt
3149 4795 3432 4864 Chaldaei,
3460 4800 3520 4853 et
3554 4799 3816 4854 nanetu-

2161 4905 2191 4934 ‹‹
2224 4882 2444 4941 ﬂerunt
2461 4898 2640 4940 omne
2657 4900 2739 4940 res
2759 4883 2820 4940 in
2837 4883 3265 4957 Babylonem.»
3288 4885 3617 4943 Columnas
3624 4900 3815 4944 aereas

2157 4975 2216 5027 et
2244 4970 2444 5042 bases,
2475 4970 2750 5029 doctores
2789 4988 3115 5045 possumus
3154 4973 3443 5047 accipere,
3486 4974 3597 5048 qui
3628 4989 3813 5031 sono-

2157 5059 2327 5115 ritate
2350 5060 2805 5131 praedicationis
2856 5067 2914 5117 et
2966 5060 3109 5118 ﬁdei
3152 5063 3435 5121 ﬁrmitate
3472 5064 3814 5121 debuerunt

2158 5145 2308 5203 aiios
2330 5150 2685 5205 sustentare.
2737 5153 2889 5207 Mare
2919 5165 3143 5207 aereum
3171 5150 3458 5225 bapn'smi
3497 5152 3813 5210 Lavacrum

2155 5234 2252 5292 vel
2277 5237 2807 5309 compunetionem
2848 5239 3261 5314 iaerymerum
3311 5243 3629 5312 signiﬁcat.
3678 5245 3813 5299 Haec

2154 5324 2402 5398 quidem
2430 5327 2639 5384 omnia
2686 5329 2951 5387 Chaldaei
2982 5331 3321 5404 spirituales
3375 5348 3487 5406 per
3532 5332 3811 5390 inertiam

2155 5416 2580 5485 magistrorum
2605 5417 2682 5474 de
2700 5419 2885 5476 domo
2905 5420 3139 5477 auferre
3166 5422 3441 5478 nituntur
3467 5427 3526 5479 ct
3546 5421 3811 5479 confrin-

2153 5520 2310 5575 gere,
2338 5506 2423 5564 ita
2443 5512 2505 5564 ut
2531 5524 2655 5566 non
2702 5515 3013 5568 remaneat
3038 5516 3189 5569 testa
3232 5529 3371 5586 quae
3401 5514 3635 5586 possint
3664 5512 3814 5585 igni-

2153 5593 2472 5654 euinsﬁeri
2506 5597 2585 5655 de
2610 5599 2911 5658 incendio.
