4092 6176
239 195 347 248 549

1247 188 1499 243 ENARR.
1540 188 1607 242 ΠΙ
1650 183 2190 244 LIBROS
2223 217 2291 236 -ν
2319 192 2384 246 IN
2421 189 2551 247 LIB.
2586 192 2654 247 IV

3541 206 3645 262 680

291 337 318 364 ε(
361 313 524 370 Ollas
554 325 802 384 quoque
829 325 1034 381 aereas,
1067 315 1122 366 et
1147 310 1376 380 trullas,
1403 314 1460 366 et
1488 309 1795 377 tridentee,
1827 311 1885 364 et
1911 313 1959 366 Α
1992 309 2302 368 utilitatem
2333 314 2682 371 divinorum
2705 318 3094 376 conciliorum
3121 322 3345 379 discere
3372 329 3429 380 et
3475 325 3644 382 factis

223 426 250 452 «
293 401 577 473 scyphos,
611 403 668 454 et
717 398 1082 466 mortariola,
1111 406 1168 456 et
1211 416 1358 455 vasa
1397 415 1553 455 aerea
1572 399 1636 455 in
1665 397 1885 470 quibus
1993 398 2238 472 implere
2269 405 2670 474 neglexerant.
2713 410 2830 462 Hoc
2872 409 3092 466 scilicet
3120 427 3330 467 omnes
3374 435 3401 462 «
3435 415 3645 470 tollens

223 515 249 541 ‹‹
288 489 732 556 ministrabant,
768 488 1048 545 tulerunt.
1084 512 1110 538 ››
1147 488 1297 554 Quia
1327 489 1566 545 diversa
1597 486 1794 550 ofﬁcia
1825 486 1884 541 in

221 579 637 639 ecclesiasticis
669 577 979 632 ordinibus
1023 577 1097 633 de
1131 578 1234 634 Dei
1275 579 1515 634 servitio
1555 577 1886 633 auferentes

228 671 294 728 in
324 685 508 725 suum
537 681 711 723 usum
741 666 1180 738 nequissimum
1210 670 1536 723 verterunt.

297 782 325 808 α
367 763 609 815 Necnon
654 760 710 813 et
759 755 1066 812 thuribula
1119 762 1176 812 et
1203 756 1459 829 phialas,
1497 775 1524 804 ›
1566 771 1708 810 cum
1752 768 1889 808 ora~

221 850 448 906 tionem
491 861 614 918 qua
650 844 932 900 divinitas
983 845 1211 918 placari
1258 845 1470 918 potuit,
1503 849 1559 900 et
1604 843 1890 920 poculum

221 936 392 992 verbi
448 935 671 1007 quibus
719 933 865 988 lassi
920 934 1236 990 refocillari
1300 933 1653 1001 debuerant,
1704 932 1891 1003 impe-

223 1025 446 1083 diendo
466 1023 838 1094 subvertunt,
869 1043 897 1072 «
931 1039 1064 1095 quae
1088 1039 1292 1093 aurea,
1316 1038 1499 1080 aurea
1524 1040 1536 1089 ;
1558 1027 1616 1084 et
1643 1037 1778 1096 quae
1803 1036 1896 1084 ar,

227 1137 256 1164 «
299 1119 532 1185 gentea,
567 1117 853 1180 argentea
907 1111 1037 1166 tulit
1066 1111 1346 1184 princeps
1401 1108 1642 1166 militiae.
1680 1129 1708 1158 ιι
1739 1108 1895 1173 Quia

224 1209 353 1262 tam
385 1219 630 1259 sensum
658 1201 990 1274 pretiosum
1009 1217 1198 1272 quam
1227 1200 1407 1256 etiam
1433 1198 1654 1270 eloquii
1674 1213 1892 1252 venus-

226 1297 407 1349 tatem
456 1291 648 1347 hostis
702 1305 968 1361 nequam
1013 1289 1087 1343 de
1145 1289 1330 1344 domo
1392 1286 1628 1342 Domini
1659 1284 1894 1341 auferre

225 1382 467 1438 molitur
490 1386 545 1436 et
574 1397 779 1436 secum
809 1380 870 1434 in
893 1378 1314 1434 confusionem
1335 1377 1572 1432 ducere.

299 1496 325 1520 ‹‹
367 1471 518 1527 Tulit
550 1485 792 1542 quoque
822 1470 1102 1541 princeps
1141 1467 1362 1522 militia:
1410 1465 1677 1522 Saraiam
1706 1478 1896 1518 sacer-

227 1583 255 1609 «
296 1561 501 1616 dotem
531 1559 817 1631 primum,
853 1562 910 1612 et
962 1557 1334 1628 Sophoniam
1393 1553 1765 1610 sacerdotem
1798 1566 1890 1605 se-

1995 511 2023 538 ‹‹
2064 491 2456 553 Nabuzardan
2501 496 2777 568 princeps
2833 497 3089 556 militum
3119 501 3287 563 duxit
3325 502 3403 564 ad
3441 519 3645 572 regem

1997 597 2026 628 ‹
2069 579 2386 650 Babylonis
2441 582 2501 637 in
2563 583 2867 650 Reblatha,
2922 589 3334 660 percussitque
3392 606 3494 646 eos
3543 607 3647 648 rex
3700 589 3705 600 ’

1997 689 2024 715 ι(
2065 666 2408 740 Babylonis,
2437 675 2494 726 et
2521 671 2810 728 interfecit
2837 688 2939 738 eos
2964 675 3025 730 in
3058 677 3346 733 Reblatha
3401 679 3463 734 in
3493 683 3648 737 terra

1995 776 2026 803 ε(
2069 755 2339 812 Hemath.
2376 779 2404 806 ιο
2436 759 2583 821 Quia
2616 761 2899 833 antiquus
2923 763 3108 819 hostis
3134 781 3272 820 cum
3298 783 3405 839 per
3440 769 3648 841 nequi-

1999 843 2141 902 tiam
2183 861 2356 902 suam
2404 846 2580 902 talem
2629 850 2899 920 praedam
2949 851 3026 906 ab
3082 853 3338 910 Ecclesia
3391 856 3647 912 avellens

1999 932 2164 1001 tollit,
2187 933 2300 989 hoc
2333 940 2469 990 voto
2501 935 2710 1006 ambit,
2759 937 2872 992 hoc
2903 944 3025 994 toto
3057 942 3252 997 studio
3291 944 3429 1013 agit,
3476 949 3541 1001 ut
3570 946 3648 1001 ad

1999 1025 2298 1094 perpetuae
2326 1024 2532 1080 mortis
2561 1024 3028 1084 interfectionem
3047 1044 3148 1084 eos
3175 1032 3649 1102 perducat.Quos

2000 1111 2253 1182 percutit
2304 1128 2404 1166 rex
2449 1113 2818 1168 confusionis
2867 1115 2928 1170 in
2973 1117 3278 1183 Reblatlia,
3331 1121 3444 1176 hoc
3473 1122 3649 1178 estin

2000 1199 2380 1254 multitudine
2412 1201 2700 1257 scelerum
2725 1209 2780 1258 et
2812 1220 3017 1259 amore
3056 1205 3451 1278 voluptatum.
3489 1211 3649 1266 Unde

2005 1287 2302 1359 Scriptura
2347 1289 2523 1346 dicit:
2581 1310 2609 1342 ‹
2639 1293 2777 1346 Lata
2820 1297 2876 1347 et
2924 1293 3184 1365 spatiosa
3222 1296 3319 1352 via
3371 1301 3482 1363 est,
3513 1315 3649 1370 quae

2001 1376 2164 1432 ducit
2194 1377 2271 1432 ad
2323 1383 2596 1449 mortem,
2629 1385 2684 1435 et
2741 1380 2911 1436 multi
2962 1387 3100 1437 sunt
3149 1383 3255 1455 qui
3297 1384 3517 1442 intrant
3546 1403 3652 1458 per

2001 1481 2136 1520 eam
2177 1465 2412 1532 (Matth.
2439 1469 2551 1537 v11).
2589 1489 2615 1517 ιο
2644 1498 2716 1510 -
2766 1491 2793 1518 ‹‹
2838 1472 2901 1525 Et
2931 1471 3251 1527 translatus
3281 1477 3370 1528 est
3395 1475 3548 1531 Juda
3577 1478 3652 1531 de

2001 1558 2156 1624 terra
2213 1571 2343 1609 sua.
2377 1575 2406 1606 »
2440 1559 2586 1610 Cum
2639 1557 2720 1610 illi
2771 1559 2876 1629 qui
2915 1559 3350 1617 confessionem
3389 1564 3650 1619 nominis

228 1671 255 1697 ‹‹
298 1649 590 1715 cundum,
623 1651 680 1702 et
711 1651 825 1700 tres
850 1646 1165 1716 janitores;
1200 1649 1257 1700 et
1285 1643 1514 1699 civitate
1544 1639 1890 1698 eunuchum
1929 1659 1974 1713 ε
2004 1642 2104 1696 Dei
2125 1643 2188 1697 in
2234 1643 2491 1698 Ecclesia
2523 1645 2880 1702 videbantur
2903 1649 3144 1718 habere,
3177 1667 3282 1722 per
3331 1651 3555 1709 scelera
3598 1656 3654 1708 et

229 1759 256 1786 ‹‹
302 1752 512 1802 unum,
537 1736 640 1808 qui
673 1739 801 1789 erat
828 1734 1142 1806 praefectus
1161 1749 1340 1806 super
1362 1732 1518 1788 viros
1538 1730 1890 1795 bellatores;

228 1849 255 1875 «
298 1831 354 1882 et
377 1825 644 1897 quinque
663 1823 823 1878 viros
849 1823 967 1878 deh
992 1823 1040 1878 is
1068 1823 1174 1894 qui
1201 1826 1481 1878 steterant
1501 1835 1707 1876 coram
1729 1833 1888 1886 rege,

230 1937 258 1964 «
301 1931 456 1988 quos
507 1913 728 1986 reperit
783 1912 844 1967 in
893 1912 1156 1979 civitate;
1203 1916 1260 1967 et
1302 1911 1530 1983 Sopher
1558 1907 1892 1982 principem

230 2026 257 2054 ‹‹
305 2003 619 2064 exercitus,
637 2000 744 2073 qui
766 2000 1067 2073 probabat
1087 2004 1330 2072 tyrones
1349 1999 1424 2053 de
1451 1997 1676 2070 populo
1699 2001 1889 2064 terrae,

232 2116 260 2142 «
303 2097 362 2148 et
412 2091 724 2160 sexaginta
766 2091 926 2145 viros
957 2105 988 2144 e
1033 2089 1237 2158 vulgo,
1265 2087 1373 2160 qui
1403 2085 1630 2142 inventi
1660 2084 1893 2142 fuerant

233 2201 264 2234 ‹
302 2181 368 2235 in
426 2179 677 2235 civitate.
735 2180 894 2242 Quos
924 2177 1134 2233 tollens
1177 2175 1569 2232 Nabuzardan
1612 2173 1891 2246 princeps

240 2292 270 2317 «
315 2268 592 2335 militum,
621 2267 791 2321 duxit
819 2267 897 2322 ad
926 2281 1128 2335 regem
1164 2266 1484 2338 Babylonis
1510 2265 1571 2319 in
1602 2262 1890 2319 Reblatha

242 2379 270 2405 ‹‹
313 2358 722 2428 percussitque
769 2371 870 2410 eos
898 2372 1005 2410 rex
1049 2355 1363 2426 Babylonis
1393 2360 1449 2409 et
1475 2352 1796 2419 interfecit;
1829 2352 1890 2406 in

241 2466 271 2499 ‹
314 2445 603 2501 Reblatha
627 2447 686 2499 in
715 2450 869 2500 terra
902 2445 1175 2499 Hemath.
1207 2447 1272 2498 Et
1291 2444 1605 2498 translatus
1627 2447 1715 2497 est
1733 2441 1892 2498 Juda

235 2558 265 2584 κ
308 2535 385 2590 de
417 2540 574 2589 terra
604 2549 736 2588 sua.
773 2557 800 2582 »
841 2537 970 2588 Non
997 2533 1191 2588 solum
1227 2533 1387 2587 enim
1413 2532 1752 2604 populares,
1785 2529 1891 2586 sed

233 2628 291 2680 et
321 2623 503 2679 fortes
535 2628 589 2678 et
615 2623 914 2694 principes
945 2623 1007 2676 in
1038 2621 1296 2676 Ecclesia
1319 2620 1591 2676 diabolus
1616 2621 1891 2693 decipere

235 2715 291 2766 et
314 2711 580 2783 peccatis
610 2710 910 2783 captivare
939 2710 1179 2778 satagit,
1215 2709 1373 2764 unde
1404 2709 1477 2763 de
1523 2710 1658 2782 ipso
1683 2710 1744 2764 in
1783 2707 1893 2764 Job

237 2799 527 2871 scriptum
555 2803 672 2854 est:
706 2822 733 2847 «
767 2802 926 2854 Escae
949 2799 1078 2869 ejus
1110 2797 1304 2853 electae
1337 2802 1498 2852 sunt.
1533 2820 1561 2846 »
1593 2828 1662 2838 —
1693 2820 1721 2850 κ
1745 2797 1896 2852 Tulit

232 2902 480 2960 quoque
515 2887 806 2957 Saraiam,
837 2907 867 2939 »
889 2887 994 2959 qui
1023 2886 1443 2958 interpretatur
1468 2887 1723 2956 vinctus,
1747 2909 1773 2934 «
1799 2901 1895 2940 sa-

235 2977 538 3033 cerdotem
571 2978 856 3049 primum,
892 2999 919 3027 »
961 2993 1099 3032 cum
1129 2977 1392 3048 primum
1419 2975 1482 3030 in
1505 2974 1778 3031 Ecclesiae
1808 2991 1901 3030 or-
1934 3017 1974 3070 Ο

233 3066 463 3136 dinem,
493 3067 598 3138 qui
626 3066 687 3122 in
719 3065 1012 3139 episcopis
1052 3069 1158 3133 est,
1192 3081 1399 3120 amore
1429 3063 1752 3136 voluptatis
1791 3069 1900 3118 ter—
1935 3051 1975 3071 “

234 3173 416 3225 rente,
441 3160 499 3211 et
527 3155 807 3211 vitiorum
833 3160 1044 3211 catena
1082 3154 1450 3223 constringit.
1479 3154 1631 3208 Tulit
1653 3168 1898 3226 quoque

236 3245 506 3301 similiter
570 3267 597 3293 ‹‹
657 3249 712 3300 et
771 3243 1161 3316 Sophoniam,
1217 3264 1244 3292 »
1311 3242 1418 3314 qui
1482 3241 1900 3314 interpretatur

237 3335 664 3402 absconditus;
727 3355 754 3382 ι(
800 3331 1176 3388 sacerdotem
1239 3329 1600 3400 secundum,
1665 3353 1693 3379 »
1760 3347 1898 3386 cum

237 3423 489 3481 secundi
518 3422 743 3479 ordinis
777 3422 956 3483 viros,
985 3421 1100 3476 hoc
1131 3424 1219 3475 est
1246 3420 1629 3492 presbyteros
1671 3420 1776 3491 qui
1814 3425 1901 3476 ta-

239 3513 471 3569 lentum
501 3512 666 3568 verbi
701 3510 802 3566 Dei
830 3510 891 3565 in
925 3515 1080 3565 terra
1113 3508 1404 3564 fodientes
1436 3507 1898 3578 absconderant,

244 3601 303 3656 in
361 3618 542 3656 suum
571 3599 909 3656 dominium
943 3598 1189 3667 subigit;
1233 3618 1262 3650 «
1312 3602 1367 3652 et
1394 3600 1510 3652 tres
1536 3597 1843 3667 janitores,
1869 3619 1900 3647 τι

248 3690 378 3746 illos
426 3691 708 3760 janitores
752 3688 1040 3753 videlicet,
1071 3687 1176 3759 qui
1214 3686 1431 3742 ostium
1482 3686 1622 3741 ﬁdei
1671 3688 1901 3759 aperire

254 3778 601 3845 debuerant,
635 3782 692 3833 et
746 3780 1020 3832 tenentes
1068 3775 1299 3830 clavem
1349 3773 1626 3842 scientiae,
1655 3789 1764 3830 nec
1789 3775 1904 3847 ipsi

254 3866 598 3922 introierunt
621 3883 732 3922 nec
766 3865 913 3922 alios
935 3865 1176 3920 introire
1207 3864 1646 3936 permiserunt;
1683 3887 1710 3913 ‹‹
1738 3870 1796 3920 et
1826 3864 1902 3918 de

251 3954 482 4010 civitate
507 3956 848 4012 eunuchum
880 3969 1070 4009 unum
1100 3953 1205 4026 qui
1234 3958 1359 4008 erat
1382 3952 1696 4025 praefectus
1723 3969 1903 4026 super

244 4043 406 4100 viros
461 4043 800 4114 bellatores,
831 4061 862 4095 >
920 4043 1233 4097 eunuchus
1287 4040 1394 4096 iste
1454 4040 1749 4110 signiﬁcat
1800 4056 1904 4097 eos

242 4149 404 4206 quos
435 4131 576 4188 alibi
604 4133 911 4204 Scriptura
939 4146 1110 4186 sacra
1141 4152 1168 4180 ‹‹
1209 4128 1417 4185 stultas
1446 4127 1706 4198 virgines
1737 4149 1764 4177 »
1795 4142 1904 4198 ap-

241 4222 450 4296 pellat,
483 4239 618 4294 qute
649 4238 798 4277 vasa
824 4221 956 4277 oleo
980 4236 1176 4276 vacua
1204 4219 1264 4274 in
1295 4218 1576 4274 manibus
1601 4217 1906 4279 tenebant.

241 4313 621 4369 continentes
669 4311 943 4367 videlicet
995 4326 1057 4366 se
1107 4327 1143 4366 a
1202 4309 1361 4364 coitu
1418 4307 1735 4379 corporali,
1793 4320 1907 4362 nec

235 4406 454 4458 tamen
501 4400 702 4457 oleum
759 4400 960 4471 gratiae
1013 4402 1070 4455 et
1117 4396 1538 4454 misericordiae
1577 4396 1637 4451 in
1668 4400 1908 4468 pectore

242 4507 361 4547 suo
403 4491 630 4546 habere
670 4489 970 4545 volebant.
1004 4487 1115 4554 Qui
1141 4487 1364 4542 frustra
1393 4501 1570 4558 super
1598 4485 1758 4540 viros
1788 4485 1911 4541 bel-

238 4579 470 4637 latores
502 4578 959 4645 constituuntur,
975 4593 1114 4632 cum
1139 4573 1547 4644 arrogantiam
1570 4589 1909 4647 praecavere

243 4684 377 4726 non
427 4667 808 4723 meditantur.
857 4685 886 4720 ‹
931 4665 1087 4721 Tulit
1117 4669 1173 4720 et
1203 4664 1469 4736 quinque
1519 4662 1678 4718 viros
1719 4663 1792 4718 de
1817 4662 1909 4717 his

242 4757 360 4832 qui
383 4760 665 4813 steterant
693 4771 898 4811 coram
928 4771 1084 4825 rege,
1111 4776 1140 4804 ››
1163 4753 1294 4810 illos
1316 4751 1578 4825 profecto
1600 4751 1705 4822 qui
1733 4751 1911 4823 quin-

241 4862 373 4920 que
401 4845 676 4901 sensibus
701 4844 966 4917 corporis
993 4843 1286 4915 voluptati
1309 4840 1652 4906 servientes,
1671 4840 1795 4908 regi
1824 4839 1912 4894 vi-

241 4937 476 5004 tiorum
524 4951 761 5006 semper
819 4933 1197 4990 assistebant.
1260 4954 1287 4981 «
1347 4933 1413 4986 Et
1443 4930 1673 5002 Sophar
1699 4929 1916 5001 princi-

240 5042 396 5100 pem
447 5027 758 5093 exercitus,
790 5024 893 5096 qui
944 5022 1244 5096 probabat
1289 5025 1533 5093 tyrones
1581 5018 1656 5074 de
1686 5017 1914 5091 populo

243 5121 456 5184 terrae;
493 5137 520 5164 »
553 5116 790 5187 Sophar
831 5114 1250 5185 interpretatur
1295 5112 1593 5180 dissipans
1639 5109 1734 5165 vel
1763 5111 1915 5165 divi-

245 5209 422 5270 dens,
459 5206 805 5276 signiﬁcans
837 5220 939 5260 eos
969 5203 1074 5277 qui
1096 5203 1276 5258 rudes
1304 5203 1364 5258 in
1385 5200 1645 5257 Ecclesia
1665 5216 1820 5273 quos
1839 5199 1919 5257 ad

242 5297 527 5353 militiam
561 5293 772 5351 Christi
800 5294 1021 5350 nutrire
1065 5292 1418 5361 debuerant,
1460 5289 1664 5362 pravis
1715 5305 1916 5345 exem-

241 5386 366 5459 plis
397 5385 782 5458 dissipantes,
833 5401 869 5440 a
899 5387 1047 5439 caetu
1079 5382 1352 5438 ﬁdelium
1381 5397 1489 5453 per
1530 5393 1793 5434 errorem
1827 5394 1917 5434 se-

239 5479 586 5550 questrant.
623 5495 653 5528 ‹
687 5477 752 5529 Et
805 5473 1111 5543 sexaginta
1155 5473 1314 5528 viros
1365 5475 1421 5525 ct
1474 5468 1653 5537 vulgo
1702 5467 1804 5538 qui
1833 5467 1920 5521 ln-

239 5566 414 5622 venti
448 5565 686 5620 l’uerant
705 5563 766 5618 in
794 5563 1045 5618 civitate.
1082 5583 1109 5610 ››
1144 5565 1261 5617 Hoc
1295 5564 1382 5614 est
1407 5556 1616 5614 stultos
1646 5559 1918 5628 operato—

237 5670 370 5728 res,
403 5653 512 5726 qui
542 5653 752 5710 merito
781 5651 947 5723 vulgi
983 5650 1227 5709 nomine
1273 5651 1724 5719 nuncupantur,
1773 5644 1917 5716 quia

2003 1736 2246 1801 peccata
2299 1733 2647 1805 multiplicia
2698 1735 2772 1790 de
2829 1740 2982 1792 terra
3027 1737 3352 1794 viventium
3386 1741 3652 1798 translati

2003 1818 2062 1872 in
2089 1835 2341 1887 regnum
2372 1821 2738 1878 confusionis
2768 1828 2825 1880 et
2853 1825 3068 1880 erroris
3101 1827 3504 1884 abducuntur.
3530 1829 3652 1886 Sub

2003 1923 2126 1978 quo
2156 1908 2406 1980 imperio
2437 1911 2784 1984 quicunque
2822 1915 3095 1986 nequiter
3149 1917 3474 1972 servientes
3517 1935 3651 1990 per-

2004 1997 2422 2064 severaverint,
2470 2015 2580 2054 nec
2629 2001 3018 2058 merebuntur
3044 2020 3150 2076 per
3198 2007 3333 2061 Jesu
3364 2004 3650 2062 ducatum

2002 2085 2235 2154 regredi
2263 2085 2325 2140 in
2373 2091 2590 2142 terram
2629 2089 2803 2160 Juda,
2839 2092 3247 2164 templumque
3293 2095 3523 2149 Domini
3549 2095 3654 2150 ibi-

2003 2173 2142 2228 dem
2172 2175 2553 2231 reaediﬁcare.
2609 2181 2671 2232 ln
2725 2184 3031 2249 posterum
3083 2196 3347 2253 namque
3395 2198 3653 2254 praesen-

2005 2263 2077 2320 tis
2107 2262 2238 2318 vitae
2268 2264 2579 2320 tradentur
2632 2265 2692 2320 in
2723 2282 3023 2322 carcerem
3071 2269 3277 2324 mortis
3331 2276 3649 2343 perpetuae,

2003 2353 2108 2408 ubi
2140 2354 2363 2408 vermis
2420 2370 2631 2409 eorum
2679 2371 2996 2427 nunquam
3050 2357 3354 2427 morietur,
3389 2364 3442 2414 et
3495 2359 3652 2428 ignis

2004 2459 2127 2498 non
2181 2443 2606 2513 exstinguetur.
2665 2444 3137 2518 lmplebiturque
3195 2446 3278 2500 eis
3336 2445 3437 2502 illa
3495 2447 3654 2503 beati

2003 2532 2150 2587 Petri
2181 2531 2434 2604 apostoli
2459 2533 2746 2588 sententia
2779 2549 2902 2604 qua
2929 2533 3101 2590 dicit:
3143 2555 3174 2587 ‹
3207 2534 3404 2590 Melius
3429 2535 3654 2608 quippe

2003 2625 2129 2676 erat
2152 2620 2262 2676 illis
2293 2635 2416 2675 non
2447 2636 2809 2689 cognoscere
2829 2622 2990 2676 viam
3012 2623 3276 2694 justitiee,
3301 2640 3488 2696 quam
3519 2628 3658 2696 post

2004 2709 2370 2779 agnitionem
2419 2715 2744 2765 retrorsum
2788 2713 3052 2766 converti
3107 2711 3186 2767 ab
3233 2728 3304 2768 eo
3329 2711 3495 2785 quod
3539 2712 3654 2768 illis

2003 2798 2286 2854 traditum
2361 2803 2469 2865 est,
2526 2804 2736 2854 sancto
2791 2800 3078 2856 mandato
3129 2802 3221 2873 (II
3273 2802 3434 2858 Patr.
3494 2802 3575 2872 ιι).
3629 2823 3656 2851 ››

2005 2887 2176 2956 Quia,
2201 2892 2510 2943 attestante
2541 2888 2829 2944 Veritate:
2859 2912 2889 2938 -α
2919 2890 3138 2944 Servus
3167 2890 3274 2962 qui
3311 2890 3420 2946 scit
3448 2890 3658 2946 volun-

2004 2980 2185 3032 tatem
2214 2976 2446 3031 domini
2477 2977 2586 3043 sui,
2634 2981 2690 3032 et
2717 2993 2839 3032 non
2871 2976 3031 3048 facit,
3062 2979 3373 3050 vapulabit
3413 2980 3615 3034 multis
3640 2996 3652 3034 :

2005 3065 2110 3138 qui
2140 3069 2341 3122 autem
2377 3067 2584 3136 nescit,
2631 3071 2688 3121 et
2723 3081 2848 3122 non
2900 3066 3061 3130 facit,
3111 3066 3422 3138 vapulabit
3447 3068 3658 3139 paucis

2007 3157 2171 3227 (Luc.
2206 3160 2308 3223 xu)
2321 3198 2333 3210 .
2359 3177 2385 3204 »

2080 3245 2323 3317 Expleto
2349 3245 2592 3300 tandem
2625 3247 2747 3300 tam
2776 3243 3082 3300 laborioso
3111 3259 3314 3316 opere,
3343 3243 3659 3300 auxiliatur.

2011 3333 2441 3405 Omnipotentis
2469 3349 2605 3405 ope,
2636 3333 2697 3388 in
2728 3333 2886 3389 calce
2927 3332 3181 3407 supplex
3209 3334 3493 3390 lectorem
3521 3349 3658 3390 exo-

2011 3438 2076 3477 ro
2106 3427 2190 3489 ut,
2221 3423 2271 3476 si
2301 3422 2554 3491 dignum
2596 3422 2846 3478 lectione
2876 3422 2971 3477 vel
3013 3423 3468 3496 transcriptione
3519 3438 3660 3479 eum

2010 3510 2262 3577 duxerit,
2298 3511 2548 3567 Domino
2604 3511 2824 3580 gratias
2883 3515 3184 3580 gratanter
3236 3512 3467 3584 referat,
3497 3535 3526 3564 «
3558 3514 3663 3586 qui

2011 3605 2096 3656 est
2153 3605 2322 3672 pater
2374 3600 2640 3666 luminis,
2674 3618 2708 3656 a
2737 3618 2860 3672 quo
2908 3617 3088 3676 omne
3117 3602 3325 3657 datum
3365 3602 3660 3674 optimum

2011 3695 2065 3745 et
2112 3706 2289 3745 omne
2319 3690 2548 3744 donum
2582 3689 2910 3761 perfectum
2957 3689 3135 3745 datur
3163 3693 3317 3758 (Jac.
3346 3692 3421 3763 1):
3474 3713 3503 3740 »
3558 3691 3664 3764 qui

2011 3780 2113 3834 dat
2133 3778 2532 3843 abundanter,
2565 3783 2621 3832 et
2652 3793 2773 3832 non
2805 3778 3172 3850 improperat
3202 3778 3306 3850 qui
3339 3779 3484 3834 mihi
3529 3779 3664 3835 licet

2011 3868 2257 3935 indigno
2311 3882 2380 3921 ac
2424 3865 2760 3921 humillimo
2801 3867 2974 3936 juxta
3022 3865 3322 3921 solertiam
3348 3865 3661 3921 doctorum

2013 3956 2172 4011 dedit
2201 3959 2257 4009 et
2279 3970 2547 4010 amorem
2574 3958 2630 4009 et
2659 3953 2948 4010 auxilium
2985 3954 3406 4010 considerandi
3425 3953 3664 4010 mirabi-

2012 4045 2090 4100 lia
2115 4044 2189 4099 de
2213 4043 2340 4113 lege
2366 4059 2494 4098 sua.
2517 4043 2689 4108 Quod
2721 4043 2769 4098 si
2795 4059 2967 4098 secus
2994 4059 3182 4115 quam
3211 4043 3500 4116 optabam
3531 4059 3664 4100 eve-

2012 4134 2171 4189 nisse
2199 4132 2432 4204 reperit,
2469 4131 2648 4188 simul
2685 4136 2887 4189 exoret
2919 4137 2981 4188 ut
3009 4148 3158 4188 mete
3197 4132 3547 4204 ignorantiae
3592 4149 3663 4190 ac

2014 4223 2196 4278 errori
2255 4239 2291 4278 a
2349 4223 2603 4278 Domino
2651 4224 2824 4278 venia
2871 4222 3184 4292 tribuatur,
3217 4227 3274 4278 et
3325 4223 3664 4280 nullatenus

2014 4311 2422 4368 litteratoriam
2449 4311 2850 4368 urbanitatem
2879 4316 2934 4368 et
2964 4316 3343 4369 venustatem
3379 4313 3665 4386 eloquen-

2016 4403 2108 4457 tiae
2138 4401 2421 4474 requirat,
2455 4401 2559 4456 sed
2588 4402 2786 4475 potius
2825 4416 3069 4458 sensum
3121 4403 3304 4474 hujus
3345 4402 3542 4474 operis
3583 4400 3666 4455 di-

2017 4491 2266 4560 ligenter
2320 4489 2652 4562 perlustret,
2701 4490 3046 4562 praesertim.
3087 4506 3227 4545 eum
3283 4503 3406 4543 non
3453 4504 3547 4543 res
3596 4503 3666 4542 ac

2019 4595 2228 4634 sensus
2259 4582 2501 4650 propter
2525 4577 2766 4646 litteras,
2800 4576 2906 4632 sed
2953 4576 3159 4631 litterae
3207 4577 3284 4630 ad
3321 4573 3664 4629 manifesta-

2017 4668 2239 4723 tionem
2289 4682 2491 4721 rerum
2547 4670 2685 4721 sunt
2738 4668 3006 4736 repertae.
3062 4662 3246 4718 Simul
3276 4661 3454 4716 etiam
3509 4659 3668 4717 velut

2017 4756 2187 4811 ﬂexis
2207 4754 2503 4826 poplitum
2536 4753 2789 4824 genibus
2818 4766 3075 4807 cernuus
3107 4750 3414 4822 deprecor,
3445 4753 3511 4807 ut
3534 4753 3667 4806 tan-

2021 4844 2160 4899 dem
2187 4843 2463 4911 dignetur
2491 4842 2541 4896 si
2561 4840 2786 4912 aliquid
2815 4839 3077 4895 utilitatis
3099 4838 3670 4908 invenerit,devotus

2022 4946 2268 4987 exorare
2295 4928 2565 4985 divinam
2609 4928 3010 4994 clementiam,
3038 4933 3102 4985 ut
3154 4927 3290 4985 licet
3325 4929 3387 4984 in
3418 4929 3673 5002 peregri-

2022 5021 2263 5078 natione
2302 5018 2482 5089 hujus
2532 5017 2785 5074 labentis
2816 5017 3038 5086 saaculi,
3070 5034 3274 5074 veram
3313 5019 3670 5075 commisso-

2023 5127 2159 5167 rum
2185 5124 2458 5164 meorum
2487 5123 2688 5177 gerere
2710 5107 3159 5178 paenitudinem,
3201 5111 3258 5163 et
3300 5113 3438 5180 post
3467 5123 3671 5164 excur-

2026 5217 2160 5255 sum
2188 5204 2418 5271 septem
2439 5197 2692 5264 dierum,
2718 5196 2880 5252 velut
2906 5201 3042 5269 post
3078 5197 3456 5269 septuaginta
3477 5213 3671 5253 annos

2024 5289 2205 5360 hujus
2233 5285 2608 5360 captivitatis,
2641 5289 2853 5341 exutus
2880 5285 2958 5340 ab
2985 5285 3151 5341 omni
3182 5289 3471 5358 potestate
3517 5285 3672 5356 regis

2025 5377 2336 5448 Babylonii
2387 5379 2443 5432 et
2490 5375 2766 5432 servitute
2813 5373 3264 5446 eaptivantium,
3299 5375 3556 5443 valeam,
3579 5375 3673 5444 ju-

2025 5471 2201 5521 vante
2234 5466 2452 5537 Spiritu
2507 5469 2732 5533 sancto,
2773 5463 2879 5535 qui
2919 5461 3280 5535 septiformis
3325 5463 3560 5528 dicitur,
3593 5461 3672 5517 vi-

2027 5555 2258 5609 sionem
2294 5553 2486 5624 pacis,
2517 5553 2766 5608 caelestis
2795 5551 3066 5607 videlicet
3106 5551 3478 5608 Hierusalem
3507 5566 3578 5607 ac
3598 5549 3674 5604 ci-

2025 5642 2223 5698 vitatis
2269 5641 2518 5704 Domini,
2551 5642 2626 5698 de
2667 5655 2792 5712 qua
2832 5639 3080 5697 dicitur:
3126 5639 3494 5698 Hierusalem
3537 5652 3672 5710 qua
