4092 6176
438 142 536 196 δεςι
1053 89 1059 92 ’
1547 136 1910 193 ANGELOMI
1956 131 2411 192 LUXOVIENSIS
2448 136 2774 194 MONACHI
2823 98 2826 101 ’

3752 144 3859 195 552

438 263 768 320 aediﬁcatur
797 265 860 316 ut
886 260 1092 316 civitas
1117 259 1305 327 (Psal.
1343 259 1518 330 cxxr),
1545 281 1574 308 ι
1603 252 1855 330 ingredi,
1879 262 1936 314 et
1955 257 2083 313 vul-
2111 261 2158 314 Α
2194 262 2514 331 praestante
2550 259 2703 332 ipso,
2737 279 2768 313 ‹
2798 259 2860 314 in
2888 275 3011 332 quo
3059 261 3200 314 sunt
3227 274 3440 316 omnes
3469 260 3736 317 thesauri
3770 279 3862 318 sa-

440 356 569 408 tum
587 348 913 409 Conditoris
931 347 1104 417 Regis
1123 347 1308 403 nostri
1329 363 1436 419 per
1451 347 1670 404 saacula
1685 346 2092 419 contemplari,

2207 347 2441 419 pientiae
2472 352 2528 404 et
2549 348 2806 405 scientiae
2837 347 3198 405 absconditi.
3237 367 3258 400 ι
3284 355 3494 406 Amen.

441 489 3843 521 Μ

1666 635 2638 755 ANGBLOMI-

1746 820 2198 876 LUXOVIENSIS
2236 819 2548 877 MONACHI

969 958 1768 1109 ENARRATlﬂNES
1876 959 1982 1107 IN
2093 954 2547 1110 GAN'I‘ICA
2641 953 3352 1110 CANTlCilllllM.

1849 1341 2464 1430 PRZEFATIO.

1594 1490 1689 1542 AD
1733 1488 2133 1544 LOTHARIUM
2170 1486 2687 1544 IMPERATOREM.

1921 1631 2340 1650 ψ

507 1757 942 1816 Gloriosissimo
968 1759 1581 1834 praestantissimoque
1609 1761 1954 1834 imperatori
1981 1766 2084 1818 Lo-
2122 1763 2166 1816 B
2199 1761 2515 1834 diciplinas
2544 1774 2668 1815 non
2709 1760 2889 1814 nacte
2943 1759 3122 1829 atque
3176 1757 3436 1813 oraculis
3484 1758 3853 1833 eulogiisque

435 1863 637 1903 Immo
668 1863 904 1920 semper
930 1853 1219 1919 Augusto,
1243 1850 1605 1918 ANGELOMUS,
1630 1850 1872 1906 ultimus
1894 1854 2088 1908 Mona-

433 1935 708 2003 chorum,
741 1953 996 1994 exorans
1025 1937 1572 2008 exorando,exorat
1595 1939 1863 1995 nancisci
1883 1955 2086 2012 peren-

431 2037 574 2078 nem
603 2023 878 2093 gloriam.

505 2202 702 2273 Nuper
751 2202 1144 2259 excubantem
1175 2219 1271 2259 me
1325 2203 1388 2259 in
1411 2208 1606 2260 vestro
1639 2219 1809 2260 sacro
1840 2203 2086 2276 palatio,

437 2289 552 2344 sub
604 2289 873 2361 obtentu,
912 2291 1184 2365 inquam,
1217 2292 1604 2349 traditionum
1632 2292 1968 2349 liberalium
1996 2308 2086 2350 ar-

431 2376 602 2445 tium,
629 2379 1232 2453 enucleationumque
1261 2380 1604 2437 divinarum
1641 2381 1860 2437 scilicet
1899 2381 2088 2453 Scrip-

435 2471 704 2520 turarum
734 2467 981 2537 dignata
1003 2473 1091 2524 est
1108 2473 1309 2524 vestra
1332 2484 1521 2539 sagax
1547 2468 1884 2541 prudentia,
1916 2468 2088 2524 sicuti

436 2565 560 2606 non
583 2558 672 2608 est
693 2554 1032 2619 immemor.
1052 2556 1338 2611 accersire
1364 2561 1569 2612 vestrae
1601 2557 1800 2612 solerti
1829 2573 2085 2628 praesen-

434 2637 551 2706 tiae,
593 2656 954 2714 mecumque
981 2642 1202 2698 habere
1231 2644 1564 2700 oraculum.
1600 2644 1714 2701 Sed
1742 2649 1881 2718 post
1920 2644 2086 2717 spiri-

435 2727 618 2784 tualia
650 2729 905 2786 caelestis
935 2730 1067 2787 vitae
1098 2731 1418 2805 colloquia,
1449 2738 1507 2789 et
1553 2732 1840 2802 suffragia
1867 2734 2085 2790 oratio-

433 2833 583 2872 num
612 2818 837 2890 placuit
860 2819 1235 2892 imperando,
1258 2820 1382 2877 imo
1410 2819 1760 2878 intentando
1781 2823 2086 2893 [minitan-

433 2905 531 2977 do]
560 2906 878 2979 imperare,
928 2913 992 2964 ut
1044 2908 1178 2980 styli
1203 2907 1400 2965 ofﬁcio
1425 2909 1598 2980 juxta
1647 2925 1892 2966 sensum
1933 2911 2084 2967 anti-

431 3010 692 3066 quorum
710 3001 1029 3068 patrum,et
1047 2996 1442 3068 frugalitatem
1465 2997 1749 3068 ingenioli
1767 2999 1883 3054 mei
1906 3016 2086 3071 opus-

2195 1849 2540 1906 divinarum
2588 1847 3026 1919 Scripturarum
3072 1844 3353 1901 imbecilli
3418 1845 3734 1919 injungerc
3792 1849 3855 1904 li-

2194 1937 2444 2006 buisset,
2476 1953 2612 1993 cum
2645 1935 2846 2008 plures
2897 1932 3143 1990 haberet
3170 1933 3233 1989 in
3261 1935 3620 1993 monarchia
3646 1936 3852 1994 docto-

2193 2041 2289 2082 res
2317 2025 2423 2099 qui
2467 2025 2716 2081 honeste
2763 2026 2822 2078 et
2867 2021 3155 2078 catholice
3187 2025 3442 2079 tractare
3496 2024 3846 2096 potuissent.

2197 2113 2310 2171 Sed
2340 2129 2661 2170 censuram
2707 2110 2940 2182 imperii
2969 2110 3150 2166 vestri
3179 2111 3594 2184 considerans,
3642 2114 3846 2171 tacito-

2193 2218 2312 2274 que
2340 2206 2710 2276 pertractans
2754 2199 2902 2255 illud
2949 2198 3348 2272 apostolicum
3376 2217 3501 2274 quo
3557 2202 3770 2258 dicitur
3798 2204 3856 2273 (Ι

2193 2293 2358 2348 Petr.
2392 2291 2483 2362 n):
2535 2314 2564 2342 «
2589 2292 2783 2346 Estote
2814 2287 3067 2360 subjecti
3097 2289 3264 2344 omni
3309 2290 3596 2346 humanae
3618 2295 3843 2348 creatu-

2193 2394 2276 2436 ras
2303 2383 2547 2452 propter
2576 2377 2916 2445 Dominum,
2953 2376 3075 2434 sive
3121 2377 3248 2448 regi
3287 2385 3576 2450 tanquam
3606 2379 3845 2451 praecel-

2193 2467 2354 2531 lenti,
2389 2467 2508 2523 sive
2537 2466 2796 2523 ducibus
2819 2471 3109 2538 tanquam
3135 2465 3214 2522 ab
3245 2481 3314 2522 eo
3342 2465 3536 2521 missis
3559 2485 3608 2528 ι,
3637 2465 3741 2520 sed
3773 2470 3830 2520 et

2194 2556 2393 2628 potius
2448 2555 2595 2611 illud
2641 2554 3040 2622 Dominicum,
3072 2553 3174 2610 ubi
3199 2553 3534 2626 pollicetur:
3572 2571 3592 2604 ι
3626 2558 3842 2616 Amen,

2192 2644 2406 2716 inquit,
2438 2643 2576 2700 dico
2605 2643 2799 2713 vobis,
2857 2641 3149 2716 quidquid
3201 2646 3439 2697 orantes
3471 2641 3692 2714 petitis,
3723 2658 3849 2699 cre-

2193 2732 2312 2788 dite
2348 2733 2495 2806 quia
2531 2731 2852 2804 accipietis,
2887 2734 2946 2788 et
2973 2731 3073 2787 ﬁet
3096 2728 3267 2786 vobis
3297 2730 3510 2801 (Marc.
3543 2731 3626 2802 u).
3657 2752 3687 2779 »
3719 2729 3853 2785 Ani-

2194 2820 2574 2878 madvertens
2605 2836 2849 2893 quoque
2899 2819 3135 2876 interna
3179 2817 3563 2875 trutinatione
3611 2818 3849 2888 mentis,

2191 2909 2361 2981 quod
2385 2909 2510 2966 sine
2539 2915 2693 2965 nutu
2719 2908 2924 2964 divino
2952 2923 3078 2964 non
3103 2907 3252 2964 foret
3270 2906 3439 2981 quod
3465 2924 3502 2964 a
3529 2911 3700 2963 tanta
3723 2923 3850 2964 ma—

2187 2997 2398 3068 jestate
2417 2998 2833 3071 imperaretur,
2857 2997 3172 3054 temerario
3212 3012 3313 3052 ore
3357 2995 3660 3066 refragare
3686 2995 3848 3052 nullo

432 3082 633 3138 culum
664 3085 727 3140 in
752 3085 993 3142 Cantica
1013 3087 1383 3143 canticorum
1416 3085 1772 3150 Salomonis,
1796 3087 1901 3143 ubi
1922 3088 2083 3144 Chri-
2124 3112 2164 3164 ο
2193 3086 2562 3158 apologetico
2593 3085 2986 3159 anfractuque
3024 3084 3427 3142 excusationis
3467 3084 3844 3158 praesumpsi,

430 3171 501 3226 sti
519 3177 574 3228 et
589 3173 849 3230 ecclesiae
869 3176 1002 3247 conj
1011 3175 1231 3241 unctio,
1245 3175 1787 3249 allegoriarumque
1802 3177 2087 3249 mysteria

323 3261 325 3263 ’
431 3275 554 3332 prae
583 3264 805 3319 caeteris
850 3265 1067 3321 Veteris
1118 3264 1474 3320 Testamenti
1515 3272 1622 3326 τοῖς
1673 3262 1875 3337 βιϐλοῖς
1902 3266 2085 3321 conti-

429 3349 555 3404 neri
604 3351 953 3422 probantur,
999 3352 1329 3421 digererem
1360 3359 1419 3408 et
1463 3357 1529 3408 ut
1572 3353 1654 3408 ita
1678 3353 1876 3409 dicam
1907 3370 2086 3426 expo-

429 3450 571 3490 nere
613 3453 734 3492 non
791 3437 1140 3504 abnueram,
1196 3446 1376 3511 atque
1423 3443 1754 3512 praesentiae
1807 3441 2082 3497 culminis

429 3524 605 3578 vestri
630 3524 941 3582 ostendere
975 3542 1097 3582 non
1134 3527 1489 3594 omitterem,
1516 3545 1638 3601 quo
1681 3528 1931 3585 haberet
1957 3547 2083 3586 cre-

427 3611 540 3668 bro
568 3617 704 3684 post
727 3613 1178 3686 dispositionem
1203 3615 1546 3688 reipublicae
1567 3616 1956 3690 frequentata,
1981 3636 2082 3676 au-

429 3699 715 3774 ribusque
743 3701 993 3760 lectione
1012 3703 1200 3762 relata
1222 3704 1460 3762 solertia
1492 3709 1702 3778 vestra,
1736 3708 1797 3761 in
1823 3713 2082 3764 contem-

426 3788 688 3863 platione
710 3807 772 3847 se
802 3793 1122 3849 extendens
1147 3809 1183 3850 a
1211 3793 1472 3850 tumultu
1495 3810 1820 3852 causarum
1847 3795 2083 3869 imperii

429 3883 608 3952 atque
637 3881 1017 3952 potissimum
1042 3883 1116 3939 de
1142 3883 1468 3940 amissione
1513 3884 1905 3940 sanctissimae
1941 3902 2079 3942 con-

421 3967 584 4038 jugis
613 3971 729 4026 Deo
760 3975 1080 4039 annuente,
1104 3976 1169 4028 ut
1196 3972 1533 4044 credemus,
1571 3973 1821 4044 collegio
1851 3979 2081 4031 sancta-

426 4071 564 4111 rum
593 4056 836 4126 allectae,
866 4059 1125 4133 alboque
1175 4060 1558 4118 beatitudinis
1585 4062 1900 4135 inscriptae,
1940 4079 2077 4118 con-

427 4145 734 4202 solationis
755 4149 946 4218 gratia
973 4148 1231 4219 legendo
1277 4151 1562 4218 theorica,
1613 4155 1671 4206 et
1698 4151 1859 4207 velut
1884 4155 2077 4207 turtur

426 4233 742 4305 singularis
771 4238 943 4309 cujus
971 4242 1186 4295 natura
1207 4243 1314 4311 est,
1346 4244 1410 4296 ut
1429 4239 1661 4313 physici
1687 4239 1900 4306 ferunt,
1922 4239 1969 4294 si
1991 4255 2076 4296 se-

425 4323 546 4379 mel
565 4325 886 4396 conjugem
916 4342 1066 4383 casu
1092 4327 1434 4401 perdiderit,
1459 4328 1644 4384 alium
1666 4343 1786 4382 non
1816 4328 2076 4400 require-

423 4428 506 4482 re,
531 4413 638 4470 sed
679 4415 1096 4473 castimoniam
1126 4433 1373 4474 servans
1403 4416 1588 4473 vidua
1616 4415 2072 4487 quodammodo

421 4518 794 4575 permanere,
810 4505 1109 4562 solitarius
1124 4505 1544 4576 ingemiscens,
1563 4508 1740 4576 atque
1761 4504 2070 4575 paenitens:

421 4593 496 4651 de
522 4611 645 4668 quo
685 4594 747 4651 in
775 4594 990 4652 eodem
1018 4594 1171 4652 libro
1199 4594 1452 4665 legitur:
1487 4615 1516 4644 «
1547 4595 1687 4648 Vox.
1713 4593 1926 4666 inquit,
1959 4597 2075 4649 tur-

422 4683 565 4739 turis
596 4684 798 4741 audita
825 4690 916 4741 est
951 4685 1013 4740 in
1039 4689 1193 4741 terra
1219 4689 1424 4741 nostra
1469 4683 1669 4755 (Cant.
1706 4687 1766 4749 ιι)
1797 4700 1810 4750 ;
1838 4705 1864 4732 ››
1895 4681 1957 4737 id
1982 4686 2075 4738 est

422 4771 633 4827 Christi
678 4771 960 4828 dicentis:
1023 4796 1050 4822 «
1093 4772 1501 4830 Paenitentiam
1533 4772 1708 4842 agite,
1751 4771 2074 4844 appropin-

420 4856 631 4928 quabit
667 4858 825 4914 enim
876 4875 1132 4930 regnum
1184 4863 1472 4919 caelorum
1522 4861 1762 4930 (Matth.
1797 4862 1896 4932 Ill).
1948 4882 1975 4909 »
2009 4863 2075 4916 Et

419 4943 686 5015 pulchrae
713 4953 852 5003 sunt
872 4963 1041 5016 gente
1059 4952 1169 5004 tuae
1190 4956 1256 5006 ut
1275 4951 1536 5017 turturis,
1561 4950 1754 5006 imbre
1774 4949 2072 5018 lacryma-

419 5047 555 5086 rum
586 5047 878 5101 genarum
924 5036 1155 5092 rimulis
1201 5038 1436 5108 infusis,
1476 5053 1682 5110 preces
1727 5052 1835 5108 pro
1867 5035 2072 5090 vestris

421 5121 762 5177 exceSsibus
803 5129 860 5178 et
918 5124 1296 5181 absolutione
1349 5126 1635 5198 piissimae
1679 5122 2072 5194 imperatricis

418 5210 665 5265 domino
689 5211 746 5264 in
777 5211 1130 5270 abscondito
1156 5212 1404 5268 fundere
1434 5210 1790 5283 quivissetis.
1815 5211 1942 5273 Quo
1972 5226 2073 5267 au-

417 5297 559 5365 dito,
593 5299 830 5369 pondus
851 5304 1026 5356 tantae
1047 5301 1133 5356 rei
1155 5313 1578 5372 expavescens,
1611 5296 1915 5366 attonitus,
1948 5299 2071 5356 imo

419 5385 862 5458 obstupefactus
885 5387 1170 5444 admirari
1199 5387 1373 5458 coepi,
1405 5401 1511 5442 cur
1541 5385 1852 5443 clementia
1877 5393 2071 5447 vestra

419 5479 649 5530 tantum
677 5495 829 5548 opus
869 5475 1008 5532 viris
1059 5475 1239 5532 etiam
1287 5474 1698 5532 eruditissimis
1745 5476 2069 5534 formidan-

415 5562 584 5634 dum,
618 5565 762 5621 mihi
802 5563 1065 5637 indocto,
1096 5581 1428 5641 omnesque
1452 5564 1791 5624 liberalium
1842 5569 2066 5627 artium

2193 3174 2296 3231 sed
2343 3175 2536 3246 magis
2592 3179 2657 3231 ut
2701 3174 2993 3248 quiverim
3023 3173 3238 3230 divinis
3299 3173 3483 3230 fretus
3527 3173 3844 3244 suffragiis,

2191 3262 2454 3336 imperiis
2482 3263 2911 3337 imperialibus,
2945 3279 3324 3336 quamquam
3355 3261 3631 3335 pavidus,
3676 3262 3848 3319 obse-

2190 3352 2454 3408 cundare
2489 3357 2831 3409 tentassem.
2865 3352 2979 3408 Sed
2999 3368 3123 3408 non
3173 3351 3346 3407 ﬂocci
3375 3351 3648 3424 pendens
3679 3349 3845 3424 quod

2191 3441 2317 3496 sine
2345 3440 2650 3511 magniﬁci
2679 3440 2908 3496 domini
2938 3445 2996 3496 et
3022 3440 3258 3497 abbatis
3288 3440 3406 3496 mei
3452 3439 3672 3496 scilicet
3706 3440 3846 3496 Dro-

2190 3529 2362 3599 gonis
2392 3529 2589 3602 patrui
2616 3529 2794 3585 vestri
2849 3529 3300 3598 assertionibus,
3331 3529 3671 3601 pariterque
3713 3528 3845 3599 jus-

2191 3617 2460 3673 sionibus
2511 3633 2586 3673 ne
2636 3618 2974 3688 regularem
3049 3617 3333 3674 excedere
3385 3617 3614 3672 viderer
3637 3614 3846 3672 \disci-

2187 3705 2438 3779 plinam,
2468 3710 2526 3762 et
2575 3705 2798 3780 stylum
2847 3705 3146 3779 appellere
3214 3706 3294 3762 ad
3321 3703 3695 3762 exarandum
3744 3703 3849 3760 de-

2186 3793 2478 3863 buissem,
2507 3810 2630 3852 non
2661 3795 2856 3852 solum
2882 3793 3049 3868 quod
3074 3794 3266 3852 Caroli
3291 3793 3487 3864 Magni
3523 3793 3848 3866 imperato-

2187 3883 2268 3939 ris
2332 3883 2513 3949 ﬁlius,
2580 3889 2760 3956 auus
2821 3883 3001 3940 frater
3058 3882 3416 3939 sanctissimi
3473 3887 3531 3938 et
3592 3881 3846 3955 piissimi

2187 3973 2470 4043 genitoris
2518 3972 2694 4029 vestri
2747 3971 3029 4028 Ludovici
3083 3971 3348 4039 Caesaris,
3387 3970 3494 4027 sed
3524 3971 3630 4043 qui
3683 3985 3840 4026 sum-

2185 4077 2324 4117 mus
2385 4065 2513 4118 erat
2575 4060 2843 4134 pontifex
2904 4065 3086 4133 atque
3161 4059 3354 4117 abbas
3443 4074 3617 4115 meus
3681 4074 3841 4130 egre-

2187 4150 2339 4220 gius.
2372 4152 2641 4222 Cumque
2681 4149 2866 4206 sacris
2895 4150 3027 4221 ejus
3058 4148 3306 4206 auribus
3354 4147 3736 4220 suggerendo
3763 4147 3851 4203 in-

2184 4237 2475 4306 tulissem,
2509 4241 2566 4294 et
2583 4237 2858 4294 ordinem
2886 4238 2972 4294 rei
3001 4238 3394 4307 iudicassem,
3419 4252 3541 4309 quo
3572 4237 3848 4306 auribus,

2181 4327 2398 4382 hausto
2427 4341 2550 4381 non
2582 4325 2779 4382 solum
2815 4327 3030 4396 renuit,
3063 4341 3271 4382 verum
3293 4330 3358 4382 ut
3381 4330 3472 4381 est
3492 4325 3851 4381 mitissimus

2181 4418 2239 4470 et
2266 4413 2610 4483 affabilitate
2643 4414 2974 4482 suadibilis,
3007 4414 3373 4484 benignitate
3425 4411 3853 4486 praestantissi-

2180 4519 2338 4571 mus,
2370 4507 2427 4558 et
2473 4503 2555 4559 ad
2604 4519 2785 4560 omne
2842 4503 3078 4560 bonum
3126 4503 3623 4572 ferventissimus,
3685 4517 3851 4559 mere

2181 4608 2304 4648 suae
2361 4591 2663 4649 modestiae
2692 4608 2816 4649 non
2846 4597 3082 4650 tantum
3113 4592 3373 4664 ingenue
3421 4591 3615 4647 libera
3647 4595 3855 4647 aucto-

2181 4680 2348 4738 ritate
2398 4681 2736 4754 imperavit,
2770 4681 2875 4737 sed
2906 4681 3132 4737 blanda
3189 4679 3612 4753 tranquillitate
3641 4683 3699 4736 et
3745 4679 3851 4752 pio

2181 4769 2388 4836 aifatu,
2421 4774 2486 4826 ut
2516 4770 2827 4840 angustale
2857 4785 3034 4842 opus,
3067 4773 3124 4826 et
3151 4768 3458 4842 spirituale
3487 4767 3676 4824 decus
3705 4783 3855 4842 quo-

2180 4860 2364 4916 modo
2394 4859 2724 4932 quivissem
2754 4857 3002 4930 aggredi
3026 4874 3150 4914 non
3175 4856 3732 4923 abnuissem.Quod
3749 4872 3857 4913 au-

2181 4948 2373 5020 diens,
2391 4949 2473 5004 sic
2502 4949 2632 5020 jam
2653 4948 2898 5005 tandem
2928 4949 2979 5018 ej
2991 4965 3058 5003 us
3081 4946 3597 5004 exhortationibus
3618 4945 3855 5002 anima-

2182 5035 3608 5108 tus,vestris,almiﬁcis,aﬂ‘aminibus,sanctisque
3626 5034 3856 5106 jussio-

2181 5123 2361 5178 nibus
2379 5124 2629 5178 adactus
2653 5125 3156 5198 potissimumque
3175 5125 3388 5180 divinis
3411 5123 3646 5180 auxiliis
3665 5123 3854 5179 fretus

2182 5215 2650 5284 sanctorumque
2693 5213 3010 5270 doctorum
3055 5213 3429 5270 orationibus
3479 5216 3855 5285 provocatus

2180 5300 2407 5372 quod,o
2423 5300 2768 5359 doctissime
2794 5303 3072 5377 princeps
3099 5302 3160 5358 in
3185 5302 3503 5359 doctorum
3519 5317 3707 5374 penes
3736 5316 3856 5357 nos

2181 5395 2525 5446 sanctorum
2557 5391 2813 5462 sparsim
2843 5391 3109 5448 invenire
3160 5396 3390 5464 potero,
3424 5390 3760 5463 praesertim
3787 5389 3855 5445 in

2177 5477 2504 5534 beatissimi
2519 5483 2693 5554 Papae
2716 5480 3274 5550 GregoriiRomana:
3297 5479 3530 5536 decoris
3559 5478 3858 5552 eloquen-

2179 5566 2269 5622 tiae
2303 5566 2494 5637 dictis,
2526 5569 2672 5640 quia
2700 5585 2737 5626 ι
2787 5569 2953 5628 nullo
2985 5569 3184 5628 solum
3239 5586 3348 5643 per
3375 5568 3585 5626 omnia
3611 5567 3861 5641 reperio
