4106 6174
242 182 354 234 553

1197 183 1452 238 ENARR.
1487 183 1555 238 IN
1584 178 1881 237 CANTICA
1910 178 2182 240 CANTIC.
2215 215 2283 225 -—
2308 185 2710 244 PREFATIO.

3558 196 3663 250 554

238 306 626 374 compactum
686 307 868 375 atque
898 319 969 358 ex
994 305 1309 361 traditione
1354 305 1624 375 magistri
1675 302 1898 373 ingenii
1925 305 1973 357 A
2014 305 2246 377 quirere
2271 309 2506 379 debeat,
2537 312 2640 367 sed
2668 311 3085 380 allegoriarum
3142 315 3425 385 mysteria
3484 317 3666 372 conti-

237 393 356 447 mei
387 393 734 461 conjectura
788 394 940 465 style
973 403 1265 464 currente,
1299 396 1656 451 eommatico
1703 394 1902 466 potius

235 481 798 554 compendiosoque
825 499 1126 554 sermone,
1161 485 1291 540 licet
1325 485 1598 556 impolito
1653 483 1900 554 aggredi

236 569 502 636 tentabo,
537 575 592 625 et
620 570 680 624 in
707 571 885 626 libelli
909 572 1160 627 modum
1182 572 1350 628 linire
1383 574 1670 638 conabor,
1706 579 1766 627 ut
1795 573 1902 627 ha-

235 659 380 714 beat
433 664 629 715 vestra
691 660 981 715 celsitudo
1035 662 1191 717 velut
1238 663 1630 736 enchiridion,
1674 663 1786 718 hoc
1814 666 1906 716 est

236 749 586 805 manualem
599 750 1055 822 quodammodo
1068 752 1335 808 libellum
1348 758 1903 825 excerptum,quem

235 839 523 909 congruis
565 839 726 894 horis
769 839 1028 895 lectitare
1069 844 1188 896 Deo
1243 842 1476 898 favente
1527 847 1661 914 post
1705 841 1904 897 studia

233 927 494 1000 imperii,
519 932 655 999 post
687 927 1114 985 sollicitudines
1139 931 1411 986 Ecclesiae
1443 932 1519 988 ad
1543 930 1904 986 consolatio-

235 1034 375 1072 nem
425 1017 764 1072 divinarum
807 1019 1172 1074 ruminando
1213 1020 1603 1093 complaceat.
1638 1022 1710 1076 Et
1756 1022 1902 1093 quia.

234 1123 488 1178 campos
520 1107 863 1162 divinarum
899 1108 1120 1164 scilicet
1172 1110 1612 1182 Scripturarum
1651 1126 1771 1165 non
1803 1126 1902 1165 va-

230 1195 310 1251 let
337 1211 681 1267 percurrere
707 1195 1051 1268 latissimos,
1083 1197 1340 1253 breviter
1369 1199 1580 1254 saltem
1603 1203 1894 1254 stromata

233 1289 438 1340 nostra
471 1301 592 1340 non
624 1287 826 1356 pigeat
857 1287 1106 1342 scrutari
1138 1288 1394 1359 quietus.
1424 1292 1536 1344 Sed
1583 1288 1896 1343 sciendum

233 1375 556 1446 vero,quia
582 1381 644 1430 ut
663 1375 843 1430 moris
862 1377 1370 1447 estqnorumdam
1392 1377 1745 1449 scriptorum
1773 1392 1896 1432 non

237 1464 297 1518 in
328 1463 567 1535 pagella
590 1481 620 1519 e
647 1465 890 1534 regione
913 1465 1285 1534 singulorum
1336 1465 1650 1522 doctorum
1682 1466 1896 1521 viritim

230 1552 436 1606 litteris
455 1552 754 1621 insignitis
771 1553 1196 1623 assignaverim
1207 1571 1272 1608 us
1285 1555 1533 1609 nomina
1551 1555 1775 1621 omnia,
1792 1554 1896 1608 sed

231 1657 301 1696 ex
327 1658 538 1696 eorum
557 1641 727 1696 dictis
744 1643 1009 1713 profecto
1023 1643 1428 1715 expositorum
1455 1643 1700 1699 nonulla
1730 1660 1895 1699 com-
1928 1660 1966 1712 Β

228 1731 523 1803 paginare
555 1747 626 1786 ex
653 1731 1046 1800 multimodis,
1070 1732 1324 1787 breviter
1344 1732 1664 1788 recidendo
1695 1732 1900 1788 videli-

227 1825 339 1887 cet,
371 1819 636 1892 demptis
661 1820 983 1892 superﬂuis
1017 1821 1395 1888 multimoda,
1429 1821 1723 1878 nonnulla
1753 1837 1894 1877 vero

225 1925 295 1964 ex
318 1909 740 1981 prolixioribus
768 1927 1012 1966 sensum
1045 1927 1256 1967 eorum
1288 1916 1604 1984 sequentes
1637 1913 1768 1982 conj
1782 1928 1892 1966 un-

227 2013 364 2067 gere
393 1998 798 2071 decerpendo,
828 1999 1031 2072 aliqua
1060 2004 1267 2056 nostra
1315 1999 1756 2074 interpolando,
1791 2017 1896 2056 au-

227 2103 408 2156 gmen
421 2092 546 2143 tare
575 2088 920 2144 censuimus
950 2089 1244 2160 longiora.
1283 2090 1373 2146 Sic
1399 2089 1683 2145 nimirum
1707 2089 1788 2144 sic
1811 2087 1901 2143 di-

229 2181 415 2232 versis
451 2176 854 2233 allusionibus
893 2178 1240 2234 dramatum
1255 2177 1741 2251 percurrentibus
1765 2177 1900 2232 bre-

228 2266 332 2319 via
341 2269 764 2338 syrmata,quaa
779 2265 968 2321 vieissi
978 2283 1036 2322 m
1047 2266 1340 2322 nectendo
1358 2265 1784 2322 sententiarum
1804 2281 1900 2320 ex-

231 2353 398 2426 plere
423 2353 682 2409 libellum
727 2355 1110 2423 sancivimus,
1137 2371 1260 2411 non
1294 2357 1776 2427 pertimescentes
1797 2370 1900 2410 eos

227 2441 337 2515 qui
367 2458 582 2498 nasum
612 2442 794 2499 veluti
853 2445 1151 2517 sapientes
1183 2450 1604 2517 contorquent,
1635 2460 1745 2500 nec
1797 2459 1899 2498 eos

223 2531 332 2603 qui
384 2531 786 2604 promptiores
845 2531 924 2588 ad
976 2533 1539 2606 reprehendendum
1585 2550 1772 2606 quam
1819 2530 1898 2588 ad

226 2621 621 2686 imitandum,
640 2621 864 2694 quique
876 2623 1040 2694 quod
1059 2623 1494 2695 reprehendere
1517 2623 1896 2678 subsannan-

227 2711 308 2764 do
337 2709 686 2776 moliuntur,
715 2710 1043 2783 adimplere
1075 2717 1402 2784 nequeunt.
1443 2712 1674 2768 Scimus
1724 2727 1894 2766 nam-

233 2814 353 2870 que
379 2800 594 2854 scimus
637 2799 806 2872 quod
855 2805 1147 2855 concentu
1205 2801 1416 2872 organi
1480 2801 1684 2857 ﬁstulae
1734 2801 1890 2870 aeris,

229 2887 362 2943 aliae
391 2887 688 2957 longiores
720 2893 877 2953 sunt,
911 2889 1039 2944 alite
1067 2889 1394 2957 breviores,
1450 2891 1552 2945 sed
1587 2906 1704 2946 uno
1747 2890 1892 2945 ﬂatu

2012 397 2135 450 neri
2167 413 2288 454 non
2315 401 2560 456 dubitet.
2588 401 2976 457 Nominantur
3006 403 3163 458 enim
3224 404 3281 458 in
3345 404 3455 460 hoc
3512 405 3664 462 libro

2011 486 2236 556 oscula,
2261 490 2647 544 nominantur
2678 491 2881 557 ubera,
2913 493 3302 547 nominantur
3332 510 3518 562 genae,
3554 512 3662 550 no-

2012 575 2317 632 minantur
2346 577 2590 634 femora.
2628 580 2691 633 ln
2722 580 2944 651 quibus
2985 581 3178 636 verbis
3212 598 3331 636 non
3361 583 3666 639 irridenda

2012 669 2103 718 est
2133 681 2304 720 sacra
2356 666 2696 738 descriptio,
2743 668 2847 723 sed
2903 671 3098 739 major
3128 670 3229 725 Dei
3259 671 3666 729 misericordia

2012 753 2453 810 consideranda
2474 761 2580 823 est,
2613 757 2755 829 quia
2786 758 2933 813 dum
2953 759 3228 816 membra
3259 761 3524 833 corporis
3554 777 3664 818 no-

2011 842 2220 907 minat,
2255 844 2338 899 sic
2369 845 2446 900 ad
2475 862 2742 901 amorem
2769 865 2945 902 suum
2970 854 3166 905 vocat.
3199 851 3361 906 Unde
3391 851 3665 907 conside-

2009 931 2269 987 randum
2300 939 2404 999 est,
2437 951 2624 1006 quam
2667 936 3014 992 mirabiliter
3063 939 3377 994 nobiscum
3410 946 3464 996 et
3492 941 3666 996 mise-

2008 1019 2314 1075 ricorditer
2339 1029 2640 1094 operatur,
2673 1025 2776 1096 qui
2811 1031 2869 1080 ut
2892 1042 2994 1081 cor
3021 1032 3296 1084 nostrum
3323 1029 3401 1085 ad
3421 1029 3664 1100 instiga-

2009 1108 2229 1163 tionem
2257 1112 2409 1166 sacri
2436 1113 2658 1168 amoris
2691 1115 3060 1183 accenderet,
3112 1134 3304 1189 usque
3354 1118 3430 1174 ad
3477 1119 3664 1192 turpis

2006 1198 2246 1261 amoris,
2273 1204 2336 1254 ut
2360 1216 2521 1272 papa
2555 1204 2869 1272 Gregorius
2903 1205 3169 1277 exponit,
3209 1207 3392 1262 verba
3421 1207 3664 1263 descen-

2005 1285 2120 1341 det.
2151 1287 2264 1341 Sed
2296 1289 2452 1344 undc
2495 1305 2554 1346 se
2602 1291 2904 1364 loquendo
2926 1294 3218 1364 humiliat,
3272 1295 3410 1351 inde
3443 1312 3555 1352 nos
3587 1297 3666 1352 ad

2004 1374 2363 1431 intellectum
2382 1379 2618 1448 exaltat,
2639 1381 2783 1452 quia
2804 1398 2875 1436 ex
2898 1383 3277 1438 sermonibus
3301 1385 3482 1454 hujus
3505 1402 3668 1440 amo-

2002 1463 2081 1518 ris
2111 1463 2366 1520 dicimus
2393 1483 2517 1538 qua
2537 1468 2747 1524 virtute
2770 1469 2830 1524 in
2856 1470 3178 1526 divinitatis
3209 1489 3414 1528 amore
3445 1473 3672 1530 fervea-

2005 1569 2162 1607 mus.
2192 1554 2313 1610 Hoc
2340 1562 2539 1612 autem
2568 1557 2742 1612 nobis
2773 1559 3016 1615 solerter
3040 1560 3398 1618 intuendum
3445 1569 3554 1630 est,
3591 1580 3666 1620 ne

2005 1657 2144 1696 cum
2176 1643 2354 1700 verba
2379 1646 2682 1700 exterioris
2714 1649 2937 1703 amoris
2965 1649 3328 1718 audivimus,
3373 1651 3450 1708 ad
3504 1657 3663 1708 exte-

2007 1730 2165 1786 riora
2196 1733 2504 1790 sentienda
2533 1752 2978 1793 remaneamus.
3017 1739 3108 1795 Sic
3139 1745 3228 1796 est
3268 1741 3428 1797 enim
3459 1741 3662 1814 Scrip-

2007 1825 2140 1875 tura
2170 1821 2376 1877 htecin
2397 1824 2591 1894 vobis,
2621 1825 2775 1882 sicut
2804 1829 3036 1899 pictura
3065 1829 3124 1884 in
3157 1830 3459 1888 coloribus
3492 1838 3548 1888 et
3574 1848 3665 1887 re-

2008 1908 2141 1963 bus.
2181 1913 2245 1966 Et
2268 1911 2445 1966 nimis
2477 1912 2690 1968 stultus
2721 1920 2813 1969 est
2835 1915 2939 1987 qui
2973 1916 3054 1972 sic
3085 1918 3388 1974 coloribus
3416 1921 3662 1993 pictura:

2006 1995 2311 2062 inhaereat,
2346 2005 2411 2054 ut
2451 2016 2545 2054 res
2585 1999 2832 2071 ignoret.
2869 2007 2983 2058 Nos
3033 2005 3192 2060 enim
3224 2006 3272 2060 si
3303 2007 3484 2062 verba
3526 2024 3663 2079 quae

2008 2085 2262 2140 exterius
2274 2085 2552 2142 dicuntur
2563 2089 2982 2161 amplectimur
2993 2097 3048 2146 et
3065 2109 3272 2148 sensus
3287 2094 3657 2163 ignoramus,

2007 2174 2181 2245 quasi
2201 2175 2548 2244 ignorantes
2581 2194 2674 2232 res
2696 2195 2831 2251 quae
2851 2179 3100 2252 depicta-3
3123 2187 3260 2237 sunt
3299 2182 3458 2238 solos
3504 2183 3662 2240 colo-

2007 2279 2100 2316 res
2133 2267 2422 2320 tenemus.
2484 2267 2714 2322 Scimus
2759 2269 2918 2322 enim
2946 2269 3089 2340 quia
3118 2274 3438 2343 postquam
3471 2289 3661 2343 genus

2006 2351 2344 2407 humanum
2383 2369 2419 2408 a
2451 2355 2712 2426 paradisi
2743 2356 2979 2425 gaudiis
3019 2358 3333 2430 expulsum
3377 2366 3484 2431 est,
3514 2365 3572 2418 et
3598 2362 3661 2418 in

2004 2441 2182 2496 istam
2229 2442 2772 2514 peregrinationem
2830 2445 2966 2500 vitae
3020 2449 3332 2517 praesentis
3385 2450 3656 2520 veniens,

2005 2547 2232 2586 caecum
2263 2547 2364 2586 cor
2393 2532 2470 2588 ab
2498 2533 2790 2604 spirituali
2815 2533 3113 2591 intellectu
3142 2537 3343 2593 habet.
3377 2539 3483 2594 Cui
3500 2555 3660 2594 caeco

2004 2622 2200 2677 cordis
2239 2623 2288 2677 si
2313 2622 2606 2679 diceretur
2640 2641 2783 2680 voce
2814 2625 3155 2682 Dominica:
3200 2645 3448 2700 sequere
3474 2632 3661 2684 Deum

2001 2712 2096 2767 vel
2125 2711 2303 2782 dilige
2357 2715 2564 2778 Deum,
2597 2730 2702 2786 per
2737 2720 3036 2785 torporem
3068 2716 3534 2774 insensibilitatis
3559 2718 3659 2774 fri-

2001 2803 2209 2872 gidum
2256 2819 2376 2858 non
2409 2809 2646 2876 caperet
2695 2803 2860 2876 quod
2907 2805 3157 2861 audiret.
3208 2809 3524 2880 Propterea
3554 2824 3660 2880 per

1999 2891 2283 2962 quaedam
2311 2892 2634 2961 aenigmata
2661 2909 2857 2947 sermo
2881 2893 3120 2949 divinus
3153 2897 3370 2951 animae
3395 2895 3658 2968 torpenti

222 2975 467 3033 follibus
491 2977 933 3042 administrato,
962 2983 1018 3033 et
1071 2978 1250 3035 docta
1304 2996 1491 3035 manu
1534 2979 1885 3077 imperante,
1918 3013 1959 3069 Ο
1997 2985 2054 3077 et
2074 2980 2299 3049 frigidaa
2328 2980 2611 3052 loquitur,
2632 2985 2686 3035 et
2708 2981 2782 3036 de
2799 2981 2980 3036 rebus
2997 2999 3148 3055 quas
3179 2985 3344 3039 novit
3371 3002 3382 3040 :
3407 2984 3658 3040 latenter

221 3065 543 3138 digitisque
561 3067 934 3123 attrectando
964 3083 1170 3138 unam,
1201 3086 1337 3124 cum
1371 3069 1484 3124 sint
1517 3069 1768 3122 diversae
1796 3067 1890 3121 ﬁs-

220 3155 384 3222 tulae,
415 3156 798 3212 harmoniam
820 3156 981 3212 velut
1007 3157 1261 3229 salpinx,
1299 3157 1578 3212 tubarum
1604 3173 1781 3211 voces
1809 3160 1891 3212 at-

219 3261 347 3317 que
369 3250 727 3301 concentum
757 3245 917 3300 dulci
947 3246 1243 3302 cantilena
1268 3245 1457 3300 melos
1485 3245 1772 3311 amando,
1805 3248 1888 3300 at-

222 3333 436 3388 tonitis
459 3334 698 3389 auribus
720 3335 989 3390 suaviter
1017 3335 1295 3391 reddunt.
1335 3334 1426 3390 Sic
1456 3334 1720 3407 profecto
1747 3350 1888 3389 cum

230 3421 358 3475 sint
404 3421 533 3476 aliae
589 3424 885 3479 sententiae
935 3423 1236 3494 longiores
1292 3424 1493 3479 recisis
1545 3422 1885 3495 superﬂuis,

227 3509 490 3582 aliaeque
517 3510 806 3569 breviores
829 3511 1045 3568 additis
1075 3514 1446 3573 necessariis,
1512 3512 1692 3568 ﬂante
1705 3511 1886 3584 Spiri-

223 3604 292 3656 tu
325 3605 534 3655 sancto
568 3617 674 3674 per
701 3618 923 3674 corpus
954 3619 1142 3658 unum
1169 3603 1500 3675 imperante
1531 3618 1718 3657 manu
1737 3600 1890 3670 digi-

231 3689 427 3760 tisque
459 3689 679 3762 stylum
713 3691 1120 3761 tangentibus,
1148 3692 1411 3746 vicissim
1462 3690 1890 3760 conglutinatis

238 3777 538 3832 sententiis
582 3779 934 3834 dictationes
986 3780 1410 3835 enchiridionis
1472 3779 1707 3853 explere
1757 3778 1890 3833 ausi

240 3864 458 3920 erimus
478 3868 937 3925 adminiculante
967 3869 1067 3925 illo
1095 3870 1199 3941 qui
1228 3869 1290 3924 in
1323 3870 1436 3924 hoc
1489 3869 1641 3924 libro
1673 3867 1747 3924 de
1779 3871 1890 3923 Ec-

239 3953 424 4009 clesiae
447 3955 620 4012 donis
650 3957 947 4029 permistis
966 3958 1043 4012 ait
1070 3957 1416 4030 prophetice
1453 3975 1464 4012 :
1491 3959 1722 4028 Cyprus
1750 3972 1888 4011 cum

227 4044 447 4111 nardo,
477 4045 706 4102 nardus
737 4063 875 4102 cum
908 4063 1103 4113 croco,
1130 4046 1332 4102 ﬁstula
1363 4051 1419 4102 et
1456 4061 1887 4118 cynamomum

224 4151 369 4189 cum
400 4135 697 4190 universis
717 4135 892 4205 lignis
925 4136 1152 4203 Libani,
1185 4137 1432 4209 myrrha
1463 4139 1520 4191 et
1566 4134 1716 4201 aloe,
1749 4150 1889 4189 cum

221 4223 514 4279 omnibus
551 4224 764 4296 primis
793 4226 1134 4294 unguentis.
1196 4224 1309 4282 Sed
1337 4224 1590 4297 qualiter
1618 4223 1742 4280 istae
1773 4223 1890 4278 vir-

219 4318 380 4368 tutes
413 4312 688 4368 Ecclesia:
717 4313 1068 4370 alternando
1115 4313 1227 4369 sibi
1274 4313 1605 4386 permistim
1647 4312 1888 4369 concin-

217 4407 394 4465 nant,
420 4401 481 4456 in
516 4418 628 4457 suo
667 4407 973 4474 posterum
1019 4402 1292 4458 dicemus
1350 4403 1504 4458 loco.
1553 4401 1716 4458 Unde
1759 4402 1890 4472 jam

221 4490 476 4546 tandem
509 4491 765 4564 supplex
793 4508 975 4547 exoro
1013 4491 1197 4547 decus
1255 4491 1566 4560 augustale
1613 4507 1783 4563 aeque
1835 4496 1892 4546 et

218 4596 329 4636 eos
356 4580 581 4652 quibus
612 4581 877 4636 fortassis
907 4579 1100 4650 legere
1131 4580 1460 4649 contigerit,
1503 4585 1567 4635 ut
1591 4580 1756 4652 quod
1782 4595 1893 4650 ego

217 4684 394 4723 more
411 4668 784 4725 medicorum
811 4685 880 4724 ac
902 4669 1457 4741 pigmentariorum,
1485 4669 1591 4741 qui
1613 4673 1678 4724 ut
1707 4669 1898 4724 diver-

225 4773 301 4810 sa.
317 4762 625 4827 unguenta
646 4763 700 4813 et
723 4758 993 4814 antidota
1013 4759 1382 4832 temperatim
1400 4758 1631 4831 possint
1651 4774 1898 4830 compo-

226 4859 404 4911 nere,
433 4846 702 4902 bilanciis
733 4851 964 4903 staterae
1008 4864 1176 4920 aeque
1206 4847 1541 4920 ponderare
1599 4851 1897 4918 satagunt,

226 4938 302 4989 ut
335 4949 453 4991 una
478 4935 726 4992 alteram
758 4951 880 4991 non
939 4936 1413 5009 superabundet,
1474 4952 1584 4992 nec
1639 4935 1713 4991 de
1765 4936 1899 4991 aliis

219 5023 437 5079 minus
477 5025 643 5081 utilia
672 5024 1114 5098 derelinquant,
1162 5025 1272 5082 sed
1331 5042 1502 5098 aeque
1554 5024 1724 5080 lance
1793 5041 1903 5080 sua

220 5119 623 5186 componant.
651 5113 854 5170 studui
887 5114 1104 5188 aequali
1135 5114 1308 5170 lance
1357 5115 1574 5170 mentis
1611 5114 1898 5170 trutinare

227 5203 582 5270 sententias,
614 5209 669 5260 et
698 5204 855 5260 mela
879 5203 1338 5276 quodammodo
1371 5210 1426 5260 et
1476 5203 1743 5260 antidota
1773 5203 1898 5258 ani-

222 5308 473 5348 marum
495 5308 880 5365 componere,
913 5309 1036 5348 non
1065 5293 1374 5349 horrescat
1402 5309 1510 5348 nec
1537 5292 1896 5364 squalescat,

220 5380 501 5450 diligenti
531 5383 746 5452 exagio
774 5380 1087 5438 lustrando
1114 5382 1403 5454 perlegat,
1429 5388 1608 5453 atque
1636 5381 1902 5436 medica-

221 5470 404 5526 mina
433 5471 652 5526 animae
681 5476 979 5541 gratenter
1025 5471 1355 5541 investiget.
1409 5469 1524 5525 Sed
1574 5474 1901 5541 antequam

221 5559 667 5633 prolegomena
698 5559 778 5615 ad
816 5559 1041 5617 calcem
1071 5560 1400 5632 perveniat,
1437 5559 1772 5614 notandum
1807 5563 1900 5614 est

228 5649 487 5722 quodin
519 5650 638 5708 hoc
659 5649 815 5708 libro
843 5649 926 5706 nil
954 5650 1194 5706 carnale
1239 5649 1442 5721 nilque
1473 5647 1781 5704 historiale
1810 5663 1902 5703 re-

861 5743 1102 5797 PATROL.
1137 5741 1304 5796 CXV.

1995 3068 2260 3122 insinuat
2288 3084 2557 3125 amorem
2584 3086 2768 3141 quem
2797 3085 2920 3124 non
2945 3072 3126 3141 novit,
3159 3077 3214 3127 et
3235 3074 3452 3128 anima:
3477 3073 3654 3142 longe

1997 3172 2034 3212 a
2064 3156 2182 3211 Deo
2212 3156 2366 3211 infra
2395 3157 2624 3228 positae,
2652 3163 2715 3213 ut
2745 3159 3028 3229 przefatus
3061 3165 3339 3216 tractator
3370 3161 3452 3216 ait
3480 3163 3654 3234 quasi

1996 3244 2330 3316 quamdam
2359 3245 2704 3300 machinam
2731 3245 2885 3312 fecit,
2921 3252 2982 3302 ut
3014 3248 3300 3319 perillam
3323 3249 3548 3305 levetur
3574 3251 3654 3306 ad

1995 3335 2205 3388 Deum.
2285 3333 2644 3406 Interpositis
2727 3335 2953 3406 quippe
3010 3337 3454 3407 aenigmatibus,
3501 3339 3652 3395 dum

1995 3421 2290 3494 quiddam
2319 3422 2380 3477 in
2405 3422 2602 3478 verbis
2633 3424 2943 3491 cognoscit
2995 3426 3161 3497 quod
3189 3443 3390 3490 suum,
3443 3433 3551 3497 est,
3589 3429 3651 3484 in

1999 3527 2179 3566 sensu
2209 3511 2528 3566 verborum
2559 3511 2827 3579 intelligit
2860 3514 3022 3584 quod
3051 3529 3173 3568 non
3224 3521 3311 3570 est
3360 3533 3561 3583 suum,
3597 3522 3654 3572 et

1998 3616 2105 3672 per
2123 3605 2352 3655 terrena
2364 3599 2548 3655 verba
2560 3607 2874 3672 sperantur
2887 3609 3127 3658 aeterna.
3151 3603 3395 3674 Idcirco,
3417 3622 3452 3660 ο
3470 3605 3652 3660 invic-

1999 3691 2220 3745 tissime
2269 3693 2481 3757 Caesar,
2513 3706 2759 3746 oramus
2793 3697 2855 3747 ut
2885 3692 3030 3746 nihil
3075 3693 3136 3747 in
3189 3694 3302 3748 hoc
3348 3695 3652 3751 volumine

1998 3779 2374 3836 historialiter
2392 3781 2684 3850 requiras,
2719 3780 2824 3836 sed
2845 3780 3023 3835 ﬂores
3057 3781 3478 3851 allegoriarum
3512 3801 3651 3839 cum

1997 3867 2211 3923 morali
2251 3866 2548 3922 intellectu
2579 3867 2911 3936 investiges,
2955 3885 3136 3940 quem
3176 3870 3546 3941 quibusdam
3592 3873 3654 3926 in

1996 3955 2144 4012 locis
2195 3955 2275 4010 ob
2307 3959 2472 4010 tuam
2501 3955 2968 4010 consolationem
3004 3957 3353 4013 subnectere
3396 3957 3657 4016 decrevi-

1998 4062 2159 4111 mus,
2215 4061 2291 4100 ne
2339 4043 2722 4100 solummodo
2777 4045 3197 4114 allegoriarum
3263 4048 3655 4106 allusionibus

1999 4149 2262 4206 pressus,
2290 4133 2576 4188 violenter
2592 4139 2786 4189 vestra
2803 4134 3088 4190 celsitudo
3113 4136 3375 4193 theorica
3398 4137 3654 4210 legendo

2000 4222 2279 4279 fastidiat.
2309 4222 2525 4278 Audiat
2554 4223 2730 4278 etiam
2759 4223 2926 4296 quod
2955 4241 3060 4296 per
3085 4227 3366 4281 eumdem
3393 4227 3656 4284 Salomo-

2001 4328 2140 4367 nem
2171 4312 2385 4368 dicitur
2439 4337 2465 4361 (ι
2503 4312 2696 4368 Gloria
2727 4313 2829 4368 Dei
2860 4313 3054 4369 celare
3083 4315 3331 4370 verbum
3381 4322 3437 4372 et
3468 4317 3658 4387 gloria

2001 4416 2212 4470 regum
2266 4401 2620 4468 investigare
2697 4417 3036 4456 sermonem
3090 4405 3270 4470 (Prov
3321 4410 3436 4477 v.)»
3487 4405 3659 4462 Menti

2004 4493 2162 4548 enim
2181 4493 2368 4546 Deum
2405 4490 2716 4563 quaerenti,
2749 4496 2912 4546 tanto
2948 4494 3098 4545 Deus
3125 4493 3440 4562 gloriosius
3469 4511 3658 4564 appa-

2003 4585 2109 4646 ret,
2143 4586 2370 4652 quanto
2391 4579 2666 4634 subtilius
2698 4579 3086 4647 investigatur
3114 4587 3175 4635 ut
3205 4588 3511 4652 appareat.
3553 4586 3658 4636 De-

2003 4668 2219 4724 bemus
2247 4669 2445 4740 itaque
2475 4668 2639 4740 quod
2659 4669 2810 4723 Deus
2842 4667 3137 4740 mysteriis
3161 4669 3310 4723 celat
3339 4671 3656 4742 requirere.

2005 4756 2027 4809 Ι
2055 4756 2266 4827 Ieoque
2289 4757 2555 4828 sequitur
2580 4775 2591 4810 :
2614 4760 2668 4810 et
2699 4756 2887 4825 gloria
2914 4771 3124 4825 regum
3154 4756 3510 4828 investigare
3539 4775 3660 4813 ser-

2008 4861 2272 4898 monem.
2316 4845 2426 4908 Qui
2469 4844 2629 4898 enim
2661 4859 2782 4899 non
2833 4842 3214 4900 solummodo
3270 4862 3456 4916 regna
3487 4852 3665 4903 terra-

2007 4950 2164 4994 rum,
2196 4933 2300 4988 sed
2332 4948 2584 5004 corpora
2616 4948 2746 5000 sua,
2801 4932 2892 4988 vel
2918 4937 3117 4989 motus
3148 4935 3344 4990 carnis
3376 4952 3579 5006 regere
3611 4942 3668 4993 et

2007 5023 2365 5092 investigare
2419 5026 2736 5089 noverunt,
2793 5038 2963 5093 reges
3027 5030 3184 5081 sunt.
3219 5026 3445 5089 Quibus
3475 5032 3532 5084 et
3561 5045 3668 5101 per

2010 5113 2383 5168 Psalmistam
2427 5112 2644 5167 dicitur
2677 5129 2690 5166 :
2747 5135 2773 5161 «
2803 5115 2864 5168 Et
2905 5129 3086 5184 nunc,
3120 5132 3310 5186 reges,
3342 5117 3665 5188 intelligite,

2009 5201 2347 5268 erudimini,
2379 5201 2480 5274 qui
2508 5201 2786 5271 judicatis
2809 5206 3027 5258 terram
3059 5205 3247 5275 (Psal.
3278 5208 3357 5277 ii),
3381 5231 3406 5256 »
3439 5214 3496 5263 et
3542 5208 3669 5264 reli-

2009 5307 2153 5363 qua.
2185 5294 2414 5362 Regum
2447 5307 2588 5360 ergo
2621 5290 2808 5359 gloria
2829 5293 3286 5364 estinvestigare
3305 5313 3667 5367 sermonem,

2011 5381 2154 5453 quia
2202 5381 2355 5436 bene
2377 5379 2703 5435 viventium
2734 5379 2866 5436 laus
2925 5387 3012 5437 est
3067 5386 3426 5456 perscrutari
3448 5391 3672 5442 secreta

2013 5468 2436 5525 mandatorum
2518 5470 2635 5525 Dei.
2717 5471 2990 5527 Scrutare
3047 5489 3189 5543 ergo
3247 5474 3671 5542 gloriosissime

2013 5559 2340 5629 imperator
2415 5559 2756 5632 scripturas,
2846 5566 3145 5632 quatenus
3225 5564 3509 5635 mysteria
3581 5561 3672 5615 di-

2015 5647 2158 5702 vina
2223 5649 2595 5718 penetrando
2676 5653 2734 5706 et
2811 5650 3198 5721 intelligendo
3275 5650 3573 5707 desideria
3617 5652 3676 5703 et

3271 5745 3335 5794 l8
