4092 6176
449 180 568 234 555

1564 171 1875 232 ANGLOMI
1901 169 2372 240 LUXOVIENSIS
2397 173 2711 236 MONACHI
2804 227 2810 232 .

3775 182 3875 238 I56

443 303 646 360 motus
668 299 866 359 carnis
892 297 1250 366 investigare
1279 301 1336 354 et
1357 313 1558 368 regere
1579 301 1778 356 vestra
1807 295 2100 369 sapientia
2127 299 2174 354 A
2203 296 2416 366 gitatis,
2451 297 2696 356 tandem
2725 297 2805 354 ad
2831 313 2903 354 ea
2933 313 3070 369 quae
3099 296 3441 369 imperastis
3481 298 3714 371 stylum
3742 301 3878 358 ﬂec—

350 451 355 456 η
445 392 504 445 et
529 387 764 447 solertia
779 389 1147 456 caeterosque
1167 384 1421 456 imperio
1447 390 1639 442 vestro
1670 385 1972 456 subjectos
2001 384 2106 440 do-

445 491 596 542 cere,
618 480 675 531 et
701 477 870 532 actus
899 472 1218 546 prudentia
1242 474 1638 547 consultuque
1681 473 2098 534 honestissime

451 563 793 635 gubernare
815 561 1032 622 valeat.
1053 562 1156 619 His
1176 563 1377 635 itaque
1406 563 1754 636 praelibatis,
1787 563 1912 621 imo
1943 561 2102 621 efﬂa-

2209 390 2328 442 tere
2350 386 2726 444 conabimur.
2757 387 2957 444 Valeat
2987 403 3227 460 semper
3257 387 3321 446 in
3351 389 3586 446 Christo
3623 406 3878 464 prospe-

2203 473 2283 529 ris
2331 475 2708 532 successibus
2735 473 3020 548 pollendo
3073 477 3266 546 gloria
3292 481 3513 546 vestra,
3559 478 3873 554 decusque

2213 565 2577 620 Francorum
2611 579 2880 621 oramus.

1731 857 2142 948 INCIPIT
2229 856 2567 944 LIBER

509 1141 872 1215 Priusquam
884 1142 1201 1214 augustale
1215 1141 1400 1200 decus
1423 1144 1499 1200 ad
1523 1145 1754 1201 ﬁstulas
1767 1145 2100 1200 hormonitr.

438 1229 783 1304 spiritualis,
819 1231 1094 1288 videlicet
1141 1231 1562 1304 allegoriarum
1605 1239 1928 1289 concentus
1977 1249 2102 1288 ma-

435 1315 676 1376 numad
703 1319 1110 1388 scribendum,
1129 1319 1312 1378 ﬂante
1335 1323 1551 1396 Spiritu
1581 1327 1810 1388 sancto,
1833 1337 2097 1391 exeram,

437 1411 494 1463 et
523 1407 778 1480 abyssos
811 1409 1054 1465 theoriae
1086 1409 1220 1466 vela
1249 1410 1575 1483 pandendo
1612 1411 1896 1474 historiae,
1961 1409 2096 1482 styli

437 1493 633 1552 ofﬁcio
663 1501 928 1568 tangam,
947 1497 1129 1554 veluti
1151 1497 1301 1554 clavi
1332 1499 1536 1555 abdita
1563 1499 1782 1554 domus
1811 1515 2094 1567 reseram,

2213 1143 2338 1199 lot/i
2356 1141 2658 1216 appelant.
2678 1141 3099 1213 Ecclesiasten,
3115 1158 3296 1215 quem
3325 1143 3496 1212 etilli,
3514 1148 3578 1200 ut
3605 1145 3870 1203 diximus

2209 1231 2495 1288 Coheleth
2525 1232 2858 1288 nominant.
2895 1233 2961 1286 Et
2991 1231 3244 1288 Cantica
3273 1235 3639 1290 canticorum
3672 1252 3862 1308 quem

2207 1321 2388 1377 Schir
2411 1321 2694 1376 asc/iirim
2742 1324 3078 1393 praenotant
3107 1325 3163 1376 et
3187 1321 3300 1376 hos
3339 1321 3672 1378 rationabili
3705 1324 3864 1380 ordi-

2208 1425 2281 1466 ne
2307 1407 2592 1466 distinxit.
2645 1413 2706 1466 In
2737 1408 3072 1466 Proverbiis
3111 1426 3378 1484 namque
3409 1411 3730 1484 parvulum
3761 1413 3870 1470 do-

2207 1516 2370 1566 cens,
2400 1505 2456 1554 et
2493 1499 2670 1572 quasi
2719 1499 2792 1554 de
2819 1497 3030 1554 ofﬁciis
3060 1515 3166 1572 per
3197 1501 3520 1557 sententias
3562 1501 3860 1568 erudiens,

439 1599 578 1658 quae
605 1585 847 1643 facilius
875 1586 1156 1644 interiora
1175 1587 1898 1662 mysteriarevelentur,in
1927 1605 2098 1659 argu—
2127 1577 2170 1630 Β
2209 1589 2366 1644 unde
2390 1593 2444 1644 et
2465 1588 2542 1644 ad
2572 1587 2762 1643 ﬁlium
2789 1589 2919 1659 ejus
2965 1604 3166 1644 sermo
3217 1589 3425 1646 crebro
3455 1591 3768 1665 reperitur.
3799 1593 3862 1648 In

435 1676 802 1734 mentatione
831 1675 974 1732 ﬁdei
1003 1677 1318 1733 ostendere
1377 1677 1634 1746 decrevi,
1667 1695 1851 1752 quare
1883 1678 1990 1734 iste
2026 1678 2094 1734 li-

433 1765 543 1822 ber
571 1765 772 1822 tertius
801 1765 864 1822 in
889 1767 1204 1840 opusculis
1229 1767 1562 1824 Salomonis
1589 1767 1846 1842 ponitur,
1867 1771 1924 1823 et
1949 1768 2096 1842 quid

437 1855 886 1926 signiﬁcationis
913 1861 1172 1928 geratur,
1195 1857 1445 1929 cujusve
1471 1859 1600 1913 vitae
1631 1863 1842 1932 typum
1873 1857 2094 1914 habere

443 1948 765 2016 asseratur,
809 1945 986 2000 simul
1017 1945 1200 2002 etiam
1229 1946 1452 2018 quibus
1481 1946 1828 2002 nominibus
1889 1951 2096 2003 sancta

435 2032 694 2090 Ecclesia
722 2031 784 2090 in
813 2034 928 2090 hoc
959 2033 1174 2090 eodem
1218 2034 1371 2102 libro
1400 2035 1768 2101 inscribitur,
1805 2052 1910 2091 cur
1939 2053 2090 2108 quo-

431 2137 552 2196 que
580 2121 744 2179 idem
769 2121 1053 2179 volumen
1078 2139 1201 2179 non
1236 2123 1579 2193 simpliciter
1611 2125 1952 2195 Canticum,
1985 2125 2090 2182 sed

434 2210 746 2268 Canticum
805 2212 1175 2268 canticorum
1226 2213 1602 2286 appellatur:
1646 2213 1722 2269 ad
1755 2219 2088 2270 extremum

431 2299 773 2375 quibusque
825 2301 1112 2359 Salomon
1141 2302 1204 2358 in
1235 2303 1548 2375 Scripturiv
1585 2303 1803 2359 sanctis
1834 2305 2090 2360 nomini~

428 2388 546 2446 bus
574 2390 890 2461 insignitur
931 2395 992 2448 ut
1027 2396 1242 2449 cuncta
1267 2392 1432 2465 prius
1501 2393 1871 2468 prmiibamlo
1939 2395 2088 2449 dum

429 2479 604 2535 fuerit
627 2481 920 2552 praescita,
950 2482 1012 2536 in
1035 2486 1343 2556 posterum
1369 2482 1598 2537 facilius
1639 2495 1816 2554 atque
1852 2483 2086 2538 avidius

431 2568 744 2640 capiantur
805 2570 1093 2642 exposita.
1155 2570 1362 2626 Tribus
1413 2588 1678 2643 namque
1738 2572 2084 2626 nominibus

428 2661 711 2714 vocatum
731 2657 912 2714 fuisse
941 2659 1321 2716 Salomonem
1375 2661 1687 2732 Scriptura:
1726 2661 2081 2717 manifestis—

428 2745 657 2803 tissime
712 2747 950 2805 docent.
985 2750 1384 2818 Salomonem,
1418 2749 1474 2804 id
1511 2755 1596 2804 est
1639 2752 1976 2824 paciﬁcum,
2012 2767 2082 2806 eo

427 2835 594 2910 quod
613 2837 676 2892 in
701 2854 852 2910 pace
880 2855 1136 2909 regnum
1167 2838 1506 2902 obtinuerit,
1539 2843 1592 2894 ct
1619 2855 1724 2910 per
1755 2839 2081 2914 parabolas

2206 1675 2560 1734 Ecclesiaste
2591 1692 2732 1732 vero
2759 1681 3010 1732 maturae
3059 1677 3246 1732 zetatis
3293 1679 3487 1734 virum
3536 1680 3857 1752 instruens,

2203 1769 2268 1822 ut
2295 1781 2682 1840 nequaquam
2710 1765 2924 1820 mundi
2971 1765 3152 1822 rebus
3189 1767 3393 1823 credat
3449 1767 3679 1840 aliquid
3733 1785 3862 1826 esse

2201 1841 2536 1928 perpetum,
2595 1855 2702 1910 sed
2755 1855 2987 1911 caduca
3033 1859 3090 1911 et
3127 1855 3334 1911 brevia
3393 1857 3674 1915 universa
3724 1876 3860 1932 quae

2200 1945 2522 2002 cernimus.
2580 1943 2665 2000 Ad
2690 1949 3022 2000 extremum
3059 1945 3186 2016 jam
3229 1952 3724 2004 consummatum
3781 1949 3862 2005 vi-

2197 2049 2356 2104 rum,
2389 2040 2445 2090 et
2501 2033 2728 2090 calcato
2785 2033 3006 2090 saeculo
3053 2040 3461 2108 praeparatum
3507 2037 3568 2092 in
3619 2038 3862 2095 Cantica

2199 2119 2567 2176 canticorum
2621 2117 3002 2191 amplexibus
3043 2119 3262 2190 jungit.
3321 2121 3436 2177 Nisi
3491 2121 3648 2178 enim
3690 2123 3860 2196 prius

2196 2207 2548 2282 reliquimus
2580 2209 2743 2276 vitia,
2799 2214 2856 2263 et
2891 2209 3132 2282 pompis
3188 2209 3390 2266 saeculi
3425 2211 3856 2286 renuntiantes,

2198 2299 2512 2372 expeditos
2537 2313 2650 2352 nos
2681 2295 2760 2352 ad
2785 2297 3111 2354 adventum
3146 2298 3358 2356 Christi
3407 2301 3847 2373 paraverimus,

2197 2403 2317 2444 non
2391 2386 2723 2460 poterimus
2757 2391 2997 2442 cantare
3029 2386 3338 2444 Canticum
3373 2390 3756 2457 canticorum,
3794 2397 3852 2447 et

2195 2475 2389 2532 dicere
2416 2493 2428 2531 :
2463 2500 2490 2526 ιι
2515 2475 2822 2532 Osculctur
2867 2492 2962 2531 me
2988 2475 3194 2532 osculo
3242 2477 3360 2532 oris
3391 2477 3498 2532 sui.
3527 2497 3554 2525 ››
3602 2478 3730 2534 Sive
3759 2479 3843 2532 ita

2193 2564 2506 2622 volumina
2536 2563 2742 2634 edidit,
2774 2563 2834 2620 in
2892 2564 3114 2638 quibus
3151 2565 3322 2620 trium
3353 2579 3632 2633 generum
3664 2565 3842 2620 disci-

2192 2654 2388 2727 plinas
2417 2654 2774 2726 composuit,
2805 2654 3028 2727 quibus
3049 2653 3335 2710 adrerum
3360 2654 3668 2709 scientiam
3701 2669 3842 2726 per-

2192 2745 2443 2800 venitur.
2477 2744 2542 2799 In
2563 2743 2759 2816 primo
2789 2759 3054 2816 namque
3098 2739 3407 2810 moralem,
3457 2741 3520 2798 in
3573 2741 3847 2798 secundo

2190 2849 2331 2888 vero
2379 2833 2736 2902 naturalem,
2764 2832 2842 2888 ad
2874 2832 3150 2888 ultimum
3178 2831 3403 2905 quippe
3427 2832 3851 2904 contemplati-

427 2925 724 3000 populum
768 2926 1069 2996 erudierit,
1107 2926 1170 2982 in
1215 2927 1712 2998 significationem
1757 2928 2076 2985 Salvatoris
2119 2936 2158 2988 C
2194 2939 2348 2994 vam,
2381 2939 2534 2995 quas
2557 2922 2736 2979 GI‘fBCi
2758 2921 2841 2977 ita
2874 2921 3194 2990 θὼηίαίιων
3226 2921 3566 2996 physicam.
3605 2923 3663 2976 εἰ
3688 2921 3849 2976 theo-

425 3013 531 3086 qui
583 3010 896 3088 discipulis
953 3015 1075 3070 suis
1105 3014 1222 3072 ait:
1256 3037 1282 3064 «
1316 3017 1527 3071 Pacem
1559 3015 1832 3088 relinquo
1883 3016 2074 3086 vobis,

421 3117 637 3174 pacem
667 3119 870 3160 meam
929 3103 1009 3160 do
1039 3104 1211 3160 vobis
1265 3104 1456 3177 (Joan.
1490 3104 1626 3174 xw).
1667 3127 1691 3152 η
1724 3107 1788 3160 Et
1815 3105 1942 3178 ipse
1973 3122 2080 3180 per

422 3192 978 3264 parabolasturhas
1001 3193 1222 3266 docuit,
1265 3194 1338 3250 de
1392 3211 1514 3268 quo
1565 3196 1743 3250 etiam
1791 3195 2076 3268 scriptum

422 3285 510 3338 est
564 3301 577 3340 :
620 3305 647 3332 «
705 3283 1188 3360 Multiplicabitur
1236 3285 1364 3355 ejus
1417 3281 1758 3356 imperium,
1801 3289 1855 3339 et
1905 3286 2078 3356 pacis

418 3385 544 3425 non
581 3371 692 3426 erit
709 3370 846 3426 ﬁnis
871 3374 1012 3440 (Isa.
1048 3373 1122 3444 1x)
1156 3378 1259 3428 »et
1288 3372 1536 3444 reliqua.
1574 3375 1638 3426 Et
1668 3373 1863 3438 Mida,
1894 3373 1956 3430 id
1991 3379 2078 3429 est

419 3457 674 3513 dilectus
696 3460 954 3529 Domini,
987 3459 1258 3515 videlicet
1279 3460 1420 3531 quia
1451 3461 1615 3531 prius
1647 3476 1681 3515 a
1712 3461 1963 3515 Domino
1989 3461 2074 3517 di-

416 3545 606 3601 lectus
627 3545 822 3614 fuerit,
871 3547 1136 3602 similiter
1165 3547 1226 3602 in
1257 3551 1468 3621 typum
1501 3548 1730 3604 Domini
1764 3550 1865 3624 qui
1898 3566 1933 3605 a
1963 3551 2072 3607 Pa-

419 3637 505 3689 tre
553 3631 804 3689 dilectus
845 3639 950 3704 est,
1005 3635 1158 3692 sicut
1191 3635 1317 3709 ipse
1375 3636 1494 3692 ait:
1548 3660 1575 3688 (ί
1606 3637 1704 3692 Hic
1764 3642 1854 3694 est
1895 3639 2072 3695 Filius

417 3737 591 3778 meus
617 3723 961 3792 dilectus,in
990 3741 1112 3798 quo
1133 3724 1281 3780 mihi
1306 3725 1647 3798 complacui
1667 3727 1904 3798 (Matth.
1928 3736 2068 3786 ιω.»

418 3814 486 3868 Et
501 3812 807 3883 Coheleth,
830 3813 890 3870 id
907 3821 996 3871 est
1013 3815 1434 3872 Ecclesiasten.
1458 3815 1836 3873 Ecclesiastes
1869 3824 2066 3874 autem

417 3903 616 3958 Graeco
647 3919 923 3960 sermone
953 3903 1310 3978 appellatur,
1362 3921 1552 3978 eoque
1594 3911 1835 3974 coetum,
1866 3905 1928 3962 id
1983 3913 2072 3964 est

415 3991 737 4048 Ecclesiam
768 3999 1108 4065 congreget,
1131 4011 1312 4068 quem
1344 4010 1454 4050 nos
1483 4011 1834 4068 nuncupare
1856 4013 2068 4070 possu-

413 4098 553 4138 mus
591 4084 1088 4156 cbncionatorem,
1123 4083 1289 4156 quod
1326 4084 1608 4158 loquatur
1639 4085 1715 4142 ad
1748 4087 2062 4158 populum,

415 4175 472 4226 et
501 4186 698 4227 sermo
745 4171 874 4244 ejus
921 4189 1042 4230 non
1105 4173 1438 4246 specialiter
1491 4175 1570 4230 ad
1623 4193 1830 4240 unum,
1861 4176 1964 4230 sed
1987 4176 2064 4232 ad

2188 3011 2341 3066 riam
2369 3009 2852 3067 nominaverunt.
2889 3011 3053 3067 Unde
3079 3026 3204 3066 non
3233 3007 3518 3066 abhorret
3558 3007 3636 3066 ab
3685 3009 3847 3066 intel—

2187 3100 2362 3163 lectu,
2423 3101 2568 3172 quia
2596 3100 2750 3156 liber
2777 3100 2885 3156 iste
2915 3099 3228 3172 opusculis
3286 3097 3626 3154 Salomonis
3677 3099 3846 3154 tertio

2186 3190 2318 3246 loco
2349 3191 2607 3264 ponitur.
2643 3194 2706 3245 1n
2735 3189 3067 3264 proverbiis
3093 3189 3298 3262 itaque
3321 3189 3568 3245 moralis
3601 3189 3719 3245 vita
3746 3205 3846 3245 ex-

2186 3279 2478 3352 primitur,
2513 3279 2615 3335 ubi
2646 3278 2860 3335 dicitur
2891 3295 2903 3334 :
2934 3300 2962 3327 ‹‹
2992 3278 3168 3346 Audi,
3208 3275 3290 3333 illi
3330 3277 3436 3352 mi,
3487 3278 3840 3352 sapientiam

2187 3385 2408 3438 meam,
2448 3373 2503 3425 et
2541 3367 2868 3442 prudentiae
2927 3383 3072 3424 meae
3128 3366 3352 3423 inclina
3404 3383 3610 3422 aurem
3661 3372 3843 3438 ituam

2187 3459 2386 3528 (Prov.
2413 3459 2479 3529 1).
2512 3480 2540 3508 »
2566 3459 2630 3512 In
2659 3457 3008 3513 Ecclesiaste
3037 3472 3180 3512 vero
3209 3456 3524 3512 naturalis.
3560 3455 3643 3512 lbi
3671 3455 3846 3530 quip-

2182 3562 2256 3618 pe
2278 3547 2441 3620 quod
2473 3546 2678 3602 omnia
2720 3545 2798 3600 ad
2837 3545 3020 3601 tidem
3049 3543 3319 3613 tendant,
3355 3544 3836 3610 considerantur,

2181 3636 2328 3690 dum
2359 3635 2599 3690 dicitur:
2628 3657 2654 3682 ‹‹
2683 3635 2918 3691 Vanitas
2971 3635 3326 3703 vanitatum,
3359 3640 3417 3690 et
3446 3634 3644 3689 omnia
3675 3634 3837 3688 vani-

2180 3729 2270 3782 tas
2298 3724 2507 3796 (Eccli.
2534 3724 2594 3796 1).
2627 3746 2654 3774 »
2687 3727 2750 3780 in
2783 3723 3036 3780 Canticis
3066 3729 3268 3782 autem
3297 3721 3667 3780 canticorum
3694 3737 3840 3778 con-

2179 3813 2521 3888 templativa
2549 3815 2668 3870 vita
2720 3813 3088 3887 exprimitur,
3131 3815 3279 3870 dum
3307 3813 3370 3869 in
3399 3812 3482 3868 eis
3513 3812 3701 3886 ipsius
3731 3813 3843 3868 Do-

2177 3900 2323 3958 mini
2343 3902 2638 3960 advenths
2661 3905 2715 3959 et
2743 3907 3024 3976 aspectus
3065 3903 3455 3969 desideratur,
3481 3915 3622 3956 cum
3654 3917 3837 3974 spon-

2180 4010 2257 4046 sae
2287 4009 2433 4048 voce
2463 3991 2679 4048 dicitur
2707 4009 2720 4047 :
2757 4014 2784 4042 «
2819 3991 3120 4048 Osculeter
3149 4008 3244 4048 me
3277 3989 3488 4047 osculo
3511 3990 3634 4046 oris
3664 3991 3770 4045 sui.
3801 4007 3834 4042 ›

2179 4085 2290 4138 Hos
2315 4083 2495 4138 etiam
2525 4081 2766 4137 ordines
2791 4081 2968 4137 trium
2986 4079 3464 4154 patriarcharum
3489 4080 3624 4136 vitae
3651 4077 3824 4149 signi-

2176 4172 2358 4227 iicant
2384 4173 2717 4240 Abraham,
2751 4173 2944 4240 Isaac,
2976 4169 3249 4227 videlicet
3274 4173 3330 4226 et
3372 4171 3579 4227 Jacob.
3609 4166 3836 4226 Morali-

415 4259 726 4316 universos
759 4263 1110 4334 generaliter
1138 4263 1448 4334 dirigatur,
1502 4265 1604 4340 qui
1635 4265 1797 4320 velut
1821 4269 2065 4322 extensa
2095 4289 2139 4341 ο
2176 4265 2356 4316 tatem
2387 4261 2614 4334 quippe
2641 4259 2950 4318 Abraham
2979 4259 3318 4316 obediendo
3344 4259 3534 4316 tenuit
3582 4257 3837 4331 quando

413 4366 603 4410 manu
632 4350 905 4406 omnium
937 4352 1223 4409 tumultus
1259 4352 1446 4422 sedat,
1481 4343 1708 4428 eosque
1761 4352 1836 4410 ad
1877 4371 2063 4411 unam

415 4441 767 4499 sententiam
797 4444 1054 4496 revocat.
1089 4441 1180 4498 Sic
1197 4439 1358 4498 idem
1379 4441 1662 4498 Salomon
1685 4441 1745 4497 in
1773 4439 1888 4497 hoc
1911 4439 2065 4499 libro

413 4529 620 4590 fecisse
647 4529 1000 4600 ostenditur,
1035 4547 1173 4588 cum
1198 4529 1260 4586 in
1288 4529 1423 4586 libri
1450 4530 1700 4586 termino
1755 4529 1834 4586 ait
1865 4549 1876 4588 :
1923 4553 1950 4580 «
1985 4532 2066 4588 Fi-

409 4637 552 4677 nem
601 4619 890 4696 loquendi
947 4636 1159 4677 omnes
1210 4619 1430 4693 pariter
1459 4619 1824 4676 audiamus:
1877 4624 2065 4678 Deum

409 4709 573 4782 time,
604 4716 662 4768 et
683 4709 973 4768 mandata
1003 4709 1134 4782 ejus
1177 4707 1452 4782 observa,
1478 4707 1593 4764 hoc
1622 4712 1710 4765 est
1752 4709 1910 4766 enim
1941 4727 2066 4767 om-

409 4798 504 4854 nis
533 4798 718 4856 homo
751 4799 941 4873 (Eccli
964 4799 1138 4871 and,»
1170 4796 1338 4854 illum
1363 4798 1760 4872 praetigurans
1807 4801 1910 4874 qui
1939 4817 2063 4858 non

409 4885 607 4944 solum
653 4905 802 4964 pace
853 4887 1067 4956 intulit,
1129 4892 1186 4944 et
1211 4887 1460 4946 dilectus
1502 4891 1623 4948 Deo
1651 4889 1804 4948 Patri
1827 4891 2062 4963 exstitit,

409 4977 515 5034 sed
561 4979 665 5057 qui
709 4977 992 5038 omnibus
1047 4977 1172 5034 ait:
1209 4999 1237 5026 ‹‹
1267 4979 1678 5036 Paenitentiam
1723 4979 1919 5050 agite:
1963 4997 2066 5053 ap-

341 5089 358 5100 ·
405 5069 840 5144 propinquabit
869 5065 1028 5123 enim
1061 5080 1318 5135 regnum
1345 5068 1634 5124 ccelorum
1656 5067 1893 5138 (Matth.
1927 5070 2008 5138 Ill)
2035 5090 2062 5119 ››

405 5159 512 5231 qui
565 5157 766 5215 medio
822 5154 1045 5228 pariete
1100 5152 1483 5224 destructo,»
1538 5162 1593 5211 et
1641 5154 1978 5212 inimicitias
2001 5156 2064 5212 in

405 5262 586 5303 carne
689 5261 800 5300 sua
895 5258 1198 5298 evacuans
1277 5242 1412 5298 fecit
1515 5247 1769 5322 utraque
1849 5259 2059 5316 unum,

405 5333 628 5408 quique
657 5333 848 5388 Deum
877 5331 1103 5398 timere,
1157 5333 1215 5386 et
1259 5331 1550 5388 mandata
1583 5331 1712 5402 ejus
1741 5330 2064 5392 observare

396 5420 588 5496 jubet.
622 5419 887 5493 Denique
919 5419 1071 5475 sicut
1101 5418 1388 5478 Salomon
1427 5417 1619 5476 tribus
1660 5419 1922 5494 praefatis
1959 5439 2066 5480 no-

399 5505 666 5566 minibus
692 5508 1028 5583 appellatus
1057 5512 1164 5578 est,
1218 5509 1300 5566 sic
1320 5508 1492 5582 juxta
1537 5525 1858 5568 numerum
1888 5529 2063 5573 voca-

397 5597 684 5658 bulorum
715 5597 824 5656 tria
847 5597 1166 5656 vulumina
1191 5598 1393 5673 edidit,
1431 5599 1760 5658 Proverbia
1787 5595 2062 5660 videlicet

396 5705 534 5764 quae
561 5705 676 5752 nos
691 5689 1030 5778 Parabolas
1049 5691 1460 5768 nominamus,
1481 5705 1636 5766 quas
1657 5691 2060 5755 HebreeiMas-

2175 4349 2250 4404 de
2282 4342 2434 4406 terra
2463 4363 2576 4404 sua
2607 4347 2764 4415 exiit,
2801 4353 2859 4404 et
2882 4347 3071 4405 ﬁlium
3112 4347 3428 4404 immolare
3459 4361 3584 4403 non
3609 4345 3839 4402 distulit

2175 4440 2345 4494 Isaac
2373 4453 2514 4494 vero
2542 4437 2878 4495 naturalem
2909 4438 3092 4496 vitam
3121 4443 3336 4512 puteos
3362 4435 3648 4492 fodiendo
3676 4435 3836 4506 ﬁgu-

2174 4529 2348 4600 ravit,
2405 4529 2526 4584 imo
2585 4529 2744 4584 enim
2799 4531 3014 4603 puteos
3053 4529 3256 4585 fodere
3305 4531 3413 4598 est,
3469 4542 3579 4600 per
3635 4525 3834 4582 consi-

2173 4617 2542 4676 derationem
2567 4617 2902 4674 naturalem
2933 4618 3136 4675 omnia
3151 4633 3288 4692 quae
3314 4615 3471 4673 infra
3500 4621 3640 4672 sunt
3667 4631 3833 4690 pers-

2173 4709 2465 4765 crutando
2507 4707 2731 4764 rimari.
2772 4708 2956 4766 Jacob
2994 4723 3137 4764 vero
3191 4705 3724 4780 contemplativam
3745 4703 3828 4760 vi~

2171 4804 2298 4856 tam
2317 4798 2520 4867 tenuit,
2553 4797 2657 4878 qui
2682 4789 3070 4854 ascendentes
3116 4800 3174 4854 et
3199 4795 3630 4852 descendentes
3652 4809 3834 4864 ange-

2171 4888 2263 4946 los
2287 4889 2452 4946 vidit.
2485 4889 2598 4946 Sed
2626 4888 2771 4961 quia
2799 4885 3086 4946 naturalis
3118 4883 3518 4941 consideratio
3577 4882 3658 4940 ad
3701 4898 3834 4956 per.

2173 4977 2489 5036 fectionem
2509 4994 2631 5034 non
2661 4977 2916 5045 ducitur,
2940 4973 3054 5032 nisi
3079 4975 3247 5048 prius
3288 4971 3599 5030 moralitas
3633 4977 3834 5029 tenea-

2173 5073 2286 5136 tur,
2327 5073 2482 5122 recte
2506 5071 2642 5140 post
2687 5066 3000 5124 Proverbia
3038 5063 3418 5121 Ecclesiastes
3469 5062 3732 5136 ponitur.
3767 5065 3834 5119 Et

2173 5155 2314 5238 quia
2345 5171 2605 5228 superna
2649 5155 3071 5236 contemplatio
3123 5171 3247 5211 non
3288 5153 3674 5228 conspicitur,
3715 5151 3830 5209 nisi

2171 5244 2338 5318 prius
2366 5243 2491 5300 haec
2520 5243 2675 5301 infra
2697 5243 2964 5302 labentia
2998 5244 3426 5318 despiciantur,
3474 5246 3634 5299 recte
3689 5245 3830 5316 post

2171 5333 2588 5391 Ecclesiastem
2612 5334 2920 5392 Canticum
2956 5335 3328 5392 canticorum
3356 5332 3621 5409 ponitur.
3655 5332 3826 5388 Prius

2169 5424 2394 5500 quippe
2424 5428 2512 5482 est
2541 5441 2740 5485 mores
2769 5440 3154 5499 componere,
3180 5422 3578 5498 postmodum
3617 5421 3826 5480 omnia

2169 5531 2300 5588 quae
2353 5514 2594 5585 adsunt,
2653 5519 2944 5590 tanquam
2987 5531 3111 5572 non
3169 5514 3368 5573 adsint
3415 5511 3818 5570 considerare.

2167 5604 2354 5660 Tertio
2383 5621 2525 5662 vero
2545 5604 2698 5678 loco,
2727 5607 2958 5664 munda
2974 5605 3172 5663 cordis
3193 5605 3340 5673 acie,
3375 5619 3640 5686 superna
3659 5607 3718 5659 et
3736 5602 3820 5659 in-

2165 5697 2336 5758 terna
2362 5695 2728 5768 conspicere.
2762 5695 2866 5772 His
2879 5696 3082 5771 itaque
3114 5699 3180 5758 ut
3207 5709 3454 5762 summa
3487 5693 3816 5756 moralium
