4106 6174
174 187 277 243 5157

1367 185 1621 245 ENABR.
1661 184 1730 239 IN
1752 170 2085 240 ‘CAN'HCA
2127 186 2400 245 CANTIC.

170 310 454 365 tractator
479 322 640 379 papa
669 306 987 375 Gregorius
1020 307 1319 380 depromit
1345 307 1635 367 librorum
1691 322 1827 377 gra-
1862 310 1910 363 A
1942 306 2086 364 tavit
2111 314 2169 365 et
2187 311 2511 371 Hieremias
2541 316 2845 373 canticum
2871 317 3316 377 lamentationis
3337 321 3414 378 de
3455 338 3602 381 con-

167 394 348 451 dibus
378 395 711 467 quamdam
743 396 823 452 ad
853 396 1416 468 contemplationem
1450 398 1549 455 Dei
1604 396 1826 454 scalam

169 488 226 540 et
250 485 602 543 machinam
629 484 789 551 fecit,
820 490 886 543 ut
914 485 1062 543 dum
1090 486 1355 559 primum
1387 487 1447 543 in
1478 486 1697 543 saeculo
1729 486 1831 541 be-

169 590 243 630 ne
277 579 570 644 geruntur
592 575 863 638 honesta,
895 576 1284 648 postmodum
1325 576 1504 634 etiam
1553 578 1825 645 honesta,

170 663 375 721 saeculi
394 663 801 736 despiciantur
825 670 882 722 et
911 665 986 721 ad
1010 670 1337 722 extremum
1368 666 1548 723 etiam
1574 665 1674 720 Dei
1698 664 1827 720 inti-

170 770 275 812 ma.
302 757 361 813 ct
392 758 620 810 secreta
642 753 1137 826 contemplentur.
1176 754 1338 810 Unde
1367 770 1491 811 non
1532 754 1829 811 immerito

168 843 325 901 liber
345 844 478 908 iste,
496 858 618 900 non
640 843 972 910 Canticum,
997 843 1103 899 sed
1126 843 1438 899 Canticum
1460 844 1830 900 canticorum

168 932 546 1000 nominatur,
578 931 681 988 ubi
711 932 965 989 ccclestis
995 932 1162 989 verbi
1192 932 1295 988 Dei
1319 937 1377 988 et
1418 934 1637 989 animae
1694 948 1834 988 con-

154 1021 404 1094 rjunctio
432 1021 898 1078 demonstratur.
935 1022 1106 1087 Quod
1140 1022 1536 1080 cauticumita
1562 1022 1836 1092 intelligi«

172 1116 269 1168 tur
303 1110 585 1168 omnibus
636 1111 974 1183 praecellere
1020 1111 1286 1181 canticis,
1342 1112 1494 1170 sicut
1549 1112 1839 1168 Dominus

166 1205 379 1257 noster
403 1205 749 1273 assumptus
776 1201 984 1267 homo,
1010 1200 1320 1273 apostolis,
1351 1201 1725 1273 patriarchis,
1746 1201 1839 1257 vel

165 1290 503 1364 prophetis,
538 1295 643 1345 aut
670 1305 1050 1364 quaecunque
1082 1289 1194 1347 illte
1217 1294 1355 1346 sunt
1384 1290 1713 1347 ccelcstium
1735 1307 1841 1364 por

169 1383 443 1435 testates:
474 1383 538 1433 ut
566 1378 717 1435 sicut
737 1395 839 1434 rex
866 1394 1099 1447 regum,
1133 1382 1188 1434 et
1217 1379 1505 1435 Dominus
1524 1379 1840 1436 dominan-

172 1470 329 1524 tium
357 1472 443 1525 est
470 1467 759 1537 Christus,
785 1468 865 1524 ita
894 1472 952 1523 et
981 1468 1291 1523 Canticum
1323 1468 1693 1526 canticorum
1745 1487 1841 1524 δην

170 1574 285 1631 per
308 1559 513 1615 omnia
538 1559 771 1615 cantica
796 1574 934 1635 quae
960 1574 996 1614 a
1019 1558 1323 1629 prophetis
1347 1563 1590 1615 cantata
1606 1564 1746 1615 sunt
1773 1560 1837 1615 ti~

1939 397 2210 455 versione
2240 402 2608 461 Hierusalem
2637 410 2695 462 et
2722 407 3065 475 sanctuarii,
3098 412 3155 464 et
3184 410 3362 466 totius
3384 413 3596 487 populi

1939 486 2049 548 sui,
2079 490 2323 548 etmulti
2350 492 2468 548 alii.
2501 494 2616 550 Sed
2645 495 2782 552 ideo
2808 496 2922 553 lioc
2974 498 3283 555 Canticum
3331 486 3598 560 cantico-

1936 591 2072 631 rum
2101 580 2454 651 appellatur,
2478 584 2624 656 quia
2654 586 2734 642 ad
2763 586 3072 659 propriam
3093 588 3303 646 Christi
3333 591 3489 661 regis
3542 596 3600 650 et

1940 664 2210 758 Ecclesiae
2240 670 2727 741 coniunctionem
2755 690 2885 731 esse
2914 675 3228 734 manifeste
3278 678 3597 758 probatur,

1940 751 2042 807 ubi
2067 760 2200 811 orat
2221 757 2299 812 ad
2325 764 2556 829 patrem
2578 763 2784 835 sponsi
2817 764 3094 833 Ecclesia,
3126 767 3231 838 qui
3262 771 3353 824 est
3402 751 3601 827 sermo

1940 841 2061 907 Dei,
2085 848 2150 899 ut
2171 844 2301 914 jam
2320 863 2444 903 non
2475 864 2582 920 per
2625 852 3022 909 internuntios
3077 855 3181 927 qui
3231 860 3370 913 sunt
3402 857 3603 929 angeli

1941 934 1997 1018 et
2020 932 2349 1003 prophetae,
2371 936 2476 1008 qui
2507 953 2543 993 a
2567 939 2663 993 Dei
2694 939 2834 997 Filio
2866 941 3135 998 Ecclesiae
3159 941 3371 999 futura!
3396 961 3602 1018 repro-

1940 1016 2199 1075 bationis
2225 1024 2436 1079 nuntia
2463 1025 2829 1093 deferebant,
2861 1030 2967 1085 sed
2994 1029 3196 1103 ipsum
3242 1046 3350 1105 per
3400 1016 3600 1091 incar-

1942 1108 2202 1164 nationis
2230 1114 2581 1183 mysterium
2599 1116 2728 1187 jam
2773 1117 3101 1191 aliquando
3153 1136 3356 1177 coram
3407 1128 3604 1181 osten-

1945 1197 2065 1261 dat,
2091 1198 2217 1268 jam
2247 1200 2436 1273 ipsius
2464 1204 2722 1261 formam
2749 1208 3083 1279 speciosam
3113 1225 3237 1281 prae
3254 1210 3389 1266 ﬁliis
3405 1211 3599 1269 homi-

1946 1301 2091 1341 num
2125 1290 2403 1362 amplecti
2433 1299 2728 1351 mereatur
2777 1296 2951 1369 eique
3001 1296 3352 1356 dulcissima
3394 1300 3601 1358 oscula

1948 1376 2270 1447 suscipere,
2301 1385 2356 1435 et
2385 1382 2731 1447 gratissima
2757 1384 2944 1442 ubera
2973 1390 3246 1444 tractare.
3281 1389 3397 1445 Ista
3424 1404 3603 1446 nam-

1947 1481 2065 1536 que
2095 1482 2232 1538 quae
2260 1468 2346 1524 sic
2361 1469 2659 1529 desiderat
2688 1473 2940 1529 ἐκκλησία
2962 1477 3167 1533 Graeco
3195 1477 3496 1535 vocabulo
3515 1478 3601 1535 di-

1948 1554 2118 1625 citur,
2153 1558 2351 1615 Latine
2385 1565 2769 1633 congregatio
2821 1564 2913 1620 vel
2963 1564 3179 1622 melius
3233 1569 3599 1638 convocatio,

172 1647 419 1703 tulatur.
450 1649 514 1703 Et
543 1647 697 1703 sicut
746 1646 806 1701 in
865 1648 1050 1703 Veteri
1098 1650 1472 1703 Testamento
1530 1649 1647 1704 alia
1700 1654 1838 1704 sunt
1878 1668 1919 1722 Β
1950 1643 2228 1702 Hebraice
2254 1651 2578 1721 Synagoga
2605 1651 3041 1726 interpretatur.
3062 1655 3179 1712 Pro
3195 1655 3328 1713 loco
3356 1657 3445 1714 vel
3462 1663 3607 1714 tem-

173 1743 407 1803 sancta,
435 1742 493 1792 et
522 1736 639 1793 alia
669 1739 883 1795 Sancta
913 1741 1282 1805 sanctorum,
1315 1743 1373 1794 et
1399 1738 1518 1794 alia
1557 1738 1834 1809 sabbata,

177 1833 234 1884 et
263 1827 382 1885 alia
409 1826 663 1883 sabbata
687 1826 1102 1887 sabbatorum,
1136 1827 1218 1883 sic
1250 1832 1305 1882 et
1334 1827 1450 1883 alia
1472 1833 1615 1884 sunt
1656 1829 1837 1885 canti-

178 1936 272 1986 ca,
307 1926 363 1974 ei
382 1918 499 1974 alia
524 1918 764 1973 Cantica
793 1918 1187 1974 canticorum.
1214 1921 1429 1975 Sancta
1458 1923 1628 1974 erant
1669 1919 1730 1975 in
1755 1924 1837 1974 ta-

176 2007 532 2079 bernaculo,
564 2011 623 2062 et
655 1995 791 2078 quae
839 2006 1093 2063 exterius
1148 2008 1482 2071 agebantur
1513 2026 1526 2075 ;
1582 2008 1839 2064 sabbata

175 2111 499 2169 erantque
512 2112 584 2151 ex
596 2095 844 2166 singulis
858 2096 1344 2151 hebdomadibus
1357 2097 1837 2163 celebrabantur,

177 2186 298 2243 sed
324 2190 538 2243 Sancta
552 2190 898 2242 sanctorum
913 2185 1206 2242 secretiori
1219 2186 1487 2257 quadam
1521 2188 1841 2242 veneratio-

177 2294 263 2333 ne
282 2276 766 2348 suscipiebantur
788 2293 801 2330 :
828 2281 884 2331 et
897 2275 1148 2331 sabbata
1161 2276 1573 2340 sabbatorum,
1588 2292 1708 2331 non
1726 2277 1837 2331 nisi

182 2368 253 2421 in
277 2366 401 2421 suis
416 2364 821 2421 festivitatibus
842 2364 1317 2421 celebrabantur.
1358 2369 1418 2419 tn
1439 2366 1682 2422 Cantico
1698 2382 1835 2421 can-

176 2456 441 2511 ticorum
452 2461 745 2511 secretum
762 2454 1096 2528 quoddam,
1115 2459 1172 2510 et
1188 2454 1454 2510 solemne
1473 2455 1716 2510 interius
1726 2461 1836 2525 est,

171 2545 349 2618 quod
367 2550 661 2601 secretum
692 2544 753 2600 in
775 2544 1022 2600 occultis
1048 2543 1445 2613 intelligentiis
1458 2550 1803 2616 penetratur
1824 2564 1836 2611 ;

170 2651 325 2690 nam
346 2633 1006 2690 siexterioribusverbis
1020 2633 1361 2699 attenditur,
1396 2639 1688 2690 secretum
1714 2651 1837 2690 non

171 2729 290 2780 est.
318 2724 477 2780 Unde
494 2725 623 2794 jam
645 2722 987 2796 superiusin
1003 2721 1345 2795 praefatione
1377 2723 1838 2795 disputavimus.

176 2813 496 2870 Sciendum
515 2819 607 2869 est
623 2813 801 2868 etiam
820 2813 964 2884 quia
981 2812 1044 2866 in
1063 2812 1359 2884 Scriptura
1384 2828 1551 2869 sacra
1572 2812 1687 2868 alia
1706 2814 1847 2868 sunt

174 2902 413 2958 cantica
426 2902 706 2969 victoriae,
723 2901 838 2957 alia
852 2903 1080 2957 cantica
1092 2902 1519 2957 exhortationis
1536 2906 1593 2957 et
1607 2906 1842 2958 contes-

1944 1738 2089 1806 p‘ore
2118 1734 2367 1793 diversis
2396 1741 2744 1798 nominibus
2788 1759 2823 1799 a
2872 1746 3063 1801 verbo
3091 1746 3192 1802 Dei
3230 1752 3442 1804 vocata
3472 1762 3604 1804 esse

1945 1822 2252 1894 probatur.
2282 1826 2360 1882 De
2391 1829 2564 1900 cujus
2585 1832 2897 1889 vocabulis
2929 1835 3207 1907 superius
3230 1836 3476 1909 polliciti
3508 1854 3606 1893 su-

1944 1928 2102 1967 mus.
2134 1914 2472 1987 Aliquando
2502 1920 2724 1976 etenim
2758 1922 3127 1980 Hierusalem
3154 1940 3601 1999 nonnunquam

1943 2000 2085 2057 Sion
2116 2002 2470 2078 plerumque
2496 2010 2710 2076 amica,
2753 2027 2907 2083 saepe
2927 2028 3067 2069 vero
3124 2014 3363 2071 dilecta.
3426 2016 3603 2071 Inter-

1944 2089 2091 2146 dum
2120 2108 2310 2159 somr,
2338 2095 2430 2151 vel
2458 2097 2730 2175 speciosa
2758 2114 2999 2171 sponsa,
3020 2102 3315 2170 columba,
3344 2118 3447 2160 seu
3497 2104 3605 2159 im-

1946 2182 2273 2251 maculata,
2308 2183 2399 2239 vel
2418 2185 2679 2256 perfecta
2699 2187 2761 2242 in
2792 2188 3002 2245 Christi
3032 2206 3294 2263 persona
3312 2206 3415 2248 ore
3463 2206 3603 2265 pro-

1944 2268 2260 2339 phetarum
2304 2277 2361 2327 et
2386 2272 2447 2327 in
2478 2275 2593 2330 hoc
2638 2274 2792 2332 libro
2841 2277 3140 2350 appellata
3198 2280 3596 2351 cognoscitur.

1946 2356 2313 2416 Hierusalem
2341 2362 2638 2435 siquidem
2659 2365 2892 2433 dicitur,
2912 2368 3055 2439 quia
3069 2373 3206 2440 post
3224 2370 3600 2426 iracundiam

1945 2447 2369 2519 omnipotentis
2396 2453 2497 2508 Dei
2524 2469 2737 2526 pacem
2766 2455 2840 2511 de
2871 2456 3021 2513 coelo
3051 2457 3300 2514 missam
3354 2475 3391 2514 a
3430 2463 3603 2532 patre

1947 2538 2230 2609 suscepit,
2261 2556 2332 2595 eo
2349 2542 2513 2612 quod
2534 2543 2802 2616 aliquam
2832 2546 3100 2617 signatur
3122 2547 3344 2603 habere
3363 2564 3597 2620 pacem.

1950 2628 2141 2691 Quam
2167 2643 2379 2699 pacem
2435 2637 2491 2687 et
2544 2634 3035 2705 conjunctionem
3081 2651 3328 2693 exorare
3388 2637 3606 2694 dicitur

1949 2732 2086 2771 cum
2112 2733 2253 2773 cum
2266 2719 2636 2791 deprecatur
2665 2739 2678 2778 :
2712 2745 2740 2771 ‹‹
2767 2723 3077 2780 Osculetur
3116 2741 3213 2782 me
3240 2726 3452 2782 osculo
3480 2726 3602 2783 oris

1951 2805 2060 2860 sui.
2090 2824 2119 2857 ›
2146 2808 2293 2863 Siim
2328 2824 2488 2875 vero,
2548 2811 2691 2884 quia
2746 2813 2821 2868 de
2875 2813 3143 2871 convalle
3195 2815 3604 2888 lacrymarum

1950 2894 2317 2963 idololatriae,
2351 2897 2453 2954 ubi
2481 2899 2543 2955 in
2575 2916 2825 2973 corpore
2850 2902 3025 2975 lapsa
3068 2903 3262 2960 fuerat
3298 2904 3361 2960 in
3387 2904 3602 2973 Adam,

176 2992 439 3060 tationis,
458 2992 573 3047 alia
590 2991 823 3048 cantica
846 2990 1279 3055 exsultationis,
1308 2990 1428 3045 alia
1471 2992 1702 3047 cantica
1734 2992 1841 3046 ad-
1881 3026 1921 3079 ρ
1952 3002 2063 3039 ηθιῖ
2087 2988 2359 3043 cordead
2389 2994 2656 3046 montem
2686 2991 2951 3063 ρεινὸὧεί
2974 2994 3331 3060 Υθᾶεοθιὶάἱῒ›
3386 2999 3443 3050 et
3493 3010 3605 3068 pro

169 3080 398 3152 jutorii,
416 3080 529 3136 alia
554 3081 788 3136 cantica
811 3079 1251 3149 conjunctionis
1288 3096 1427 3135 cum
1468 3084 1605 3135 Deo.
1646 3081 1844 3137 Canti-
1883 3061 1921 3079 υ
1952 3075 2246 3131 munditia
2273 3078 2489 3148 cordis,
2510 3061 2823 3150 speculum
2848 3097 2911 3137 se
2937 3080 3266 3153 praebendo
3280 3061 3607 3139 individua;
3718 3114 3725 3131 ε

174 3186 321 3226 cum
335 3169 595 3226 victoriae
617 3174 707 3224 est
720 3169 884 3241 quod
900 3169 1081 3225 Maria
1096 3170 1343 3225 transito
1362 3169 1513 3223 mari
1538 3169 1739 3224 Rubro
1755 3185 1843 3225 ce-

176 3260 325 3315 cinit
343 3258 545 3315 dicens
569 3278 582 3314 :
609 3262 977 3315 «Cantemus
997 3258 1270 3324 Domino,
1291 3257 1546 3326 gloriose
1564 3258 1724 3312 enim
1740 3258 1845 3313 ho-

178 3347 530 3407 noriﬁcatus
551 3352 638 3403 est
681 3364 696 3402 :
741 3362 967 3419 equum
988 3352 1045 3402 et
1083 3362 1464 3402 ascensorem
1492 3346 1739 3419 projecit
1776 3346 1838 3401 in

184 3436 587 3505 Πλεῖ-θωπῡώ
605 3438 717 3506 xv).
746 3458 778 3485 ι)
810 3436 1122 3492 Canticum
1144 3436 1569 3492 exhortationis
1591 3440 1649 3490 et
1691 3452 1836 3491 con-

180 3524 517 3581 testationis
536 3525 796 3597 estquod
816 3529 1048 3597 Moyses
1072 3524 1342 3580 lsraelitis
1373 3524 1451 3579 ad
1503 3530 1719 3580 terram
1747 3541 1836 3580 re-

173 3613 602 3688 promissionis
626 3615 1169 3688 propinquantibus
1198 3614 1361 3669 dixit.
1394 3636 1421 3663 ‹‹
1454 3614 1702 3669 Attende
1720 3631 1833 3669 cos-

175 3704 310 3760 lum
330 3708 386 3760 et
397 3703 629 3776 loquar,
652 3710 709 3760 et
728 3704 1101 3761 audiatterra
1116 3702 1301 3759 verba
1323 3718 1395 3758 ex
1416 3718 1518 3759 ore
1535 3719 1671 3758 meo
1692 3705 1828 3771 (Isa.

178 3797 402 3859 XXVI“).
425 3813 454 3841 »
475 3793 777 3851 Canticum
799 3792 1208 3850 exsultationis
1228 3792 1495 3865 estquod
1511 3797 1683 3848 Anna
1712 3808 1833 3848 non

185 3881 385 3937 solum
408 3899 513 3955 pro
541 3884 837 3955 Samuele,
868 3884 973 3939 sed
1002 3887 1320 3955 prospecta
1350 3881 1711 3937 fecunditate
1736 3885 1833 3936 lic-

185 3970 382 4027 clesite
402 3971 461 4027 in
478 3974 801 4046 semetipsa
821 3973 1031 4028 cecinit
1057 3973 1263 4027 dicens
1288 3988 1300 4027 :
1322 3994 1350 4021 ‹‹
1376 3970 1705 4027 Exsultavit
1732 3988 1835 4026 cor

172 4077 382 4118 meum
406 4061 469 4117 in
500 4063 754 4118 Domino
788 4063 843 4129 (Ι
857 4062 1095 4133 Regm).
1122 4080 1151 4110 ››
1185 4059 1293 4116 Ubi
1320 4075 1426 4132 per
1448 4060 1833 4132 semetipsam

168 4152 388 4209 veritas
414 4151 837 4208 fecunditatem
867 4150 1052 4224 prolis
1084 4148 1497 4207 ecclesiasticae
1521 4154 1832 4222 expressit,

167 4258 309 4298 cum
341 4241 487 4297 dicit
520 4259 534 4296 :
563 4263 593 4290 ‹‹
618 4240 839 4298 Sterilis
858 4240 1089 4314 peperit
1116 4239 1429 4311 plurimos,
1455 4243 1515 4293 et
1531 4254 1668 4311 quae
1684 4240 1834 4294 mul-

1952 3164 2229 3227 Trinitati,
2256 3166 2581 3239 conspicua
2602 3172 2658 3223 et
2685 3170 2919 3226 excelsa
2939 3168 3210 3226 efﬁcitur.
3224 3170 3289 3226 In
3304 3187 3427 3243 qua
3450 3173 3604 3227 Deus

1952 3254 2335 3325 omnipotens
2390 3257 2569 3327 quasi
2605 3256 2668 3312 in
2722 3257 2895 3313 fertili
2971 3263 3174 3315 monte
3254 3259 3600 3331 delectetur,

1950 3342 2359 3407 deambulare,
2440 3350 2499 3402 et
2551 3345 2795 3402 beatum
2879 3347 3164 3404 doctrinae
3218 3365 3343 3404 suae
3396 3364 3602 3407 semen

1949 3448 2247 3503 spargere,
2290 3439 2533 3506 propter
2558 3436 2723 3508 quod
2767 3439 3013 3506 specula
3036 3436 3133 3494 vel
3182 3452 3375 3496 semen
3427 3439 3490 3495 in
3531 3454 3605 3496 ea

1945 3522 2381 3594 interpretatur.
2415 3526 2626 3581 Amica
2654 3530 2858 3583 autem
2885 3526 3119 3595 dicitur,
3159 3528 3453 3601 quoniam
3516 3544 3606 3586 re.

1944 3611 2256 3682 pndiando
2286 3612 2618 3681 diabolum,
2643 3615 2721 3670 ad
2747 3615 3038 3672 amicitias
3064 3618 3367 3674 revocavit
3392 3621 3601 3674 Deum.

1942 3700 2177 3756 Dilecta
2206 3716 2347 3756 vero
2373 3702 2731 3774 appellatur,
2749 3704 3041 3776 quoniam
3069 3710 3208 3778 post
3225 3705 3604 3764 incredulita-

1944 3789 2017 3843 tis
2047 3790 2426 3847 amarissima
2446 3792 2587 3847 odia
2619 3793 2985 3850 credulitatis
3006 3794 3361 3850 muneribus
3384 3795 3603 3852 dilecta

1944 3879 2194 3933 cllicitur
2224 3880 2343 3934 Dei.
2375 3882 2563 3934 Soror
2600 3880 2873 3937 videlicet
2929 3886 3279 3953 nuncupata
3334 3897 3442 3954 per
3500 3897 3598 3937 as-

1944 3973 2197 4037 sumptis
2230 3967 2426 4022 carnis
2448 3969 2819 4039 mysterium,
2854 3985 2995 4025 cum
3020 3985 3094 4025 ex
3113 3970 3327 4026 eadem
3347 3970 3600 4028 materia

1943 4055 2185 4111 videndi
2206 4057 2475 4111 nascitur
2499 4057 2688 4127 terris,
2720 4056 2797 4112 de
2826 4073 2951 4130 qua
2980 4062 3038 4114 et
3066 4058 3324 4115 Ecclesia
3350 4074 3603 4130 genera-

1943 4150 2056 4201 tur.
2089 4147 2388 4215 Speciosa,
2415 4146 2634 4203 scilicet
2665 4148 3106 4219 pronuntiatur,
3166 4148 3437 4205 abstersa
3492 4139 3601 4222 per

1944 4236 2314 4307 baptismum
2347 4236 2425 4292 ab
2442 4236 2728 4293 omnibus
2754 4242 3141 4310 peccatorum
3172 4238 3443 4307 maculis,
3461 4243 3600 4312 post

164 4336 259 4388 tos
290 4329 564 4387 habebat
591 4329 744 4386 ﬁlios
774 4330 1079 4389 inﬁrmata
1106 4333 1199 4384 est
1225 4329 1427 4399 (Ιῦὶίι.)
1460 4349 1487 4378 »
1527 4327 1833 4384 Canticum
1874 4379 1920 4401 η
1948 4325 2200 4381 multam
2231 4326 2622 4399 Etliiopicam
2670 4326 2841 4382 teneb
2854 4342 3170 4401 rosamque
3223 4328 3600 4385 consuetudi-

163 4419 456 4493 adjutorii
486 4419 676 4475 David
700 4423 839 4492 post
863 4418 1140 4492 praelium
1168 4417 1384 4473 cecinit
1411 4417 1618 4473 dicens
1656 4434 1669 4469 :
1695 4439 1724 4466 «
1752 4419 1839 4473 Di-

160 4509 355 4581 ligam
386 4513 466 4577 te,
501 4508 768 4577 Domine,
790 4509 976 4564 virtus
1000 4522 1136 4563 mea
1162 4508 1349 4577 (Psal.
1384 4510 1547 4573 XVII).
1587 4528 1613 4556 »
1645 4507 1837 4562 Canti-

160 4615 308 4655 cum
344 4613 486 4654 vero
516 4597 956 4668 conjunctionis
988 4612 1124 4653 cum
1160 4599 1299 4663 Deo,
1346 4596 1463 4651 hoc
1510 4600 1602 4651 est
1647 4596 1834 4651 canti-

160 4704 312 4743 cum
343 4686 509 4759 quod
541 4686 602 4742 in
623 4686 848 4759 nuptiis
870 4685 1031 4742 velut
1058 4684 1513 4758 epithalamium
1543 4686 1748 4757 sponsi
1776 4696 1833 4741 et

160 4793 417 4851 sponsae
446 4777 698 4845 canitur,
725 4775 789 4833 id
817 4780 911 4832 est
939 4776 1181 4833 Cantica
1223 4775 1615 4846 canticorum,
1664 4776 1829 4847 quod

160 4871 353 4924 tanto
375 4873 465 4921 est
482 4866 769 4922 omnibus
793 4865 1037 4922 canticis
1069 4865 1415 4934 solemnius,
1440 4869 1669 4937 quanto
1689 4869 1746 4920 et
1766 4865 1827 4920 in

155 4954 407 5029 nupu‘is
435 4954 825 5013 solemnitatis
853 4954 1219 5011 sublimioris
1260 4953 1523 5011 offertur.
1580 4956 1688 5011 Per
1728 4953 1827 5010 illa

154 5045 409 5103 cantica
436 5045 581 5102 vitia
602 5045 964 5115 devitantur,
996 5059 1103 5116 per
1117 5047 1230 5100 ista
1250 5058 1389 5099 vero
1407 5044 1825 5117 unusquisque

152 5136 490 5194 virtutibus
514 5134 932 5209 locupletatur.
964 5137 1071 5190 Per
1088 5134 1193 5191 illa
1216 5137 1459 5190 cavetur
1486 5134 1696 5203 hostis,
1719 5149 1827 5207 per

152 5226 291 5283 haec
310 5226 612 5282 Dominus
636 5221 915 5281 familiari
954 5238 1160 5281 amore
1188 5223 1618 5296 complectitur.
1671 5226 1824 5281 Can-

149 5322 288 5375 tata
312 5322 457 5375 sunt
483 5323 543 5374 et
565 5316 683 5373 alia
711 5316 942 5373 cantica
971 5332 1008 5373 a
1030 5315 1283 5372 diversis
1331 5315 1659 5389 prophetis,
1713 5330 1824 5388 pro

148 5407 420 5464 diversis
439 5406 716 5480 personis
743 5406 839 5462 vel
870 5404 1065 5462 causis
1095 5405 1289 5461 .‘sicut
1318 5408 1373 5460 et
1393 5404 1672 5459 Habacuc
1713 5419 1825 5477 pro

146 5497 596 5568 ignorantibus
626 5495 999 5567 praenotavit.
1047 5495 1318 5551 Cantavit
1374 5498 1430 5550 et
1479 5493 1707 5548 Debora
1749 5493 1823 5549 de

148 5588 419 5644 victoria
444 5586 679 5643 Sisarxe.
698 5587 1173 5642 Cantaveruntet
1190 5589 1303 5640 tres
1318 5582 1490 5656 pueri
1505 5582 1565 5637 in
1585 5582 1826 5640 fornace

146 5676 221 5736 in
245 5693 380 5751 quo
407 5675 715 5734 mirabilia
742 5673 1169 5748 omnipotentis
1198 5673 1302 5731 Dei
1318 5676 1656 5733 narrantur.
1679 5674 1828 5733 Can-

1873 4379 1920 4435 D

1948 4431 2086 4471 nem
2119 4416 2459 4483 criminum,
2487 4416 2640 4488 pelle
2669 4420 2982 4486 mundata,
3036 4418 3092 4472 et
3147 4417 3227 4473 ad
3270 4419 3595 4488 genuinam

1944 4505 2449 4578 pulchritudinem
2478 4510 2776 4562 revocata.
2806 4508 3035 4575 Sponsa
3062 4522 3203 4562 vero
3226 4507 3438 4562 eﬁecta
3484 4511 3590 4573 est,

1944 4611 2165 4668 corpus
2191 4600 2249 4651 et
2300 4595 2655 4665 sanguinem
2708 4611 2818 4650 suo
2856 4595 3091 4667 corpori
3143 4594 3593 4665 conjungendo.

1940 4688 2046 4740 Per
2074 4684 2241 4757 quod
2268 4688 2716 4741 sacramentum
2744 4699 2848 4755 spe
2860 4683 3095 4756 pondit,
3131 4698 3193 4738 se
3223 4688 3437 4755 praeter
3456 4698 3593 4739 eam

1938 4773 2172 4829 nullum
2202 4774 2388 4829 alium
2417 4778 2751 4839 amatorem
2806 4772 2867 4827 in
2919 4776 3044 4828 toto
3095 4771 3274 4827 corde
3324 4771 3590 4842 diligere,

1934 4864 2265 4937 pretiosum
2280 4864 2411 4934 ejus
2432 4861 2725 4918 annulum
2748 4860 2886 4917 ﬂdci
2919 4876 3146 4931 magno
3203 4861 3401 4918 studio
3454 4875 3591 4917 con-

1936 4952 2251 5009 servando.
2277 4953 2563 5008 Formosa
2582 4965 2847 5024 namque
2888 4950 3270 5025 praedicatur,
3330 4950 3592 5009 formam

1933 5042 2063 5114 ejus
2087 5040 2365 5112 imaginis
2396 5041 2455 5096 in
2498 5056 2622 5113 qua
2651 5044 2848 5096 creata
2902 5043 2990 5096 est
3036 5041 3099 5096 in
3154 5040 3360 5097 anima
3411 5040 3593 5098 refor-

1931 5131 2181 5188 mando.
2216 5130 2506 5188 Columba
2516 5144 2660 5185 vero
2686 5129 3035 5186 nominatur
3054 5146 3069 5185 :
3085 5129 3251 5186 omni
3265 5130 3592 5203 rapacitate

1931 5220 2223 5295 quoniam
2243 5219 2495 5277 aduncis
2526 5218 2810 5276 manibus
2827 5219 2991 5276 velut
3004 5218 3320 5276 vulturinis
3343 5236 3597 5277 consue-

1930 5315 2100 5367 verat
2127 5313 2469 5384 perpetrare
2494 5308 2787 5382 deposita,
2814 5323 2978 5364 nunc
3006 5309 3308 5366 consortio
3341 5309 3592 5384 Spiritus

1934 5400 2123 5457 sancti
2153 5402 2394 5464 sociata,
2428 5398 2819 5473 simplicitatis
2877 5401 2934 5454 et
2978 5396 3269 5469 largitatis
3328 5398 3592 5456 candore

1936 5490 2356 5546 columbarum
2385 5488 2652 5558 refulget.
2682 5490 2750 5544 Et
2779 5503 2915 5561 quae
2946 5492 3342 5546 consueverat
3370 5488 3433 5543 in
3464 5504 3591 5543 ma-

1934 5579 2005 5637 lis
2027 5580 2370 5635 doctoribus
2399 5580 2526 5636 aliis
2558 5577 2880 5635 animabus
2903 5583 3139 5634 aeternae
3192 5580 3327 5633 vitae
3380 5590 3590 5649 rapere

1937 5670 2125 5740 cibos,
2148 5683 2310 5726 nunc
2332 5668 2396 5724 in
2452 5668 2627 5725 bonis
2678 5666 3025 5725 doctoribus
3072 5666 3148 5723 de
3203 5681 3316 5722 suo
3364 5662 3591 5722 suavis-
