4092 6176
457 152 562 203 559

1493 95 1496 102 ’
1552 139 1910 197 ANGELOMI
1951 139 2404 203 LUXOVIENSIS
2442 148 2756 204 MONACHI

3770 152 3878 204 560

455 271 608 327 simo
636 272 868 338 gutture
894 263 1274 319 audientibus
1305 263 1678 336 reimpartiri,
1709 264 1857 320 sicut
1885 268 2099 320 natura
2137 269 2182 321 Α
2213 267 2472 326 dividua
2503 277 2930 344 coaternaque
2959 269 3251 326 Trinitatis
3277 269 3394 325 ﬁde
3429 269 3743 341 prostibuli
3768 276 3880 328 tra-

453 365 540 416 est
568 355 1006 414 columbarum.
1042 353 1440 408 Immaculata
1459 358 1657 408 autem
1680 352 1978 419 laudatur,
2003 353 2101 408 de-

452 447 643 520 posita
664 441 843 496 veteri
876 441 1243 511 antiquaque
1279 441 1709 496 consuetudine
1759 440 2099 511 criminum,

449 542 505 592 et
525 535 676 590 stola
706 530 1072 588 sacrosancti
1095 529 1476 595 baptismatis
1507 531 1690 587 semel
1728 530 1956 599 induta,
1988 531 2101 585 im-

449 623 747 681 maculate
775 620 1054 684 vivendo,
1087 620 1241 676 ultra
1273 637 1334 675 se
1359 637 1481 676 non
1504 620 1839 677 maculavit.
1895 624 1958 676 Et
1987 623 2099 676 Do-

450 715 596 771 mini
626 714 716 769 sui
747 710 954 769 Christi
981 709 1260 766 imitatrix
1287 711 1495 767 effecta
1517 728 1624 784 pro
1668 711 1718 781 ej
1731 728 1798 766 us
1853 711 2100 766 nomine

448 804 762 860 moriendo
778 803 922 858 lima
939 801 1207 872 martyrii
1222 805 1279 856 et
1296 800 1769 856 mortificationis
1791 799 2100 874 splendes-

447 895 542 948 cit.
576 893 811 948 Nullum
834 891 997 946 aliud
1017 891 1446 946 ferramentum
1472 889 1679 945 fortius
1707 891 1899 963 potuit
1927 904 2097 961 repe-

446 980 580 1048 rire,
613 998 721 1054 per
750 980 916 1053 quod
947 980 1195 1051 antiqua
1225 978 1417 1034 scoria
1433 979 1672 1048 anima,
1703 984 1769 1035 ut
1789 977 2098 1052 Apponius

446 1071 544 1136 ait,
575 1069 900 1130 limaretur,
925 1067 1037 1122 nisi
1067 1067 1333 1138 martyrii
1376 1066 1605 1131 limam,
1665 1083 1771 1139 per
1826 1066 1991 1138 quod
2035 1066 2097 1121 in

445 1163 877 1216 tormentorum
910 1156 1150 1212 fornace
1200 1155 1388 1227 possit
1437 1155 1661 1217 anima,
1724 1154 2099 1226 quantalibet

446 1249 715 1306 sordium
740 1251 1124 1320 peccatorum
1156 1245 1312 1301 mole
1345 1245 1416 1300 sit
1441 1244 1834 1312 circumdata,
1878 1243 1940 1298 in
1989 1259 2098 1299 suo

446 1338 738 1408 sanguine
763 1335 1058 1405 renovari,
1087 1351 1193 1407 per
1217 1334 1385 1408 quod
1411 1334 1672 1407 perfecta
1694 1333 1767 1389 sit
1791 1332 2096 1402 columba,

445 1434 501 1485 et
529 1428 589 1484 in
618 1426 843 1484 Christo
873 1424 1279 1481 immaculata.
1315 1423 1478 1480 Unde
1508 1428 1564 1479 et
1585 1423 1846 1496 perfecta
1871 1423 2098 1494 quippe

443 1521 846 1588 nuncupatur,
880 1531 1057 1570 omne
1083 1513 1381 1584 judicium
1409 1530 1446 1569 a
1477 1516 1643 1568 Patre
1673 1511 1942 1568 videlicet
1970 1527 2096 1566 sus-

2213 356 2433 413 ditione
2465 359 2689 428 salitur,
2724 361 3024 416 variarum
3055 359 3334 414 virtutum
3367 359 3752 424 charismate,
3781 378 3878 415 ve-

2213 445 2501 502 stimentis
2527 449 2755 503 nudata
2776 448 3058 519 operitur.
3078 448 3327 501 Sanctus
3349 447 3598 518 Spiritus
3629 449 3880 519 pingue-

2211 533 2370 602 dine,
2400 536 2771 592 charismatis
2815 537 3089 602 unctione
3119 536 3397 609 repletur.
3432 535 3537 592 Ubi
3571 537 3772 594 simila
3817 540 3875 594 in

2213 623 2422 680 Christi
2449 641 2719 698 corpore,
2752 630 2807 681 et
2833 625 3004 681 melle
3033 626 3094 680 in
3125 626 3253 696 ejus
3285 624 3536 698 eloquiis
3561 629 3876 698 enutritur,

2209 710 2315 766 ubi
2365 713 2599 769 circulis
2633 714 2850 769 divina
2906 713 3305 782 intelligentia
3365 728 3543 768 aures
3603 720 3877 787 ornatur,

2209 802 2476 872 martyrii
2542 807 2844 872 gemmata
2895 802 2957 857 in
3009 802 3200 874 capite
3259 817 3483 857 corona
3551 802 3876 873 refulgens,

2206 887 2392 961 bysso
2421 907 2556 964 qua
2587 897 2674 948 est
2695 891 2964 964 puritatis
3008 890 3298 946 indicium
3348 890 3625 960 cingitur,
3684 891 3746 947 id
3794 897 3883 948 est

2209 994 2414 1035 amore
2444 981 2792 1052 virginitatis
2819 987 2876 1036 et
2904 980 3218 1053 pudicitiae,
3247 979 3325 1035 ab
3357 980 3543 1047 omni,
3586 997 3724 1036 eam
3757 981 3880 1036 dis-

2207 1069 2498 1126 solutione
2564 1071 2896 1140 continens,
2963 1074 3426 1142 revocatamque
3503 1071 3878 1140 constringit.

2209 1158 2546 1216 Calciantur
2599 1160 2942 1233 hyacintho,
2992 1159 3097 1233 qui
3145 1161 3311 1216 color
3356 1176 3720 1230 praeparans
3769 1162 3882 1217 He-

2207 1247 2410 1304 braice
2439 1248 2672 1316 dicitur,
2707 1254 2768 1304 ut
2817 1249 3136 1322 praparati
3185 1249 3303 1304 sint
3351 1248 3536 1320 pedes
3587 1249 3663 1304 ad
3717 1266 3882 1322 pra-

2209 1341 2380 1410 cepta
2411 1338 2710 1407 Evangelii
2749 1338 2916 1411 pacis
2948 1354 3187 1410 semper
3217 1354 3590 1394 concurrere.
3641 1339 3744 1394 His
3789 1340 3884 1395 vi-

2207 1426 2420 1483 delicet
2439 1429 2804 1484 ornamentis
2835 1427 3104 1483 decorari
3143 1427 3424 1500 cupiebat
3455 1427 3734 1496 Ecclesia,
3769 1429 3882 1485 sed

2207 1516 2352 1588 quia
2377 1517 2579 1572 ornari
2609 1533 2728 1572 non
2785 1522 3017 1588 poterat
3065 1517 3177 1572 nisi
3226 1534 3332 1590 per
3375 1518 3505 1588 ejus
3554 1519 3885 1590 apparitio-

443 1605 722 1679 cipienda
746 1605 806 1660 in
841 1604 1088 1660 Christo.
1115 1606 1246 1658 Hac
1277 1619 1420 1674 ergo
1473 1601 1750 1668 Ecclesia,
1797 1601 1860 1656 in
1909 1617 2097 1674 quam
2137 1615 2179 1668 Β
2208 1620 2370 1674 nem,
2402 1605 2622 1660 idcirco
2670 1605 2825 1660 illius
2869 1605 3257 1660 visitationem
3311 1605 3713 1661 desiderabat.
3761 1611 3879 1662 Au-

443 1697 715 1753 omnium
745 1694 1114 1750 credentium
1144 1693 1205 1748 in
1236 1694 1463 1749 Christo
1485 1691 1806 1748 multitudo
1831 1690 2101 1747 consistit
2206 1694 2396 1750 dierat
2443 1695 2602 1750 enim
2654 1701 2943 1767 tanquam
2989 1711 3214 1766 sponsa
3259 1711 3366 1768 per
3411 1696 3772 1768 prophetam
3814 1698 3876 1752 in

441 1803 577 1859 qua
608 1790 764 1840 retro
795 1789 930 1840 ante
957 1782 1228 1838 videlicet
1259 1782 1466 1854 sponsi
1507 1781 1835 1837 adventum
1878 1781 1940 1836 in
1987 1797 2098 1836 suo

443 1875 735 1945 sanguine
792 1872 1189 1943 ignominiose
1239 1870 1478 1943 jacebat
1529 1875 1586 1926 et
1633 1869 2093 1936 commaculata,

437 1966 608 2037 juxta
639 1963 1019 2036 prophetam,
1047 1962 1107 2016 in
1132 1961 1289 2017 curis
1316 1961 1556 2030 magnis
1587 1960 1863 2030 enutrita,
1886 1964 1944 2015 et
1995 1977 2095 2015 us-

441 2071 558 2127 que
589 2054 666 2109 ad
695 2069 888 2109 annos
913 2051 1245 2126 pubertatis
1274 2055 1576 2122 provecta,
1601 2054 1657 2106 et
1675 2051 1806 2121 ejus
1821 2049 2097 2106 doctrina

439 2143 616 2216 quasi
647 2142 973 2198 monilibus
999 2144 1302 2202 exornata,
1358 2140 1463 2195 sed
1503 2140 1632 2211 ejus
1677 2139 2095 2210 conjunctione

437 2250 629 2306 usque
660 2233 740 2289 ad
769 2248 1023 2302 regnum
1053 2229 1343 2286 calorum
1376 2229 1716 2285 sublimata.
1773 2229 1887 2286 Sed
1941 2244 2094 2302 quo-

439 2323 622 2379 modo
645 2321 1042 2392 ignominiose
1068 2325 1126 2376 et
1145 2319 1498 2375 conculcata
1517 2319 1758 2390 jacebat
1802 2334 1908 2392 per
1958 2321 2093 2374 Pro-

436 2413 680 2484 phetam
711 2411 1070 2483 increpatur.
1106 2431 1133 2457 ‹‹
1159 2407 1348 2463 Radix
1369 2413 1472 2463 tua
1493 2412 1548 2464 et
1569 2405 1870 2477 generatio
1896 2411 1996 2462 tua
2017 2407 2092 2461 de

437 2505 593 2556 terra
624 2501 930 2556 Chanaan.
960 2499 1131 2554 Pater
1151 2501 1290 2552 tuus
1318 2497 1730 2562 Amorrhaus,
1789 2500 1846 2551 et
1903 2499 2094 2550 mater

439 2593 542 2643 tua
567 2589 783 2643 Cethea
812 2588 873 2642 in
893 2587 988 2642 die
1017 2602 1141 2658 qua
1169 2591 1311 2642 nata
1332 2602 1413 2641 es.
1450 2587 1514 2640 In
1541 2585 1636 2641 die
1662 2590 1826 2640 ortus
1855 2599 1978 2639 non
2005 2588 2094 2640 est

438 2677 723 2748 pracisus
749 2675 1068 2731 umbilicus
1103 2679 1258 2742 tuus,
1283 2691 1408 2731 non
1437 2691 1501 2730 es
1533 2674 1654 2730 lota
1682 2689 1846 2747 aqua
1871 2673 1934 2728 in
1994 2690 2092 2729 sa-

436 2764 645 2833 lutem,
668 2779 777 2820 nec
809 2762 929 2819 sale
961 2762 1154 2830 salita,
1184 2778 1293 2818 nec
1341 2761 1609 2818 involuta
1665 2760 1903 2834 pannis.
1963 2764 2091 2817 Non

435 2852 700 2927 pepercit
729 2868 907 2926 super
935 2857 990 2908 te
1019 2851 1229 2907 oculus
1249 2867 1420 2906 meus
1445 2855 1508 2906 ut
1536 2850 1755 2907 faceret
1777 2849 1879 2906 tibi
1899 2865 2092 2905 unum

437 2958 508 2998 ex
534 2942 648 3011 his,
680 2943 957 2997 misertus
985 2941 1087 3007 tui,
1120 2940 1225 2996 sed
1266 2939 1513 3010 jacebas
1572 2939 1737 2995 nuda
1794 2938 2090 3011 plenaque

433 3031 767 3103 ignominia
796 3029 1147 3087 conculcata
1175 3029 1236 3083 in
1259 3028 1550 3098 sanguine
1582 3031 1703 3084 tuo.
1741 3026 1932 3084 Ubera
1990 3031 2092 3082 tua

433 3121 867 3190 intumuerunt,
923 3124 979 3175 et
1036 3118 1193 3190 pilus
1233 3122 1369 3172 tuus
1427 3116 1799 3186 germinavit,
1855 3121 1910 3171 et
1953 3131 2088 3171 ecce

431 3216 672 3284 tempus
707 3217 878 3267 tuum
909 3209 1267 3270 amantium,
1290 3211 1347 3262 et
1363 3206 1608 3274 jacebas
1637 3207 1823 3276 nuda,
1881 3205 2090 3262 confu-

433 3303 616 3358 sionis
643 3302 826 3373 plena
885 3300 1125 3370 (Ezech.
1157 3300 1339 3369 xvm).
1375 3321 1402 3348 ››
1460 3301 1526 3353 Et
1552 3297 1806 3370 qualiter
1846 3313 1951 3368 per
1980 3295 2087 3351 ad-

431 3399 679 3448 ventum
703 3409 823 3446 suae
854 3391 988 3460 conj
1001 3390 1295 3444 unctionis
1327 3389 1520 3444 facere
1551 3388 1736 3444 voluit
1784 3403 1972 3442 unum
2016 3403 2089 3442 ex

432 3480 525 3534 his
546 3479 820 3533 misertus
852 3478 944 3531 sui
988 3476 1296 3545 subjunxit
1360 3494 1372 3530 :
1434 3479 1562 3530 «Et
1618 3475 1752 3530 misi
1801 3475 2088 3531 amictum

431 3583 659 3635 meum,
692 3571 749 3621 et
772 3563 1394 3637 operuiignominiam
1426 3569 1609 3618 tuam.
1653 3563 1790 3618 Lavi
1821 3567 1872 3618 te
1929 3580 2090 3636 aqua

432 3662 489 3711 et
508 3655 800 3710 mundavi
823 3653 1179 3722 sanguinem
1211 3657 1380 3706 tuum
1403 3668 1468 3706 ex
1498 3657 1570 3722 te,
1605 3657 1660 3707 et
1688 3653 1831 3707 unxi
1857 3657 1910 3708 te
1933 3653 2085 3723 oleo,

431 3750 485 3801 et
504 3744 706 3800 vestivi
729 3749 780 3799 te
810 3742 1162 3798 vestimento
1185 3740 1598 3796 multicolorio.
1623 3741 1826 3796 Simila
1842 3747 1898 3797 et
1915 3741 2086 3798 melle

429 3833 643 3890 nutrivi
675 3839 743 3889 te.
781 3831 945 3890 Cinxi
973 3836 1024 3887 te
1050 3830 1255 3902 bysso,
1280 3835 1337 3886 et
1365 3829 1607 3886 calciavi
1648 3835 1700 3886 te
1757 3831 2084 3903 hyacintho

428 3929 483 3980 et
512 3923 687 3996 posui
719 3938 1007 3978 coronam
1034 3920 1266 3976 decoris
1299 3919 1359 3975 in
1391 3920 1582 3991 capite
1610 3924 1733 3986 tuo,
1757 3925 1814 3976 et
1831 3920 2085 3976 circulos

427 4013 490 4068 in
514 4011 760 4067 auribus
792 4013 927 4081 tuis,
960 4016 1017 4066 et
1039 4010 1232 4080 juravi
1266 4009 1368 4065 tibi
1399 4015 1456 4065 et
1485 4009 1790 4078 ingressus
1819 4027 1952 4064 sum
1981 4026 2086 4082 pa-

427 4107 589 4157 ctum
617 4106 833 4168 tecum,
865 4105 921 4156 et
948 4100 1105 4156 facta
1133 4115 1197 4154 es
1225 4098 1391 4166 mihi,
1453 4098 1533 4154 ait
1585 4098 1872 4154 Dominus
1932 4101 2084 4154 Deus

426 4191 644 4262 (Ibid).
681 4213 708 4239 ››
761 4189 934 4254 Quod
993 4188 1272 4260 quamvis
1331 4186 1500 4258 plebs
1582 4188 1927 4243 Judaorum
1985 4204 2080 4244 ar-

427 4284 644 4349 guatur
665 4282 1008 4345 contumax,
1042 4275 1365 4348 alloquitur
1393 4275 1453 4330 in
1485 4277 1615 4345 ejus
1640 4291 1901 4347 persona
1948 4293 2079 4332 om-

422 4369 517 4424 nis
551 4367 755 4424 anima
779 4384 910 4440 quan
940 4381 1047 4438 per
1073 4366 1384 4421 lavacrum
1422 4364 1886 4434 regenerationis
1939 4382 2080 4422 nas-

421 4458 590 4525 citur,
621 4472 727 4530 per
756 4455 1116 4512 voluntatem
1148 4455 1296 4524 ejus,
1329 4469 1465 4524 qua
1497 4469 1631 4508 eam
1654 4453 1820 4526 prius
1862 4469 2081 4523 genue-

419 4552 510 4604 rat
540 4564 646 4620 per
674 4549 986 4618 peccatum
1011 4541 1364 4608 Amorrhai,
1388 4541 1491 4614 qui
1520 4557 1767 4598 amarus
1787 4542 2075 4616 interpre-

418 4641 595 4706 tatur,
649 4635 709 4690 id
759 4642 846 4691 est
898 4633 1144 4700 diaboli,
1201 4637 1256 4689 et
1308 4647 1413 4703 per
1460 4630 1956 4687 consuetudinem
1978 4649 2080 4688 ne-

417 4725 811 4797 fariam,qua
863 4724 1078 4780 Cethea
1135 4720 1414 4795 prasenti
1467 4719 1600 4780 loco
1654 4720 1886 4790 dicitur,
1939 4738 2074 4794 qua

415 4815 625 4869 mentis
676 4829 948 4869 excessus
973 4813 1412 4883 interpretatur,
1440 4809 1612 4866 fuerit
1637 4809 1821 4866 oblita
1851 4810 2078 4883 impro-

414 4901 566 4964 bari,
599 4901 890 4971 probatur
916 4901 1322 4972 increpatione
1348 4917 1533 4973 quam
1565 4900 1826 4956 clemens
1875 4902 2076 4958 Domi-

415 5003 530 5042 nus
563 4991 764 5042 nostcr
793 4989 968 5042 Jesus
1000 4989 1282 5057 Christus,
1341 5005 1446 5060 per
1505 4994 1777 5044 sanctam
1831 4990 2073 5060 appari—

413 5075 634 5131 tionem
667 5091 860 5136 suam,
895 5074 1030 5130 licet
1053 5076 1382 5132 nescienter
1402 5076 1476 5132 de
1528 5077 1826 5149 pradictis
1885 5077 2074 5132 sordi-

409 5165 526 5220 bus
560 5163 870 5218 collectam
902 5164 1194 5230 enutrivit,
1247 5169 1304 5218 et
1346 5165 1619 5236 pretiosis
1670 5163 1932 5219 vestibus
1985 5163 2072 5218 vel

411 5252 738 5308 monilibus
759 5253 1090 5323 exornavit,
1121 5257 1178 5308 et
1209 5253 1322 5308 sibi
1373 5257 1710 5309 consortem
1764 5251 1932 5321 regni
1986 5251 2070 5308 fa-

411 5357 542 5397 cere
563 5346 652 5397 est
680 5341 964 5410 dignatus
983 5358 1090 5414 per
1122 5342 1485 5397 sacrosancti
1534 5339 1915 5412 baptismatis
1964 5357 2072 5396 un-

404 5431 568 5498 dam,
630 5430 732 5485 ubi
805 5431 1066 5500 gloriosa
1115 5429 1332 5503 copula
1387 5429 1599 5485 Christi
1667 5427 1771 5483 Flii
1830 5429 1930 5485 Dei
2011 5436 2069 5487 et

405 5521 678 5578 Ecclesia
726 5521 1077 5578 celebratur.
1130 5522 1191 5574 In
1221 5534 1343 5592 quo
1372 5535 1542 5574 sacro
1573 5518 1855 5591 mysterio
1896 5519 2065 5576 ablu-

405 5612 576 5670 'oniis
622 5627 784 5685 aqua
839 5610 1074 5668 lavatur
1115 5607 1421 5683 sapientia
1463 5607 1587 5666 sale
1649 5615 1945 5682 suscepto,
1978 5609 2066 5666 in-

2204 1799 2464 1855 persona
2517 1784 2742 1856 sponsi,
2774 1783 2832 1838 id
2878 1788 2968 1838 est
2992 1783 3160 1838 Verbi
3207 1783 3303 1838 Dei
3354 1784 3539 1838 Patris
3581 1784 3872 1841 dicentis:

2206 1895 2234 1922 ‹‹
2266 1871 2656 1944 Desponsabo
2709 1877 2763 1928 te
2807 1871 2954 1927 mihi
3000 1873 3061 1927 in
3111 1872 3563 1944 sempiternum,
3617 1873 3875 1946 despon-

2206 1960 2355 2016 sabo
2387 1961 2602 2016 temihi
2631 1960 2692 2016 in
2712 1960 2959 2031 justitia,
3003 1960 3388 2032 desponsabo
3436 1965 3489 2016 te
3516 1963 3663 2017 mihi
3693 1962 3753 2018 in
3777 1964 3874 2033 ju-

2203 2049 2381 2116 dicio,
2412 2049 2800 2122 desponsabo
2830 2055 2883 2105 te
2907 2049 3052 2104 mihi
3075 2050 3133 2104 in
3157 2050 3588 2120 misericordia,
3612 2051 3876 2124 despon-

2205 2137 2354 2194 sabo
2384 2142 2438 2194 te
2469 2139 2614 2194 mihi
2643 2139 2704 2194 in
2732 2138 2850 2193 ﬁde
2880 2139 3030 2208 (Ose.
3058 2143 3141 2204 ιι).
3179 2161 3205 2187 ››
3240 2141 3305 2194 Et
3334 2155 3441 2212 per
3469 2139 3682 2196 Isaiam
3714 2141 3878 2196 simi-

2201 2226 2333 2282 liter
2362 2243 2475 2282 vox
2505 2227 2693 2300 ipsius
2725 2226 2992 2282 Ecclesia
3020 2227 3101 2282 ait
3128 2245 3141 2281 :
3177 2249 3204 2276 «
3229 2228 3430 2283 Posuit
3453 2228 3596 2284 mihi
3624 2230 3872 2284 mitram

2205 2315 2358 2371 sicut
2385 2332 2621 2388 sponsa
2651 2321 2708 2372 et
2736 2315 2929 2371 induit
2960 2332 3054 2370 mc
3080 2317 3447 2372 vestimentis
3471 2317 3694 2388 salutis,
3716 2319 3880 2374 sicut

2204 2421 2495 2477 sponsum
2524 2405 2872 2461 decoratum
2905 2421 3149 2471 corona,
3189 2412 3244 2460 et
3275 2407 3421 2461 sicut
3449 2421 3729 2477 sponsam
3764 2421 3864 2458 or-

2201 2500 2406 2550 natam
2436 2495 2762 2550 monilibus
2792 2495 2915 2550 suis
2940 2494 3328 2550 circumdedit
3350 2511 3440 2548 me
3473 2495 3610 2562 (Isa.
3644 2497 3782 2561 Lxr).
3825 2514 3857 2540 »

2203 2586 2269 2639 Et
2292 2584 2607 2640 Zacharias
2622 2583 3041 2654 hujuscemodi
3058 2583 3298 2653 gloriam
3326 2581 3638 2654 trepidanti
3659 2581 3864 2634 Eccle-

2203 2673 2303 2728 sia
2333 2674 2672 2728 nuntiatam
2691 2673 2948 2728 dicendo
2966 2673 3041 2728 ait
3065 2690 3077 2726 :
3103 2695 3128 2720 ‹‹
3154 2671 3277 2727 Noli
3303 2671 3530 2734 timere,
3546 2670 3672 2724 ﬁlia
3694 2669 3869 2737 Sion,

2203 2779 2338 2818 ecce
2370 2765 2486 2818 Rex
2509 2768 2646 2818 tuus
2677 2762 2836 2818 venit
2856 2762 2958 2818 tibi
2986 2761 3139 2817 mitis
3161 2766 3215 2815 et
3239 2764 3613 2826 mansuetus,
3646 2757 3874 2814 sedens

2201 2867 2382 2924 super
2411 2851 2642 2924 pullum
2675 2852 2878 2921 asina,
2921 2851 3187 2907 Salvator
3229 2854 3286 2905 et
3331 2849 3694 2921 Redemptor
3740 2849 3872 2920 ipse

2131 2972 2171 3027 C
2199 2945 2291 2995 est
2321 2940 2531 3009 (Zach.
2561 2941 2663 3011 IX).
2693 2962 2719 2988 ››
2745 2941 2806 2996 Hi
2831 2956 2972 3008 ergo
2996 2955 3206 2994 omnes
3248 2937 3599 3027 patriarcha
3625 2942 3682 3027 et
3726 2953 3869 3008 pro-

2199 3029 2416 3101 pheta,
2444 3027 2727 3099 futuram,
2759 3027 3120 3084 ineffabilem
3149 3027 3358 3083 Christi
3387 3031 3444 3082 et
3468 3025 3739 3082 Ecclesia
3771 3041 3872 3080 co-

2199 3117 2405 3190 pulam
2429 3117 2711 3174 cecinere.
2738 3117 3058 3189 Apostolus
3084 3121 3285 3173 autem
3331 3115 3460 3187 jam
3505 3114 3871 3170 celebratam

2201 3205 2476 3278 exposuit
2502 3206 2745 3262 dicens:
2779 3205 2966 3276 «Viri,
2999 3205 3222 3273 diligite
3255 3220 3468 3259 uxores
3501 3207 3749 3274 vestras,
3785 3203 3866 3258 si-

2197 3300 2296 3351 cut
2316 3295 2581 3350 Christus
2605 3294 2923 3350 Ecclesiam
2953 3293 3174 3360 dilexit,
3208 3293 3311 3365 qui
3338 3293 3728 3364 semetipsum
3753 3297 3870 3348 tra-

2199 3383 2350 3439 didit
2381 3399 2488 3455 pro
2519 3399 2611 3450 ea,
2654 3388 2718 3439 ut
2759 3384 2888 3456 ipse
2936 3383 3048 3439 sibi
3073 3381 3375 3438 exhiberet
3405 3380 3871 3436 immaculatum

2199 3472 2546 3535 Ecclesiam,
2596 3488 2719 3528 non
2773 3472 3095 3528 habentem
3152 3471 3456 3528 maculam
3505 3475 3608 3526 aut
3645 3486 3870 3540 rugam

2200 3561 2436 3632 (Ep/ws.
2470 3562 2550 3630 v).
2584 3583 2611 3610 »
2644 3564 2708 3616 Et
2737 3561 2950 3616 iterum
2979 3560 3058 3616 ad
3089 3559 3423 3616 Corinthios
3454 3577 3466 3615 :
3503 3582 3528 3608 ‹‹
3559 3558 3871 3631 Despondi

2197 3650 2355 3706 enim
2379 3666 2486 3705 vos
2510 3650 2612 3705 uni
2639 3650 2764 3706 viro
2803 3651 3093 3720 virginem
3123 3655 3352 3706 castam
3383 3649 3657 3705 exhibere
3701 3647 3871 3704 Chri-

2195 3743 2285 3794 sto
2311 3739 2398 3807 (II
2422 3741 2560 3796 Cor.
2599 3741 2700 3810 x1).
2739 3761 2764 3790 »
2812 3743 2874 3794 Et
2904 3739 3018 3795 alio
3056 3739 3190 3795 loco
3221 3740 3301 3794 ita
3331 3739 3676 3797 exhortatur
3718 3737 3873 3792 ﬁde-

2191 3828 2317 3884 les:
2375 3829 2547 3884 «Vos
2577 3829 2716 3884 estis
2767 3845 2985 3901 corpus
3033 3829 3262 3894 Christi,
3309 3834 3365 3884 et
3395 3844 3535 3884 caro
3561 3828 3634 3883 de
3683 3842 3868 3882 carne

2195 3918 2324 3988 ejus
2341 3919 2398 3988 (Ι
2417 3921 2545 3974 Cor.
2569 3922 2694 3984 xu).
2722 3918 2864 3972 Huic
2891 3918 3165 3974 videlicet
3194 3917 3372 3973 tantis
3399 3934 3470 3972 ac
3499 3916 3714 3972 talibus
3746 3921 3863 3971 tes-

2194 4006 2351 4062 tibus
2365 4006 3166 4073 conﬁrmanda,adhibenda
3179 4011 3315 4062 sunt
3331 4005 3538 4062 omnia
3550 4003 3738 4061 ofﬁcia
3749 4018 3859 4057 nu-

2191 4096 2473 4167 ptiarum.
2505 4095 2610 4151 Ubi
2637 4099 2852 4166 prasto
2880 4094 2996 4150 sint
3025 4095 3205 4151 etiam
3227 4093 3403 4151 amici
3435 4093 3662 4166 sponsi,
3689 4090 3865 4147 soda-

2191 4185 2278 4240 les
2313 4186 2493 4241 etiam
2525 4201 2781 4257 sponsa,
2814 4201 3011 4241 mores
3041 4201 3284 4257 quoque
3314 4184 3710 4255 cantantium,
3754 4183 3868 4256 qui

2193 4273 2352 4328 dulci
2406 4273 2817 4330 modulamine
2868 4274 3076 4346 sponsi
3127 4273 3453 4347 potentiam
3499 4277 3721 4329 canant
3766 4273 3869 4328 vel

2196 4377 2431 4434 sponsa
2480 4361 2983 4435 pulchritudinem
3028 4362 3294 4432 laudent,
3347 4378 3469 4434 qua
3514 4362 3864 4432 largitatem

2193 4450 2398 4523 sponsi
2417 4455 2504 4506 est
2535 4456 2873 4517 consecuta,
2901 4451 3214 4522 quomodo
3242 4467 3303 4506 se
3330 4450 3598 4506 excelsus
3622 4450 3869 4506 humili-

2195 4540 2404 4596 taverit
2442 4540 2514 4596 de
2546 4540 2646 4596 illa
2677 4540 2985 4596 altitudine
3025 4540 3258 4597 deitatis
3308 4540 3519 4596 limum
3550 4539 3861 4612 profundi,

2189 4635 2254 4686 ut
2285 4630 2594 4700 humilem,
2618 4631 3034 4702 dejectamque
3064 4631 3261 4687 carnis
3292 4630 3608 4688 materiam
3637 4631 3715 4687 ad
3747 4648 3867 4686 caa-

2185 4718 2383 4775 lorum
2402 4719 2638 4775 culmen
2650 4721 2907 4776 levatam
2925 4736 3048 4775 sua
3061 4720 3360 4791 majestati
3376 4721 3510 4790 conj
3521 4721 3868 4789 ungeret.Et

2187 4809 2524 4866 notandum
2568 4810 2712 4882 quia
2746 4808 3075 4882 aliquando
3127 4809 3430 4882 Scriptura
3459 4825 3632 4866 sacra
3663 4809 3868 4866 Domi-

2187 4915 2335 4955 num
2351 4905 2546 4971 vocat,
2571 4899 2898 4972 aliquando
2915 4903 3168 4972 patrem,
3189 4898 3516 4972 aliquando
3535 4916 3862 4972 sponsum.

2185 4989 2439 5054 Quando
2463 4991 2621 5045 enim
2643 4989 2769 5044 vult
2799 5005 2859 5044 se
2881 4988 3091 5052 timeri,
3119 4989 3442 5044 Dominum
3465 5007 3525 5046 se
3547 4991 3861 5048 nominat:

2183 5077 2431 5150 quando
2452 5077 2577 5133 vult
2596 5079 2899 5145 honorari,
2926 5083 3158 5151 patrem
3185 5096 3198 5146 ;
3229 5079 3478 5151 quando
3498 5079 3624 5136 vult
3639 5082 3860 5150 amari,

2183 5181 2495 5237 sponsum.
2521 5169 2649 5236 Ipse
2674 5182 2782 5239 per
2810 5168 3170 5240 prophetam
3193 5167 3336 5224 dicit
3360 5186 3373 5223 :
3415 5189 3440 5218 «
3475 5167 3532 5225 Si
3563 5168 3863 5225 Dominus

2182 5269 2335 5320 sum,
2372 5253 2474 5309 ubi
2505 5259 2595 5310 est
2624 5255 2802 5312 timor
2845 5273 3016 5312 meus
3045 5258 3072 5312 ‘I
3110 5257 3168 5313 Si
3211 5260 3380 5314 Pater
3420 5274 3532 5328 ego
3559 5275 3718 5330 sum,
3754 5258 3864 5315 ubi

2180 5345 2268 5396 est
2291 5342 2486 5400 honor
2514 5360 2686 5400 meus
2711 5349 2738 5400 ?
2768 5346 2938 5414 (Μαι.
2964 5347 3001 5418 ι)
3038 5370 3064 5396 ››
3097 5349 3165 5403 Et
3193 5364 3436 5403 rursum
3479 5347 3654 5405 dicit:
3692 5371 3720 5397 «
3745 5349 3860 5404 De-

2178 5434 2462 5503 sponsavi
2490 5438 2544 5490 te
2574 5435 2718 5490 mihi
2741 5435 2800 5491 in
2818 5435 3067 5506 justitia,
3100 5441 3156 5492 et
3183 5436 3322 5508 ﬁde,
3350 5436 3445 5493 vel
3475 5442 3630 5493 certe
3659 5454 3861 5493 recor-

2177 5518 2355 5575 datus
2383 5537 2516 5576 sum
2539 5522 2654 5578 diei
2681 5524 3164 5596 desponsationis
3197 5530 3309 5580 tua
3341 5525 3402 5580 in
3429 5525 3664 5581 deserto
3699 5526 3858 5596 (Ose.

2177 5611 2260 5675 ιι).
2299 5631 2326 5658 ››
2357 5612 2421 5666 Et
2451 5611 2599 5683 quid
2623 5617 2714 5671 est
2736 5614 2904 5687 apud
2927 5616 3139 5680 Deum,
3185 5613 3460 5687 quando,
3502 5619 3559 5672 et
3599 5614 3862 5688 quando
