4092 6176
176 236 266 290 561
799 193 808 200 ν
1365 227 1617 283 ENARR.
1659 225 1728 281 IN
1776 223 2082 282 CANTICA
2121 227 2398 283 CANTIC.

3487 233 3592 286 562

175 370 288 411 non
315 358 420 410 est.
455 352 571 410 Sed
605 352 754 425 quia
783 351 948 425 prius
977 351 1171 406 timeri
1201 367 1264 406 se
1293 349 1422 406 vult
1464 352 1528 405 ut
1565 349 1823 405 honore-
1854 351 1900 403 A
1937 349 2016 404 ris
2041 349 2278 406 foveam
2305 351 2607 424 paulisper
2631 351 2906 423 deposita
2927 349 3078 406 stola
3095 349 3172 405 ad
3191 352 3587 423 quaerendum

175 449 276 508 tur,
306 448 364 498 et
406 443 575 515 prius
605 440 912 507 honorari,
959 444 1023 494 ut
1051 439 1128 495 ad
1160 441 1291 509 ejus
1323 454 1592 494 amorem
1624 452 1828 510 perve-

173 533 384 600 niatur,
417 537 476 587 et
503 532 824 587 Dominum
864 547 924 585 se
955 533 1200 601 propter
1229 529 1505 584 timorem
1537 527 1827 596 nominat,

175 627 224 677 et
254 627 493 694 patrem
532 625 773 692 propter
802 619 1114 686 honorem,
1151 622 1208 672 et
1248 632 1544 689 sponsum
1589 618 1832 688 propter

178 726 471 776 amorem,
504 714 568 764 ut
593 725 700 782 per
744 708 1022 763 timorem
1065 706 1346 762 veniatur
1393 705 1473 761 ad
1514 705 1827 767 honorem,

176 814 283 872 per
320 799 608 854 honorem
653 813 794 852 vero
828 797 956 866 ejus
988 796 1369 868 perveniatur
1409 794 1488 849 ad
1533 809 1826 850 amorem.

184 889 418 953 Quanto
439 901 586 956 ergo
609 885 846 954 dignius
876 890 964 940 est
991 885 1187 941 honor
1226 900 1414 957 quam
1442 883 1641 953 timor,
1663 885 1829 938 tanto

182 976 316 1049 plus
360 976 580 1045 gaudet
623 977 774 1030 Deus
825 979 996 1047 pater
1023 974 1139 1029 dici
1183 990 1369 1047 quam
1415 973 1721 1029 Dominus.
1763 974 1832 1028 Et

179 1069 404 1137 quanto
436 1079 578 1133 ergo
607 1063 847 1118 charius
877 1067 983 1130 est,
1021 1079 1192 1118 amor
1216 1079 1403 1135 quam
1431 1061 1648 1130 honor,
1661 1063 1830 1116 tanto

173 1153 311 1226 plus
335 1151 556 1222 gaudet
581 1155 758 1218 Deus,
794 1168 1059 1224 sponsus
1081 1168 1270 1224 quam
1295 1156 1483 1224 pater.
1517 1153 1582 1205 In
1610 1150 1726 1206 hoc
1743 1164 1830 1204 er—

174 1258 245 1314 go
265 1241 422 1297 libro
445 1242 733 1297 Dominus
763 1246 818 1296 et
851 1241 1131 1308 Ecclesia,
1164 1256 1288 1296 non
1319 1239 1607 1296 dominus
1635 1244 1690 1295 et
1721 1253 1829 1293 an-

173 1331 327 1400 cilla,
351 1330 456 1386 sed
490 1346 753 1403 sponsus
779 1330 1128 1385 nominatur
1143 1335 1199 1385 et
1221 1345 1466 1402 sponsa,
1491 1332 1556 1383 ut
1574 1343 1698 1383 non
1721 1326 1830 1383 soli

173 1420 391 1492 timori,
423 1435 546 1475 non
601 1419 710 1474 soli
745 1419 1110 1489 reverentiae,
1143 1419 1246 1475 sed
1278 1419 1457 1474 etiam
1506 1416 1698 1472 amori
1729 1415 1830 1471 de-

174 1510 484 1576 serviatur,
507 1511 635 1564 etin
667 1509 865 1564 verbis
895 1508 1278 1564 exterioribus
1295 1507 1566 1563 incitetur
1581 1505 1830 1561 affectus

172 1600 434 1656 interior.
466 1603 614 1656 Cum
647 1615 709 1653 se
743 1599 1061 1654 Dominum
1085 1598 1379 1665 nominat,
1411 1596 1636 1651 indicat
1664 1593 1831 1667 quod

1936 438 2318 511 descendere,
2351 447 2406 495 et
2434 441 2742 496 inventum
2772 457 3009 496 rursum
3039 457 3160 494 suae
3189 439 3444 496 dexteras
3463 443 3593 498 red-

1936 527 2075 583 dere
2130 533 2276 585 Nam
2295 530 2590 602 quidquid
2618 530 2862 596 humile,
2891 529 3188 603 quidquid
3211 529 3587 594 vilissimum,

1936 617 2229 690 quidquid
2259 619 2610 692 despectum
2637 620 3073 692 indignumque
3091 619 3269 674 stulta
3285 620 3362 674 im
3372 621 3591 693 piaque

1938 706 2234 775 gentilitas
2264 708 2544 780 opinatur
2570 709 2743 778 cujus
2771 707 3200 763 incredulitatis
3225 707 3416 778 caligo
3446 726 3592 765 ocu-

1937 793 2026 850 los
2056 795 2250 850 cordis
2280 796 2541 858 caecavit,
2590 796 2703 852 hoc
2754 797 3103 865 gloriosum,
3150 797 3264 852 hoc
3295 797 3588 864 mirabile,

1936 883 2073 947 hoc,
2103 884 2376 957 inquam,
2409 884 2799 954 magniﬁcum
2833 885 2996 957 apud
3042 884 3309 940 divinam
3339 886 3592 941 clemen-

1936 973 2080 1030 tiam
2134 979 2192 1030 et
2240 990 2451 1030 omnes
2503 975 2741 1030 virtutes
2791 975 3057 1029 cmlestes
3111 991 3239 1028 esse
3280 976 3589 1047 probatur.

1937 1067 2085 1120 Nam
2115 1080 2251 1137 quae
2276 1064 2571 1119 immensa
2597 1066 2882 1135 potentia,
2917 1080 3051 1134 quae
3086 1063 3364 1119 bonitatis
3390 1065 3592 1120 dulce-

1938 1154 2037 1222 do,
2070 1171 2204 1226 quae
2235 1153 2631 1209 miserationis
2650 1153 3011 1225 superlativa
3037 1143 3308 1208 omnium
3341 1171 3593 1226 operum

1938 1244 2254 1312 ﬂagrantia
2284 1247 2547 1315 paternas
2607 1242 2861 1310 virtutis,
2891 1241 3190 1298 admirata
3229 1242 3306 1296 ab
3341 1243 3589 1312 angelis,

1937 1331 2334 1404 omniumque
2394 1336 2740 1387 sanctorum
2773 1331 2968 1385 choris
2999 1330 3299 1402 prascelsis
3351 1331 3596 1385 vocibus

1939 1421 2239 1493 perpetuis
2267 1419 2547 1475 laudibus
2574 1419 2835 1482 offertur,
2857 1419 2968 1474 nisi
3000 1419 3286 1474 Dominus
3316 1418 3593 1474 ancillam

1938 1525 2072 1564 vere
2096 1508 2550 1581 pauperculam,
2582 1513 2646 1562 ut
2693 1514 2970 1563 externus
3021 1508 3334 1563 mortalem
3366 1524 3473 1580 per
3503 1524 3599 1562 as-

1940 1597 2342 1670 sumptionem
2373 1597 2568 1652 carnis
2589 1596 2875 1651 Dominus
2903 1599 3070 1652 Jesus
3103 1597 3365 1653 Christus
3407 1595 3596 1652 Eccle-

174 1689 348 1744 creati
367 1689 768 1743 sumus.Cum
790 1704 852 1742 se
869 1692 1101 1760 patrem
1123 1688 1414 1753 nominat,
1429 1682 1832 1756 indicatquod
1867 1701 1912 1755 Β
1941 1688 2116 1756 siam,
2143 1686 2205 1742 id
2234 1691 2322 1741 est
2361 1687 2459 1741 Dei
2490 1702 2690 1741 sermo
2718 1686 2832 1741 sibi
2861 1687 3126 1742 animam
3158 1686 3271 1741 sub
3307 1687 3596 1756 conjunc-

173 1779 497 1849 conjuncti.
531 1777 665 1833 Plus
709 1782 801 1832 est
850 1782 1052 1832 autem
1099 1777 1456 1848 conjunctos
1509 1789 1640 1829 esse
1689 1776 1828 1842 Deo,

173 1884 360 1941 quam
376 1872 608 1922 creatos
625 1871 682 1922 et
697 1865 1033 1938 adoptatos.
1055 1865 1148 1920 Sic
1165 1868 1368 1921 autem
1393 1862 1745 1934 generaliter
1760 1877 1834 1916 ex

172 1972 315 2012 voce
349 1955 620 2011 Ecclesiae
643 1955 940 2010 adventus
964 1954 1199 2009 Domini
1229 1954 1289 2008 in
1313 1953 1427 2008 hoc
1453 1967 1631 2024 opere
1653 1965 1836 2023 praes-

175 2045 415 2114 tolatur,
447 2049 509 2099 ut
535 2045 714 2098 etiam
742 2042 1076 2115 specialiter
1107 2057 1495 2113 unaquaquee
1527 2040 1734 2095 anima
1749 2039 1832 2093 in-

172 2150 452 2203 gressum
480 2132 578 2188 Dei
609 2132 687 2187 ad
712 2148 814 2187 cor
832 2148 1031 2195 suum,
1067 2137 1356 2201 tanquam
1379 2128 1610 2183 aditum
1634 2126 1838 2199 sponsi

172 2222 239 2276 in
263 2221 599 2277 thalamum
631 2219 906 2292 accipiat.
935 2222 1000 2273 Et
1025 2218 1337 2272 sciendum
1366 2217 1511 2288 quia
1541 2216 1601 2271 in
1631 2217 1745 2271 hoc
1768 2215 1838 2270 li-

175 2309 296 2363 bro
349 2313 606 2380 quatuor
658 2322 928 2380 personae
983 2305 1297 2378 loquentes
1359 2304 1836 2374 introducuntur,

177 2411 448 2467 sponsus
472 2395 741 2450 videlicet
770 2410 1014 2467 sponsa,
1045 2393 1507 2450 adolescentulis
1535 2408 1672 2448 vero
1701 2408 1840 2448 cum

171 2499 432 2556 sponsa,
462 2489 518 2540 et
567 2500 779 2554 greges
814 2483 1114 2539 sodalium
1161 2499 1298 2538 cum
1331 2498 1574 2555 sponso.
1607 2483 1838 2554 Sponsa

170 2574 339 2628 enim
369 2573 506 2645 ipsa
536 2573 799 2646 perfecta
830 2572 1090 2628 Ecclesia
1115 2576 1222 2638 est,
1262 2587 1519 2643 sponsus
1548 2570 1836 2626 Dominus

172 2663 329 2717 sicut
356 2662 568 2718 crebro
599 2661 827 2716 dictum
872 2666 978 2716 est.
1011 2660 1477 2716 Adolescentulaa
1524 2675 1667 2716 vero
1695 2675 1835 2714 cum

173 2767 408 2824 sponsa
428 2756 565 2806 sunt
593 2751 948 2805 inchoantes
979 2750 1218 2816 animas,
1243 2753 1298 2804 et
1330 2765 1436 2820 per
1457 2765 1680 2804 novum
1713 2754 1834 2803 stu-

173 2840 342 2896 dium
373 2840 791 2913 pubescentes.
823 2838 1069 2895 Sodales
1099 2854 1242 2894 vero
1283 2838 1488 2910 sponsi
1541 2843 1680 2892 sunt
1713 2837 1836 2892 sive

171 2929 372 3000 angeli
397 2930 501 3002 qui
531 2945 691 3002 saepe
724 2927 1072 2983 hominibus
1092 2928 1172 2982 ad
1201 2928 1364 3000 ipsos
1394 2927 1700 2982 venientes
1729 2943 1835 2999 ap-

172 3025 524 3092 paruerunt,
561 3035 670 3074 seu
699 3023 852 3074 certe
883 3016 1126 3090 perfecti
1156 3017 1380 3089 quique
1407 3016 1513 3071 viri
1546 3017 1608 3071 in
1641 3015 1836 3072 Eccle-
1868 3049 1910 3101 ο

173 3110 276 3176 sia,
303 3109 414 3182 qui
441 3111 684 3164 veritate
708 3106 1055 3163 hominibus
1077 3106 1352 3162 nuntiare
1381 3110 1706 3160 noverunt:
1732 3105 1838 3160 sed

171 3199 272 3270 qui
299 3198 653 3269 singillatim
685 3194 1146 3252 adolescentuer
1172 3194 1262 3249 vel
1286 3193 1524 3249 sodales
1545 3200 1703 3260 sunt,
1738 3194 1840 3249 toti

177 3288 357 3344 simul
413 3304 638 3360 sponsa
670 3291 825 3352 sunt,
867 3285 971 3358 qui
1011 3284 1115 3340 toti
1146 3283 1327 3338 simul
1370 3282 1631 3338 Ecclesia
1679 3287 1836 3349 sunt,

175 3378 459 3448 quamvis
507 3382 564 3433 et
587 3377 762 3448 juxta
793 3388 1293 3445 unumquemque
1325 3371 1560 3426 ﬁdelem
1591 3371 1720 3427 haec
1759 3372 1842 3427 ita

175 3467 428 3522 nomina
456 3466 645 3537 accipi
698 3469 970 3538 possunt.
1019 3465 1167 3517 Nam
1198 3460 1301 3534 qui
1360 3461 1681 3516 Dominum
1711 3461 1840 3532 jam

176 3557 436 3630 perfecte
457 3561 642 3619 amat,
675 3569 902 3626 sponsa
931 3556 1053 3607 est:
1087 3551 1191 3623 qui
1231 3566 1523 3622 sponsum
1556 3550 1844 3623 praedicat

180 3646 412 3702 sodalis
439 3651 545 3714 est,
577 3645 682 3717 qui
708 3643 908 3699 adhuc
930 3640 1200 3696 novellus
1229 3640 1392 3695 viam
1423 3639 1724 3695 bonorum
1750 3656 1839 3696 se-

181 3735 411 3806 quitur,
441 3731 877 3788 adolescentula
907 3736 1012 3785 est.
1039 3729 1346 3784 lmitamur
1375 3743 1517 3799 ergo
1549 3734 1612 3784 ut
1653 3730 1842 3784 simus

189 3837 443 3894 sponsa.
491 3823 545 3877 Si
570 3823 691 3876 haec
719 3820 992 3876 nondum
1041 3818 1328 3884 valemus,
1365 3817 1555 3873 simus
1583 3818 1840 3874 sodales.

197 3911 256 3967 Si
284 3926 479 3983 neque
507 3910 618 3965 hoc
646 3909 845 3982 adepti
869 3924 1098 3978 sumus,
1129 3906 1336 3962 saltem
1371 3907 1445 3962 ad
1476 3907 1635 3962 hunc
1659 3907 1844 3962 thala-

186 4016 358 4055 mum
393 3999 546 4055 velut
573 3997 1035 4054 adolescentulis
1058 3995 1506 4051 conveniamus.
1523 3995 1636 4050 Sed
1658 3994 1841 4049 scien-

178 4089 328 4144 dum
363 4093 688 4160 antequam
708 4087 785 4142 ad
803 4084 1240 4156 conjunctionis
1273 4100 1482 4156 pacem
1508 4083 1838 4151 veniamus,

176 4179 345 4251 quod
378 4177 859 4251 sapientissimus
891 4173 1173 4230 Salomon
1220 4173 1515 4246 quidquid
1547 4171 1626 4227 ab
1676 4171 1840 4226 initio

174 4269 391 4324 mundi
417 4283 611 4340 usque
638 4267 698 4320 in
729 4266 932 4334 tinem,
963 4263 1024 4319 in
1052 4263 1351 4335 mysteriis
1380 4262 1498 4332 egit
1527 4266 1839 4317 acturusve

174 4359 278 4413 erit
309 4359 415 4414 Dei
449 4372 652 4412 sermo
690 4371 831 4424 erga
862 4352 1208 4420 Ecclesiam,
1231 4352 1290 4406 in
1331 4352 1528 4420 figura
1579 4355 1635 4406 et
1661 4351 1840 4420 aenig-

175 4450 442 4504 matibus
473 4445 924 4502 demonstravit.
978 4447 1040 4498 In
1069 4458 1191 4514 quo
1222 4442 1452 4497 cantico
1474 4441 1677 4497 omnia
1703 4455 1836 4513 quas

176 4545 502 4593 narrantur
524 4540 676 4591 tecta
707 4532 1003 4606 mysteriis
1035 4532 1095 4586 in
1121 4531 1290 4586 Verbi
1322 4531 1730 4586 incarnatione
1754 4545 1838 4585 re-

174 4627 368 4682 velata
397 4631 459 4683 et
482 4623 786 4696 completa
800 4621 1107 4690 docentur,
1134 4620 1235 4675 ubi
1268 4619 1436 4676 allisa
1461 4619 1701 4689 erigitur
1724 4619 1836 4674 hu-

178 4731 360 4771 mana
389 4713 738 4789 progenies,
789 4710 1132 4783 compedita
1179 4709 1526 4772 absolvitur,
1559 4713 1837 4781 corrupta

179 4804 253 4859 ad
283 4803 646 4876 virginitatis
678 4801 1080 4871 integritatem
1111 4798 1489 4865 reformatur,
1520 4798 1771 4871 expulsa
1802 4814 1839 4854 a

176 4894 485 4964 paradiso,
528 4891 797 4946 redditur
833 4906 905 4944 ex
945 4887 1180 4960 captiva
1207 4887 1414 4958 libera,
1459 4905 1530 4943 ex
1559 4889 1838 4960 pergrina

177 4981 343 5048 civis,
370 5001 445 5039 ex
499 4981 718 5038 ancilla
775 4979 1041 5043 domina,
1075 4994 1149 5033 ex
1200 4977 1490 5032 vilissima
1545 4977 1752 5048 regina
1781 4980 1838 5032 et

182 5085 414 5140 sponsa
445 5071 735 5130 Creatoris
783 5069 874 5124 sui
909 5067 1080 5122 Verbi
1117 5067 1215 5122 Dei
1263 5067 1470 5122 Christi
1507 5067 1838 5136 benignita-

186 5163 241 5214 te
268 5159 473 5218 effecta
502 5160 857 5225 ostenditur,
887 5174 1022 5230 quae
1049 5156 1233 5226 digna
1265 5157 1336 5214 sit
1381 5158 1510 5228 ejus
1537 5158 1836 5230 suscipere

184 5249 410 5316 oscula,
439 5258 497 5307 et
519 5266 642 5306 una
662 5265 802 5304 cum
833 5263 904 5303 eo
935 5246 1143 5302 effecta
1173 5246 1442 5318 spiritum
1500 5247 1560 5301 in
1587 5246 1835 5302 cmlesti-

176 5336 291 5394 bus
324 5340 661 5395 sublimata
709 5351 976 5406 regnare.
1013 5338 1154 5401 Quae
1186 5335 1523 5390 sublimitas
1559 5334 1835 5389 humilia-

176 5429 332 5485 tione
361 5430 491 5484 Filii
532 5429 628 5484 Dei
651 5427 948 5482 celebrata
973 5425 1353 5494 cognoscitur
1382 5425 1534 5479 sicut
1557 5422 1840 5492 magister

179 5519 449 5585 gentium
474 5518 652 5573 docet
671 5516 745 5570 de
768 5514 994 5571 Christo
1021 5513 1310 5568 dicendo:
1337 5535 1362 5560 «
1383 5510 1723 5566 Humiliavit
1753 5528 1834 5582 se,

177 5611 238 5660 ut
261 5624 380 5662 nos
409 5606 704 5662 exaltaret
731 5604 916 5672 (Phil.
936 5604 1015 5670 ιι).
1033 5625 1060 5652 »
1090 5606 1216 5658 Non
1235 5602 1394 5655 enim
1417 5599 1634 5670 injuria
1654 5601 1838 5673 depu-

177 5697 332 5752 tatur
360 5695 584 5753 artitici
613 5693 940 5768 pretiosum
956 5690 1251 5751 annulum
1279 5689 1520 5761 lapsum
1540 5692 1601 5747 in
1631 5707 1839 5764 corpo-

1940 1776 2116 1833 tionis
2157 1775 2326 1831 titulo
2358 1775 2664 1847 copularet
2695 1775 2723 1830 ?
2773 1775 2922 1840 Quia
2954 1775 3129 1844 igitur
3161 1767 3378 1847 saepius
3411 1791 3596 1846 spon-

1942 1882 2077 1920 sum
2112 1868 2168 1919 et
2193 1879 2507 1936 sponsam,
2529 1863 2852 1918 Dominum
2883 1867 2938 1917 et
2961 1862 3282 1918 Ecclesiam
3312 1863 3594 1932 diximus,

1943 1959 1998 2010 et
2027 1954 2152 2019 rite,
2171 1954 2344 2023 juxta
2365 1957 2628 2025 poetam,
2653 1952 2811 2008 viam
2838 1968 3111 2007 sermone
3131 1951 3403 2007 levamus
3435 1970 3449 2007 :

2013 2065 2263 2134 Spesque
2290 2063 2545 2132 ﬁdesque
2567 2079 2747 2114 meum
2769 2061 3118 2116 comitantur
3144 2061 3201 2113 in
3234 2061 3418 2134 ardua
3443 2076 3596 2134 gres:

3422 2148 3546 2183 sum

3422 2148 3546 2183 sum

2016 2204 2287 2260 Blandius
2307 2205 2376 2258 ad
2413 2221 2689 2258 summam
2712 2204 2939 2259 tandem
2961 2203 3320 2273 pervenimus
3351 2130 3595 2256 aieemf]

1947 2315 2016 2370 Ut
2036 2314 2166 2383 jam
2195 2312 2394 2384 ipsum
2425 2315 2654 2368 textum
2685 2311 2869 2367 divini
2897 2309 3122 2366 oraculi
3139 2309 3482 2382 pandamus
3503 2324 3598 2364 ve-

1943 2402 2032 2458 lut
2060 2400 2537 2463 adolescentulis,
2569 2400 2733 2456 velut
2777 2399 3012 2454 sodales
3065 2397 3384 2453 audiamus
3414 2397 3600 2454 verba

1947 2489 2179 2562 sponsi,
2211 2488 2531 2544 audiamus
2561 2487 2747 2544 verba
2773 2503 3028 2560 sponsae,
3057 2490 3113 2541 et
3137 2485 3198 2541 in
3229 2502 3434 2541 eorum
3472 2501 3598 2540 ser-

1947 2578 2228 2634 monibus
2254 2578 2545 2633 fervorem
2565 2577 2872 2632 discamus
2889 2575 3129 2632 amoris.
3163 2579 3366 2647 Itaque
3389 2577 3600 2630 sancta

1946 2667 2207 2723 Ecclesia
2235 2667 2338 2722 diu
2367 2666 2722 2740 praestolans
2755 2666 3078 2722 adventum
3113 2664 3371 2734 Domini,
3394 2664 3499 2719 diu
3529 2663 3602 2718 si-

1947 2757 2097 2814 tiens
2126 2755 2350 2812 fontem
2401 2756 2558 2823 vitae,
2589 2755 2900 2827 quomodo
2931 2758 3093 2827 optet
3119 2753 3318 2809 videre
3343 2767 3605 2826 praesen-

1948 2846 2091 2901 tiam
2125 2843 2336 2916 sponsi
2363 2843 2474 2911 sui,
2503 2843 2814 2915 quomodo
2840 2843 3136 2899 desideret
3162 2847 3220 2898 et
3245 2841 3425 2897 dicat.

2500 2933 2726 2989 CAPUT
2765 2935 3046 2987 PRIMUM.

2021 3044 2049 3071 κ
2075 3021 2383 3078 Osculetur
2398 3037 2495 3077 me
2517 3020 2720 3076 osculo
2737 3021 2855 3076 oris
2878 3020 2987 3075 sui.
3005 3039 3033 3071 ›
3051 3019 3308 3087 Angelos
3342 3019 3418 3073 ad
3440 3034 3604 3074 eam-

1949 3111 2088 3166 dem
2127 3111 2437 3182 Dominus,
2467 3110 2840 3182 patriarchas
2871 3109 2948 3164 ad
2975 3108 3140 3162 illam
3183 3111 3242 3162 et
3278 3107 3604 3179 prophetas

1949 3201 2211 3267 miserat,
2243 3200 2574 3272 spiritualia
2603 3199 2764 3254 dona
2784 3197 3134 3262 deferentes,
3165 3194 3270 3250 sed
3297 3195 3430 3267 ipsa
3457 3210 3604 3250 vero

1949 3306 2202 3346 munera
2230 3306 2352 3345 non
2377 3305 2483 3362 per
2514 3305 2713 3344 servos
2743 3285 2970 3360 sponsi,
3000 3284 3103 3340 sed
3126 3300 3233 3357 per
3249 3283 3453 3356 ipsum
3472 3285 3605 3354 jam

1952 3395 2244 3453 sponsum
2292 3379 2594 3451 percipere
2623 3375 2948 3451 quaerebat.
2980 3376 3280 3429 Ponamus
3304 3377 3438 3428 ante
3461 3389 3605 3428 ocu-

1948 3468 2039 3524 los
2079 3483 2258 3523 omne
2291 3483 2480 3537 genus
2516 3467 2853 3522 humanum
2882 3464 2960 3520 ab
2989 3463 3236 3520 exordio
3267 3461 3479 3517 mundi
3507 3478 3605 3515 us-

1950 3575 2068 3632 que
2103 3557 2183 3612 ad
2212 3556 2397 3612 tinem
2453 3555 2685 3625 mundi,
2718 3559 2906 3610 totam
2954 3553 3229 3609 videlicet
3288 3551 3608 3610 Ecclesiam

1950 3664 2137 3703 unam
2158 3662 2286 3702 esse
2315 3661 2675 3719 personam:
2708 3660 2845 3716 quse
2877 3644 3088 3698 arrhas
3121 3643 3411 3716 spirituali
3442 3641 3605 3696 dono

1950 3739 2316 3809 perceperat,
2351 3733 2457 3789 sed
2480 3738 2679 3790 tamen
2712 3733 2920 3804 sponsi
2937 3733 3023 3786 sui
3044 3733 3424 3804 prmsentiam
3453 3747 3610 3802 quae-

1949 3828 2138 3892 rebat,
2167 3843 2302 3898 quae
2328 3824 2485 3880 dicit.
2512 3822 2859 3880 «Osculetur
2882 3839 2976 3877 me
3025 3823 3231 3878 osculo
3259 3823 3377 3876 oris
3431 3820 3542 3873 sui.
3581 3842 3608 3866 ι»

1951 3910 2270 3982 Suspirans
2320 3908 2477 3963 enim
2513 3911 2722 3962 sancta
2749 3905 3008 3960 Ecclesia
3036 3921 3146 3977 pro
3195 3905 3458 3959 adventu
3497 3905 3608 3957 Me-

1951 3999 2198 4056 diatoris
2230 3998 2326 4053 Dei
2355 4001 2410 4052 et
2430 3995 2769 4063 hominum,
2804 4009 2912 4066 pro
2960 3993 3223 4050 adventu
3255 3993 3609 4064 Redempto-

1951 4090 2030 4145 ris
2062 4087 2153 4143 sui
2194 4086 2273 4143 ad
2328 4089 2555 4142 Patrem
2585 4083 2769 4139 verba
2798 4083 3084 4139 orationis
3113 4083 3270 4150 facit,
3303 4087 3368 4137 ut
3401 4081 3609 4137 Filium

1951 4179 2189 4249 dirigat,
2223 4181 2279 4232 et
2301 4191 2410 4232 sua
2448 4173 2610 4230 illam
2650 4174 2972 4246 praesentia
2997 4172 3263 4240 illustret,
3310 4176 3375 4228 ut
3412 4171 3608 4227 eidem

1956 4267 2227 4324 Ecclesiae
2258 4282 2380 4323 non
2413 4265 2534 4336 jam
2566 4280 2672 4336 per
2718 4279 2825 4318 ora
2875 4263 3328 4336 prophetarum,
3362 4260 3467 4316 sed
3501 4275 3611 4314 suo

1953 4375 2054 4414 ore
2083 4358 2448 4414 locutionem
2479 4354 2678 4421 faciat,
2700 4370 2770 4410 ac
2797 4353 2844 4408 si
2875 4353 3137 4424 apertius
3167 4352 3360 4407 dicat:
3384 4353 3613 4418 Tangat

1953 4463 2047 4501 me
2078 4445 2395 4501 dulcedine
2422 4442 2751 4516 prmsentiae
2785 4457 2930 4506 suae,
2956 4457 3142 4512 quam
3173 4440 3390 4511 saepius
3420 4454 3456 4492 a
3476 4452 3610 4507 pro_

1948 4535 2143 4608 phetis
2171 4535 2536 4607 promissam
2568 4531 2789 4588 audivi.
2821 4529 2986 4585 Unde
3002 4532 3060 4583 et
3085 4528 3158 4582 de
3188 4528 3402 4583 eodem
3431 4537 3610 4594 spon-

1947 4641 2014 4680 so
2033 4625 2094 4679 in
2122 4622 2441 4693 Evangelio
2459 4623 2746 4693 scriptum
2767 4615 3198 4687 est(Matth.v),
3218 4629 3356 4669 cum
3377 4608 3608 4665 sederet

1944 4714 2006 4771 in
2035 4718 2257 4779 monte,
2291 4718 2347 4768 et
2387 4710 2735 4765 sublimium
2779 4709 3215 4778 praeceptorum
3248 4699 3436 4756 verba
3454 4697 3608 4754 face-

1944 4808 2032 4858 ret
2067 4819 2079 4856 :
2113 4821 2141 4851 ‹‹
2171 4801 2459 4870 Aperiens
2504 4798 2600 4852 hic
2627 4799 2794 4852 Jesus
2843 4810 2912 4848 os
2949 4808 3129 4847 suum
3164 4789 3331 4846 dixit.
3367 4811 3395 4838 »
3427 4790 3509 4842 Ac
3555 4786 3604 4842 si

1945 4892 2259 4947 dicantur:
2294 4888 2462 4942 Tunc
2493 4903 2560 4940 os
2592 4902 2770 4940 suum
2797 4882 3047 4956 aperuit,
3077 4881 3180 4954 qui
3207 4879 3371 4954 prius
3402 4877 3481 4934 ad
3507 4893 3604 4933 ex-

1944 4978 2341 5037 hortationem
2399 4974 2668 5030 Ecclesiae
2711 4973 2942 5046 aperuit
2985 4988 3092 5028 ora
3147 4971 3604 5045 prophetarumo

1946 5072 2130 5126 Cerne
2146 5066 2614 5134 libenter,Caesar
2627 5061 3229 5134 Auguste,quomodo
3255 5060 3332 5115 ab
3358 5058 3603 5114 exordio

1945 5157 2159 5216 mundi
2181 5155 2259 5213 ab
2292 5154 2485 5211 Adam
2507 5153 2743 5216 scilicet,
2769 5153 2890 5208 imo
2922 5152 2999 5208 ab
3029 5151 3174 5206 Abel
3193 5151 3386 5221 juxto,
3411 5163 3602 5220 usque

1947 5249 2024 5306 ad
2055 5251 2351 5303 Joannem
2383 5242 2712 5316 Baptistam
2743 5257 2979 5313 semper
3005 5239 3261 5296 Ecclesia
3303 5237 3601 5293 Christum

1945 5340 2007 5395 in
2042 5338 2126 5393 eis
2159 5335 2262 5408 qui
2288 5333 2508 5390 altioris
2529 5331 2858 5388 intellectus
2887 5334 3058 5386 erant
3081 5327 3374 5402 quaesivit,
3408 5330 3464 5381 et
3493 5339 3602 5396 per

1947 5441 2158 5482 omnes
2186 5422 2557 5496 patriarchas
2583 5426 2639 5476 et
2680 5420 3003 5493 prophetas
3025 5417 3101 5473 ad
3143 5420 3372 5472 Patrem
3413 5412 3601 5468 omni-

1947 5517 2249 5588 potentem
2265 5510 2641 5584 lacrymabili
2658 5525 2798 5564 voce
2817 5507 3114 5571 clamavit,
3140 5506 3190 5575 ej
3203 5521 3269 5560 us
3299 5502 3411 5557 sibi
3428 5516 3600 5555 oscu-

1944 5604 2005 5659 la
2032 5599 2364 5674 propinari,
2395 5617 2577 5672 quem
2621 5604 2678 5654 et
2719 5599 2778 5653 in
2809 5595 3088 5652 Jordanis
3136 5593 3437 5665 baptismo
3481 5603 3597 5641 vox

1949 5689 2138 5748 Patris
2155 5689 2230 5745 de
2258 5688 2440 5759 nube,
2458 5695 2515 5745 et
2531 5691 2788 5744 Joannes
2803 5685 2988 5756 digito
3007 5679 3379 5746 monstravit,
3397 5676 3599 5731 dicen-
