4106 6174
474 199 580 254 563

1571 191 1936 250 ANGELOMI
1976 191 2430 255 LUXO‘VIENSIS
2468 198 2785 257 MONACHI
2839 157 2842 161 ’

3792 192 3909 250 564»

474 319 589 378 do:
634 321 829 375 «Ecce
854 319 1067 388 Agnus
1106 314 1206 372 Dei
1238 316 1345 388 qui
1389 316 1541 373 tollit
1580 320 1895 389 peccatum
1928 315 2135 371 mundi
2179 323 2229 376 Α
2257 337 2499 395 quaque
2552 324 2754 381 anima
2785 323 3131 380 sentiamus.
3166 302 3464 376 Donamus
3515 322 3651 375 ante
3698 318 3915 375 oeulos

478 406 719 476 (Joann.
750 407 812 472 1).
849 424 879 453 ››
910 406 976 460 Et
1013 406 1183 460 Pater
1232 404 1361 476 ipse
1393 405 1468 461 de
1497 405 1690 461 nube:
1724 425 1754 458 ‹
1788 405 1889 459 Hic
1930 410 2019 459 est
2064 404 2144 460 Fi-

475 478 593 548 lius
621 507 817 560 meus,
848 492 1060 566 inquit,
1094 492 1347 550 dilectus
1387 494 1450 551 in
1477 511 1600 568 quo
1630 494 1777 551 mihi
1808 493 2146 566 complaeui

483 581 727 651 (Matth.
757 583 903 651 11η.»
922 583 1118 638 [11111111
1149 585 1352 639 autem
1380 584 1456 639 de
1484 583 1686 640 multis
1708 582 1916 639 amicis
1938 582 2146 655 sponsi

479 674 926 745 praeparantem
978 685 1274 743 sponsam
1304 674 1596 729 Joannem
1647 672 1927 742 intelligo,
1974 673 2145 742 cujus

481 759 801 834 praesentia
832 758 1099 816 Ecclesia
1117 760 1331 817 Christi
1378 762 1585 818 oscula
1617 767 1825 817 sancta
1864 760 2142 832 suscepit,

482 851 614 924 ipso
644 852 902 906 testante
941 849 1017 905 de
1072 850 1325 907 Christo.
1387 871 1416 904 α
1443 852 1554 917 Qui
1593 851 1775 908 habet
1832 867 2142 923 sponsam,

484 954 745 1013 sponsus
777 941 885 995 est.
909 939 1155 995 Amicus
1182 944 1385 996 autem
1416 942 1625 1013 sponsi
1671 941 1894 1010 gaudio
1925 939 2147 1009 gaudet

485 1028 565 1087 ad
609 1043 824 1084 vocem
880 1028 1086 1100 sponsi
1131 1030 1332 1097 (Joan.
1374 1036 1484 1089 in).
1536 1050 1564 1080 »
1610 1030 1847 1086 Miratur
1873 1024 2147 1084 videlicet

482 1119 763 1184 Joannes,
803 1132 942 1173 cum
971 1116 1121 1173 vidit
1150 1133 1291 1173 eum
1327 1122 1573 1191 propter
1597 1134 1896 1191 aquarum
1929 1116 2144 1173 sancti-

483 1206 826 1266 ﬁcationem
851 1205 931 1261 ad
955 1204 1331 1278 baptismum
1353 1208 1712 1275 venientem,
1730 1206 1835 1279 qui
1851 1207 1932 1262 ait
1955 1223 1967 1261 :
1991 1208 2147 1273 «Ego

486 1310 525 1351 a
553 1298 608 1351 te
636 1293 829 1351 debeo
857 1293 1168 1366 baptizari,
1200 1297 1255 1350 et
1286 1298 1351 1350 tu
1378 1295 1550 1350 venis
1572 1295 1652 1350 ad
1678 1312 1774 1351 me
1791 1296 1817 1350 ?
1840 1318 1868 1345 »
1903 1295 2142 1362 (Matth.

488 1383 599 1456 m.)
630 1382 858 1439 Gaudio
889 1399 1032 1439 vero
1063 1382 1306 1454 gaudet,
1336 1383 1592 1440 audiens
1626 1400 1838 1441 vocem
1882 1384 2015 1454 ejus
2064 1382 2147 1438 di-

487 1472 708 1530 centis:
742 1492 773 1527 (
810 1471 944 1529 Sine
968 1473 1175 1541 modo,
1201 1472 1285 1529 sic
1314 1473 1476 1530 enim
1504 1478 1736 1547 oportet
1759 1490 1869 1529 nos
1896 1473 2145 1544 implere

489 1577 734 1621 omnem
757 1562 1051 1634 justitiam
1077 1562 1252 1635 (Ibid.
1264 1570 1338 1632 ).››
1375 1564 1483 1619 Ubi
1512 1563 1823 1635 completas
1854 1569 1993 1618 sunt
2016 1578 2144 1635 pre-

2256 426 2387 465 esse
2417 413 2748 483 quamdam
2783 412 3048 467 animam
3103 410 3402 465 donerum
3459 408 3667 463 studiis
3720 408 3916 462 inhie-

2255 506 2505 566 rentem,
2534 502 2896 558 intellectum
2923 516 2993 557 ex
3025 500 3220 556 aliena
3262 497 3683 572 praedicatione
3722 496 3917 569 perci-

2256 589 2538 661 pientcm,
2565 606 2698 663 quae
2730 607 2834 663 per
2863 590 3133 645 divinam
3166 588 3418 658 gratiam
3462 587 3638 643 etiam
3684 586 3821 657 ipsa
3852 584 3922 640 il-

2253 677 2489 736 lustrari
2515 680 2832 747 desiderat,
2864 684 2928 735 ut
2961 678 3287 750 aliquando
3313 677 3492 732 etiam
3522 690 3629 748 per
3654 690 3715 730 se
3737 674 3919 730 intel-

2253 768 2415 839 ligat,
2448 783 2583 843 quae
2623 770 2770 826 nihil
2798 786 2861 825 se
2913 769 3235 840 intelligere
3265 766 3383 823 nisi
3411 782 3517 839 per
3546 765 3733 821 verba
3758 781 3920 838 pran-

2255 860 2586 915 dicatorum
2613 859 2972 925 considerat,
3002 864 3057 914 et
3082 858 3272 913 dicat:
3308 881 3335 907 ‹‹
3356 855 3663 913 Osculetur
3691 870 3787 910 me
3810 870 3916 910 os-

2255 949 2390 1003 culo
2418 950 2539 1005 oris
2568 950 2678 1004 sui.
2707 970 2734 999 »
2765 954 2845 1003 Ac
2876 950 2921 1002 si
2953 948 3147 1003 dicat:
3203 950 3337 1019 ipsa
3365 961 3459 1000 me
3484 948 3693 1013 tangat
3724 944 3914 1009 intus,

2259 1043 2321 1092 ut
2344 1052 2710 1107 cognoscam
2757 1036 3227 1105 intelligentiam,
3259 1052 3382 1090 non
3408 1034 3536 1106 jam
3562 1033 3920 1109 praedicato-

2253 1142 2389 1183 rum
2431 1128 2701 1198 vocibus,
2730 1128 2833 1183 sed
2888 1128 3135 1182 internae
3166 1127 3297 1197 ejus
3338 1124 3540 1196 gratiae
3570 1127 3729 1180 tactu
3772 1140 3918 1197 per—

2255 1218 2438 1273 fruar.
2469 1218 2649 1283 Quasi
2679 1217 2884 1274 osculo
2934 1217 3052 1273 oris
3102 1216 3192 1271 sui
3242 1215 3622 1272 osculabatur
3664 1217 3921 1287 Moysen

2260 1307 2563 1374 Dominus,
2591 1322 2727 1363 cum
2750 1323 2855 1379 per
2880 1306 3167 1362 fiduciam
3198 1304 3503 1361 familiaris
3521 1305 3719 1374 gratiae
3739 1302 3927 1358 intel-

2255 1397 2476 1452 lectam
2525 1397 2871 1469 porrigeret.
2908 1396 3073 1451 Unde
3122 1394 3401 1467 scriptum
3449 1397 3555 1449 est.
3589 1412 3619 1445 ε
3653 1391 3707 1450 Si
3739 1392 3927 1448 fuerit

2255 1485 2549 1559 propheta
2577 1486 2638 1540 in
2682 1486 2916 1541 somnio
2946 1485 3160 1557 loquor
3184 1483 3259 1539 ad
3316 1500 3454 1539 eum
3504 1487 3559 1539 et
3600 1498 3723 1538 non
3763 1482 3927 1538 sicut

2256 1575 2485 1631 famulo
2538 1591 2671 1631 meo
2722 1576 2924 1646 Moysi.
2979 1577 3089 1631 Ore
3145 1573 3304 1629 enim
3365 1573 3442 1628 ad
3482 1589 3549 1627 os
3599 1572 3815 1644 loquor
3865 1572 3921 1626 ei

489 1668 587 1709 ces
626 1651 897 1709 Ecclesiae
920 1652 1050 1723 jam
1081 1651 1223 1707 olim
1245 1652 1557 1725 promissae
1587 1653 1663 1708 ad
1699 1654 1885 1709 Deum
1915 1655 2146 1708 Patrem
2188 1675 2232 1734 Β
2259 1666 2462 1735 (Num.
2498 1670 2622 1732 χιι),
2660 1687 2686 1714 ,,
2720 1666 2796 1720 Os
2824 1665 3047 1736 quippe
3092 1663 3170 1719 ad
3200 1678 3268 1717 os
3299 1661 3486 1734 loqui,
3520 1661 3693 1733 quasi
3738 1676 3914 1716 οδω-

489 1740 725 1799 Domini
744 1740 934 1797 nostri
953 1743 1092 1798 Jesu
1118 1741 1328 1796 Christi
1356 1741 1636 1798 dicentis:
1664 1762 1691 1792 ‹‹
1717 1740 2026 1798 Osculetur
2051 1756 2148 1796 me

489 1830 695 1889 osculo
738 1829 859 1887 oris
898 1829 1010 1886 sui.
1039 1853 1069 1881 »
1107 1830 1220 1887 Sed
1264 1829 1411 1889 dum
1456 1846 1598 1901 ergo
1642 1835 1850 1887 sancta
1896 1829 2154 1887 Ecclesia

486 1918 933 1977 incarnandum
965 1934 1257 1992 sponsum
1282 1919 1483 1976 adhuc
1512 1919 1826 1976 absentem
1854 1919 2155 1975 desiderat

492 2008 691 2064 subito
715 2008 977 2064 intuetur
1006 2012 1385 2082 praesentem.
1413 2009 1602 2065 Habet
1625 2008 1785 2064 enim
1827 2009 2017 2078 gratia
2047 2010 2153 2063 Be-

490 2096 821 2170 demptoris
849 2097 1058 2167 nostri,
1102 2100 1167 2153 ut
1195 2113 1334 2153 cum
1359 2097 1433 2152 de
1463 2097 1562 2152 illo
1592 2103 1926 2170 quaerentes
1964 2095 2155 2167 loqui-

491 2202 652 2257 mur,
682 2186 811 2257 ejus
856 2186 1176 2258 praesentia
1223 2186 1625 2260 perfruamur,
1658 2187 1744 2243 sic
1799 2186 1875 2242 de
1915 2184 2156 2241 duobus

495 2276 760 2349 Cleopha
797 2274 1066 2332 videlicet
1092 2280 1150 2332 et
1172 2275 1311 2346 alio,
1342 2276 1496 2333 sicut
1522 2278 1584 2332 in
1627 2276 1948 2345 Evangelia
1975 2276 2157 2347 scrip-

494 2369 625 2423 tum
677 2368 785 2420 est.
832 2364 1001 2420 Unde
1057 2365 1403 2437 subjungit:
1467 2387 1495 2414 «
1526 2365 1675 2431 Quia
1713 2365 1961 2421 meliora
2018 2368 2158 2419 sunt

495 2453 685 2511 ubera
714 2456 818 2509 tua
843 2452 1041 2521 vino,»
1076 2457 1169 2510 «et
1196 2453 1348 2509 odor
1369 2459 1811 2524 unguentorum
1831 2468 2009 2526 super
2034 2468 2158 2507 om-

496 2541 599 2598 nia
628 2545 901 2598 aromata
925 2542 1129 2610 (Cant.
1159 2542 1302 2612 111).»
1333 2542 1546 2597 Vinum
1574 2542 1683 2597 fuit
1713 2542 1961 2597 scientia
1988 2541 2156 2609 legis,

501 2628 750 2686 scientia
773 2629 1227 2703 prophetarum,
1260 2630 1366 2686 sed
1395 2632 1642 2687 veniens
1669 2631 1959 2686 Dominus
2014 2630 2160 2702 quia

501 2716 860 2791 sapientiam
904 2733 1079 2774 suam
1118 2733 1225 2791 per
1288 2734 1532 2775 carnem
1580 2720 1768 2775 voluit
1824 2720 2157 2791 praedicari,

502 2805 678 2879 quasi
725 2805 861 2862 fecit
919 2821 1055 2862 eam
1110 2806 1173 2862 in
1229 2807 1425 2863 carnis
1479 2807 1668 2873 ubera
1723 2808 2059 2863 lactescere.
2097 2811 2161 2863 Et

500 2911 687 2970 quam
719 2895 781 2951 in
810 2895 1116 2953 divinitate
1146 2912 1257 2953 sua
1280 2912 1492 2970 capere
1522 2898 1768 2954 minime
1790 2903 2157 2970 poteramus,

498 2987 914 3046 incarnatione
944 2987 1075 3059 ejus
1093 3003 1560 3059 agnosceremus
1585 3007 1598 3044 :
1628 2989 1787 3045 unde
1803 3004 1927 3044 non
1956 2988 2161 3044 imme-

500 3076 616 3134 rito
668 3076 800 3148 ejus
830 3075 1023 3133 ubera
1062 3076 1412 3148 laudantur,
1459 3078 1604 3151 quia
1633 3077 2161 3151 praedicationibus

503 3167 634 3239 ejus
688 3165 1119 3223 condescensio
1165 3167 1279 3223 hoc
1330 3167 1449 3238 egit
1489 3167 1551 3223 in
1582 3167 1864 3224 cordibus
1918 3167 2161 3234 nostris,

503 3254 671 3329 quod
715 3253 990 3312 doctrina
1048 3254 1197 3327 legis
1255 3270 1431 3326 agere
1492 3255 1741 3313 minime
1786 3255 1989 3312 valuit.
2034 3255 2167 3311 Plus

506 3345 669 3400 enim
705 3358 819 3400 nos
846 3342 1089 3400 nutrivit
1114 3344 1542 3402 incarnationis
1571 3344 1937 3417 praedicatio,
1980 3360 2169 3416 quam

505 3432 655 3504 legis
714 3430 1005 3487 doctrina.
1050 3451 1079 3480 «
1126 3435 1193 3488 Et
1239 3432 1390 3489 odor
1435 3438 1881 3503 unguentorum
1930 3438 2170 3489 tuorum

512 3534 693 3592 super
721 3519 930 3574 omnia
957 3522 1248 3575 aromata.
1266 3540 1295 3568 ››
1330 3522 1645 3590 Unguenta
1670 3521 1905 3577 Domini
1932 3520 2172 3577 virtutes

514 3609 673 3664 sunt.
704 3608 1087 3677 Unguentum
1116 3607 1372 3677 Domini,
1404 3609 1655 3681 Spiritus
1679 3613 1923 3666 sanctus
1952 3609 2078 3677 fuit,
2098 3610 2173 3666 de

513 3712 638 3771 quo
686 3696 742 3752 ei
796 3711 905 3769 per
955 3697 1317 3771 prophetam
1361 3698 1604 3755 dicitur:
1653 3721 1679 3750 ‹‹
1718 3699 1889 3755 Unxit
1915 3704 1967 3754 te
1999 3701 2171 3766 Deus,

514 3789 673 3844 Deus
702 3790 864 3852 tuus,
894 3785 1026 3843 cleo
1069 3786 1282 3844 Iustitiae
1311 3802 1438 3861 pra:
1477 3788 1856 3845 consortibus
1895 3787 2011 3845 tuis
2048 3789 2171 3860 (Ps.

515 3876 682 3950 XLIV).
718 3897 748 3928 »
788 3876 913 3932 Hoc
943 3875 1074 3932 oleo
1104 3879 1248 3933 tunc
1278 3882 1494 3935 unctus
1522 3882 1612 3934 est
1651 3894 1790 3935 cum
1828 3878 2174 3935 incarnatus

518 3969 626 4024 est.
661 3968 791 4022 Non
819 3965 981 4023 enim
1016 3965 1184 4039 prius
1226 3966 1412 4024 homo
1456 3967 1676 4024 exstitit
1704 3972 1762 4024 et
1788 3966 2180 4041 postmodum

521 4054 800 4128 spiritum
830 4058 1107 4112 sanctum
1138 4055 1390 4128 accepit,
1422 4056 1527 4112 sed
1557 4058 1702 4130 quia
1727 4057 1943 4130 Spiritu
1973 4059 2180 4112 sancto

519 4142 822 4201 mediante
877 4144 1225 4202 incarnatus
1278 4149 1389 4216 est,
1416 4146 1630 4204 eodem
1682 4147 1797 4203 hoc
1855 4146 1987 4203 oleo
2038 4148 2181 4202 tunc

520 4235 738 4289 unctus
768 4235 876 4301 est,
909 4249 1049 4291 cum
1073 4234 1257 4291 homo
1289 4238 1524 4291 creatus
1560 4240 1667 4292 est.
1705 4235 1864 4292 Odor
1896 4249 2039 4304 ergo
2078 4249 2183 4289 un-

2260 1756 2366 1812 lari
2395 1760 2500 1822 est,
2534 1760 2589 1811 et
2618 1756 2851 1811 interna
2885 1753 3268 1822 intelligentia
3298 1758 3495 1807 mente
3526 1756 3785 1820 tangere.
3820 1753 3925 1807 Se-

2261 1846 2494 1918 quitur:
2544 1860 2573 1894 ‹‹
2606 1845 2840 1902 Meliora
2873 1847 3011 1899 sunt
3056 1844 3244 1899 ubera
3297 1844 3400 1898 tua
3452 1840 3613 1896 vino.
3648 1859 3677 1893 ›
3724 1840 3925 1896 Ubera

2266 1936 2362 1991 Dei
2390 1938 2528 1990 sunt
2558 1935 2706 1989 sicut
2744 1934 2909 2005 prius
2944 1934 3230 2000 diximus,
3268 1930 3605 1987 humillima
3634 1929 3924 2003 praedica-

2261 2025 2344 2080 tio
2397 2024 2824 2080 incarnationis
2882 2024 3042 2093 ejus:
3103 2022 3395 2095 sapientia
3453 2026 3654 2076 autem
3694 2019 3922 2087 saeculi,

2263 2114 2435 2187 quasi
2466 2114 2779 2186 quoddam
2810 2113 3016 2167 vinum
3067 2115 3171 2166 est.
3232 2110 3489 2167 inebriat
3534 2111 3691 2165 enim
3745 2124 3922 2164 men-

2265 2207 2406 2269 tem,
2430 2202 2571 2275 quia
2597 2202 2674 2257 ab
2703 2201 2997 2256 intellectu
3030 2198 3376 2256 humilitatis
3406 2199 3663 2255 alienam
3699 2197 3920 2253 reddit.

2269 2292 2446 2357 Quasi
2490 2292 2759 2365 quodam
2788 2290 2929 2345 vino
2961 2289 3331 2345 inebriantur
3377 2288 3737 2361 philosophi,
3768 2286 3931 2342 dum

2266 2398 2374 2454 per
2430 2381 2775 2435 saecularem
2849 2379 3203 2451 sapientiam
3256 2376 3421 2447 vulgi
3473 2393 3695 2432 morem
3758 2378 3931 2430 tran-

2268 2474 2459 2525 seunt.
2501 2472 2692 2535 Quam
2747 2469 3103 2541 sapientiam
3137 2472 3348 2522 sancta
3406 2465 3651 2522 Ecclesia
3707 2463 3921 2534 deSpi-

2270 2560 2403 2627 ciat,
2446 2559 2845 2613 humillimam
2877 2557 3316 2630 praedicationis
3366 2555 3674 2611 Dominicae
3714 2553 3930 2608 incar-

2270 2650 2574 2705 nationem
2599 2651 2860 2719 appetat.
2902 2647 3035 2701 Plus
3091 2646 3141 2701 ei
3175 2647 3369 2719 sapiat
3420 2644 3582 2717 quod
3620 2652 3725 2716 per
3765 2642 3937 2696 inﬁr-

2272 2739 2537 2793 mitatem
2573 2736 2766 2792 carnis
2791 2737 2918 2806 ejus
2948 2736 3223 2793 nutritur.
3261 2750 3446 2807 quam
3468 2732 3636 2806 quod
3661 2730 3934 2787 mundus

2272 2827 2366 2881 hic
2397 2841 2503 2898 per
2530 2825 2845 2881 elationem
2876 2824 3038 2879 falsae
3067 2824 3395 2896 prudentiae
3418 2821 3729 2889 extollitur,
3763 2823 3817 2875 et
3844 2818 3934 2874 di-

2276 2920 2404 2971 cat:
2444 2938 2471 2963 ‹‹
2500 2914 2649 2980 Quia
2678 2914 2927 2970 meliora
2961 2918 3101 2969 sunt
3139 2913 3325 2969 ubera
3374 2917 3473 2968 tua
3502 2912 3668 2976 vino,
3692 2930 3720 2959 »
3748 2908 3807 2964 id
3840 2916 3935 2964 est

2274 3004 2611 3060 humillima
2664 3002 3093 3058 incarnationis
3148 3008 3261 3058 ture
3321 3001 3665 3074 praedicatio
3712 2999 3936 3056 elatam

2277 3095 2488 3150 mundi
2538 3092 2890 3166 sapientiam
2942 3096 3201 3165 superat.
3240 3090 3401 3148 Unde
3458 3092 3747 3164 scriptum
3777 3092 3869 3144 est
3919 3105 3933 3142 :

2282 3208 2307 3234 α
2353 3183 2523 3250 Quod
2562 3184 2866 3238 inﬁrmum
2910 3186 2996 3237 est
3040 3181 3391 3250 Dei,fortius
3417 3186 3712 3253 estquam
3737 3176 3937 3234 homi-

2278 3290 2385 3330 nes
2404 3316 2417 3331 .
2448 3275 2513 3328 Et
2540 3272 2705 3344 quod
2739 3271 2987 3326 stultum
3038 3276 3125 3326 est
3154 3271 3254 3326 Dei
3279 3270 3605 3343 sapientius
3634 3272 3722 3325 est
3748 3283 3938 3340 quam

2280 3365 2557 3419 homines
2579 3362 2633 3432 (Ι
2663 3362 2798 3417 Cor.
2830 3361 2887 3432 1).
2927 3384 2952 3409 η
2988 3360 3101 3415 Sed
3152 3359 3295 3432 quia
3351 3359 3468 3433 ipsi
3497 3359 3676 3429 hUJuS
3732 3354 3943 3412 saeculi

2284 3450 2580 3522 sapientes
2606 3464 3047 3521 nonnunquam
3099 3447 3330 3503 videtur
3360 3445 3727 3519 quibusdam
3755 3444 3945 3499 virtu—

2283 3538 2439 3594 tibus
2493 3537 2748 3605 studere,
2808 3537 3082 3591 videmus
3141 3537 3302 3592 enim
3355 3535 3666 3607 plerosque
3708 3533 3950 3588 habere

2287 3627 2663 3691 eharitatem,
2708 3640 2944 3680 servare
2971 3623 3509 3685 mansuetudinem,
3558 3622 3952 3676 honestatem

2284 3714 2635 3771 exteriorem
2657 3714 2715 3769 in
2748 3714 3030 3769 omnibus
3053 3716 3511 3779 exercere.Quas
3528 3715 3730 3766 tamen
3749 3708 3951 3765 virtu-

2286 3807 2392 3872 tes,
2424 3817 2544 3857 non
2578 3806 2641 3857 ut
2668 3803 2808 3873 Deo,
2842 3802 2947 3857 sed
2987 3811 3049 3857 ut
3092 3802 3436 3857 hominibus
3472 3799 3749 3872 placeant
3781 3797 3953 3852 exhi-

2285 3894 2447 3949 bent.
2508 3895 2651 3959 0010
2706 3893 2927 3949 ideirco
2973 3893 3216 3949 virtutes
3263 3909 3385 3949 non
3426 3897 3581 3956 sunt,
3635 3889 3782 3962 quia
3827 3892 3953 3945 Deo

2288 3982 2523 4056 placere
2579 3996 2701 4037 non
2747 3985 3054 4053 appetunt.
3102 3981 3271 4038 Olent
3316 3979 3608 4036 tamenin
3660 3977 3949 4034 humanis

2288 4071 2536 4127 naribus
2567 4070 2715 4126 dum
2771 4071 3039 4125 humano
3067 4069 3293 4140 judicio
3336 4070 3564 4125 bonam
3595 4067 3950 4140 opinionem

2289 4160 2690 4216 reddunt.Sed
2706 4165 3128 4231 comparentur
3142 4159 3270 4214 haec
3290 4173 3430 4214 vero
3459 4156 3629 4213 odori
3662 4155 3958 4227 Redemp-

2292 4249 2435 4305 toris
2464 4249 2671 4315 nostri,
2707 4254 3132 4321 comparentur
3164 4249 3316 4303 veris
3362 4246 3675 4303 virtutibus
3704 4250 3763 4301 et
3790 4244 3959 4299 dica-

523 4327 886 4393 guentorum
914 4324 1045 4395 ejus
1091 4323 1410 4396 ﬂagrantia
1438 4325 1685 4397 Spiritus
1711 4324 1901 4381 sancti
1940 4327 2044 4390 est,
2077 4340 2165 4395 qu.

2293 4343 2420 4394 tur:
2457 4359 2483 4386 «
2513 4341 2577 4393 Et
2615 4336 2765 4393 odor
2797 4343 3240 4408 unguentorum
3269 4342 3504 4392 tuorum
3536 4349 3717 4407 super
3746 4334 3959 4389 omnia

523 4388 599 4469 ex
619 4409 721 4469 illo
748 4388 1103 4484 procedens,
1130 4388 1318 4470 1111110
1345 4388 1693 4486 permansit.
1726 4413 1885 4471 Odor
1906 4388 2181 4483 1111811011-
2221 4388 2266 4443 D

527 4504 727 4559 torum
758 4501 889 4573 ejus
916 4501 1235 4573 ﬂagrantia
1263 4502 1550 4559 virtutum
1577 4518 1731 4575 quas
1761 4507 2045 4575 operatus
2073 4506 2178 4557 est.

525 4590 747 4649 Habuit
788 4592 918 4650 haec
948 4592 1210 4650 Ecclesia
1253 4596 1527 4649 aromata
1567 4592 1711 4665 quia
1758 4592 1971 4649 habuit
1996 4592 2186 4648 multa

527 4682 771 4755 spiritds
794 4682 979 4754 dona,
1010 4698 1148 4757 quae
1176 4683 1238 4739 in
1259 4684 1445 4738 domo
1476 4682 1597 4750 Dei,
1627 4682 1688 4738 id
1718 4687 1809 4739 est
1838 4683 1896 4738 in
1935 4698 2184 4753 congre-

528 4773 771 4843 gatione
801 4778 1147 4831 sanctorum
1174 4772 1424 4830 odorem
1447 4772 1624 4829 bonae
1674 4773 1973 4846 opinionis
2016 4772 2185 4829 redo-

528 4860 693 4917 leret.
729 4861 844 4917 Sed
874 4863 1025 4918 odor
1047 4867 1495 4933 unguentorum
1516 4867 1758 4919 tuorum
1780 4880 1963 4937 super
1981 4862 2189 4920 omnia

504 4954 831 5020 aromata,
851 4950 997 5021 quia
1025 4950 1642 5022 ﬂagrantiavirtutum
1667 4954 1893 5026 sponsi,
1924 4970 2059 5025 quae
2084 4967 2191 5023 per

530 5034 1012 5094 incarnationem
1041 5039 1173 5108 ejus
1204 5038 1361 5095 facta
1403 5046 1514 5108 est,
1559 5041 1696 5097 vicit
1725 5041 2189 5113 praedicamenta

530 5120 700 5196 legis,
734 5140 872 5198 quin
900 5125 964 5181 in
996 5126 1187 5182 arrhis
1234 5127 1313 5183 ali
1344 5143 1570 5201 sponso
1616 5128 1854 5186 fuerant
1899 5141 2193 5199 praeroga.

531 5217 617 5274 ta.
643 5214 748 5271 illa
769 5214 919 5286 legis
946 5220 1220 5274 aromata
1247 5232 1355 5291 per
1383 5218 1630 5290 angelos
1659 5216 1991 5273 ministrata
2031 5220 2189 5278 sunt,

533 5303 701 5362 istud
756 5308 1133 5376 unguentum
1183 5322 1290 5381 per
1319 5308 1701 5381 praesentiam
1735 5306 1939 5376 sponsi
1981 5303 2192 5360 datum

536 5396 647 5450 est.
687 5396 872 5451 Tanto
903 5395 1127 5469 quippe
1174 5396 1435 5469 amplius
1484 5396 1562 5452 ad
1591 5392 1952 5449 intellectum
2009 5393 2195 5451 credit

538 5482 822 5553 Ecclesia,
855 5489 1084 5557 quanto
1110 5488 1167 5542 et
1194 5484 1502 5557 amplioris
1545 5481 1788 5538 visionis
1845 5484 2035 5553 gratia
2075 5499 2195 5539 me-

538 5571 659 5630 ruit
711 5572 1009 5631 illustrari.
1060 5578 1182 5632 Hoc
1234 5578 1436 5630 autem
1501 5572 1667 5644 quod
1715 5572 2065 5643 generaliter
2119 5573 2194 5629 de

510 5668 759 5722 ~0nneta
778 5664 1041 5724 Ecclesia
1064 5663 1349 5731 diximus,
1380 5677 1542 5719 nunc
1569 5662 1905 5737 specialiter
1932 5663 2007 5720 de
2038 5678 2187 5719 una-

2296 4431 2585 4491 aromata,
2620 4448 2647 4475 ››
2675 4426 2733 4481 id
2766 4431 2853 4481 est
2883 4425 3197 4495 ﬂagrantia
3222 4426 3506 4481 virtutum
3536 4430 3800 4491 tuarum,
3828 4438 3961 4477 om-

2295 4532 2431 4570 nem
2463 4514 2720 4586 speciem
2748 4516 3029 4570 virtutum
3064 4515 3418 4586 sapientiam
3443 4512 3655 4568 mundi
3687 4514 3959 4584 superat,

2295 4603 2438 4676 quia
2485 4602 2758 4658 videlicet
2786 4602 2954 4659 ﬁctas
3001 4610 3210 4659 eorum
3263 4602 3557 4671 imagines
3587 4617 3661 4657 ex
3705 4599 3962 4655 veritate

2294 4691 2683 4749 transcendit.
2718 4693 2867 4758 Quia
2911 4692 3176 4748 secundo
3223 4692 3355 4747 loco
3385 4691 3586 4747 sentiri
3633 4690 3748 4746 hoc
3786 4687 3967 4760 quod

2296 4782 2522 4838 dictum
2565 4785 2653 4837 est
2680 4781 2755 4836 de
2786 4795 3154 4853 unaquaque
3185 4780 3390 4836 anima
3434 4778 3723 4848 diximus,
3755 4777 3968 4832 adhuc

2297 4872 2587 4928 eumdum
2642 4886 2908 4937 sensum,
2940 4871 2987 4925 si
3030 4878 3383 4943 possumus,
3439 4869 3763 4939 adjuvante
3814 4868 3967 4932 Deo,

2300 4961 2573 5018 subtilius
2623 4974 3043 5032 exsequamur.
3105 4958 3311 5014 Omnis
3365 4958 3569 5015 anima
3615 4973 3753 5029 quae
3794 4956 3973 5011 timet

2303 5054 2508 5115 Deum,
2533 5049 2658 5119 jam
2683 5049 2795 5102 sub
2821 5049 2969 5119 jugo
2985 5048 3113 5118 ejus
3135 5047 3364 5103 estSed
3390 5046 3589 5102 adhuc
3607 5045 3975 5117 longe,quia

2300 5136 2485 5191 timet.
2518 5139 2665 5190 Nam
2713 5140 2944 5190 tantum
2991 5135 3248 5207 quisque
3281 5135 3359 5192 ad
3388 5135 3576 5192 Deum
3627 5148 3817 5207 prope
3879 5133 3969 5201 ﬁt,

2301 5221 2549 5295 quando
2584 5236 2827 5293 poenam
2860 5222 3084 5279 timoris
3128 5223 3362 5288 omittit,
3397 5228 3453 5279 et
3475 5222 3731 5293 gratiam
3757 5220 3836 5276 de
3867 5220 3971 5277 illo

2302 5309 2560 5366 charitas
2612 5309 2877 5382 percipit.
2914 5313 3210 5365 Ponamus
3265 5316 3401 5367 ante
3444 5309 3651 5366 oculos
3690 5309 3970 5365 animam

2305 5399 2468 5455 electi
2486 5397 2818 5468 cujuslibet,
2832 5416 2965 5471 quae
2980 5399 3262 5455 continuo
3288 5398 3580 5455 desiderio
3607 5399 3668 5453 in
3690 5413 3976 5455 amorem

2305 5487 2544 5541 visionis
2572 5487 2776 5559 sponsi
2826 5488 3186 5554 accenditur,
3210 5488 3350 5559 quia
3378 5487 3543 5559 quod
3574 5487 3632 5542 in
3678 5488 3796 5541 hac
3848 5488 3977 5541 vita

2303 5574 2559 5647 perfecte
2584 5576 2887 5648 percipere
2903 5593 3024 5633 non
3047 5577 3220 5646 valet,
3240 5575 3680 5648 contemplatur
3699 5576 3751 5647 ej
3762 5584 3839 5630 us
3857 5574 3979 5630 cel-

2306 5663 2628 5722 situdinem
2644 5671 2701 5722 et
2715 5681 2785 5721 ex
2809 5666 2939 5739 ipso
2956 5676 3160 5723 amore
3176 5666 3621 5738 compungitur.
3638 5664 3776 5737 Ipsa
3796 5665 3974 5719 enim
