4106 6174
248 200 356 269 εδδ

1447 205 1707 267 ENARB.
1748 206 1817 265 ΙΝ
1856 204 2159 268 ΌΑΝἮΟΑ
2197 208 2470 270 ΟᾹΝἹἹΟ.

3567 215 3673 270 580

245 333 635 407 compunctio
650 348 787 405 qua
802 347 912 406 per
933 332 1300 390 alacritatem
1316 333 1402 399 ﬁt,
1425 333 1571 406 quia
1592 338 1648 389 et
1670 332 1904 389 deside-
1934 333 1982 388 Δ
2023 349 2252 405 sumus,
2283 335 2461 406 longe
2509 333 2890 392 excellentior
2930 339 3022 392 est
3047 335 3198 392 odor
3226 342 3673 407 unguentorum

245 425 335 480 rio
365 423 732 492 accenditur,
758 424 934 496 quasi
949 423 1262 496 quoddam
1286 424 1561 479 osculum
1583 428 1687 479 est.
1718 421 1907 478 Toties

246 515 409 570 enim
432 513 637 569 anima
653 513 960 568 osculatur
986 514 1193 580 Deum,
1212 513 1445 586 quoties
1470 514 1530 570 in
1553 514 1681 585 ejus
1704 526 1908 568 amore

247 600 694 674 compungitur.
759 603 907 657 Sunt
937 602 1098 657 enim
1149 601 1321 657 multi
1354 602 1459 674 qui
1502 602 1630 672 jam
1663 601 1909 673 quidem

245 694 439 748 Deum
470 694 763 759 metuunt,
785 691 912 761 jam
936 691 999 746 in
1028 690 1193 746 bona
1223 690 1569 763 operatione
1594 690 1908 762 recipiunt,

247 781 354 837 sed
384 779 648 835 necdum
680 779 1045 845 osculantur,
1079 780 1225 851 quia
1255 794 1461 834 amore
1502 779 1631 849 ejus
1662 778 1909 833 minime

243 874 762 943 compunguntur.
786 867 957 934 Quod
984 870 1135 925 bene
1182 869 1242 924 in
1294 868 1568 923 convivio
1628 867 1908 923 Pharisai

244 961 557 1030 signatum
612 963 720 1014 est.
782 959 893 1023 Qui
952 974 1089 1014 cum
1170 958 1493 1014 Dominum
1571 957 1906 1029 recepisset,

241 1060 514 1119 cumque
542 1045 837 1104 osculanti
863 1046 1095 1102 mulieri
1120 1047 1305 1119 pedes
1326 1048 1455 1116 ejus
1481 1046 1542 1101 in
1569 1045 1747 1101 corde
1798 1060 1907 1100 suo

242 1136 584 1204 derogaret,
612 1133 855 1190 audivit.
880 1156 906 1183 ‹‹
930 1134 1150 1190 Intravi
1170 1135 1231 1189 in
1253 1134 1507 1190 domum
1526 1138 1712 1199 tuam,
1732 1146 1908 1188 oscu-

241 1226 374 1282 lum
393 1223 546 1279 mihi
576 1239 699 1279 non
719 1223 955 1290 dedisti,
987 1223 1117 1279 hac
1146 1228 1350 1279 autem
1384 1239 1457 1278 ex
1488 1239 1612 1295 quo
1638 1222 1910 1291 ingressa

245 1321 353 1379 est,
376 1328 505 1370 non
528 1313 777 1369 cessavit
803 1312 1066 1368 osculari
1098 1313 1288 1385 pedes
1335 1328 1502 1368 meos
1536 1314 1702 1379 (Luc.
1731 1312 1845 1382 vir).
1880 1333 1907 1360 ››

249 1403 457 1462 Omnis
477 1403 582 1475 qui
596 1402 726 1473 jam
753 1401 1170 1473 eleemosynas
1198 1401 1357 1469 facit,
1382 1402 1483 1473 qui
1504 1402 1631 1472 jam
1655 1401 1713 1455 in
1734 1399 1909 1455 bonis

245 1493 534 1566 operibus
555 1490 771 1558 studet,
789 1493 968 1563 quasi
989 1490 1289 1546 Christum
1312 1491 1371 1545 in
1399 1490 1737 1545 convivium
1770 1489 1910 1544 reci-

241 1585 347 1656 pit,
381 1581 685 1637 Christum
711 1580 921 1653 pascit,
954 1580 1099 1653 quia
1149 1594 1290 1635 eum
1344 1580 1405 1635 in
1454 1579 1742 1635 membris
1786 1578 1910 1633 suis

2021 423 2120 479 Dei
2178 425 2551 482 aromatibus
2609 426 2891 482 virtutum
2940 429 3307 482 nostrarum.
3366 429 3432 482 Et
3461 427 3511 483 si
3539 428 3672 499 jam

2019 526 2242 583 magna
2272 520 2409 570 sunt
2437 530 2573 586 qua
2595 514 2959 586 accepimus,
2986 514 3158 570 valde
3189 518 3391 570 tamen
3433 516 3672 587 potiora

2017 610 2173 669 sunt,
2207 621 2341 676 qua
2367 605 2442 661 de
2473 604 2975 677 contemplatione
3016 605 3306 662 Creatoris
3354 605 3539 662 nostri
3570 622 3670 663 ac-

2017 695 2243 765 cepturi
2296 709 2524 749 sumus.
2582 694 2744 749 Unde
2805 693 3043 749 anhelet
3092 694 3295 750 anima
3351 698 3410 750 et
3461 695 3665 751 dicat:

2018 804 2047 832 ‹‹
2089 783 2249 840 Odor
2296 788 2739 854 unguentorum
2796 788 3041 839 tuorum
3084 798 3267 855 super
3304 784 3511 840 omnia
3540 799 3670 841 aro-

2016 877 2200 942 mata,
2229 893 2255 926 »
2289 873 2352 928 id
2382 878 2469 928 est
2491 873 2653 929 bona
2680 872 2778 928 illa
2809 888 2944 945 qua
2965 887 3073 945 per
3100 873 3670 945 contemplationem

2016 966 2181 1017 tuam
2212 976 2538 1034 praparas,
2568 961 2679 1017 ista
2699 961 2905 1017 omnia
2931 960 3215 1017 virtutum
3240 975 3513 1030 munera,
3532 977 3669 1035 qua

2015 1051 2076 1107 in
2106 1050 2218 1106 hac
2247 1050 2368 1105 vita
2400 1049 2677 1115 tribuisti,
2722 1049 3171 1105 transcendunt.
3223 1050 3499 1106 Dicamus
3529 1050 3669 1107 hinc

2016 1139 2309 1204 Ecclesia,
2337 1139 2613 1193 dicamus
2642 1139 2779 1193 hinc
2809 1138 3022 1193 animae
3044 1138 3128 1194 sic
3154 1139 3398 1208 amenti,
3432 1139 3516 1194 sic
3563 1155 3670 1194 as-

2016 1229 2203 1285 tuanti
2229 1242 2497 1284 amorem
2522 1229 2727 1300 sponsi
2750 1228 2863 1293 sui,
2887 1222 3048 1283 unde
3077 1232 3277 1284 tamen
3304 1228 3670 1284 desiderium

2014 1319 2361 1392 perceperit,
2396 1318 2555 1372 unde
2586 1317 2858 1373 notitiam
2910 1317 3235 1373 divinitatis
3290 1319 3420 1388 ejus
3451 1333 3668 1391 appre-

2017 1406 2306 1464 henderit.
2343 1407 2455 1462 Sed
2482 1422 2617 1461 ecce
2650 1406 2783 1477 ipsa
2814 1406 3090 1479 exprimit
3117 1411 3173 1462 et
3196 1406 3336 1463 dicit
3370 1424 3383 1462 :

2089 1514 2117 1543 «
2159 1493 2543 1562 Unguentum
2574 1490 2833 1546 effusum
2864 1506 3089 1547 nomen
3118 1496 3309 1547 tuum.
3341 1512 3369 1541 »
3397 1493 3673 1561 Unguen-

2018 1586 2144 1636 tum
2176 1580 2437 1636 eﬁusum
2467 1584 2554 1635 est
2606 1579 2885 1635 divinitas
2939 1578 3267 1635 incarnata.
3312 1579 3368 1635 Si
3411 1579 3571 1636 enim
3597 1579 3673 1636 sit

242 1674 581 1729 sustentare
611 1684 733 1725 non
752 1669 987 1725 desinit.
1012 1668 1123 1724 Sed
1142 1669 1190 1723 si
1210 1669 1479 1724 nondum
1508 1684 1612 1741 per
1638 1682 1909 1723 amorem
1939 1686 1979 1741 Β
2020 1675 2398 1739 unguentum
2452 1669 2512 1724 in
2562 1668 2808 1724 vasculo
2861 1668 3111 1725 odorem
3170 1668 3428 1725 exterius
3472 1668 3672 1724 minus

244 1760 699 1833 compungitur,
744 1756 944 1814 adhuc
967 1759 1098 1828 ejus
1131 1758 1381 1826 vestigia
1436 1772 1559 1813 non
1585 1757 1906 1814 osculatur.

246 1853 402 1906 Bene
431 1855 637 1904 autem
687 1848 912 1904 dictum
968 1851 1079 1915 est,
1111 1869 1138 1896 «
1171 1861 1293 1901 non
1350 1846 1607 1902 cessavit
1648 1846 1909 1902 osculari

244 1939 438 2012 pedes
472 1939 604 2009 ejus
625 1937 824 2008 (Ibid.)
850 1961 877 1986 ››
910 1940 1035 1992 Non
1065 1936 1227 1991 enim
1256 1934 1473 1991 sufﬁcit
1496 1936 1556 1991 in
1584 1950 1791 1990 amore
1810 1935 1912 1990 Dei

247 2026 439 2083 semel
469 2026 802 2099 compungi
826 2029 885 2081 et
914 2026 1242 2098 quiescere,
1276 2025 1380 2080 sed
1419 2030 1473 2080 et
1526 2024 1911 2096 compunctio

250 2116 434 2173 debet
463 2130 594 2172 esse
624 2120 681 2170 et
710 2114 1101 2170 crebrescere.
1138 2114 1302 2170 Unde
1336 2114 1548 2169 mulier
1599 2113 1662 2168 in
1685 2129 1757 2169 eo
1785 2113 1912 2170 lau-

253 2206 455 2272 datur,
470 2205 615 2277 quia
636 2203 894 2260 osculari
916 2217 1039 2259 non
1063 2202 1285 2258 destitit
1305 2203 1368 2258 id
1397 2203 1723 2274 compungi
1744 2201 1914 2257 mini-

259 2310 357 2350 me
409 2293 683 2350 cessavit.
742 2292 906 2348 Unde
957 2297 1016 2348 et
1069 2307 1177 2365 per
1234 2293 1596 2364 Prophetam
1642 2291 1857 2346 dicitur
1897 2308 1909 2345 :

259 2406 289 2433 σι
319 2382 663 2439 Constituite
693 2381 855 2437 diem
875 2381 1206 2437 solemnem
1229 2381 1291 2436 in
1308 2379 1913 2455 confrequentationi-

246 2472 368 2527 bus
402 2484 594 2543 usque
616 2470 698 2526 ad
726 2482 916 2525 cornu
936 2470 1139 2526 altaris
1159 2471 1349 2541 (Psal.
1383 2471 1577 2542 cxvn).
1600 2492 1628 2519 »
1665 2468 1795 2524 Dies
1824 2482 1916 2524 so-

244 2561 466 2618 lemnis
500 2564 590 2616 est
616 2559 890 2620 Domino.
919 2559 1304 2632 compunctio
1332 2558 1528 2614 cordis
1559 2558 1770 2614 nostri.
1802 2557 1917 2615 Sed

246 2656 391 2706 tunc
419 2649 486 2705 in
511 2648 1108 2721 confrequentatione
1132 2648 1260 2704 dies
1294 2648 1576 2704 solemnis
1611 2647 1911 2704 constitui-

250 2744 363 2807 tur,
396 2755 543 2795 cum
570 2738 649 2794 ad
676 2738 978 2810 lacrymas
1010 2750 1135 2810 pra
1167 2752 1373 2793 amore
1406 2738 1641 2794 Domini
1669 2737 1913 2794 assidue

253 2833 550 2885 movetur.
582 2832 700 2885 Cur
722 2828 815 2883 vel
846 2828 894 2883 si
919 2828 1257 2883 diceremus
1287 2827 1559 2901 quandiu
1586 2827 1700 2883 ista
1727 2827 1916 2883 acturi

252 2935 487 2986 sumus,
519 2917 797 2990 quandiu
842 2917 1326 2972 tribulationibus
1360 2916 1704 2972 aﬂicimur?
1762 2915 1917 2971 illico

251 3008 581 3064 terminum
601 3020 925 3099 quousque
940 3005 1297 3099 tieridebeat
1319 3003 1627 3075 subjunxit
1669 3005 1914 3099 dicens:
1949 3046 1988 3099 Ο

250 3119 276 3147 α
312 3100 515 3169 Usque
545 3096 627 3151 ad
657 3110 846 3150 cornu
874 3094 1099 3150 altaris.
1128 3115 1154 3143 ››
1208 3095 1405 3150 Cornu
1435 3096 1662 3166 quippe
1716 3092 1918 3150 altaris

253 3190 341 3243 est
365 3184 649 3241 exaltatio
690 3182 963 3240 sacriﬁcii
993 3183 1306 3239 interioris.
1343 3182 1450 3238 Ubi
1470 3197 1610 3237 cum
1633 3197 1917 3255 pervene-

255 3276 447 3331 rimus
464 3275 615 3345 jam,
638 3288 1029 3347 nequaquam
1060 3288 1307 3328 necesse
1339 3276 1428 3327 est
1457 3276 1522 3327 ut
1582 3272 1916 3327 solemnem

266 3364 523 3419 Domino
553 3363 626 3419 de
656 3368 860 3419 nostra
888 3362 1310 3418 lamentatione
1342 3360 1657 3417 faciamus.
1704 3360 1921 3417 Anima

268 3455 437 3520 ergo,
471 3467 605 3523 qua
645 3453 764 3523 jam
796 3467 903 3523 per
932 3466 1199 3508 amorem
1227 3450 1555 3522 compungi
1599 3450 1918 3517 desiderat,

261 3554 403 3617 qua
427 3542 558 3613 jam
592 3541 978 3613 contemplari
1003 3540 1234 3596 visione
1281 3540 1487 3611 sponsi
1535 3540 1628 3595 sui
1671 3539 1917 3611 appetit,

258 3633 421 3690 dicat
446 3649 461 3687 :
497 3655 523 3683 «
559 3632 865 3688 Osculetur
896 3646 991 3687 me
1022 3630 1231 3686 osculo
1253 3630 1373 3685 oris
1403 3629 1517 3684 sui.
1548 3647 1579 3682 ›
1613 3629 1720 3684 Vel
1766 3633 1921 3684 certe

262 3722 541 3778 osculum
566 3721 689 3776 oris
721 3721 851 3791 ejus
881 3724 969 3775 est
996 3720 1128 3791 ipsa
1150 3719 1432 3791 perfectio
1463 3718 1629 3790 pacis
1652 3718 1919 3783 interna,

269 3809 346 3865 ad
373 3824 556 3882 quam
587 3823 731 3864 cum
760 3807 1207 3880 pervenerimus
1262 3807 1410 3861 nihil
1437 3806 1769 3862 remanebit
1799 3821 1923 3860 am-

269 3893 419 3967 plius
446 3896 617 3968 quod
646 3911 1011 3968 quaramus.
1043 3894 1206 3951 Unde
1239 3898 1295 3950 et
1322 3897 1458 3965 apte
1513 3893 1919 3963 subjungitur.

268 4008 296 4035 α
334 3986 486 4051 Quia
518 3984 769 4040 meliora
798 3988 935 4040 sunt
964 3985 1154 4039 ubera
1179 3986 1281 4039 tua
1315 3982 1479 4037 vino.
1509 4004 1537 4032 ››
1568 3982 1787 4036 Vinum
1837 3984 1927 4037 est

261 4075 513 4130 scientia
544 4073 666 4140 Dei,
699 4088 885 4145 quam
924 4072 984 4127 in
1022 4072 1139 4128 ista
1192 4072 1312 4127 vita
1341 4070 1521 4143 positi
1570 4069 1921 4142 accipimus.

260 4165 455 4219 Ubera
485 4166 694 4217 autem
720 4161 924 4233 sponsi
947 4164 1087 4216 tunc
1120 4159 1558 4232 amplectimur,
1613 4174 1751 4214 cum
1784 4173 1923 4214 eum

256 4253 320 4309 in
345 4257 579 4308 atema
602 4252 797 4323 patria
819 4251 949 4323 jam
991 4264 1098 4322 per
1141 4249 1489 4322 amplexum
1543 4248 1924 4321 praesentiam

258 4339 771 4411 contemplemur.
806 4339 970 4393 Dicat
993 4352 1135 4408 ergo
1169 4354 1183 4392 :
1217 4361 1244 4387 ς.
1284 4336 1518 4395 Meliora
1547 4342 1687 4392 sunt
1736 4336 1924 4392 ubera

256 4432 369 4485 tua
391 4429 559 4484 vino.
588 4444 621 4479 ι
652 4428 734 4483 Ac
776 4427 826 4483 si
854 4426 1014 4482 dicat
1047 4443 1060 4481 :
1092 4429 1302 4496 Magna
1350 4431 1437 4481 est
1465 4426 1711 4498 quidem
1741 4425 1925 4480 scien-

259 4520 368 4583 tia,
401 4532 597 4590 quam
626 4517 701 4572 de
726 4521 781 4573 te
811 4516 959 4572 mihi
995 4516 1057 4572 in
1109 4516 1223 4571 hac
1270 4516 1386 4571 vita
1436 4515 1753 4582 contulisti,
1794 4531 1925 4571 ma-

261 4623 459 4679 gnum
480 4611 573 4663 est
598 4606 806 4661 vinum
838 4605 1060 4662 notitia
1091 4608 1206 4660 tua
1235 4619 1357 4677 quo
1398 4620 1493 4660 me
1513 4604 1796 4674 inebrias,
1824 4603 1930 4660 sed

264 4699 459 4755 ubera
488 4703 593 4754 tua
615 4696 755 4752 vino
789 4695 1036 4751 meliora
1082 4699 1241 4763 sunt,
1272 4695 1417 4767 quia
1468 4697 1609 4750 tunc
1659 4709 1768 4767 per
1792 4710 1927 4768 spe-

271 4787 426 4842 ciem
454 4791 513 4843 et
546 4802 657 4859 per
716 4785 1143 4842 sublimitatem
1165 4783 1686 4856 contemplationis
1744 4789 1928 4839 trans-

271 4872 564 4946 cenditur,
595 4874 888 4948 quidquid
920 4874 996 4929 de
1026 4877 1079 4929 te
1133 4872 1319 4929 modo
1366 4888 1475 4945 per
1502 4872 1683 4927 fidem
1725 4873 1926 4928 scitur.

269 4986 307 5016 «
350 4967 413 5021 Et
438 4964 595 5022 odor
632 4967 1078 5034 unguentorum
1100 4966 1344 5019 tuorum
1371 4977 1554 5035 super
1567 4961 1775 5017 omnia
1799 4977 1929 5017 aro-

263 5057 458 5111 mata.
490 5074 522 5105 ››
553 5053 658 5109 Hic
687 5054 871 5109 habet
901 5056 1110 5107 sancta
1156 5052 1411 5107 Ecclesia
1458 5056 1749 5118 aromata,
1781 5049 1930 5105 dum

262 5146 332 5201 in
359 5146 581 5200 virtute
608 5144 886 5209 scientia,
920 5142 1132 5197 virtute
1162 5142 1465 5208 castitatis,
1498 5142 1705 5198 virtute
1758 5142 1933 5197 mise-

257 5233 569 5301 ricordia,
630 5233 843 5288 virtute
888 5231 1263 5301 humilitatis,
1341 5232 1555 5287 virtute
1634 5231 1935 5288 charitatis

267 5322 480 5396 pollet.
536 5323 595 5380 Si
626 5328 975 5379 sanctorum
1007 5322 1125 5377 vita
1170 5320 1420 5377 odorem
1465 5325 1806 5377 aromatum
1863 5334 1937 5375 ex

268 5412 599 5469 virtutibus
616 5428 741 5468 non
754 5411 1023 5483 haberet,
1042 5405 1264 5467 Paulus
1285 5426 1407 5465 non
1425 5409 1645 5465 diceret
1663 5428 1675 5464 :
1697 5430 1725 5459 «
1747 5410 1941 5465 Chris-

270 5501 549 5561 tibonus
603 5501 756 5557 odor
784 5516 996 5556 sumus
1058 5503 1174 5556 Deo
1220 5501 1279 5556 in
1330 5499 1495 5554 omni
1549 5498 1682 5554 loco
1714 5498 1773 5566 (Ῑ
1797 5499 1937 5555 Cor.

270 5592 359 5663 ιι).
390 5613 414 5643 ι
445 5590 565 5648 Sed
613 5590 790 5661 longe
845 5588 1223 5645 excellentior
1269 5594 1356 5644 est
1405 5587 1507 5643 illa
1559 5587 1761 5644 unctio
1806 5603 1947 5644 con-

278 5680 694 5755 templationis
748 5679 869 5749 Dei,
915 5678 996 5737 ad
1048 5694 1233 5752 quam
1288 5675 1656 5754 quandoque
1686 5676 1943 5739 ducendi

2016 1760 2231 1830 reddit,
2255 1760 2304 1814 si
2326 1776 2465 1814 vero
2486 1758 2829 1827 effunditur,
2855 1759 3005 1814 odor
3027 1758 3200 1815 effusi
3217 1758 3510 1828 unguenti
3531 1758 3676 1815 dila-

2018 1854 2192 1906 tatur.
2244 1853 2468 1905 Nomen
2513 1864 2655 1918 ergo
2691 1848 2788 1904 Dei
2838 1853 3215 1919 unguentum
3254 1848 3515 1903 effusum
3563 1850 3671 1916 est,

2019 1939 2162 2011 quia
2192 1939 2270 1993 ab
2310 1938 2710 1993 immensitate
2763 1937 3088 1994 divinitatis
3138 1953 3262 1993 sua
3291 1937 3370 1993 ad
3395 1942 3676 1993 naturam

2019 2033 2288 2083 nostram
2318 2044 2379 2081 se
2408 2026 2666 2081 exterius
2697 2025 2907 2081 effudit
2926 2030 2984 2081 et
3006 2025 3085 2081 ab
3122 2041 3193 2080 eo
3218 2026 3385 2098 quod
3415 2029 3504 2081 est
3522 2024 3674 2080 invi-

2022 2116 2228 2185 sibilis,
2256 2132 2317 2169 se
2344 2114 2638 2170 visibilem
2668 2113 2944 2169 reddidit.
2995 2110 3052 2170 Si
3110 2114 3274 2170 enim
3322 2128 3447 2169 non
3481 2126 3544 2168 se
3590 2112 3675 2169 ef-

2022 2205 2314 2268 funderet,
2342 2219 2733 2275 nequaquam
2760 2202 2938 2258 nobis
2970 2202 3384 2258 innotesceret.
3415 2200 3679 2257 Ett‘undit

2023 2309 2084 2349 se
2114 2297 2509 2363 unguentum,
2560 2308 2698 2345 cum
2731 2305 2791 2346 se
2847 2295 2906 2346 et
2945 2290 3265 2345 dominum
3315 2289 3588 2357 servavit,
3621 2292 3679 2345 et

2022 2383 2330 2438 hominem
2356 2380 2640 2435 exhibuit.
2679 2383 2754 2434 De
2775 2394 2899 2452 qua
2931 2379 3220 2435 effusione
3240 2378 3459 2435 Paulus
3487 2377 3629 2434 dicit
3660 2394 3673 2433 :

2025 2489 2055 2526 «
2087 2471 2195 2536 Qui
2222 2485 2356 2525 cum
2391 2470 2448 2523 in
2474 2468 2667 2524 forma
2699 2469 2799 2524 Dei
2827 2472 3001 2537 esset,
3031 2482 3156 2524 non
3197 2468 3476 2541 rapinam
3518 2465 3678 2523 arbi-

2026 2564 2209 2616 tratus
2240 2566 2327 2614 est
2373 2574 2501 2614 esse
2533 2574 2594 2613 se
2634 2557 2925 2631 aequalem
2978 2562 3115 2626 Deo,
3150 2558 3260 2613 sed
3289 2557 3681 2630 semetipsum

2024 2649 2345 2706 exinanivit
2371 2648 2627 2703 formam
2657 2647 2807 2703 servi
2824 2647 3123 2719 accipiens
3140 2648 3323 2718 (Phil.
3348 2651 3483 2714 11).»
3508 2644 3683 2711 Quod

2026 2740 2238 2795 Paulus
2262 2740 2425 2795 dixit.
2459 2761 2485 2787 ‹‹
2506 2738 2851 2805 exinanivit,
2880 2759 2909 2787 »
2932 2738 3047 2792 hoc
3077 2735 3361 2792 Salomon
3385 2736 3533 2792 dixit
3553 2757 3582 2787 ‹‹
3601 2734 3682 2791 ef-

2028 2831 2194 2885 fudit.
2223 2850 2249 2878 »
2284 2829 2432 2893 Quia
2459 2844 2601 2897 ergo
2626 2828 2897 2883 humano
2914 2827 3117 2897 generi
3140 2825 3429 2882 Dominus
3446 2840 3554 2897 per
3572 2825 3682 2880 hu-

2027 2919 2331 2974 militatem
2364 2916 2790 2972 incarnationis
2841 2915 3119 2985 innotuit,
3176 2914 3409 2970 dicatur
3437 2914 3491 2970 ei
3522 2932 3535 2969 :
3570 2915 3684 2970 Un—

2028 3013 2317 3077 guentum
2346 3006 2609 3062 effusum
2640 3020 2863 3060 nomen
2917 3008 3109 3060 tuum.
3163 3003 3279 3059 Sed
3308 3004 3453 3076 quia
3487 3002 3551 3057 in
3581 3005 3685 3057 He-

2026 3096 2230 3153 braica
2245 3096 2487 3151 veritate
2513 3092 2737 3166 aliquid
2760 3093 2926 3149 aliter
2954 3093 3228 3161 habetur,
3262 3089 3684 3163 compellimur

2028 3185 2104 3241 ad
2134 3184 2441 3256 superiora
2471 3183 2903 3254 apostropham
2936 3181 3151 3249 facere,
3180 3184 3237 3235 et
3264 3177 3557 3237 nonnulla
3582 3177 3685 3234 ali-

2028 3277 2114 3329 ter
2140 3273 2416 3328 inserere.
2467 3271 2730 3342 Denique
2788 3279 2927 3325 cum
2984 3267 3272 3324 dixisset:
3307 3288 3335 3317 «
3370 3265 3684 3323 Osculetur

2032 3378 2123 3417 unc
2150 3360 2359 3417 osculo
2384 3359 2503 3415 oris
2530 3359 2640 3424 sui,
2674 3381 2701 3408 »
2730 3361 2786 3413 et
2811 3357 3120 3429 subjunxit
3150 3374 3164 3412 :
3192 3378 3219 3407 ‹‹
3252 3356 3405 3422 Quia
3434 3355 3685 3411 meliora

2029 3456 2168 3507 sunt
2194 3450 2381 3505 ubera
2411 3454 2512 3503 tua
2542 3448 2702 3511 vino,
2733 3468 2761 3497 »
2793 3447 2897 3503 ubi
2925 3446 3181 3502 nimium
3209 3445 3502 3516 gaudium
3520 3459 3684 3501 amo-

2027 3540 2110 3597 ris
2143 3538 2509 3611 completum
2530 3553 2637 3611 per
2662 3536 3133 3593 attrectationem
3152 3535 3409 3591 uberum
3437 3534 3685 3590 demon-

2031 3634 2270 3691 stratur,
2300 3628 2572 3701 protinus
2600 3626 2831 3683 addidit
2853 3627 3027 3698 juxta
3044 3625 3400 3682 Hebraicum
3419 3622 3683 3695 ﬂagran-

2030 3719 2108 3774 tia
2166 3716 2483 3787 unguentis
2535 3714 2821 3788 optimis:
2855 3730 2993 3787 qua
3045 3713 3323 3786 quamvis
3371 3710 3681 3784 lampabili

2030 3820 2306 3862 sermone
2365 3805 2638 3877 superius
2690 3820 2727 3859 a
2777 3818 3018 3858 summo
3061 3806 3378 3859 tractatore
3416 3800 3687 3873 exposita

2030 3897 2150 3950 sint
2177 3892 2478 3961 melliflue,
2526 3896 2724 3949 tamen
2773 3906 3102 3964 possumus
3151 3891 3325 3961 juxta
3370 3888 3686 3961 opiniones

2030 3983 2439 4059 quorumdam
2493 3998 2701 4038 rursus
2760 3981 2992 4037 iterare.
3049 3980 3294 4047 Vinum,
3380 3978 3682 4052 inquiunt,

2031 4079 2157 4131 erat
2186 4072 2439 4128 verbum
2466 4070 2898 4141 nuntiatorum,
2957 4069 3219 4126 delatum
3250 4082 3359 4143 per
3414 4067 3682 4140 angelos,

2028 4163 2134 4237 qui
2162 4163 2239 4218 ad
2256 4161 2580 4235 prophetas
2606 4158 2702 4216 vel
2727 4160 2789 4216 in
2819 4159 3126 4234 prophetis
3148 4158 3577 4232 loquebantur,
3611 4157 3686 4213 si-

2034 4257 2134 4309 cut
2156 4253 2237 4308 ait
2263 4251 2577 4308 Zacharias
2627 4250 2921 4323 propheta
2967 4250 3142 4319 (Cap.
3174 4249 3257 4322 ιι).
3291 4252 3358 4306 Et
3411 4248 3559 4305 dixit
3605 4246 3687 4303 ad

2037 4340 2328 4412 Angelum
2363 4362 2391 4390 «
2419 4342 2525 4412 qui
2572 4337 2931 4412 loquebatur
2983 4338 3046 4394 in
3072 4354 3189 4409 me,
3224 4360 3253 4389 »
3280 4344 3447 4410 quod
3488 4335 3687 4394 Eccle-

2037 4433 2137 4487 sia
2169 4446 2270 4486 cor
2297 4428 2654 4495 latiﬁcabat,
2686 4429 2937 4484 audiens
2994 4428 3126 4500 ejus
3155 4443 3339 4501 quem
3378 4427 3686 4483 desidera-

2034 4519 2140 4576 bat
2166 4519 2513 4574 adventum.
2572 4516 2690 4574 Sed
2742 4516 2847 4572 ubi
2876 4530 2979 4571 ore
3017 4516 3424 4588 manibusque
3464 4529 3687 4586 corpus

2035 4609 2165 4679 ejus
2204 4610 2261 4663 et
2288 4606 2644 4676 sanguinem
2675 4605 3079 4671 contrectavit,
3132 4604 3379 4660 meliora
3410 4603 3691 4673 cognovit

2036 4697 2223 4752 ubera
2252 4695 2594 4767 apostolica
2626 4693 3205 4765 Evangeliorumque
3226 4690 3511 4749 doctrina
3534 4691 3689 4748 lacte

2035 4785 2366 4853 manantia,
2402 4784 2501 4839 ubi
2531 4784 2725 4839 omnis
2757 4783 2960 4839 divina
3001 4780 3286 4855 perfectio
3343 4797 3474 4855 qua
3525 4794 3692 4838 nunc

2036 4874 2423 4939 ministratur,
2476 4884 2663 4944 quam
2694 4872 2900 4928 vinum
2940 4870 3167 4928 Veteris
3221 4870 3583 4927 Testamenti
3635 4873 3698 4928 et

2035 4963 2186 5034 legis
2215 4976 2351 5033 qua
2379 4960 2712 5017 secundum
2738 4960 3097 5034 Apostolum
3124 4960 3431 5017 neminem
3461 4959 3541 5017 ad
3562 4976 3695 5035 per-

2038 5052 2259 5109 fectum
2318 5049 2612 5122 perduxit.
2673 5050 3035 5123 Quanquam
3097 5051 3259 5106 enim
3303 5049 3548 5124 perfecti
3589 5050 3695 5108 viri

2040 5139 2355 5214 apostolici
2382 5139 2485 5211 qui
2526 5140 2875 5212 praescripto
2913 5139 3141 5214 populo
3169 5140 3501 5196 Christiano
3553 5140 3697 5197 doc-

2040 5236 2197 5288 tores
2233 5230 2417 5285 ubera
2445 5230 2657 5285 Christi
2688 5229 3114 5302 intelligantur,
3140 5244 3293 5303 quos
3323 5231 3589 5288 Christus
3629 5234 3699 5288 ut

2042 5320 2328 5394 parvulos
2380 5319 2580 5385 nutrit,
2640 5324 2842 5375 tamen
2896 5334 3022 5375 non
3089 5319 3199 5377 erit
3246 5319 3696 5389 inconveniens,

2045 5413 2167 5467 duo
2221 5410 2410 5466 ubera
2457 5410 2669 5466 Christi
2739 5410 3066 5484 Baptistam
3119 5413 3175 5466 et
3256 5409 3696 5481 Evangelistam

2047 5500 2203 5556 duos
2278 5502 2539 5555 Joannes
2605 5499 2877 5569 intelligit
2929 5499 3191 5572 proprie,
3265 5500 3371 5571 qui
3425 5496 3697 5555 Ecclesia

2048 5591 2191 5661 post
2218 5589 2425 5644 oscula
2452 5588 2809 5645 sacramenti
2839 5588 3109 5661 pradicti
3138 5587 3483 5661 plenissima
3510 5584 3699 5641 verba

2055 5679 2195 5733 sunt
2221 5676 2539 5750 propinati,
2598 5692 2738 5733 cum
2779 5683 2927 5735 alter
2970 5690 3111 5734 eum
3164 5676 3358 5733 solum
3386 5676 3700 5748 peccatum
