4092 6176
425 171 529 224 567

1523 164 1882 223 ANGELOMI
1921 161 2390 220 LUXOVIENSIS
2428 161 2742 219 MONACHI

3739 167 3846 220 568

424 291 637 348 mundi
659 291 981 357 tollentem,
1005 304 1352 361 agnumque
1375 288 1749 346 demonstrat
1774 287 2066 356 Ecclesiae,
2106 289 2152 340 Α
2181 301 2312 340 mos
2332 284 2562 355 reddat,
2584 301 2754 356 reges
2783 290 2840 340 et
2870 284 3211 340 sacerdotes
3243 284 3585 350 constituat,
3618 287 3676 341 et
3714 286 3850 356 ejus

425 381 572 437 alter
594 381 654 435 in
683 379 977 450 principio
1009 377 1264 432 Verbum
1297 379 1484 432 Deum
1516 378 1681 450 apud
1735 381 1921 432 Deum
1963 380 2069 431 Pa-

424 474 572 524 trem
592 471 961 529 manentem,
989 465 1095 538 qui
1148 483 1254 538 per
1299 467 1745 523 immaculatam
1783 467 1962 522 vitam
1991 465 2072 520 ita

422 556 484 611 in
515 571 718 611 amore
748 556 878 626 ejus
930 555 1102 627 quasi
1152 555 1339 610 ubera
1386 556 1612 628 pectori
1667 556 2068 620 adhaeserunt,

422 644 568 700 dum
603 643 747 700 alter
774 643 973 699 adhuc
1003 644 1269 716 parvulae
1299 649 1355 699 et
1395 643 1635 700 lactenti
1677 644 1947 700 Ecclesiae
1976 657 2074 696 ve-

421 750 559 790 rum
588 733 896 788 hominem
926 733 1038 787 sub
1060 734 1682 789 nomineimmaculati
1713 734 1854 804 agni
1874 737 2071 787 osten-

423 823 543 888 dit;
594 822 740 876 alter
781 838 817 876 a
853 821 1096 876 creandi
1135 821 1348 876 effectu
1385 823 1658 878 omnium
1701 839 1902 877 rerum
1933 836 2072 876 eum

423 910 844 966 fabricatorem
870 911 932 964 in
952 911 1248 982 principio
1294 911 1556 966 Verbum
1584 913 1770 968 Deum
1799 911 2077 966 demons-

425 1004 556 1068 trat,
588 1015 694 1071 per
720 1015 902 1070 quem
933 1003 1132 1054 creata
1161 1003 1299 1054 sunt
1341 999 1636 1055 universa.
1671 998 1875 1054 Nullus
1899 997 2076 1066 igitur

423 1103 616 1160 usque
647 1088 706 1143 in
728 1089 842 1143 hoc
865 1091 1103 1159 tempus
1125 1087 1204 1142 ad
1225 1087 1549 1143 Ecclesiam
1570 1087 1918 1158 hujusmodi
1942 1101 2076 1154 gus-

423 1180 518 1231 tus
543 1175 846 1231 suavitatis
878 1182 1249 1247 pervenerat,
1281 1181 1340 1230 ut
1363 1177 1424 1231 in
1447 1176 1588 1246 agni
1610 1173 2076 1230 mansuetudine

426 1264 669 1322 terribili
681 1279 817 1332 rege
840 1269 1049 1318 turmae
1070 1263 1355 1335 luporum
1371 1265 1720 1320 daemonum
1739 1263 2076 1333 effugaren-

426 1359 541 1423 tur,
569 1353 738 1423 cujus
768 1352 1088 1424 praesentia
1109 1356 1395 1408 terrorem
1421 1352 1932 1409 iucutitomnibus
1962 1357 2075 1409 ter-

424 1443 584 1499 renis
615 1446 672 1498 et
696 1441 950 1497 aetheriis
980 1441 1373 1513 potestatibus
1403 1443 1508 1514 qui
1540 1443 1798 1512 tegmine
1831 1441 2077 1513 Spiritus

425 1531 616 1588 sancti
642 1531 789 1586 alios
817 1531 992 1586 vestit
1021 1535 1077 1586 et
1121 1531 1251 1602 ipse
1283 1531 1356 1586 de
1387 1531 1552 1586 nullo
1601 1530 1783 1586 habet
1808 1545 2076 1600 necesse,

2180 374 2330 428 odor
2359 374 2576 428 notitiae
2598 391 2632 428 a
2654 375 2794 430 solis
2811 379 2946 430 ortu
2967 389 3157 445 usque
3180 372 3258 426 ad
3285 388 3572 428 occasum
3596 391 3848 432 omnem

2179 463 2478 520 mundum
2508 463 2862 536 impleverit.
2885 465 3027 528 Quae
3051 463 3207 518 intra
3221 479 3284 518 se
3312 479 3499 535 quam
3523 463 3710 520 aliam
3739 465 3851 521 ﬂa-

2181 553 2474 624 grantiam
2505 559 2698 626 potest
2728 553 2971 623 intelligi
3003 553 3326 620 continere,
3359 553 3473 608 nisi
3497 555 3715 610 Christi
3733 571 3849 611 no-

2180 643 2364 699 men?
2426 644 2504 698 De
2545 659 2668 715 quo
2721 643 3008 715 sequitur,
3067 664 3093 692 «
3147 644 3528 712 Unguentum
3583 643 3852 700 effusum

2180 748 2404 788 nomen
2432 736 2621 787 tuum.
2654 755 2682 782 ››
2703 733 2864 788 Sicut
2893 731 3054 787 enim
3086 731 3242 787 intra
3271 731 3717 789 multitudinem
3748 751 3852 790 ca.

2181 821 2472 877 daverum
2502 821 2876 893 putridorum
2895 820 3108 876 reclusi
3125 821 3425 888 homines,
3450 823 3667 878 morbo
3694 825 3854 897 peri-

2182 910 2478 982 clitantur,
2509 910 2589 965 ita
2626 909 3064 966 habitatoribus
3095 909 3278 980 hujus
3308 911 3522 965 mundi
3561 920 3854 972 evenerat

2181 1015 2289 1072 per
2313 998 2526 1063 Adam,
2560 998 2854 1072 pluralem
2886 999 3139 1054 deorum
3165 1014 3486 1054 numerum
3517 1000 3847 1060 inducente

2184 1087 2427 1143 diabolo
2457 1103 2557 1142 ore
2589 1087 2883 1159 serpentis
2915 1086 3172 1142 dicendo
3220 1105 3233 1143 :
3265 1109 3294 1136 ‹‹
3349 1088 3518 1143 Eritis
3576 1089 3726 1147 sicut
3757 1093 3851 1149 dii

2186 1179 2349 1248 (Gen.
2371 1178 2453 1249 ιι).
2475 1198 2500 1226 n
2524 1177 2864 1232 Introducto
2887 1179 3086 1231 autem
3110 1175 3290 1230 unius
3310 1176 3430 1232 veri
3455 1177 3550 1233 Dei
3567 1181 3846 1252 nomine,

2183 1283 2290 1340 per
2312 1265 2740 1322 incarnationis
2762 1265 3116 1338 mysterium
3137 1265 3444 1322 recondito
3488 1267 3546 1322 in
3581 1283 3843 1341 corpore

2184 1356 2448 1426 vasculo,
2464 1373 2587 1429 quo
2609 1356 2795 1411 fracto
2815 1355 3120 1411 clavorum
3137 1360 3193 1410 et
3209 1355 3434 1410 lanceae
3457 1356 3668 1412 ictibus
3687 1359 3849 1415 odo-

2185 1461 2248 1501 re
2264 1446 2393 1516 ejus
2419 1445 2636 1501 notitiae
2681 1445 2878 1500 omnis
2926 1444 3075 1500 fetor
3115 1445 3431 1501 diabolicae
3453 1445 3739 1502 doctrinae
3763 1449 3848 1504 de

2189 1540 2309 1590 toto
2337 1535 2566 1590 mundo
2593 1535 2896 1590 abstersus
2921 1539 3026 1589 est.
3053 1537 3118 1590 Et
3137 1535 3284 1590 illud
3300 1551 3594 1605 magnum
3615 1553 3845 1594 nomen

424 1619 618 1691 quide
640 1618 882 1674 terrenis
903 1619 1157 1674 levatam
1173 1619 1451 1674 adPatris
1468 1619 1834 1674 consortium
1851 1619 2081 1674 ducunt
2119 1641 2159 1696 Β
2188 1623 2352 1696 quod
2383 1623 2444 1678 in
2474 1623 2600 1679 solo
2629 1622 2855 1694 populo
2887 1623 3059 1678 Israel
3102 1628 3230 1679 erat
3257 1629 3467 1680 notum
3520 1640 3626 1696 per
3651 1626 3842 1681 chris-

424 1724 532 1780 per
579 1708 772 1763 carnis
839 1709 1318 1779 assumptionem
1372 1707 1716 1773 Ecclesiam,
1762 1723 1902 1763 cum
1959 1723 2080 1779 qua

424 1801 623 1852 mente
654 1801 709 1851 et
737 1795 987 1851 materia
1007 1812 1196 1850 unum
1211 1796 1454 1852 effectus
1475 1801 1581 1861 est,
1609 1796 1826 1852 sedens
1850 1796 1928 1852 ad
1945 1795 2082 1850 dex-

423 1889 614 1941 teram
644 1885 848 1954 Patris,
879 1901 1019 1940 cum
1043 1875 1166 1957 qu'o
1196 1889 1323 1940 erat
1343 1885 1406 1939 in
1434 1885 1728 1958 principio
1763 1888 1914 1940 Deus
1949 1900 2079 1940 ver-

426 1974 596 2028 bum.
631 1973 818 2043 Hujus
875 1988 1017 2042 ergo
1043 1974 1194 2028 lacte
1247 1973 1530 2029 doctrinae
1584 1974 1764 2028 vitam
1796 1979 2081 2029 aeternam

427 2061 851 2131 conferentem,
881 2062 1166 2134 praedicta
1195 2061 1383 2117 ubera
1410 2062 1638 2117 dilectae
1661 2055 1933 2117 Ecclesiae
1955 2079 2084 2116 ma-

424 2149 633 2206 nantia
653 2149 867 2206 Christi
901 2150 1133 2205 Domini
1159 2150 1366 2218 nostri,
1399 2151 1473 2205 de
1505 2151 1680 2222 cujus
1707 2155 1945 2224 pectore
1966 2150 2083 2206 lac-

424 2243 518 2294 teo
544 2239 726 2295 vitam
759 2243 1065 2307 aeternam,
1120 2255 1306 2311 quam
1363 2239 1557 2295 Adam
1589 2240 1947 2311 perdiderat,
1976 2255 2084 2312 per

424 2328 749 2383 candorem
779 2327 1088 2395 doctrinae,
1117 2327 1405 2400 apostolis
1433 2327 1716 2399 infusam,
1745 2345 1880 2401 qua:
1903 2329 1947 2383 si
1976 2344 2084 2400 per

423 2416 612 2472 ubera
637 2416 699 2470 in
720 2415 1105 2471 credentibus
1137 2417 1398 2488 suscepit
1421 2416 1700 2484 Ecclesia,
1721 2422 1776 2472 et
1803 2416 1925 2471 suis
1946 2432 2081 2488 pos-

424 2505 583 2574 teris,
609 2504 783 2577 quasi
809 2519 881 2558 ex
912 2504 1064 2560 lacte
1089 2504 1379 2576 butyrum
1411 2504 1712 2574 effectum,
1765 2521 1872 2576 per
1900 2505 2081 2559 inter-

424 2592 818 2664 pretationem
859 2592 1150 2646 scrmonis
1182 2591 1446 2664 quotidie
1472 2592 1738 2664 porrigit.
1773 2595 1921 2647 Nam
1969 2592 2083 2665 pri-

424 2695 596 2736 mum
626 2680 887 2736 continet
939 2685 1385 2736 sacramentum
1439 2697 1545 2753 per
1577 2681 1745 2737 lactis
1775 2685 2077 2749 naturam,

421 2767 486 2824 id
510 2772 598 2824 est
624 2769 769 2825 casti
798 2769 1114 2842 liquorem,
1149 2775 1212 2825 et
1241 2787 1382 2825 cum
1410 2770 1586 2825 fuerit
1633 2776 1757 2826 arte
1791 2771 2080 2826 subactus

422 2856 621 2930 liquor
648 2857 843 2914 reddit
863 2858 1150 2930 butyrum
1186 2876 1198 2912 :
1230 2859 1312 2914 itt
1347 2864 1403 2915 et
1429 2859 1522 2916 lac
1561 2859 1903 2931 apostolica:
1935 2859 2079 2915 doc-

423 2945 592 3001 trinae
621 2961 760 3002 cum
791 2947 1080 3004 invenerit
1116 2949 1494 3018 magistrum,
1545 2947 1811 3004 declarat
1837 2949 1992 3004 intra
2018 2964 2080 3004 se

424 3034 724 3091 continere
755 3035 1130 3091 individuam
1161 3038 1526 3093 Trinitatem.
1575 3037 1804 3102 Quibus
1836 3037 2082 3093 alimen-

421 3124 494 3179 tis
517 3124 632 3179 nisi
652 3124 1056 3180 indesinenter
1096 3143 1205 3182 usa
1245 3127 1421 3182 fuerit
1448 3127 1674 3195 anima,
1714 3143 1837 3182 non
1867 3127 2083 3200 poterit

419 3214 618 3271 vivere
661 3214 722 3270 in
749 3220 1058 3271 aeternum.
1109 3218 1300 3282 Quem
1332 3217 1536 3272 cibum
1589 3216 1852 3272 Ecclesia
1882 3217 1956 3272 de
1984 3233 2080 3271 su-

421 3303 704 3375 pradictis
745 3304 1030 3360 uberibus
1059 3306 1120 3360 in
1167 3305 1544 3377 baptismatis
1586 3305 1846 3377 suscepit
1877 3321 2078 3362 sacra-

422 3397 647 3462 mento,
681 3393 785 3449 ubi
824 3395 978 3450 trina
1003 3394 1375 3450 confessione
1406 3394 1589 3449 Patris
1623 3399 1679 3449 et
1709 3394 1831 3449 Filii
1863 3399 1918 3449 et
1949 3395 2079 3467 Spi-

419 3481 568 3537 ritus
590 3482 776 3538 sancti
797 3482 1018 3537 notitiaa
1047 3482 1295 3537 odorem
1323 3483 1646 3552 cognoscit,
1672 3499 1809 3538 cum
1842 3483 1895 3538 ei
1922 3500 2080 3556 saepe

421 3569 650 3627 dictum
687 3571 854 3643 quod
899 3571 1183 3626 doctrinas
1233 3571 1323 3626 lac
1385 3571 1714 3627 triformem
1769 3572 2081 3628 contulerit

421 3659 852 3732 redemptionis
885 3658 1234 3720 medullam,
1269 3659 1566 3731 liquorem
1597 3659 1816 3716 scilicet
1857 3660 2080 3732 baptis-

422 3750 601 3805 matis
629 3749 1150 3816 candidissimum,
1183 3765 1553 3822 suavemquc
1584 3765 1831 3804 succum
1872 3765 2082 3822 corpo-

423 3837 503 3892 ris
529 3837 762 3905 Christi,
797 3842 852 3893 et
895 3838 1366 3910 pinguissimum
1395 3838 1704 3910 butyrum,
1765 3838 1916 3893 sacri
1948 3840 2083 3894 cha—

421 3926 681 3981 rismatis
711 3927 932 3996 oleum,
960 3942 1066 3998 per
1095 3927 1261 3999 quod
1285 3928 1532 3999 Spiritus
1557 3932 1796 3982 sanctus
1824 3927 2080 3982 infundi-

425 4017 539 4069 tur.
561 4015 640 4067 De
670 4031 792 4086 qua
811 4015 1198 4088 pinguedine,
1243 4016 1499 4071 Ecclesia
1528 4017 1589 4070 in
1629 4017 1745 4072 alio
1790 4019 2083 4090 Propheta

424 4100 777 4171 deprecatur
806 4103 1022 4158 animae
1046 4121 1170 4158 suae
1193 4103 1486 4158 medullas
1517 4104 1749 4177 repleri,
1780 4105 2036 4160 dicendo
2063 4122 2074 4159 :

429 4211 457 4240 ‹‹
493 4189 652 4245 Sicut
680 4190 856 4263 adipe
887 4198 944 4247 et
972 4192 1337 4264 pinguedine
1388 4193 1686 4266 repleatur
1713 4195 1917 4250 anima
1943 4211 2080 4249 mea

431 4278 618 4349 (Psal.
646 4284 795 4348 an).
827 4301 855 4329 »
887 4281 1066 4350 Cujus
1094 4281 1245 4336 odor
1277 4281 1575 4338 sauciatas
1602 4299 1637 4338 a
1667 4283 1926 4355 peccatis
1949 4283 2076 4338 ani—

2189 1713 2364 1768 matis
2388 1712 2745 1776 unctionem,
2775 1727 2935 1766 nunc
2957 1712 3132 1783 quasi
3162 1713 3351 1768 effuso
3382 1730 3523 1768 vase
3551 1719 3843 1785 unguenti

2187 1801 2250 1856 in
2277 1801 2461 1858 domo
2481 1805 2604 1856 tota
2633 1801 2853 1856 domus
2887 1801 3181 1873 repleatur
3203 1802 3408 1871 odore,
3439 1802 3522 1858 ita
3546 1809 3603 1858 et
3631 1819 3668 1858 a
3696 1808 3838 1860 tem-

2188 1907 2332 1962 pore
2363 1890 2658 1963 passionis
2712 1890 2946 1945 Domini
2984 1891 3170 1945 nostri
3221 1893 3361 1946 Jesu
3389 1892 3603 1947 Christi
3641 1893 3838 1949 omnis

2189 1980 2454 2036 mundus
2477 1979 2653 2034 unius
2683 1979 2802 2034 veri
2831 1978 2933 2034 Dei
2966 1978 3180 2034 Christi
3210 1981 3457 2035 nomine
3487 1982 3696 2037 notitia
3723 1981 3841 2038 im-

2190 2068 2384 2140 pletus
2417 2067 2726 2141 probatur,
2761 2073 2825 2123 ut
2870 2083 2976 2140 per
3005 2083 3218 2123 omnes
3248 2069 3522 2148 nationes
3570 2071 3842 2139 gentium

2189 2158 2455 2232 quotidie
2485 2157 2658 2231 quasi
2716 2156 2866 2212 odor
2905 2158 3214 2226 unguenti,
3270 2158 3550 2214 virtutum
3591 2160 3844 2216 recurrit

2191 2248 2526 2317 ﬂagrantia,
2544 2270 2572 2297 ι(
2595 2247 2741 2302 dum
2764 2247 2982 2301 mortui
3003 2246 3284 2302 invocato
3305 2247 3433 2317 ejus
3450 2248 3690 2304 nomine
3712 2265 3842 2303 sur-

2191 2341 2358 2407 gunt,
2383 2335 2521 2391 caeci
2548 2335 2770 2403 vident,
2801 2333 2998 2390 claudi
3024 2334 3359 2402 ambulant,
3383 2335 3528 2390 muti
3571 2335 3836 2407 loquun-

2191 2430 2305 2494 tur,
2334 2443 2364 2477 ›
2395 2424 2735 2494 etfugantur
2764 2423 3082 2488 daemonia,
3116 2424 3309 2479 omnis
3331 2422 3615 2489 aegritudo
3644 2423 3823 2486 cadit,

2191 2514 2426 2586 pellitur
2449 2513 2725 2582 languor,
2743 2511 2804 2566 in
2829 2513 3040 2566 virtute
3065 2513 3237 2582 hujus
3257 2510 3510 2566 nominis
3536 2510 3822 2565 invocati.

2193 2606 2336 2658 Ecce
2357 2602 2576 2674 quibus
2597 2600 2883 2656 odoribus
2901 2601 3131 2656 dilectio
3152 2616 3433 2672 amorque
3449 2597 3660 2655 Christi
3677 2597 3829 2654 ado-

2188 2690 2542 2747 lescentulas
2593 2689 2862 2744 ascendit
2905 2690 3162 2757 animas,
3215 2688 3429 2743 scilicet
3474 2687 3551 2742 de
3607 2686 3837 2758 quibus

2189 2797 2350 2836 nunc
2400 2780 2481 2835 ait
2539 2797 2552 2835 :
2609 2802 2635 2827 ‹‹
2671 2779 2807 2834 Ideo
2847 2777 3304 2834 adolescentulze
3333 2777 3666 2832 dilexerunt
3693 2779 3772 2830 te.
3807 2797 3835 2824 ››

2190 2871 2286 2926 His
2317 2869 2477 2925 enim
2530 2867 2874 2941 praelibatis,
2936 2868 3015 2923 ad
3075 2867 3446 2938 superiorem
3500 2863 3838 2921 suavissimi

2190 2974 2434 3014 sensum
2454 2957 2714 3013 doctoris
2726 2956 3316 3027 regrediamur.Nam
3335 2953 3603 3027 sequitur
3622 2971 3635 3009 :
3653 2975 3682 3003 ‹‹
3703 2952 3839 3008 Ideo

2189 3045 2646 3102 adolescentulze
2668 3045 3001 3101 dilexerunt
3018 3050 3090 3100 te.
3114 3065 3142 3093 »
3166 3043 3321 3109 Quid
3341 3043 3454 3098 hoc
3469 3043 3533 3098 in
3548 3041 3683 3098 loco
3699 3041 3843 3097 ado-

2187 3135 2546 3192 lescentulas
2571 3135 2921 3208 accipimus,
2953 3133 3069 3188 nisi
3113 3132 3436 3188 electorum
3467 3131 3706 3186 animas
3734 3145 3843 3203 per

2187 3225 2562 3297 baptismum
2591 3224 2949 3279 renovatas?
2982 3224 3108 3278 Vita
3135 3221 3363 3294 quippe
3392 3219 3724 3293 peccatoris
3761 3218 3844 3274 ad

2187 3319 2446 3370 veterem
2475 3313 2784 3368 hominem
2815 3311 3086 3384 pertinet,
3114 3312 3240 3366 vita
3279 3310 3421 3380 justi
3475 3308 3554 3364 ad
3585 3324 3839 3364 novum.

2191 3402 2342 3468 Quia
2370 3417 2511 3472 ergo
2563 3405 2937 3470 unguentum
2969 3400 3128 3456 foras
3161 3416 3222 3456 se
3252 3398 3480 3466 effudit,
3542 3399 3606 3453 in
3635 3413 3846 3453 amore

2191 3507 2302 3546 suo
2343 3489 2819 3546 adolescentulas
2875 3490 3082 3545 ardere
3124 3488 3276 3557 fecit,
3329 3488 3472 3560 quia
3520 3491 3848 3542 renovatas

2189 3580 2422 3636 animas
2447 3579 2740 3635 desiderio
2772 3595 2884 3634 suo
2917 3580 3238 3649 ﬂagrantes
3270 3576 3558 3632 exhibuit.
3593 3576 3845 3631 Puerilis

2190 3674 2331 3725 tetas
2363 3669 2553 3724 amori
2583 3668 2842 3723 necdum
2875 3668 3168 3738 congruit.
3195 3671 3340 3723 Puer
3361 3671 3448 3722 est
3472 3665 3576 3738 qui
3599 3666 3729 3721 vitae
3751 3682 3849 3721 ar-

2189 3757 2384 3814 dentis
2416 3757 2680 3813 studium
2709 3757 2971 3812 necdum
3003 3757 3198 3828 coepit.
3235 3759 3424 3813 Senex
3465 3760 3554 3810 est
3582 3755 3688 3827 qui
3720 3772 3848 3811 cce-

2192 3852 2357 3919 perat
2386 3846 2652 3919 quidem,
2687 3846 2791 3901 sed
2813 3846 3005 3901 desiit.
3041 3846 3190 3911 Quia
3220 3861 3363 3915 ergo
3388 3860 3584 3916 neque
3617 3844 3678 3899 hi
3726 3845 3844 3900 ﬂa-

2191 3940 2363 4006 grant
2391 3937 2448 3991 in
2487 3935 2736 3991 Domino
2763 3936 2865 4007 qui
2896 3935 3157 3990 necdum
3184 3938 3516 4006 casperunt,
3549 3949 3742 4004 neque
3774 3934 3840 3988 hi

2188 4025 2294 4097 qui
2307 4026 2436 4095 jam
2458 4024 2641 4080 ﬁdem
2664 4029 2992 4096 coeperunt,
3011 4024 3116 4078 sed
3135 4023 3486 4093 friguerunt,
3504 4022 3837 4095 postposita

2188 4113 2400 4185 puerili
2423 4113 2512 4168 vel
2537 4113 2703 4168 senili
2721 4113 2858 4168 vita.
2881 4111 3351 4168 Adolescentulze
3377 4128 3611 4168 currere
3634 4111 3845 4166 dicun-

2189 4206 2302 4267 tur,
2332 4201 2394 4255 id
2423 4204 2508 4256 est
2538 4201 2650 4255 illae
2683 4201 2899 4256 animae
2931 4217 3065 4272 quae
3096 4201 3156 4254 in
3186 4200 3318 4271 ipso
3345 4201 3577 4256 fervore
3612 4200 3848 4255 amoris

2190 4293 2346 4344 sunt.
2381 4288 2552 4354 Quod
2584 4293 2784 4344 tamen
2823 4289 3145 4358 intelligere
3178 4294 3233 4344 et
3285 4288 3454 4344 aliter
3482 4305 3848 4360 possumus.

426 4382 561 4422 mas
589 4368 922 4436 resuscitat,
954 4370 1127 4439 cujus
1158 4370 1367 4426 virtute
1396 4371 1778 4443 pinguedinis
1824 4371 1886 4426 in
1924 4388 2075 4444 prae-
2116 4357 2159 4410 D
2189 4378 2390 4433 Potest
2417 4377 2576 4432 enim
2617 4357 3031 4432 adoleSc-entia
3047 4378 3124 4433 ad
3153 4357 3558 4433 infirmitatem
3611 4377 3849 4433 referri.

426 4455 598 4512 dictis
624 4455 909 4512 uberibus
936 4457 1295 4515 absconsam
1323 4460 1726 4530 ﬂagrantiam,
1759 4477 1894 4532 quae
1943 4464 2080 4533 post

426 4545 632 4602 oscula
653 4551 936 4620 suscepta
955 4547 1296 4605 collaudare
1328 4549 1599 4621 sequenti
1624 4549 1870 4604 docetur
1893 4550 2078 4604 versi-

427 4635 582 4698 culo,
615 4637 857 4693 dicens:
915 4659 944 4688 ‹‹
996 4637 1332 4709 Flagrantia
1381 4639 1702 4707 unguentis
1758 4638 2076 4711 optimis.»

427 4726 564 4780 Erat
588 4727 833 4796 quidem
855 4727 999 4783 boni
1019 4729 1245 4806 odoris,
1275 4727 1337 4783 id
1363 4733 1451 4783 est
1480 4727 1673 4783 meriti
1703 4732 2078 4800 unguentum

427 4811 572 4866 illud
601 4815 662 4867 in
693 4817 877 4870 Veteri
909 4821 1280 4875 Testamento
1326 4819 1616 4890 magistro
1669 4821 1788 4876 Deo
1836 4835 2080 4892 compo-

429 4897 632 4968 situm,
659 4902 733 4955 de
753 4918 875 4972 quo
901 4907 1283 4974 ungebantur
1313 4924 1503 4978 reges,
1539 4911 1869 4982 prophetae,
1899 4915 1955 4965 et
1980 4925 2077 4965 sa-

429 4984 719 5041 cerdotes.
751 4989 865 5044 Sed
893 4999 1188 5061 quantum
1219 4996 1398 5052 distat
1421 5000 1628 5054 vivens
1659 5000 1844 5054 homo
1897 5015 1933 5053 a
1959 4998 2080 5070 pic-

429 5076 564 5128 tura
600 5073 750 5130 fucis
778 5077 1048 5136 colorum
1079 5081 1282 5150 oblita,
1337 5089 1570 5142 tantum
1617 5087 1862 5143 interest
1911 5087 2079 5156 quod

429 5161 688 5219 Ecclesia
717 5166 964 5238 suscipit
991 5171 1362 5227 renascendo
1412 5174 1475 5230 in
1513 5175 1753 5247 Spiritu,
1811 5175 1985 5244 cujus
2015 5175 2080 5229 ti-

428 5266 642 5320 guram
690 5256 1013 5326 Synagoga
1069 5260 1431 5332 suscipiebat
1473 5263 1534 5318 in
1592 5277 1862 5333 corpore,
1907 5264 2078 5333 cujus

426 5345 604 5396 tanta;
631 5341 870 5400 fuerunt
898 5362 1012 5415 res,
1058 5355 1124 5406 ut
1151 5350 1250 5405 vix
1271 5350 1332 5405 in
1362 5369 1484 5407 una
1541 5355 1715 5420 gente
1769 5350 1977 5406 Iudaea
2023 5357 2080 5408 et

425 5431 636 5501 paucis
658 5433 923 5491 tribuerit
955 5438 1382 5511 principatum.
1414 5441 1536 5495 Hoc
1561 5444 1762 5495 autem
1808 5439 2078 5495 Ecclesiae

427 5526 801 5591 unguentum
832 5529 1062 5586 tantum
1092 5530 1154 5586 in
1181 5547 1242 5586 se
1283 5531 1430 5600 gerit
1459 5530 1711 5599 virtutis,
1745 5530 2077 5600 ﬂagrantiae

423 5609 604 5668 simul
627 5615 684 5668 et
711 5614 1045 5692 medicinas,
1093 5627 1159 5682 ut
1213 5637 1424 5685 omnes
1477 5621 1782 5682 credentes
1827 5623 2074 5680 sanissi-

2187 4467 2479 4522 Juveniles
2521 4467 2744 4539 quippe
2793 4471 2992 4522 tetates
3025 4472 3165 4522 sunt
3201 4467 3440 4522 ordines
3482 4466 3854 4536 angelorum

2187 4555 2291 4628 qui
2344 4555 2508 4611 nulla
2566 4554 2864 4610 debilitate
2921 4555 3058 4610 victi
3090 4560 3246 4622 sunt,
3297 4554 3463 4610 nulla
3493 4554 3855 4610 inﬁrmitate

2188 4644 2470 4716 superati.
2497 4644 2734 4700 Dicatur
2758 4659 2899 4714 ergo
2933 4662 2944 4698 :
2973 4666 3000 4693 «
3037 4646 3416 4713 Unguentum
3444 4643 3701 4698 effusum
3738 4660 3856 4700 no-

2187 4751 2328 4791 men
2358 4738 2550 4800 tuum,
2580 4735 2715 4790 ideo
2752 4733 3210 4790 adolescentulae
3242 4733 3580 4788 dilexerunt
3606 4739 3684 4800 te,
3719 4753 3754 4786 ι
3788 4734 3861 4790 id

2186 4830 2277 4881 est
2306 4841 2413 4897 per
2439 4825 2913 4880 incarnationem
2944 4827 3109 4878 tuam
3148 4822 3422 4878 notitiam
3477 4822 3741 4878 exterius
3775 4825 3864 4880 ef-

2187 4913 2388 4969 fudisti
2415 4933 2426 4968 :
2451 4914 2672 4969 idcirco
2695 4913 2944 4968 inﬁrmae
2965 4911 3182 4966 animae
3204 4916 3482 4967 naturam
3504 4911 3862 4969 humanam

2187 5003 2431 5072 diligere
2461 5003 2807 5074 praevalent.
2851 5001 2963 5056 Illae
2995 5001 3219 5072 quippe
3261 5001 3506 5056 virtutes
3560 5017 3859 5072 summae,

2186 5093 2362 5163 quasi
2388 5096 2591 5146 aetates
2612 5091 2906 5162 juveniles
2938 5091 3116 5147 etiam
3143 5091 3226 5147 ibi
3247 5095 3302 5147 te
3331 5090 3608 5160 diligunt,
3630 5090 3741 5145 ubi
3775 5093 3862 5148 ef-

2187 5179 2356 5234 fusus
2385 5193 2508 5234 non
2535 5195 2618 5246 es,
2645 5181 2788 5251 quia
2811 5187 2868 5236 et
2896 5181 2979 5236 ibi
3010 5185 3062 5235 te
3085 5181 3311 5250 vident,
3336 5180 3440 5235 ubi
3467 5179 3528 5234 in
3561 5184 3724 5234 statu
3759 5183 3860 5238 di-
3949 5209 3956 5222 ι

2187 5267 2447 5322 vinitatis
2477 5270 2591 5322 tute
2624 5273 2677 5323 te
2705 5271 2994 5324 contines.
3029 5270 3140 5335 Qui
3170 5285 3312 5339 ergo
3337 5270 3415 5326 ab
3438 5267 3552 5323 illis
3586 5274 3863 5327 summis

2187 5355 2499 5412 ordinibus
2519 5357 2693 5429 quasi
2721 5373 2756 5412 a
2780 5357 3151 5427 juvenilibus
3183 5358 3458 5414 aetatibus
3489 5357 3673 5413 etiam
3721 5375 3861 5417 non

2188 5445 2412 5500 effusus
2441 5445 2661 5501 videris
2693 5449 2949 5502 exterius
2985 5452 3227 5519 propter
3257 5447 3534 5502 homines
3568 5447 3863 5505 effunde-

2187 5533 2287 5599 ris,
2321 5539 2381 5588 ut
2412 5535 2592 5590 etiam
2617 5535 2695 5591 ab
2725 5536 3203 5604 adolescentulis,
3238 5535 3300 5591 id
3330 5541 3420 5592 est
3475 5535 3556 5592 ab
3587 5535 3865 5594 infirmis

2187 5623 2492 5681 mentibus
2520 5625 2807 5696 diligaris.
2843 5627 3138 5699 Sequitur.
