4092 6176
217 179 325 233 509

1421 175 1674 232 ENARR.
1718 174 1785 230 IN
1826 171 2123 228 CANTICA
2161 171 2434 230 CANTIC.

3529 171 3640 228 570

283 322 313 350 κ
348 298 542 354 Trahe
574 312 691 352 me.
722 316 754 350 ›
797 296 1002 354 Omnis
1031 296 1135 370 qui
1159 297 1411 354 trahitur
1456 269 1558 355 aut
1595 312 1720 353 non
1765 311 1870 352 va-
1901 298 1948 351 A
1985 295 2132 350 situs
2163 295 2511 353 charitatem
2541 295 2742 362 habet,
2790 295 2968 368 quasi
3013 294 3079 350 in
3128 294 3390 351 tricliniis
3427 295 3638 353 deam-

206 389 360 459 lens,
391 392 497 444 aut
529 403 655 442 non
685 386 915 454 volens,
948 387 1168 443 invitus
1199 388 1489 444 educitur.
1523 389 1636 444 Sed
1661 387 1766 460 qui
1788 385 1874 440 di-

207 478 303 547 cit,
359 477 531 533 trahe
590 492 708 545 me,
758 475 943 531 habet
990 475 1220 548 aliquid
1266 477 1434 549 quod
1479 476 1655 546 valet,
1696 475 1877 531 habet

209 565 440 639 aliquid
469 564 636 638 quod
665 580 788 620 non
818 565 991 620 valet.
1028 568 1248 621 Natura
1278 566 1550 621 humana
1571 564 1738 638 sequi
1762 567 1872 619 Do-

210 656 448 712 minum
479 654 624 724 vult,
675 654 782 710 sed
810 653 1171 710 inﬁrmitatis
1219 655 1650 712 consuetudine
1702 668 1875 726 supe-

212 749 367 805 rata,
402 743 553 798 sicut
581 742 757 799 debet
799 743 966 816 sequi
997 759 1118 799 non
1168 743 1469 816 praevalet.
1519 742 1688 798 Videt
1734 756 1874 811 ergo

221 831 386 886 aliud
410 832 471 887 in
503 847 564 888 se
595 847 719 887 esse
744 848 864 904 quo
893 831 1099 898 tendit,
1129 832 1292 888 aliud
1338 833 1398 888 in
1443 848 1504 888 se
1534 847 1661 888 esse
1707 830 1875 903 quod

221 936 346 976 non
375 921 548 988 valet,
581 925 636 977 et
665 925 816 976 recte
840 920 1002 989 dicit,
1036 921 1201 976 trahe
1222 938 1338 977 me.
1369 921 1550 988 Quasi
1574 919 1875 976 volentem

218 1025 331 1065 nec
386 1009 675 1064 valentem
730 1026 794 1064 se
849 1009 1083 1065 viderat
1136 1009 1360 1066 Paulus
1417 1025 1556 1065 cum
1605 1009 1871 1065 diceret:

215 1120 246 1147 «ι
274 1101 458 1155 Mente
487 1097 680 1154 servio
708 1097 827 1169 legi
859 1097 978 1165 Dei,
1013 1113 1192 1154 carne
1235 1103 1437 1155 autem
1480 1098 1597 1168 legi
1648 1096 1877 1171 peccati

213 1189 404 1254 (Rom.
433 1187 567 1258 vn);
604 1209 632 1236 ››
663 1191 721 1242 et
753 1205 767 1243 :
797 1209 825 1236 «
854 1186 1039 1242 Video
1066 1187 1244 1244 aliam
1275 1187 1468 1258 legem
1497 1187 1559 1242 in
1587 1185 1876 1242 membris

211 1275 358 1330 meis
387 1280 828 1347 repugnantem
857 1275 973 1344 legi
999 1276 1214 1331 mentis
1254 1292 1402 1332 mea:
1443 1277 1643 1348 (Ibid).
1665 1299 1693 1325 »
1726 1275 1877 1340 Quia

211 1379 352 1434 ergo
381 1369 471 1420 est
495 1363 724 1437 aliquid
770 1365 935 1437 quod
962 1380 1074 1420 nos
1107 1365 1332 1430 incitat,
1367 1364 1527 1421 aliud
1552 1365 1719 1438 quod
1743 1380 1875 1435 gra-

209 1457 329 1518 vat,
371 1452 648 1508 dicamus
677 1470 690 1506 :
743 1475 770 1502 «
802 1453 997 1509 Trahe
1027 1469 1158 1521 me;
1208 1459 1343 1526 post
1372 1459 1425 1509 te
1457 1469 1767 1509 curremus
1813 1452 1875 1507 in

213 1563 242 1590 ‹‹
280 1541 466 1596 odore
491 1547 941 1611 unguentorum
962 1547 1223 1598 tuorum.
1256 1565 1283 1592 »
1317 1546 1379 1598 ln
1406 1542 1590 1598 odore
1607 1556 1878 1611 unguen-

1981 383 2169 440 bulat.
2197 385 2340 442 Lata
2368 391 2460 442 est
2486 385 2646 441 enim
2675 385 2933 440 charitas
2957 400 3092 456 qum
3123 399 3314 456 usque
3344 383 3422 440 ad
3446 385 3640 442 inimi-

1983 489 2193 530 corum
2241 475 2618 532 dilectionem
2667 473 3023 530 extenditur.
3069 472 3275 529 Omnis
3317 472 3511 544 quiin
3538 476 3640 529 Ec-

1983 561 2161 619 clesia
2179 563 2428 636 positus,
2464 565 2592 635 jam
2631 562 2912 618 sublimia
2950 561 3201 618 rimatur
3237 565 3480 632 secreta,
3507 561 3638 633 jam

1983 652 2183 708 oculta
2197 652 2426 723 judicia
2469 652 2828 719 considerat,
2855 651 3030 724 quasi
3059 651 3121 707 in
3153 637 3512 707 cubiculum
3554 651 3640 708 in-

1984 741 2178 797 trabit.
2235 743 2315 797 De
2357 747 2532 813 porta
2575 741 2795 797 domus
2837 741 3008 796 istius
3049 740 3288 797 dicebat
3337 739 3587 812 quidam
3621 757 3636 796 :

1985 831 2268 904 «Aperite
2311 831 2456 886 mihi
2497 837 2701 902 portas
2742 831 3026 901 justitiae;
3080 830 3488 900 ingressusgin
3535 847 3639 887 eas

1984 918 2313 976 conﬁtebor
2333 918 2585 974 Domino
2602 919 2728 985 (Ps.
2748 920 2943 988 cxvu).
2971 941 2999 968 ››
3027 918 3106 974 De
3130 933 3387 974 ascensu
3412 917 3538 992 spei
3553 917 3641 974 di-

1985 1009 2194 1065 cebat:
2249 1027 2279 1061 ‹
2321 1011 2619 1063 Ascensus
2669 1007 2729 1062 in
2778 1006 2958 1062 corde
3015 1023 3125 1062 suo
3172 1007 3466 1080 disposuit
3510 1007 3638 1078 (Ps.

1985 1101 2240 1164 Lxxxiu).
2273 1116 2304 1150 ›
2355 1099 2435 1152 De
2467 1095 2729 1152 tricliniis
2756 1095 2889 1152 latis
2918 1095 3137 1152 domus
3165 1095 3333 1151 istius
3377 1095 3591 1152 dicitur
3621 1113 3635 1152 :

1986 1208 2014 1235 «
2048 1189 2255 1242 Latum
2285 1184 2642 1241 mandatum
2673 1188 2841 1240 tuum
2869 1182 3053 1239 nimis
3094 1184 3217 1250 (Ps.
3248 1185 3460 1255 cxvm).
3495 1207 3524 1234 »
3573 1187 3639 1240 ln

1985 1275 2272 1331 mandato
2298 1274 2438 1343 lato,
2465 1272 2797 1346 specialiter
2850 1272 3108 1329 charitas
3155 1271 3526 1343 designatur.
3558 1274 3640 1328 De

1984 1364 2261 1420 cubiculo
2298 1364 2454 1433 regis
2501 1362 2862 1436 loquebatur
2892 1361 3011 1434 qui
3056 1360 3334 1417 dicebat:
3381 1382 3409 1411 ιι
3445 1362 3642 1418 Secre-

1984 1458 2112 1510 tum
2138 1468 2343 1509 meum
2369 1452 2515 1508 mihi
2543 1453 2682 1522 (Isa.
2706 1450 2888 1520 xxiv).
2915 1473 2944 1500 »
2967 1453 3034 1506 Et
3054 1449 3235 1506 alias:
3269 1476 3296 1499 «ι
3321 1447 3533 1505 Audivi
3550 1464 3642 1506 ar-

1984 1558 2140 1598 cana
2168 1541 2351 1598 verba
2379 1557 2517 1613 quae
2570 1556 2694 1596 non
2735 1540 2872 1596 licet
2918 1538 3148 1595 homini
3176 1538 3344 1612 loqui
3373 1539 3463 1609 (ΙΙ
3503 1544 3638 1596 Cor.

211 1635 408 1685 torum
436 1629 537 1685 Dei
567 1630 886 1698 currimus,
917 1645 1055 1685 cum
1085 1629 1261 1686 donis
1291 1631 1420 1700 ejus
1467 1629 1873 1702 spiritualibus
1907 1649 1946 1703 Β
1983 1634 2106 1701 xu).
2144 1654 2171 1679 »
2199 1632 2432 1688 Primus
2461 1645 2602 1699 ergo
2633 1629 2829 1685 aditus
2875 1629 3096 1684 domus
3127 1629 3319 1698 istius,
3368 1632 3542 1701 porta
3569 1628 3640 1683 ﬁ-

209 1717 416 1785 aﬂlati,
450 1718 510 1773 in
542 1734 812 1774 amorem
844 1719 1088 1775 visionis
1119 1720 1250 1790 ejus
1300 1719 1626 1775 inhiamus.
1675 1718 1875 1775 Scien-

205 1806 356 1864 dum
391 1823 530 1863 vero
556 1812 664 1872 est,
693 1807 836 1880 quia
862 1807 924 1863 in
951 1824 1020 1864 eo
1052 1808 1219 1881 quod
1263 1808 1538 1864 homines
1570 1811 1757 1863 Deum
1789 1823 1878 1861 se-

204 1902 499 1970 quuntur,
527 1896 854 1969 aliquandi
885 1898 1220 1967 ambulant,
1251 1897 1579 1970 aliquando
1607 1902 1873 1964 currunt,

207 1986 543 2058 aliquando
574 1986 800 2042 fortiter
829 1993 1094 2057 currunt,
1127 1987 1305 2060 quasi
1333 1992 1474 2060 post
1502 1989 1709 2043 Deum.
1738 1990 1878 2042 Am-

208 2074 383 2130 bulat
409 2075 515 2146 qui
541 2074 734 2147 tepide
765 2075 1054 2147 sequitur.
1089 2076 1279 2132 Currit
1307 2075 1412 2147 qui
1460 2075 1746 2130 ferventer
1789 2090 1876 2130 se-

211 2163 448 2235 quitur.
524 2162 780 2218 Perfecte
847 2163 1060 2232 currit,
1117 2165 1220 2236 qui
1286 2168 1733 2235 perseveranter
1794 2179 1879 2218 se-

216 2250 441 2320 quitur.
493 2250 804 2306 lmmobile
850 2251 1012 2306 enim
1055 2257 1182 2307 erat
1227 2267 1329 2307 cor
1377 2251 1455 2307 ad
1503 2251 1876 2324 sequendum

216 2337 434 2404 Deum,
463 2343 521 2393 et
542 2343 678 2409 post
705 2353 842 2394 eum
880 2339 1193 2395 ambulare
1213 2339 1476 2403 nolebat,
1499 2356 1638 2395 cum
1655 2341 1876 2396 adven-

214 2430 313 2480 tus
337 2426 573 2481 Domini
597 2427 656 2481 in
679 2428 907 2484 mundo
931 2429 1228 2501 apparuit,
1254 2434 1310 2485 et
1329 2429 1406 2485 ab
1423 2429 1747 2484 insensibili
1765 2446 1876 2486 sua

208 2516 468 2569 statione
518 2515 818 2570 humanas
863 2524 1092 2572 mentes
1139 2518 1342 2573 movit.
1395 2517 1557 2573 Unde
1587 2519 1874 2591 scriptum

208 2607 302 2659 est
327 2620 340 2658 :
376 2625 403 2651 ‹‹
427 2603 612 2658 Pedes
633 2605 763 2674 ejus
785 2611 1087 2674 steterunt,
1111 2612 1168 2662 et
1188 2611 1350 2662 mota
1379 2613 1468 2662 est
1499 2611 1652 2663 terra
1681 2609 1872 2676 (Psal.

210 2696 346 2759 ενι).
371 2714 403 2742 ››
435 2692 533 2747 His
576 2697 778 2748 autem
824 2710 947 2751 non
979 2701 1201 2765 motus,
1243 2695 1348 2751 sed
1399 2711 1609 2751 cursus
1639 2696 1873 2764 dicitur,

207 2781 357 2852 quia
407 2796 531 2836 non
576 2779 794 2837 sufﬁcit
830 2788 894 2838 ut
932 2799 1277 2856 sequamur,
1308 2784 1421 2840 nisi
1445 2785 1626 2840 etiam
1651 2784 1878 2840 deside-

205 2869 408 2925 rando
447 2885 782 2926 curramus.
808 2872 955 2934 Quia
983 2888 1124 2928 vero
1154 2889 1351 2946 neque
1373 2889 1610 2929 currere
1637 2873 1875 2942 sufﬁcit,

207 2958 323 3013 nisi
356 2957 537 3052 etiam
591 2959 847 3052 perfecte
892 2965 1182 3052 curratur,
1232 2961 1448 3016 Paulus
1486 2961 1628 3017 dicit
1661 2979 1678 3052 ξ
1729 2984 1757 3012 ‹‹
1785 2962 1879 3018 Sic
1909 2999 1950 3052 Ο

211 3045 431 3102 currite
473 3051 538 3101 ut
575 3048 1097 3120 comprehendatis
1129 3051 1318 3120 (Rom.
1358 3051 1452 3121 rx).
1488 3072 1518 3098 »
1571 3049 1684 3105 Sed
1725 3065 1877 3106 non-

208 3135 356 3190 nulli
401 3134 551 3190 dum
582 3135 762 3190 nimis
810 3141 1078 3207 currunt,
1123 3138 1186 3193 in
1212 3137 1700 3193 indiscretionem
1729 3138 1877 3194 dila-

207 3224 457 3279 buntur.
491 3223 627 3278 Plus
675 3223 836 3279 enim
875 3241 1062 3297 quam
1111 3241 1354 3280 necesse
1402 3232 1491 3280 est
1533 3225 1792 3296 sapiunt,
1823 3230 1882 3281 et

209 3313 339 3382 ejus
364 3328 551 3384 quem
584 3311 992 3384 sequebantur
1016 3313 1246 3384 judicia
1290 3318 1679 3386 postponunt.
1716 3313 1878 3370 Unde

209 3400 362 3456 bene
381 3417 521 3456 cum
539 3400 834 3457 diceretur
863 3417 1197 3468 curremus,
1221 3401 1602 3474 praemissum
1621 3407 1725 3472 est,
1743 3409 1877 3472 post

215 3494 286 3544 te.
317 3493 453 3544 Post
469 3490 657 3544 Deum
700 3489 861 3545 enim
900 3496 1168 3560 currunt,
1200 3491 1305 3563 qui
1334 3491 1463 3561 ejus
1484 3491 1710 3561 judicia
1739 3508 1879 3548 con-

217 3575 501 3646 siderant,
532 3577 582 3648 ej
595 3593 664 3632 us
713 3577 1084 3634 voluntatem
1131 3595 1253 3634 suae
1285 3579 1625 3651 praeferunt,
1658 3584 1716 3636 et
1742 3596 1878 3653 per-

219 3666 424 3720 venire
465 3667 542 3721 ad
570 3684 706 3723 eum
751 3667 868 3722 sub
907 3668 1094 3738 digna
1121 3669 1467 3741 oi-eratione
1496 3686 1635 3725 cum
1665 3669 1882 3726 discre-

226 3752 388 3806 tione
418 3755 793 3810 contendunt.
848 3756 996 3810 Hinc
1046 3756 1336 3828 Propheta
1383 3756 1748 3813 voluntatem
1778 3757 1880 3814 Dei

231 3839 634 3912 considerans,
665 3849 718 3898 et
747 3859 1006 3916 sequens
1032 3844 1143 3900 ait:
1177 3867 1204 3894 ‹‹
1228 3844 1491 3900 Αάὴωεὶι
1520 3847 1723 3902 anima
1744 3862 1880 3903 mea

227 3933 367 4000 post
397 3933 447 3984 te
475 3930 589 4000 (Ps.
614 3933 808 4002 Lxxu).
837 3954 864 3981 ι»
887 3932 990 3987 Hic
1012 3933 1184 3988 Petro
1213 3933 1529 3989 consilium
1556 3935 1721 3990 danti
1742 3934 1882 3989 dici-

227 4024 352 4073 tur:
390 4038 409 4070 ι
442 4019 584 4075 Redi
615 4026 751 4092 post
781 4037 898 4091 me,
933 4023 1201 4078 Satanas.
1225 4025 1350 4077 Non
1367 4022 1529 4079 enim
1552 4023 1715 4094 sapis
1742 4039 1879 4094 qum

221 4106 320 4162 Dei
347 4113 506 4174 sunt,
540 4108 645 4164 sed
667 4125 804 4181 quae
848 4109 1167 4166 hominum
1219 4111 1455 4181 (Matth.
1502 4113 1641 4181 xvi).
1669 4132 1696 4159 ››
1730 4111 1881 4176 Quia

219 4211 360 4266 ergo
408 4198 687 4270 perfectae
733 4197 950 4254 animae
981 4214 1222 4255 summa
1246 4199 1477 4256 cautela
1527 4199 1627 4254 Dei
1651 4199 1880 4270 judicia

217 4292 597 4354 contuentur,
621 4292 677 4343 et
703 4303 897 4359 neque
918 4303 1025 4361 per
1052 4292 1377 4360 torporem,
1431 4305 1626 4360 neque
1650 4304 1758 4361 per
1788 4289 1876 4344 in-

1983 1720 2112 1787 dei;
2148 1719 2449 1775 secundus
2491 1722 2831 1790 provectus,
2864 1732 3151 1773 ascensus
3197 1717 3360 1790 spei;
3412 1716 3638 1784 tertius,

1982 1807 2232 1864 latitudo
2259 1806 2564 1863 charitatis
2592 1824 2605 1872 ;
2634 1810 2886 1878 quartus
2914 1806 3042 1876 jam
3081 1804 3361 1878 perfectio
3393 1804 3644 1861 charita-

1984 1898 2057 1954 tis
2089 1903 2181 1953 est
2208 1897 2286 1953 ad
2317 1897 2720 1965 cognitionem
2751 1900 3114 1952 secretorum
3154 1894 3273 1950 Dei.
3305 1894 3454 1960 Quia
3497 1909 3640 1965 ergo

1984 1992 2194 2043 sancta
2209 1985 2465 2042 Ecclesia
2489 1986 2549 2040 in
2578 1984 2864 2040 membris
2894 1985 3016 2040 suis
3046 1983 3342 2056 perfectis,
3389 1983 3452 2040 in
3501 1999 3641 2039 san-

1983 2077 2091 2132 ctis
2128 2075 2493 2144 doctoribus,
2524 2075 2585 2130 in
2629 2075 2712 2130 eis
2763 2074 2868 2146 qui
2913 2075 3045 2144 jam
3089 2073 3250 2146 pleni
3296 2077 3352 2130 et
3391 2072 3642 2129 radicati

1985 2169 2126 2220 sunt
2151 2165 2212 2219 in
2261 2163 2556 2235 mysteriis
2602 2163 2722 2226 Dei,
2774 2161 2948 2234 quasi
2990 2161 3069 2217 ad
3107 2160 3388 2217 sublimia
3417 2165 3642 2217 secreta

1983 2254 2271 2327 pervenit,
2299 2257 2357 2307 et
2398 2252 2597 2307 adhuc
2618 2251 2680 2306 in
2709 2250 2824 2307 ista
2853 2251 2972 2306 vita
3018 2249 3232 2322 posita,
3259 2250 3389 2320 jam
3418 2249 3518 2305 illa
3545 2263 3640 2322 pe-

1984 2348 2197 2413 netrat,
2227 2341 2407 2398 dicit:
2453 2364 2479 2389 ‹‹
2515 2340 2844 2396 Introduxit
2888 2355 2984 2396 me
3037 2355 3141 2395 rex
3191 2339 3253 2394 in
3295 2338 3641 2396 cubiculum

1985 2449 2184 2488 suum.
2239 2453 2268 2482 «
2299 2435 2404 2486 Per
2449 2429 2774 2503 prophetas
2817 2429 3000 2498 enim,
3027 2445 3136 2502 per
3179 2427 3504 2501 apostolos,
3536 2442 3644 2501 per

1984 2522 2279 2592 doctores,
2310 2521 2412 2593 qui
2445 2521 2505 2576 in
2535 2519 2646 2576 ista
2675 2519 2796 2575 vita
2832 2519 3030 2592 positi,
3059 2519 3189 2590 jam
3241 2517 3522 2574 sublimia
3550 2533 3642 2573 se-

1986 2613 2146 2665 creta
2173 2609 2331 2664 illius
2362 2609 2494 2664 vitae
2524 2606 2940 2680 penetrabant,
2991 2606 3251 2663 Ecclesia
3297 2606 3359 2661 in
3405 2604 3645 2661 cubicu-

1984 2700 2112 2756 lum
2135 2699 2292 2769 regis
2313 2697 2469 2753 illius
2489 2698 2763 2768 ingressa
2779 2697 2988 2752 fuerat.
3015 2699 3080 2753 Et
3101 2701 3270 2753 caute
3289 2694 3645 2751 intuendum

1986 2792 2098 2856 est,
2129 2787 2272 2859 quia
2296 2801 2418 2841 non
2436 2785 2578 2841 dicit
2599 2785 2663 2840 in
2690 2784 3034 2840 cubiculum
3059 2783 3285 2857 sponsi,
3317 2783 3424 2840 sed
3453 2783 3515 2838 in
3545 2798 3648 2838 cu-

1986 2875 2255 2933 biculum
2284 2875 2458 2945 regis.
2493 2874 2875 2930 Nominando
2905 2873 3065 2929 enim
3096 2889 3320 2943 regem,
3369 2888 3644 2928 reveren-

1988 2966 2134 3022 tiam
2166 2969 2529 3020 secretorum
2557 2963 2683 3018 vult
2708 2961 3040 3032 ostendere,
3073 2953 3494 3034 quia'quando
3542 2976 3648 3033 pa-

1988 3059 2119 3110 tens
2150 3059 2242 3110 est
2269 3053 2637 3117 cubiculum,
2673 3056 2834 3108 tanto
2863 3051 3060 3122 major
3087 3055 3176 3105 est
3203 3049 3531 3105 reverentia
3551 3065 3648 3104 ex-

1986 3143 2254 3200 hibenda
2276 3143 2369 3198 his
2401 3142 2482 3198 ad
2505 3159 2640 3214 quae
2662 3141 2914 3196 intratur
2945 3156 2959 3194 :
2988 3155 3063 3194 ne
3092 3154 3234 3208 ergo
3254 3137 3403 3193 dum
3431 3152 3626 3207 cogno

1989 3233 2096 3289 scit
2125 3237 2349 3288 secreta
2372 3232 2470 3286 Dei
2502 3230 2936 3302 unusquisque,
2967 3227 3114 3283 dum
3144 3225 3376 3283 occulta
3417 3225 3646 3298 judicia

1987 3321 2257 3384 rimatur,
2289 3321 2439 3376 dum
2487 3320 2566 3376 ad
2595 3318 2876 3375 sublimia
2917 3315 3436 3388 contemplationis
3479 3313 3648 3385 erigi-

1987 3414 2104 3479 tur,
2136 3409 2450 3466 extollatur
2477 3415 2535 3465 et
2561 3409 2621 3464 in
2653 3406 2998 3480 superbiam
3023 3404 3345 3475 dilabatur,
3371 3403 3529 3474 regis
3558 3402 3646 3458 di-

1989 3498 2138 3554 citur
2159 3498 2501 3554 cubiculum
2529 3498 2766 3554 intrare.
2793 3495 2899 3551 Cui
2922 3499 3085 3552 tanto
3106 3494 3302 3566 major
3318 3492 3648 3550 reverentia

1989 3587 2328 3642 exhibenda
2380 3592 2490 3653 est,
2545 3591 2773 3659 quanto
2824 3584 3022 3655 magis
3062 3583 3266 3640 anima
3308 3582 3386 3638 ad
3430 3597 3650 3652 cogno-

1989 3676 2211 3731 scenda
2240 3677 2371 3747 ejus
2413 3679 2637 3731 secreta
2688 3674 2945 3741 ducitur,
2987 3679 3051 3728 ut
3081 3671 3495 3744 unusquisque
3542 3669 3649 3743 qui

1988 3764 2243 3836 proﬁcit,
2268 3765 2372 3836 qui
2396 3764 2524 3833 jam
2557 3763 2848 3818 exaltatus
2890 3777 2998 3832 per
3024 3761 3298 3830 gratiam,
3347 3759 3425 3814 ad
3469 3758 3650 3813 subli-

1987 3851 2112 3905 mia
2138 3855 2362 3906 secreta
2390 3850 2680 3921 pervenit,
2715 3847 2982 3918 seipsum
3013 3845 3298 3908 attendat,
3330 3849 3387 3898 et
3410 3859 3482 3898 ex
3511 3846 3648 3914 ipso

1987 3938 2257 4010 profectu
2285 3936 2544 4009 amplius
2572 3934 2933 3990 humilietur.
2961 3933 3125 3989 Unde
3144 3943 3200 3988 et
3221 3930 3482 3987 Ezechiel
3501 3945 3650 4002 quo-

1989 4031 2099 4086 ties
2130 4027 2209 4083 ad
2240 4024 2520 4081 sublimia
2550 4022 3018 4095 contemplanda
3046 4021 3309 4087 ducitur,
3338 4019 3518 4076 Filius
3543 4019 3648 4075 ho-

1988 4114 2168 4174 minis
2218 4118 2486 4170 vocatur.
2543 4117 2624 4168 Ac
2678 4111 2726 4166 si
2756 4111 2807 4166 ei
2838 4110 3071 4167 dicatur
3103 4126 3115 4164 :
3151 4108 3398 4164 Attende
3449 4113 3648 4164 autem

1989 4203 2156 4278 quod
2185 4220 2268 4274 es,
2300 4208 2358 4259 et
2385 4218 2508 4258 non
2529 4200 2829 4258 extollaris
2858 4201 2933 4256 de
2952 4200 3045 4255 his
3067 4197 3143 4254 ad
3176 4215 3312 4271 quae
3343 4196 3645 4254 attolleris.

1992 4293 2103 4348 Sed
2133 4307 2467 4364 paucorum
2507 4294 2595 4346 est
2621 4290 2683 4345 in
2710 4288 2968 4344 Ecclesia
3005 4288 3119 4343 ista
3159 4287 3440 4342 sublimia
3467 4291 3524 4342 et
3553 4301 3650 4340 oc-

216 4376 540 4432 discretum
565 4377 857 4432 fervorem
873 4377 1200 4449 praevenire
1218 4384 1605 4450 praesumunt,
1626 4378 1774 4434 bene
1796 4377 1880 4433 di-
1911 4355 1952 4408 ί)
1993 4355 2155 4436 culta
2178 4381 2280 4436 Dei
2304 4380 2531 4450 judicia
2557 4379 2759 4434 rimari
2785 4381 2842 4432 et
2869 4375 3377 4449 comprehendere
3404 4391 3416 4429 :
3449 4380 3650 4430 tamen

219 4465 365 4520 citur
393 4483 411 4520 :
446 4488 474 4513 «
517 4468 650 4520 Post
697 4470 750 4520 te
790 4481 1098 4520 curremus
1141 4465 1412 4522 inodore
1434 4470 1878 4536 unguentorum

221 4559 479 4610 tuorum.
508 4578 537 4603 ››
565 4557 726 4610 Tunc
749 4554 908 4610 enim
930 4561 1066 4627 post
1090 4558 1276 4612 Deum
1300 4555 1614 4620 currimus,
1632 4555 1881 4628 quando

221 4648 271 4697 et
299 4643 573 4699 amando
621 4643 949 4715 sequimur,
1000 4648 1058 4699 et
1100 4644 1366 4699 timendo
1408 4643 1612 4700 divina
1652 4645 1882 4716 judicia

222 4734 646 4802 praevenimus.
675 4732 986 4804 Sequitur:
1013 4756 1039 4782 «
1062 4733 1391 4788 Introduxit
1409 4748 1506 4788 me
1528 4749 1628 4788 rex
1650 4735 1711 4788 in
1733 4755 1760 4783 «
1783 4750 1882 4789 cu-

224 4841 249 4868 α
279 4820 552 4877 biculum
576 4837 775 4888 suum,
794 4821 1225 4878 exsultabimus
1246 4828 1303 4878 et
1320 4822 1658 4878 ltetabimur
1676 4823 1823 4878 inte.
1850 4844 1880 4873 ››

226 4911 485 4968 Ecclesia
539 4911 640 4966 Dei
689 4912 868 4983 quasi
911 4912 1192 4984 quaedam
1223 4912 1442 4967 domus
1486 4913 1642 4982 regis
1673 4917 1779 4979 est,
1826 4916 1883 4968 et

227 4998 338 5053 ista
365 5003 586 5056 domus
625 5000 807 5056 habet
831 5005 1089 5073 portam,
1117 5001 1301 5057 habet
1327 5016 1670 5069 ascensum,
1702 5000 1884 5057 habet

235 5085 492 5160 triclinia,
524 5089 710 5146 habet
740 5089 1033 5146 cubicula.
1093 5089 1296 5146 Omnis
1343 5089 1448 5162 qui
1495 5090 1650 5146 intra
1693 5089 1883 5146 Eccle-

237 5175 376 5231 siam
396 5178 584 5235 fidem
609 5178 812 5250 habet,
841 5178 1019 5235 etiam
1061 5184 1297 5253 portam
1328 5180 1547 5236 domus
1593 5180 1762 5236 istius
1791 5180 1880 5235 in-

230 5277 467 5331 gressus
497 5273 606 5335 est,
646 5268 791 5340 quia
812 5269 960 5323 sicut
983 5274 1155 5340 porta
1175 5269 1405 5342 reliqua
1428 5269 1646 5324 domus
1673 5269 1882 5340 aperit,

225 5355 299 5410 ita
321 5358 474 5413 fides
496 5358 865 5430 reliquarum
887 5358 1168 5414 virtutum
1187 5360 1407 5415 ostium
1424 5365 1530 5414 est.
1556 5359 1759 5412 Omnis
1780 5359 1883 5429 qui

225 5443 374 5500 intra
401 5447 726 5502 Ecclesiam
750 5463 922 5520 spem
944 5447 1143 5511 habet,
1171 5448 1301 5518 jam
1332 5447 1411 5503 ad
1440 5461 1757 5501 ascensum
1775 5446 1884 5501 do-

226 5549 357 5588 mus
403 5537 585 5592 venit.
623 5539 766 5608 Spes
795 5537 954 5592 enim
997 5537 1187 5592 elevat
1215 5553 1334 5602 cor,
1371 5540 1435 5590 ut
1460 5534 1738 5590 sublimia
1786 5552 1889 5608 ap-

175 5671 188 5677 -
226 5628 384 5692 petat
422 5630 482 5683 et
507 5625 636 5682 ima
681 5625 936 5684 deserat.
970 5624 1176 5684 Omnis
1195 5624 1299 5697 qui
1329 5625 1391 5680 in
1419 5623 1534 5680 ista
1561 5623 1746 5681 domo
1775 5640 1886 5698 po-

1990 4471 2140 4526 dum
2163 4469 2439 4524 videmus
2463 4468 2642 4523 fortes
2673 4467 2831 4521 viros
2862 4480 3040 4537 posse
3057 4465 3133 4519 ad
3161 4468 3387 4518 tantam
3415 4461 3652 4532 sapien-

1990 4559 2134 4616 tiam
2187 4557 2516 4631 pervenire,
2566 4561 2630 4611 nt
2675 4551 3152 4625 contemplentur
3203 4553 3429 4604 secreta
3458 4545 3557 4602 Dei
3589 4545 3650 4600 in

1990 4648 2274 4705 cordibus
2305 4647 2447 4713 suis,
2480 4650 2538 4700 et
2565 4661 2676 4700 nos
2701 4642 2935 4716 parvuli
2965 4639 3299 4696 habeamus
3340 4635 3647 4704 fiduciam,

1989 4737 2155 4810 quod.
2183 4735 2552 4808 quandoque
2583 4732 2661 4788 ad
2689 4730 2950 4793 veniam,
2978 4725 3349 4801 quandoque
3389 4723 3468 4779 ad
3521 4723 3651 4795 ejus

1991 4824 2242 4895 gratiam
2273 4822 2605 4876 veniamus.
2653 4818 2816 4875 Unde
2846 4823 2905 4873 et
2953 4833 3025 4872 ex
3076 4813 3274 4870 verbis
3305 4811 3652 4870 adolescen-

1989 4912 2251 4970 tularum
2278 4909 2572 4965 subditur.
2606 4931 2634 4958 «
2663 4907 3108 4963 Exsultabimus
3140 4909 3198 4961 et
3219 4903 3561 4960 ltetabimur
3591 4902 3652 4958 in

1989 5015 2066 5068 te.
2101 5023 2130 5051 »
2164 5003 2315 5055 Dum
2349 4997 2606 5053 Ecclesia
2634 4996 2695 5052 in
2724 4996 2817 5052 his
2846 4996 2950 5068 qui
2978 4993 3221 5068 perfecti
3270 4997 3409 5048 sunt
3454 4993 3652 5064 ingre-

1991 5091 2150 5148 ditur
2206 5087 2548 5146 cubiculum
2592 5086 2767 5157 regis,
2820 5083 3278 5141 adolescentulus
3322 5098 3492 5155 spem
3542 5081 3655 5138 sibi

1993 5177 2401 5237 exsultationis
2430 5177 2804 5251 promittunt.
2843 5175 2990 5239 Quia
3015 5173 3162 5229 dum
3208 5173 3389 5229 fortes
3433 5171 3512 5228 ad
3557 5187 3652 5226 su-

1991 5271 2200 5327 blimia
2230 5267 2698 5339 contemplanda
2729 5265 3099 5338 perveniunt,
3122 5262 3344 5318 infirmi
3377 5277 3547 5334 spem
3577 5259 3653 5314 de

1992 5359 2169 5414 venia
2199 5361 2580 5430 peccatorum
2615 5358 2883 5422 sumunt,
2916 5353 3052 5408 ideo
3082 5353 3163 5408 ait
3192 5371 3204 5406 :
3261 5372 3290 5400 ‹‹
3323 5345 3654 5405 Introdukit

1995 5463 2092 5503 me
2120 5464 2223 5502 rex
2252 5447 2313 5501 in
2345 5443 2687 5500 cubiculum
2723 5459 2923 5509 suum,
2959 5438 3392 5497 exsultabimus
3409 5442 3460 5492 et
3489 5436 3650 5490 lenta-

1995 5535 2200 5591 bimur
2229 5534 2288 5588 in
2318 5538 2389 5589 te.
2416 5558 2444 5584 ››
2474 5566 2542 5574 --
2574 5556 2600 5582 ‹‹
2637 5536 2920 5588 Memores
2965 5531 3220 5583 uberum
3265 5532 3502 5580 tuorum
3551 5537 3650 5575 su-

1995 5638 2105 5696 per
2127 5624 2359 5680 vinum.
2382 5623 2540 5680 Becti
2569 5621 2824 5692 diligunt
2854 5627 2926 5676 te.
2963 5641 2990 5668 ιι
3021 5617 3210 5674 Habet
3239 5615 3344 5669 iste
3391 5623 3650 5683 sponsus
