4106 6174
470 185 577 265 3‘11

1580 184 1940 255 ANGELOﬂi
1975 182 2425 249 LU‘XOWENSIS
2466 184 2780 249 MONACHI

3787 186 3889 246 ΒἺῖ

477 326 689 400 ubera,
714 325 860 401 quia
887 322 1066 382 etiam
1088 338 1193 382 rex
1214 328 1458 397 prepter
1478 321 1869 379 reverentiam
1890 321 2137 376 vocatur
2166 317 2214 371 Α
2245 332 2307 373 se
2335 328 2520 390 opera
2541 317 2701 374 mala
2718 325 2891 387 agere
2920 317 3044 383 Scit,
3064 315 3330 388 judicem
3351 314 3684 371 venientem
3707 313 3890 370 timet.

479 416 663 475 habet
688 408 893 482 Ubera,
928 418 1165 470 sanctos
1192 415 1348 469 viros
1380 412 1558 468 corde
1601 411 1971 467 adhaerentes
2000 407 2133 462 sibi.

480 508 678 565 Ubera
700 507 760 561 in
789 507 952 561 arcta
982 502 1239 577 pecteris
1267 502 1390 558 ﬁxa
1421 506 1578 571 sunt,
1611 505 1669 556 et
1688 505 1930 556 externo
1960 496 2139 552 nutri-

474 592 754 654 mentum
796 595 1058 659 trahunt,
1094 592 1172 648 ad
1200 606 1304 648 eos
1334 606 1488 664 quos
1516 589 1658 645 foris
1699 588 1958 644 nutrivit.
1993 588 2138 643 San-

478 684 561 741 cti
587 684 728 753 ergo
762 680 866 738 viri
891 682 1080 737 ubera
1109 679 1317 753 sponsi
1336 683 1491 745 sunt,
1516 678 1661 750 quia
1686 693 1757 732 ex
1778 675 2000 731 intimis
2031 677 2141 729 tra-

484 774 654 839 hunt,
688 775 746 827 et
774 769 1030 826 exterius
1061 768 1351 824 nutriunt.
1385 766 1576 822 Ubera
1626 764 1781 819 illius
1832 764 1971 818 sunt
1999 774 2142 833 apo-

482 860 622 916 stoli
647 863 706 915 et
729 872 941 914 omnes
971 856 1388 929 praedicatores
1416 852 1687 909 Ecclesiae
1720 868 1733 906 :
1787 852 2017 919 vinum,
2070 848 2144 903 si-

489 940 588 1004 cut
612 950 669 1004 et
697 947 971 1020 superiUS
997 945 1280 1013 diximus,
1313 943 1420 999 fuit
1449 941 1510 998 in
1551 941 1882 1014 prophetis,
1931 938 2142 994 vinum

487 1037 598 1095 fuit
622 1037 685 1093 in
707 1036 854 1106 lege.
894 1034 1007 1092 Sed
1032 1035 1176 1106 quia
1206 1030 1503 1104 ampliora
1531 1029 1819 1086 mandata
1844 1028 1989 1083 data.
2007 1030 2144 1081 sunt

488 1132 596 1201 per
624 1124 952 1199 apostolus,
980 1137 1167 1197 quam
1198 1122 1339 1178 data
1376 1121 1611 1177 fuerant
1639 1133 1747 1192 per
1796 1117 2141 1191 prophetas,

491 1218 607 1274 ait:
644 1239 671 1267 α
703 1215 987 1274 Memores
1033 1213 1289 1269 ubertim
1336 1215 1575 1267 tuerum
1628 1220 1807 1281 super
1836 1207 2083 1273 vinum;
2114 1227 2143 1255 »

490 1306 640 1368 Quia
664 1302 767 1377 qui
792 1304 909 1360 ista
935 1302 1188 1376 possunt
1215 1301 1464 1375 implere
1498 1310 1630 1372 qua:
1660 1300 1720 1354 in
1753 1302 1912 1354 Novo
1955 1299 2148 1351 Testa-

456 1431 460 1436 -
489 1396 692 1451 mento
714 1392 1003 1449 mandata
1030 1390 1284 1462 sunt,illi
1311 1390 1619 1446 scientiam
1646 1387 1792 1457 legis
1814 1386 1940 1441 sine
1961 1384 2145 1440 dubio

490 1480 944 1540 transcendunt.
1006 1480 1179 1547 Quod
1232 1486 1435 1536 tamen
1489 1477 1812 1547 intelligere
1871 1479 1928 1531 et
1981 1473 2148 1529 aliter

478 1568 815 1647 pessumus
848 1587 862 1626 :
895 1591 923 1620 «
958 1570 1243 1627 Memores
1274 1569 1531 1624 uber-nm
1562 1572 1798 1623 tuorum
1851 1578 2032 1637 super
2060 1561 2145 1615 vi-

2247 406 2357 472 Qui
2385 420 2527 463 vero
2558 406 2632 462 de
2661 406 2944 479 operibus
2985 406 3110 461 suis
3161 404 3487 477 praesumit,
3531 402 3750 473 judicis
3794 402 3895 461 ad-

2244 499 2490 551 ventum
2520 496 2750 568 quaerit.
2784 498 3075 552 Parentur
3100 506 3242 562 ergo
3268 492 3519 566 praemia
3546 496 3895 564 exspectan-

2247 586 2404 643 tibus
2435 585 2761 642 adventum
2793 586 2891 641 Dei
2922 590 2978 642 et
3002 584 3383 653 diligentibus
3414 582 3737 638 adventum
3770 582 3896 653 ejus

2248 675 2390 748 quia
2422 690 2540 731 non
2571 675 2826 746 diligunt
2854 675 3181 731 adventum
3208 672 3445 745 judicis,
3476 671 3587 727 nisi
3619 671 3694 727 de
3715 686 3898 728 causa

2248 780 2358 820 sua
2385 768 2833 836 prtesumentes.
2864 763 3069 820 Omnis
3100 766 3295 818 autem
3347 760 3632 817 certitudo
3660 759 3895 816 rectitu-

2249 854 2403 909 dinis
2433 855 2495 909 in
2529 852 2841 908 dilectione
2872 856 2977 920 est,
3010 855 3066 909 et
3103 851 3237 908 ideo
3267 856 3423 907 recte
3453 848 3664 907 dicitur
3699 867 3711 904 :
3740 848 3897 904 [tecti

2249 942 2503 1012 diligunt
2530 946 2602 998 te.
2634 941 2946 1014 Sequitur:

2323 1051 2354 1083 «
2383 1032 2559 1101 Nigra
2589 1046 2746 1101 sum,
2770 1030 2875 1086 sed
2900 1030 3169 1086 formosa
3192 1027 3315 1085 ﬁlia
3338 1026 3724 1096 Hierusalem,
3751 1028 3901 1083 sicut

2200 1154 2210 1163 -
2253 1143 2282 1171 ‹‹
2322 1120 2708 1177 tabernacula
2729 1120 2935 1183 Cedar.
2959 1119 3109 1176 sicut
3128 1117 3312 1192 pelles
3339 1117 3690 1175 Salomonis.
3715 1116 3901 1174 Nolite

2254 1235 2281 1263 «
2322 1227 2419 1267 me
2448 1210 2823 1266 considerare
2853 1211 3038 1282 quod,
3073 1230 3098 1259 »
3133 1214 3243 1266 etc.
3280 1210 3509 1266 Scimus
3539 1209 3674 1281 quia
3696 1209 3757 1264 in
3780 1209 3903 1281 pri-

2254 1300 2500 1357 mOrdiis
2532 1299 2802 1355 Ecclesiae
2824 1300 2977 1355 dum
3010 1298 3335 1371 praedicata
3361 1297 3551 1354 fuerat
3578 1298 3765 1367 gratia
3792 1298 3905 1353 Re-

2253 1388 2581 1462 demptoris
2609 1388 2814 1455 nostri,
2862 1386 2960 1444 alii
3001 1384 3382 1444 crediderunt
3435 1402 3507 1442 ex
3535 1385 3763 1455 Judaea,
3812 1384 3908 1443 alii

2253 1490 2377 1535 non
2407 1477 2804 1534 crediderunt.
2836 1477 2948 1533 Sed
2969 1477 3030 1532 hi
3059 1474 3577 1549 quicredidernnt,
3606 1473 3684 1530 ab
3703 1472 3909 1532 inﬁde-

2254 1569 2412 1625 libus
2435 1567 2695 1642 despecti
2729 1571 2867 1622 sunt
2897 1570 2954 1622 et
2996 1564 3475 1638 persecutionem
3506 1563 3689 1637 passi,
3738 1565 3910 1637 quasi

492 1673 732 1727 mum»
763 1663 903 1715 sunt
947 1658 1117 1714 multi
1156 1658 1261 1731 qui
1310 1658 1517 1712 vinum
1550 1655 1794 1727 quidem
1844 1650 2146 1724 sapientiae
2174 1671 2219 1724 Β
2256 1659 2316 1715 in
2349 1658 2509 1714 viam
2559 1656 2824 1727 gentium
2873 1655 3217 1711 discessisse
3255 1650 3505 1725 judicati
3545 1659 3703 1710 sunt.
3748 1652 3908 1711 Unde

495 1749 741 1818 habent,
770 1748 872 1803 sed
919 1747 1319 1818 cognitionem
1360 1745 1707 1801 humilitatis
1735 1758 1856 1799 non
1902 1741 2144 1797 habent.

496 1839 611 1895 [sta
669 1838 913 1894 scientia
957 1837 1144 1906 inﬂat,
1198 1836 1341 1909 quia
1395 1835 1654 1890 charitas
1701 1840 1822 1887 non
1871 1828 2146 1886 aediﬁcat.

497 1927 647 1986 S'unt
666 1928 807 1983 Waro
836 1925 1005 1982 multi
1026 1926 1135 1998 qui
1166 1926 1249 1981 sic
1279 1925 1505 1980 habent
1528 1923 1737 1978 vinum
1777 1920 2053 1985 scientiae,
2086 1921 2152 1973 ut

498 2017 689 2074 sciant
712 2016 1094 2074 'considerare
1124 2015 1285 2071 dona
1315 2013 1620 2069 doctrinae.
1653 2014 1820 2066 Dona
1847 2010 2004 2065 enim
2038 2009 2153 2079 spi-

495 2100 724 2162 ritualis
756 2105 958 2176 gratiae
988 2104 1163 2177 quasi
1188 2103 1471 2177 quaedam
1501 2100 1779 2157 mamillae
1810 2098 2022 2155 suntin
2048 2111 2152 2169 pe-

499 2198 679 2265 ctore,
721 2210 857 2268 quae
888 2191 1177 2249 subtiliter
1205 2192 1447 2248 occultis
1490 2191 1787 2246 meatibus
1836 2185 2152 2260 spirituali-

502 2280 615 2340 hus
636 2282 993 2354 ministrant,
1022 2288 1079 2338 et
1097 2296 1199 2338 eos
1214 2281 1501 2337 nutriunt.
1532 2280 1671 2335 Ideo
1688 2279 1798 2335 ait:
1830 2301 1857 2327 «
1872 2281 2155 2333 Memores

501 2372 757 2429 uberum
778 2376 1019 2428 tuerum
1052 2378 1233 2444 super
1263 2370 1491 2425 vinum.
1520 2389 1549 2419 ››
1579 2368 1727 2434 Quia
1754 2367 1815 2422 hi
1841 2367 1943 2438 qui
1969 2379 2158 2420 recor-

502 2462 633 2517 dari
663 2460 859 2516 sciunt
887 2459 1051 2515 dona
1080 2459 1281 2530 gratiae
1329 2462 1465 2526 tuae,
1499 2462 1565 2512 ut
1603 2456 1715 2511 sibi
1744 2469 1865 2510 non
1898 2453 2161 2508 tribuant

502 2549 667 2621 quod
697 2548 940 2619 sapiunt
963 2551 1021 2603 et
1049 2548 1124 2602 de
1153 2547 1367 2602 eadem
1394 2545 1686 2618 sapientia
1700 2559 1885 2616 quam
1917 2555 2159 2613 accepe-

499 2644 641 2692 runt
663 2644 785 2691 non
817 2636 1177 2692 extollantur
1206 2652 1386 2707 super
1428 2635 1580 2701 illos,
1632 2634 1735 2705 qui
1762 2633 1836 2687 de
1867 2631 2161 2704 sapientia

497 2736 615 2781 sua
642 2723 1005 2780 extolluntur
1032 2724 1088 2778 et
1115 2722 1458 2778 eﬁeruntur.
1494 2722 1633 2776 Plus
1665 2726 1753 2775 est
1780 2720 1939 2775 enim
1969 2718 2162 2773 humi-

501 2814 633 2871 liter
657 2818 868 2887 sapere
886 2822 1071 2885 quam
1097 2811 1354 2884 superbe
1372 2824 1602 2884 sapere.
1633 2812 1828 2882 Neque
1846 2809 2004 2864 enim
2026 2823 2160 2863 vere

505 2917 715 2976 sapere
745 2906 850 2972 est,
882 2899 1183 2957 humiliter
1210 2916 1331 2956 non
1381 2910 1611 2973 sapere,
1641 2899 1757 2955 ait:
1817 2921 1844 2947 ‹‹
1876 2901 2160 2954 Memores

2259 1746 2518 1804 Ecclesia
2546 1746 2607 1801 in
2638 1746 2863 1801 eisdem
2893 1744 3112 1801 clamat
3141 1743 3463 1799 adversum
3489 1756 3590 1799 eos
3636 1740 3738 1816 qui
3772 1756 3909 1799 con-

2256 1837 2407 1893 versi
2433 1851 2553 1892 non
2581 1838 2739 1891 sunt.
2771 1858 2797 1883 «
2824 1835 3001 1905 Nigra
3031 1844 3186 1903 sum,
3214 1831 3319 1889 sed
3349 1832 3613 1888 formosa
3637 1828 3761 1888 ﬁlia
3792 1832 3911 1887 Hie-

2257 1925 2540 1983 rusalem.
2568 1947 2594 1974 »
2623 1925 2799 1993 Nigra
2828 1922 3074 1996 quidem
3097 1922 3237 1977 vero
3254 1918 3501 1993 judicio,
3522 1922 3627 1977 sed
3648 1918 3911 1978 formosa

2258 2032 2365 2090 per
2393 2014 2843 2072 illustrationem
2883 2014 3107 2083 gratiae.
3142 2012 3458 2079 Quomodo
3502 2008 3724 2081 nigra?
3770 2035 3799 2062 «ι
3833 2012 3911 2069 Si-

2262 2110 2357 2161 cut
2388 2102 2773 2159 tabcrnacula
2796 2099 3000 2159 Cedar.
3034 2125 3061 2151 ››
3086 2098 3273 2157 Cedar
3296 2101 3455 2156 enim
3488 2100 3789 2156 secundus
3808 2098 3911 2155 fuit

2262 2192 2335 2251 de
2368 2210 2582 2259 genere
2616 2191 2847 2255 lsmael,
2882 2194 2937 2248 et
2967 2191 3158 2248 Cedar
3187 2189 3576 2247 tabernacula
3606 2194 3760 2247 Esau
3791 2190 3911 2245 fue-

2263 2288 2417 2339 runt.
2454 2280 2768 2348 Quomodo
2794 2294 2935 2348 ergo
2961 2279 3133 2349 nigra
3152 2279 3181 2334 ?
3214 2279 3373 2335 Sicut
3406 2277 3793 2335 tabernacula
3820 2278 3915 2333 Ce-

2264 2370 2393 2426 dar.
2430 2369 2579 2436 Quia
2617 2369 2678 2424 in
2721 2371 3045 2440 conspectu
3088 2371 3290 2423 vestro
3341 2365 3420 2422 ad
3471 2362 3911 2423 similitudinem

2266 2458 2529 2529 gentium
2585 2457 2852 2528 judicata
2901 2472 3058 2523 sum,
3111 2456 3174 2511 id
3223 2459 3311 2511 est
3353 2454 3431 2511 ad
3472 2449 3907 2510 similitudinem

2265 2553 2667 2621 peccatorum.
2693 2544 3010 2612 Quomodo
3042 2558 3183 2613 ergo
3214 2543 3477 2601 formosa
3498 2544 3525 2599 ?
3552 2566 3579 2593 «
3603 2542 3761 2600 Sicut
3788 2540 3911 2615 pel-

2264 2636 2348 2692 les
2379 2635 2734 2692 Sulomonis.
2762 2656 2789 2684 ››
2819 2635 3026 2690 Fertur
3050 2633 3333 2690 Salomon
3362 2632 3604 2706 quando
3623 2631 3916 2704 templum

2267 2724 2601 2790 aediﬁcavit,
2627 2723 2834 2778 omnia
2854 2739 2996 2778 vasa
3013 2720 3217 2795 templi
3235 2721 3491 2795 pellibus
3515 2720 3913 2793 cooperuisse.

2270 2814 2381 2871 Sed
2413 2814 2697 2868 nimirum
2717 2812 2900 2885 pelles
2934 2810 3270 2868 Salomonis
3300 2808 3533 2867 decorae
3564 2827 3692 2866 esse
3722 2814 3919 2883 potue-

2266 2906 2422 2971 runt,
2456 2916 2592 2974 quae
2630 2901 3019 2957 tabernaculo
3051 2905 3204 2974 aptae
3238 2906 3450 2956 essent.
3489 2902 3627 2966 Qum
3657 2900 3707 2955 si
3750 2898 3811 2955 in
3839 2902 3917 2954 ta-

502 3000 647 3063 ‘ergo
672 2991 929 3048 uberum
954 2994 1195 3046 tuorum
1226 3002 1406 3063 super
1438 2991 1662 3045 vinum.
1686 3012 1713 3038 ››
1743 2987 1890 3053 Quia
1912 2986 2162 3042 scientes
2191 3025 2231 3080 Ο
2267 2989 2595 3049 bernaculo
2625 2992 2753 3061 ejus
2784 2989 3025 3045 fuerunt
3070 3004 3192 3045 non
3232 2988 3347 3045 nisi
3379 2986 3613 3045 decorae
3650 3004 3781 3044 esse
3817 3003 3917 3061 po-

502 3079 884 3138 c‘onsiderare
910 3079 1073 3137 dona
1102 3078 1422 3152 spiritualis
1468 3079 1691 3149 gratiae,
1731 3075 2160 3133 transcendunt

505 3182 609 3228 eos
638 3170 743 3244 qui
769 3169 1077 3226 Scientiam
1094 3167 1341 3242 quidem
1360 3168 1605 3238 habent,
1634 3167 1738 3223 sed
1760 3165 2159 3236 cognitionem

505 3258 567 3318 in
599 3259 888 3317 memoria
911 3258 1211 3315 donorum
1238 3272 1359 3314 non
1384 3257 1629 3314 habent.
1658 3258 1874 3329 Aperte
1905 3266 2046 3324 ergo
2071 3252 2160 3306 di-

507 3348 637 3406 cere
663 3351 788 3403 est:
821 3351 1105 3403 Memores
1130 3356 1277 3415 ergo
1319 3345 1575 3403 uberum
1603 3349 1845 3401 tuorum
1878 3352 2060 3415 super
2083 3340 2162 3395 vi-

505 3444 675 3500 num,
707 3456 735 3484 »
761 3433 906 3505 quia
945 3433 1152 3489 fortior
1193 3434 1498 3489 humilitas
1537 3438 1625 3488 est
1668 3444 1855 3504 quam
1896 3432 2158 3486 scientia.

509 3520 729 3576 Vinum
756 3524 848 3575 est
887 3519 1131 3575 scientia
1159 3532 1295 3592 quae
1324 3521 1579 3576 inebriat
1620 3518 1976 3575 memoriam
2024 3517 2165 3572 ube-

507 3610 665 3676 rum,
688 3622 824 3682 quas
843 3608 1098 3664 inebriat
1117 3622 1297 3681 quem
1325 3606 1403 3664 ad
1433 3608 1834 3678 cognitionem
1864 3608 2163 3663 donorum

507 3702 767 3754 revocat.
805 3696 1013 3752 Dicat:
1057 3719 1085 3748 «
1118 3699 1404 3754 Memores
1437 3710 1579 3767 ergo
1624 3697 1879 3752 uberum
1924 3701 2165 3752 tuorum

511 3796 692 3860 Super
746 3786 973 3857 vinum,
1008 3808 1036 3838 »
1085 3786 1230 3859 quia
1274 3786 1457 3843 vincit
1498 3786 1801 3842 humilitas
1855 3784 2167 3841 abundan-

509 3876 653 3934 tiam
705 3875 985 3931 scientiae.
1017 3874 1175 3931 Recti
1205 3874 1460 3944 diligunt
1489 3879 1563 3932 te.
1612 3873 1837 3933 Nullus.
1868 3875 2078 3947 inquit,
2112 3879 2166 3930 te

510 3962 698 4033 diligit
739 3960 853 4019 nisi
880 3968 1099 4018 rectus.
1133 3962 1197 4019 Et
1232 3961 1433 4019 nullus
1475 3968 1564 4019 est
1592 3968 1811 4034 rectus,
1842 3963 1953 4019 nisi
1979 3962 2083 4036 qui
2113 3967 2168 4018 te

511 4052 716 4122 diligit.
752 4050 957 4108 Omnis
985 4053 1144 4109 enim
1173 4051 1279 4125 qui
1310 4052 1472 4109 bona
1515 4060 1700 4126 opera
1742 4066 1850 4125 per
1893 4053 2168 4108 timorem

514 4136 655 4211 agit,
681 4140 739 4196 et
761 4141 809 4196 si
838 4138 898 4196 in
928 4158 1107 4216 opere
1139 4141 1433 4214 peri‘ectus
1482 4146 1589 4210 est,
1629 4143 1691 4197 in
1738 4140 2036 4197 desiderio
2080 4147 2171 4196 r'e-

514 4233 644 4285 ctus
675 4238 795 4284 non
827 4228 1122 4286 est.Vellet
1155 4230 1314 4285 enim
1347 4236 1468 4286 non
1491 4244 1624 4286 esse
1654 4230 1819 4302 quod
1849 4229 2078 4285 timeret
2106 4233 2171 4285 ut

513 4330 698 4391 opera
725 4317 888 4373 bona
917 4326 1039 4374 non
1059 4317 1295 4375 faceret.
1330 4316 1440 4385 Qui
1483 4328 1620 4373 vero
1648 4318 1808 4374 bona
1836 4333 2020 4390 opera
2060 4328 2168 4390 per

514 4404 783 4462 amorem
814 4406 951 4476 agit,
994 4410 1050 4462 et
1076 4407 1135 4461 in
1185 4423 1363 4481 opere
1395 4412 1451 4463 et
1480 4406 1775 4463 desiderio
1817 4410 2014 4463 rectus
2053 4412 2164 4462 est.

517 4492 632 4552 Sed
661 4492 914 4551 dulcedo
945 4496 1169 4551 amoris
1202 4496 1546 4552 timentibus
1571 4494 1979 4552 absconditur.
2003 4496 2167 4552 Unde

515 4582 800 4658 scriptum
832 4588 919 4641 est
947 4602 958 4641 :
1012 4606 1039 4636 ‹‹
1074 4588 1265 4651 Quam
1307 4594 1531 4655 magna
1560 4583 1877 4640 multitudo
1907 4580 2169 4640 dulcedi-

515 4674 610 4730 nis
641 4679 776 4741 tuae,
806 4671 1073 4738 Domino,
1104 4686 1291 4748 quam
1323 4674 1687 4739 abscondisti
1718 4673 2061 4730 timentibus
2090 4676 2167 4744 te,

518 4765 576 4818 et
603 4762 897 4835 perfecisti
927 4778 998 4821 ea
1028 4760 1406 4837 sperantibus
1436 4754 1496 4819 iii
1529 4767 1582 4819 te
1613 4763 1735 4834 (Ps.
1769 4764 1931 4835 xxx).
1964 4785 1991 4814 ››
2034 4762 2169 4817 Dul-

521 4849 668 4904 cedo
697 4848 854 4906 enim
886 4853 1072 4907 Deum
1100 4851 1444 4908 timentibus
1483 4851 1785 4923 incognita
1809 4856 1916 4915 est,
1963 4866 2171 4908 aman-

519 4935 679 4992 tibus
708 4938 773 4993 iit
800 4943 960 4994 nota.
997 4934 1106 5005 Qui
1138 4955 1278 5010 ergo
1307 4956 1414 5013 per
1453 4952 1721 4997 amorem
1763 4941 2052 4997 studuerit
2089 4956 2174 4996 rc-

522 5026 653 5080 ctus
685 5040 836 5094 esse,
869 5026 1130 5099 perfecta
1172 5026 1407 5084 dilectio
1449 5029 1603 5085 illius
1656 5036 1761 5098 est,
1807 5032 1871 5085 ut
1907 5029 2175 5099 judicem

522 5108 859 5169 Venientem
903 5128 1024 5169 non
1072 5113 1293 5180 timeat,
1349 5118 1414 5171 ut
1469 5115 1764 5190 quidquid
1814 5116 1888 5171 de
1942 5116 2177 5170 aeternis

525 5200 828 5272 suppliciis
854 5198 1124 5269 audierit,
1154 5217 1275 5258 non
1306 5203 1602 5260 formidet.
1647 5203 1810 5260 Unde
1859 5205 1915 5257 et
1957 5201 2177 5257 Paulus

524 5284 672 5344 dum
729 5290 1051 5346 adventum
1100 5291 1320 5363 judicis
1376 5296 1764 5365 exspectaret,
1833 5291 1977 5345 dum
2030 5306 2177 5362 pl‘iB-

526 5374 650 5434 mia
678 5378 910 5435 internas
938 5380 1070 5436 vitae
1095 5384 1407 5454 quaereret,
1431 5382 1577 5437 dixit
1609 5397 1622 5435 :
1657 5403 1685 5430 ‹‹
1716 5382 1856 5445 Quae
1878 5395 2181 5452 praepara-

526 5466 612 5523 vit
643 5471 792 5523 Deus
823 5486 943 5524 non
970 5469 1165 5526 solum
1192 5470 1356 5538 mihi,
1376 5470 1483 5526 sed
1500 5468 1780 5524 omnibus
1803 5468 1902 5539 qui
1928 5469 2182 5535 diligunt

529 5558 855 5614 adventum
883 5560 1010 5631 ejus
1032 5561 1123 5616 (ΙΙ
1140 5561 1284 5616 Tim.
1310 5564 1410 5625 1v).
1446 5581 1470 5607 »
1504 5557 1749 5613 Praemia
1771 5560 1930 5612 enim
1961 5562 2183 5615 aeterna.

530 5646 910 5719 diligentibus
933 5649 1199 5721 judicem
1230 5652 1666 5720 praeparantur,
1698 5647 1840 5721 quia
1859 5648 2057 5704 omnis
2077 5647 2183 5721 qui

2271 3078 2596 3137 tueruntiu
2643 3077 3003 3150 obsequium
3059 3078 3237 3147 regis.
3289 3073 3403 3134 Sed
3450 3078 3595 3151 quia
3647 3072 3921 3133 salomon

2269 3168 2687 3243 interpretatur
2711 3168 3020 3237 paciﬁcus,
3053 3182 3164 3223 nos
3196 3167 3396 3239 ipsum
3426 3161 3812 3222 Salo‘monem
3836 3181 3919 3219 ve-

2270 3276 2405 3315 rum
2436 3257 2839 3327 intelligimus,
2872 3257 3015 3329 quia
3045 3271 3255 3312 omnes
3302 3254 3518 3311 aninme
3558 3256 3920 3311 adhirrentes

2275 3348 2410 3415 Deo,
2442 3346 2623 3419 pelles
2650 3345 2985 3403 Salomonis
3015 3346 3152 3401 sunt
3198 3340 3567 3402 macerantes
3615 3345 3847 3418 seipsas
3874 3346 3924 3399 et

2271 3436 2333 3492 in
2377 3435 2736 3507 obsequium
2782 3435 2938 3503 regis
2976 3434 3145 3507 pacis
3191 3433 3549 3503 redige‘ntes.
3597 3436 3742 3491 Sum
3790 3449 3924 3488 vero

2268 3522 2493 3596 judicio
2564 3527 2763 3577 vestro
2823 3522 2974 3578 sicut
3040 3522 3429 3579 tabernacula
3495 3521 3700 3590 Cedar,
3787 3521 3927 3594 quia

2274 3612 2447 3685 quasi
2475 3612 2535 3666 in
2583 3609 2745 3666 viam
2793 3609 3058 3680 gentium
3105 3611 3451 3667 discessisse
3492 3610 3762 3680 judicor:
3817 3608 3924 3665 sed

2270 3702 2441 3774 jUXta
2469 3700 2775 3755 veritatem
2806 3700 2957 3755 sicut
2981 3699 3165 3772 pelics
3198 3700 3528 3757 Salomonis
3570 3714 3728 3768 sum,
3779 3699 3926 3772 quia

2274 3789 2335 3847 in
2387 3788 2747 3863 obsequium
2794 3789 2949 3858 regis
3003 3789 3304 3845 adhaereo.
3354 3789 3537 3846 Nolite
3590 3802 3688 3845 me
3732 3788 3925 3844 consi-

2276 3878 2483 3935 derare
2512 3877 2677 3950 quod
2709 3877 2878 3933 fusca
2921 3878 3055 3947 sim,
3104 3877 3246 3950 quia
3275 3877 3639 3934 decoloravit
3676 3893 3775 3932 me
3819 3876 3924 3932 sol.

2276 3966 2667 4024 Peccatricem
2694 3964 3037 4023 attendebat
3064 3956 3227 4022 illam
3259 3971 3494 4039 partem
3523 3974 3659 4038 quae
3705 3964 3923 4022 Christo

2278 4054 2627 4123 crediderat,
2659 4064 2802 4129 pars
2834 4055 2937 4110 illa
2963 4068 3098 4127 quae
3126 4068 3249 4111 non
3282 4054 3633 4111 crediderat.
3686 4053 3801 4110 Sed
3836 4052 3921 4108 di-

2277 4150 2372 4201 cat
2396 4147 2508 4201 ista
2542 4160 2553 4199 :

2349 4255 2376 4283 α
2411 4228 2594 4289 Nolite
2622 4249 2719 4288 me
2741 4230 3122 4288 considerare
3144 4231 3307 4304 quod
3332 4232 3521 4302 fusca,
3544 4231 3659 4287 sim
3675 4231 3814 4305 quia
3838 4226 3930 4286 de-

2280 4342 2309 4370 ‹‹
2337 4320 2623 4376 coloravit
2643 4334 2739 4377 me
2767 4315 2873 4388 sol.
2906 4341 2934 4370 ››
2961 4318 3057 4377 801
3077 4320 3205 4392 ipse
3223 4320 3511 4376 Dominus
3531 4319 3663 4393 ipse
3687 4319 3932 4375 veniens

2278 4407 2644 4465 decoloravit
2688 4424 2804 4477 me,
2829 4409 3141 4482 praeceptis
3167 4409 3291 4464 suis
3322 4409 3598 4479 ostendit,
3625 4406 3771 4481 quia
3808 4407 3933 4481 pul-

2278 4499 2420 4554 chra
2451 4513 2572 4553 non
2602 4496 2686 4553 fui
2718 4498 2773 4554 in
2830 4497 3142 4570 praeceptis
3176 4497 3338 4569 legis.
3374 4498 3471 4554 Sol
3501 4512 3685 4570 quem
3717 4495 3933 4553 arctius

2276 4585 2483 4656 tangit,
2508 4587 2707 4660 ipsum
2737 4586 3132 4643 decoloravit:
3165 4585 3246 4643 ita
3276 4591 3332 4642 et
3365 4583 3653 4642 Dominus
3690 4583 3935 4640 veniens

2278 4691 2459 4750 quem
2482 4692 2588 4749 per
2601 4677 2852 4746 gratiam
2884 4692 3056 4732 suam
3075 4675 3328 4732 strictius
3345 4674 3529 4744 tetigit
3548 4673 3934 4740 decoloravit,

2278 4765 2422 4839 quia
2438 4765 2585 4821 dum
2608 4763 2742 4838 plus
2774 4763 3333 4837 appropinquamus
3375 4763 3453 4819 ad
3495 4764 3770 4833 gratiam,
3799 4762 3937 4835 plus

2282 4869 2391 4911 nos
2405 4858 2741 4926 peccatores
2754 4853 3174 4923 cognoscimus
3186 4868 3333 4907 esse.
3354 4851 3674 4908 Videamus
3685 4849 3940 4908 Paulum

2283 4943 2575 4999 exiudzea
2599 4942 2933 4998 venientem
2972 4941 3031 4996 in
3055 4939 3177 4995 sole
3221 4940 3653 4996 decoloratum.
3688 4940 3868 5006 Quod
3898 4938 3943 4993 si

2283 5030 2546 5086 volentes
2570 5030 2628 5085 in
2661 5030 2890 5086 Christo
2908 5028 3237 5099 justiﬁcari,
3271 5028 3493 5084 inventi
3514 5045 3726 5083 sumus
3749 5032 3805 5083 et
3830 5027 3943 5101 ipsi

2283 5121 2643 5189 peccatores.
2671 5116 2781 5181 Qui
2811 5115 2943 5170 sein
2956 5117 3183 5171 Christo
3207 5122 3581 5189 peccatorem
3602 5118 3855 5185 invenit,
3890 5118 3944 5171 in

2287 5202 2408 5259 sole
2424 5200 2799 5258 decoloratus
2823 5203 3139 5258 invenitur.
3177 5204 3291 5260 Sed
3336 5220 3471 5260 ecce
3501 5216 3640 5276 pars
3667 5206 3785 5261 ista
3808 5219 3945 5277 quae

2287 5307 2361 5346 ex
2404 5290 2609 5346 Judasa
2651 5290 2915 5358 credidit,
2971 5293 3446 5364 persecutionem
3492 5290 3570 5348 ab
3600 5291 3947 5348 inﬁdelibus

2288 5380 2510 5436 Judzeis
2536 5395 2713 5453 passa
2747 5382 2852 5447 est,
2886 5380 3103 5438 afﬂicta
3134 5383 3335 5438 multis
3359 5381 3852 5438 tribulationibus
3884 5398 3947 5437 ac

2292 5487 2517 5542 pressa.
2546 5470 2709 5527 Unde
2728 5471 3018 5543 sequitur:
3054 5472 3217 5528 «Filii
3238 5470 3445 5528 matris
3468 5487 3614 5527 meae
3646 5486 3952 5543 pugnave-

2291 5564 2430 5613 runt
2453 5565 2657 5615 contra
2682 5577 2798 5616 me.
2823 5580 2847 5608 »
2881 5561 3029 5626 Quia
3052 5561 3151 5617 ﬁlii
3173 5574 3495 5634 synagoga:
3520 5559 3624 5632 qui
3656 5561 3716 5616 in
3746 5560 3953 5616 inﬁde-

2291 5648 2449 5705 litate
2469 5654 2903 5714 remanserunt,
2918 5650 3143 5707 bellum
3165 5650 3590 5722 persecutionis
3616 5654 3830 5706 contra
3859 5665 3957 5721 sy-
