4106 6174
293 188 400 250 573

1708 191 1968 251 ENARB'.
2002 191 2078 251 Β
2112 194 2415 252 ωΝποΑ
2453 196 2727 254 ϐΔΝἸΊΟ.

3596 202 3713 257 ωε

290 348 549 401 nagogze
570 330 777 390 ﬁdeles
810 336 1269 403 gesserunt.Sed
1296 340 1441 395 dum
1472 339 1947 413 persecutionem
1976 326 2022 392 Α
2061 335 2427 393 destruentes
2448 342 2504 394 et
2551 344 2794 395 omnem
2823 336 3196 393 altitudinem
3242 339 3621 396 extollentem
3652 350 3714 398 se

289 421 514 495 patitur
546 438 616 479 ea
643 439 785 496 pars
815 442 949 496 quae
982 441 1051 480 ex
1083 424 1292 482 Judiea
1320 428 1482 484 venit
1508 429 1583 484 ad
1609 428 1813 493 ﬁdem,
1837 426 1951 480 dis-

290 511 470 567 cessit
498 512 576 568 ad
603 513 1092 585 praedicationem
1126 517 1414 585 gentium.
1453 518 1614 575 Unde
1646 518 1947 589 sequitur:

292 624 319 652 ‹‹
346 603 683 658 Posuerunt
714 618 810 659 mc
855 606 1164 661 custodem
1212 606 1422 663 vineis.
1456 606 1709 663 Vineam
1753 620 1950 661 meam

288 707 412 746 non
446 691 766 747 custodivi.
801 713 830 743 ››
861 694 1027 761 Quia,
1075 694 1222 751 dum
1252 712 1347 753 me
1379 700 1821 770 persequuntur
1849 695 1952 767 qui

285 780 348 836 in
377 778 592 836 Judeea
624 786 783 847 sunt,
814 780 871 837 in
903 782 1167 839 ecclesiis
1199 800 1292 841 me
1321 786 1629 842 custodem
1664 785 1948 841 fecerunt.

287 892 316 917 «
348 866 598 924 Vineam
631 885 827 925 meam
858 887 979 927 non
1012 873 1324 941 custodivi,
1354 898 1380 924 »
1412 876 1554 947 quia
1572 873 1824 930 Judeam
1855 872 1955 927 de-

286 958 467 1014 serui.
495 959 660 1015 Unde
692 964 747 1015 et
774 960 992 1016 Paulus
1020 962 1162 1019 dicit
1186 982 1197 1019 :
1220 984 1248 1013 ‹‹
1280 962 1457 1019 Vobis
1488 965 1741 1020 missum
1763 963 1952 1017 fuerat

283 1046 542 1103 verbum
580 1048 700 1119 Dei,
724 1049 830 1105 sed
860 1051 1003 1122 quia.
1031 1068 1138 1107 vos
1158 1052 1439 1123 indignos
1462 1052 1951 1124 judicastis,eccc

284 1136 697 1193 convertimur
746 1139 823 1194 ad
866 1144 1069 1210 gentes
1111 1141 1263 1212 (Act.
1305 1144 1451 1213 xm).
1501 1160 1531 1194 »
1578 1147 1655 1197 Ac
1684 1141 1731 1196 si
1753 1141 1947 1196 dicat:

282 1226 403 1282 Nos
430 1226 676 1282 vineam
702 1232 969 1283 nostram
1001 1230 1299 1286 custodire
1325 1230 1648 1301 voluimus,
1676 1230 1778 1286 sed
1807 1230 1951 1302 quia

279 1328 397 1371 nos
425 1316 545 1389 ipsi
575 1317 882 1390 respuistis
914 1318 988 1374 ad
1022 1317 1356 1376 alienarum
1373 1336 1483 1377 nos
1511 1321 1823 1377 vinearum
1856 1334 1952 1375 cu-

280 1406 553 1462 stodiam
583 1409 1005 1464 transmittitis.
1042 1413 1157 1466 ista
1177 1426 1313 1483 quas
1343 1410 1416 1466 de
1450 1414 1773 1483 Synagoga
1799 1409 1950 1465 dixi-

278 1510 426 1551 mus
458 1495 536 1551 ad
562 1496 745 1552 ﬁdem
785 1512 1097 1553 conversa.
1133 1499 1405 1555 dicamus
1434 1500 1618 1556 modo
1651 1501 1725 1555 de
1753 1498 1949 1555 Eccle-

274 1586 373 1641 sia
408 1602 483 1641 ex
512 1585 787 1655 gentibus
819 1586 896 1643 ad
923 1588 1106 1643 tidem
1138 1593 1372 1645 vocata.
1408 1611 1434 1639 ‹‹
1468 1590 1642 1660 Nigra
1673 1589 1950 1653 sum,sed

2061 426 2345 481 adversus
2379 428 2682 483 scientiam
2712 428 2834 483 Dei.
2871 450 2897 477 »
2922 428 3031 494 Qui
3058 428 3431 483 altitudinem
3464 428 3717 487 destruit

2058 516 2262 588 utique
2292 522 2595 589 pugnator
2617 522 2741 586 est;
2768 518 2860 574 isti
2891 533 3033 587 ergo
3064 522 3455 589 pugnatore's,
3486 517 3579 573 isti
3610 520 3716 575 ﬁlii

2058 606 2264 660 matris
2300 607 2663 662 Hierusalem
2693 607 3146 664 debellaverunt
3176 606 3497 662 Ecclesiam
3525 607 3603 663 ab
3630 623 3718 663 er-

2055 708 2188 748 rore
2220 710 2350 762 suo,
2375 700 2440 751 ut
2482 695 2645 751 illam
2677 695 2999 752 funderent
3046 695 3123 752 ad
3150 695 3481 767 justitiam:
3532 718 3561 747 ‹‹
3596 697 3716 753 Filii

2059 800 2088 831 «
2130 783 2335 837 matris
2364 798 2514 839 meae
2563 788 2983 856 pugnaverunt
3012 790 3221 840 contra
3267 798 3383 840 me.
3419 804 3449 834 »
3477 788 3542 841 Et
3569 787 3716 858 quid

2057 870 2325 927 fecerunt
2352 878 2691 943 pugnantes
2713 875 2743 929 ‘I
2769 896 2797 922 ‹‹
2835 875 3165 929 Posuerunt
3193 889 3289 929 me
3317 875 3629 930 custodem
3655 876 3715 931 in

2056 959 2265 1014 vineis.
2303 980 2330 1010 »
2363 961 2563 1017 Vineie
2601 961 2873 1017 Ecclesiae
2905 967 3043 1017 sunt
3070 960 3313 1017 virtutes
3358 978 3494 1035 quae
3519 963 3720 1019 fructi-

2055 1046 2257 1115 ﬁcant,
2272 1049 2416 1121 quia
2440 1050 2587 1105 dum
2614 1051 2968 1123 depugnant
2986 1050 3045 1105 in
3062 1066 3159 1105 me
3178 1050 3342 1118 vitia,
3361 1052 3537 1124 quasi
3557 1052 3718 1109 mala

2058 1154 2194 1192 mea
2223 1138 2282 1193 in
2312 1155 2406 1194 me
2469 1144 2837 1211 expugnant.
2869 1139 3407 1196 Fructiticationem
3448 1144 3505 1196 et
3530 1140 3711 1196 virtu-

2057 1231 2184 1282 tum
2210 1228 2405 1283 studia
2435 1228 2581 1283 mihi
2613 1228 2925 1295 dederunt,
2974 1227 3037 1283 in
3064 1228 3251 1283 vineis
3277 1242 3374 1284 me
3400 1230 3716 1285 custodem

2057 1317 2343 1386 fecerunt,
2373 1323 2435 1373 ut
2477 1317 2991 1373 fructiﬁcationem
3042 1316 3339 1373 aﬂ’errem.
3366 1322 3499 1374 Post
3531 1332 3735 1391 expu:

2060 1408 2405 1477 gnationem
2454 1406 2791 1480 specialiter
2821 1407 3019 1463 dicat:
3072 1408 3316 1463 Vineam
3366 1422 3567 1463 meam
3596 1423 3719 1463 non

2058 1497 2370 1551 custodivi.
2410 1519 2437 1546 »
2483 1496 2673 1552 Vinea
2719 1496 2989 1561 Ecclesiae
3040 1497 3287 1569 antiqua
3347 1497 3719 1553 consuetudo

2059 1586 2273 1641 erroris
2301 1589 2411 1642 est.
2443 1586 2629 1649 Quem
2660 1586 2807 1641 dum
2840 1590 3042 1640 custos
3070 1586 3146 1641 ad
3178 1587 3417 1642 virtutes
3454 1587 3717 1659 ponitur,

270 1674 555 1730 formosa
580 1675 703 1731 ﬁlia
731 1675 1122 1732 Hierusalem.
1183 1694 1213 1729 ›
1266 1678 1523 1735 Ecclesia
1552 1696 1624 1735 ex
1674 1679 1951 1748 gentibus
1982 1694 2022 1747 Β
2060 1675 2276 1730 deserit
2299 1675 2563 1741 vineam,
2586 1675 2748 1731 illam
2773 1676 3083 1747 antiquam
3112 1674 3607 1731 consuetudinem
3637 1692 3723 1731 er-

268 1764 535 1819 veniens
566 1764 907 1821 considerat
952 1766 1221 1822 ﬁdelium
1271 1768 1507 1824 animas
1534 1784 1686 1841 quas
1706 1769 1949 1835 invenit,

270 1866 441 1927 quas
475 1858 533 1909 et
560 1853 712 1910 tilias
741 1854 1108 1911 Hierusalem
1131 1860 1323 1913 vocat.
1344 1857 1705 1913 Hierusalem
1728 1858 1951 1930 quippe

272 1944 434 1999 visio
450 1944 621 2013 pacis
651 1941 885 1999 dicitur.
920 1944 1267 2001 Considerat
1291 1945 1437 2018 quid
1459 1946 1586 2013 fuit,
1617 1948 1957 2002 considerat

276 2032 435 2104 quid
466 2034 623 2087 facta
652 2037 758 2096 est,
806 2036 863 2087 et
891 2032 1206 2088 conﬁtetur
1249 2036 1579 2107 prateritas
1636 2034 1847 2108 culpas
1878 2050 1953 2089 ne

282 2120 556 2194 superba
586 2121 675 2177 sit.
728 2122 1050 2179 Conﬁtetur
1092 2128 1447 2195 praesentem
1497 2126 1679 2181 vitam
1749 2141 1823 2180 ne
1863 2124 1952 2180 in-

285 2214 466 2281 grata
498 2210 589 2279 sit,
620 2215 676 2265 et
704 2209 880 2266 dicit:
914 2230 943 2263 ‹
976 2211 1152 2282 Nigra
1182 2228 1337 2280 sum,
1358 2214 1461 2268 sed
1496 2214 1827 2269 formosa.»
1859 2215 1953 2270 Ni-

291 2314 406 2370 gra
429 2315 534 2371 per
560 2299 858 2370 meritum,
895 2300 1164 2357 formosa
1194 2318 1301 2374 per
1331 2303 1605 2373 gratiam.
1637 2303 1813 2371 Nigra
1852 2319 1955 2375 per

286 2389 477 2442 vitam
508 2390 889 2458 praeteritam,
914 2388 1181 2447 formosa
1201 2407 1308 2462 per
1335 2392 1848 2448 conversationem
1868 2407 1955 2447 sc-

279 2480 601 2549 quentem.
635 2478 953 2543 Quomodo
983 2479 1157 2549 nigra
1176 2482 1204 2535 ?
1234 2479 1394 2536 Sicut
1434 2480 1825 2537 tabernacula
1850 2483 1953 2536 Ce-

280 2566 421 2621 dar.
459 2565 650 2620 Cedar
696 2567 920 2639 quippe
954 2566 1340 2625 tabernacula
1397 2570 1663 2639 gentium
1693 2570 1952 2635 fuerunt,

279 2649 679 2706 tabernacula
698 2651 1077 2707 tenebrarum
1098 2653 1117 2706 i
1120 2659 1353 2710 uerunt.
1366 2655 1955 2726 Etgentibusjdictum

284 2747 413 2795 est:
449 2762 475 2788 ‹‹
514 2739 722 2796 Fuistis
752 2740 1078 2813 aliquando
1113 2742 1392 2813 tenebrae,
1426 2759 1584 2799 nunc
1632 2749 1832 2800 autem
1852 2743 1954 2799 lux

284 2829 350 2885 in
382 2829 635 2884 Domino
666 2829 848 2900 (Eph.
881 2832 955 2900 v).
1004 2852 1033 2880 ››
1067 2831 1384 2896 Quomodo
1436 2831 1745 2888 formosa?
1796 2833 1956 2889 Sicut

285 2918 476 2994 pelles
527 2919 888 2976 Salomonis.
934 2921 1207 2977 Maccrati
1253 2934 1464 2977 sumus
1507 2938 1613 2995 per
1662 2922 1955 2994 paeniten-

286 3012 460 3098 tiam,
491 3009 831 3098 mortificati
862 3027 1003 3098 vero
1034 3027 1141 3098 per
1172 3012 1585 3098 paenitentiam
1634 3014 1807 3085 quasi
1834 3013 1956 3085 pel-
1987 3046 2027 3098 η

286 3096 360 3151 lis
386 3097 451 3151 in
479 3095 847 3167 obsequium
872 3096 1027 3165 regis
1070 3096 1407 3152 adducitur.
1443 3098 1662 3153 Omnes
1692 3113 1799 3170 per
1829 3113 1956 3170 pae-

290 3184 605 3239 nitentiam
630 3185 860 3257 seipsos
886 3184 1215 3255 afﬂigcntes
1247 3186 1524 3241 membra
1556 3186 1765 3242 Christi
1790 3202 1850 3241 se
1873 3186 1955 3242 fa-

302 3273 487 3327 ciunt.
516 3273 775 3329 Membra
806 3290 948 3344 ergo
978 3274 1188 3329 Christi
1218 3289 1325 3346 per
1364 3274 1773 3346 paenitentiam
1807 3273 1958 3330 afﬂi—

309 3367 404 3417 cta
445 3361 626 3433 pelles
667 3364 996 3419 Salomonis
1041 3368 1200 3431 sunt,
1243 3364 1387 3437 quia
1434 3364 1789 3420 mortificata
1818 3379 1958 3421 caro

306 3451 479 3506 ﬁunt.
511 3451 625 3507 Sed
654 3467 778 3508 ecce
838 3458 1006 3509 erant
1034 3453 1095 3509 in
1146 3453 1352 3510 Iudaea
1388 3451 1617 3523 ﬁdeles,
1665 3453 1768 3526 qui
1799 3453 1963 3509 dedi-

301 3540 654 3612 gnabantur
680 3543 878 3599 venire
904 3543 981 3599 ad
1012 3542 1195 3598 tidem
1227 3543 1556 3615 gentilium.
1588 3544 1750 3599 Unde
1777 3547 1833 3600 et
1862 3546 1960 3599 Pe-

295 3637 455 3688 trum
482 3630 874 3702 redarguunt,
898 3631 1064 3705 quod
1090 3632 1428 3689 Cornelium
1461 3638 1823 3706 susceperat.
1853 3636 1963 3689 Un-

302 3721 377 3776 de
404 3727 461 3776 et
490 3722 587 3776 hic
618 3722 881 3777 Ecclesia
911 3723 1177 3791 gentium
1206 3722 1517 3793 subjungit
1542 3740 1555 3777 :
1590 3744 1619 3771 «
1651 3722 1835 3778 Nolite
1864 3736 1961 3778 me

308 3809 686 3865 considerare
712 3810 879 3882 quod
900 3811 1067 3867 fusca
1098 3812 1275 3866 sim.»
1296 3811 1481 3866 Nolite
1503 3812 1805 3884 despicere
1829 3826 1963 3881 gen-

306 3897 567 3959 tilitatem
614 3898 977 3955 inﬁdelitatis
1032 3914 1201 3969 meae,
1248 3899 1424 3955 nolite
1469 3899 1772 3972 despicere
1828 3915 1966 3972 pec-

299 3991 432 4043 cata
476 3988 705 4061 priora,
765 3985 943 4043 nolite
999 3988 1302 4045 attendere
1350 3987 1517 4060 quod
1559 3987 1662 4042 fui.
1721 3988 1964 4053 Quare?

293 4098 322 4127 ι(
355 4078 508 4151 quia
532 4075 903 4133 decoloravit
931 4094 1025 4133 me
1048 4076 1155 4134 sol.
1184 4100 1211 4127 ››
1235 4076 1332 4133 Sol
1361 4076 1521 4132 enim
1547 4076 1869 4148 decolorat,
1902 4078 1963 4133 in

290 4182 420 4241 quo
452 4166 677 4222 arctius
706 4169 763 4222 et
792 4166 1106 4223 districtius
1137 4182 1199 4221 se
1234 4165 1541 4239 imprimit.
1592 4165 1744 4221 Deus
1771 4181 1965 4239 quan-

289 4257 374 4313 do
398 4256 742 4313 districtum
763 4254 1058 4327 judicium
1081 4259 1256 4327 tenet,
1271 4254 1520 4329 quando
1542 4255 1968 4312 districtionem

2059 1766 2210 1821 roris
2243 1765 2638 1821 sui.Diximus
2666 1765 2739 1821 de
2771 1765 3094 1833 gentilitate
3117 1766 3721 1833 conversa,dicamus

2061 1856 2244 1911 modo
2276 1855 2626 1925 generaliter
2646 1855 2721 1911 de
2752 1860 2873 1910 tota
2898 1854 3076 1910 simul
3108 1855 3381 1923 Ecclesia,
3415 1861 3471 1916 et
3499 1856 3724 1928 specia-

2059 1944 2190 2000 liter
2216 1945 2361 2016 quid
2382 1945 2457 2001 de
2480 1958 2846 2016 unaquaque
2871 1944 3073 1999 anima
3100 1943 3476 1999 sentiendum
3499 1944 3589 2000 sit.
3622 1946 3723 1999 So-

2060 2033 2183 2089 lent
2213 2032 2383 2105 pravi
2414 2033 2715 2089 auditores
2737 2032 3011 2087 doctores
3044 2046 3187 2087 suos
3230 2048 3352 2088 non
3384 2033 3722 2088 considera-

2060 2139 2122 2179 re
2141 2122 2304 2195 quod
2336 2126 2495 2189 sunt,
2524 2122 2631 2177 sed
2655 2121 2821 2194 quod
2842 2122 3246 2177 fuerunt.Sani
3276 2136 3416 2177 vero
3441 2120 3717 2177 doctores

2062 2213 2486 2269 etconfitentur
2506 2211 2673 2284 quod
2704 2211 2961 2277 fuerunt,
2983 2213 3039 2266 et
3053 2210 3362 2283 proferunt
3375 2211 3539 2284 quod
3557 2215 3714 2274 sunt,

2062 2306 2128 2357 ut
2167 2315 2276 2355 nec
2331 2304 2674 2372 peccatores
2721 2315 2850 2355 esse
2901 2299 3303 2370 abscondant,
3349 2314 3460 2355 nec
3506 2299 3722 2355 itcrum

2061 2391 2224 2447 dona
2254 2389 2415 2445 velut
2438 2390 2653 2460 ingrati
2677 2390 2990 2461 denegent.
3015 2390 3175 2445 Dicat
3211 2403 3354 2459 ergo
3373 2388 3433 2445 in
3466 2389 3591 2445 istis
3622 2391 3722 2445 Ec-

2062 2478 2260 2534 clesia.
2295 2498 2323 2527 ‹‹
2360 2477 2534 2546 Nigra
2564 2492 2718 2547 sum,
2752 2477 2854 2531 sed
2884 2477 3168 2532 formosa.
3206 2496 3235 2526 »
3264 2476 3440 2545 Nigra
3464 2489 3572 2548 per
3600 2484 3717 2538 me,

2062 2567 2329 2624 formosa
2351 2582 2458 2639 per
2487 2567 2737 2622 donum.
2793 2568 2967 2636 Nigra
3011 2566 3085 2622 de
3106 2566 3427 2639 praeterito,
3458 2565 3725 2621 formosa

2062 2673 2135 2713 ex
2162 2673 2232 2711 eo
2262 2656 2418 2712 facta
2449 2671 2583 2710 sum
2612 2655 2671 2710 iii
2702 2654 2933 2710 futuris.
2967 2654 3284 2720 Quomodo
3311 2654 3530 2723 nigra?
3582 2668 3730 2726 quo-

2064 2746 2248 2801 modo
2276 2745 2543 2800 formosa
2562 2745 2590 2800 ?
2619 2744 2797 2814 Nigra
2830 2766 2857 2793 «
2908 2743 3060 2799 sicut
3100 2742 3489 2799 tabernacula
3516 2741 3727 2813 Cedar,

2063 2835 2332 2891 formosa
2400 2832 2550 2889 sicut
2576 2832 2760 2905 pelles
2810 2832 3222 2888 Salomonis.»
3268 2835 3333 2887 Et
3356 2840 3480 2887 non
3526 2834 3614 2887 est
3636 2831 3731 2903 ju-

2066 2928 2224 2979 stum
2260 2927 2325 2978 ut
2355 2923 2569 2995 aliquis
2600 2937 2673 2977 ex
2702 2922 2998 2993 praeterita
3034 2922 3158 2977 vita
3187 2924 3487 2993 pensetur,
3518 2924 3575 2976 et
3602 2935 3727 2975 non

2066 3011 2264 3079 magis
2286 3010 2628 3065 attendatur
2644 3008 2810 3081 quod
2836 3008 3072 3074 fuit,sed
3094 3008 3258 3079 quod
3281 3008 3567 3065 est.Unde
3594 3007 3732 3062 sub-

2061 3099 2278 3171 jungit:
2299 3121 2327 3147 ‹‹
2349 3098 2531 3154 Nolite
2553 3113 2649 3153 me
2674 3096 3053 3153 considerare
3070 3097 3234 3168 quod
3250 3096 3419 3151 fusca
3439 3094 3728 3168 sim,quia

2067 3188 2432 3245 decoloravit
2462 3200 2556 3242 me
2585 3186 2692 3242 sol.
2711 3200 2739 3235 ii
2775 3184 3116 3257 Aliquando
3144 3186 3205 3239 in
3225 3184 3525 3257 Scriptura
3551 3199 3723 3241 sacra

2068 3278 2157 3333 sol
2188 3277 2432 3350 ponitur
2452 3276 2675 3331 nimius
2703 3276 2848 3329 irtus
2876 3278 3245 3329 terrenorum
3270 3272 3727 3330 desideriorum.

2070 3366 2235 3424 Unde
2258 3380 2400 3435 ergo
2426 3364 2635 3420 fusca?
2654 3362 2802 3429 Quia
2823 3362 3187 3418 decoloravit
3216 3374 3311 3418 me
3331 3361 3439 3417 sol.
3458 3364 3541 3419 Ita
3568 3360 3733 3418 intel-

2066 3456 2292 3525 ligitur:
2321 3453 2505 3510 Nolite
2524 3450 2906 3508 considerare
2933 3450 3098 3522 quod
3127 3451 3298 3520 nigra
3321 3450 3405 3506 fui
3432 3456 3609 3507 antea
3628 3462 3735 3523 per

2066 3544 2495 3607 inﬁdelitatem,
2516 3542 2660 3615 quia
2676 3540 2764 3597 sol
2795 3540 3058 3595 Christus
3075 3538 3149 3595 de
3168 3555 3289 3612 quo
3314 3539 3604 3613 scriptum
3620 3543 3726 3595 est:

2073 3655 2102 3686 «
2125 3632 2305 3689 Vobis
2329 3636 2531 3687 autem
2554 3628 2897 3687 timentibus
2920 3638 3141 3683 nomen
3166 3636 3371 3683 meum
3403 3629 3625 3683 orietur
3646 3626 3736 3683 Sol

2066 3720 2311 3793 justitiae
2344 3718 2731 3787 (Matth.iv),»
2754 3715 3117 3772 decoloravit
3140 3731 3237 3770 me
3260 3728 3365 3787 per
3386 3713 3626 3771 ﬂtieni.«
3647 3715 3738 3770 Fi-

2070 3810 2131 3866 lii
2161 3809 2367 3865 matris
2397 3822 2546 3863 meae
2578 3810 3002 3879 pugnaverunt
3030 3808 3239 3860 contra
3271 3816 3386 3858 me.
3415 3825 3443 3853 ››
3473 3803 3537 3858 In
3566 3804 3734 3860 omni

2075 3902 2347 3954 creatura
2375 3896 2510 3951 dure
2528 3898 2815 3951 creaturae
2836 3891 3157 3949 rationales
3190 3895 3329 3948 sunt
3349 3888 3740 3959 conditer,hu-

2073 4003 2255 4043 mana
2287 3990 2343 4041 et
2390 3985 2679 4053 angelica.
2733 3982 2952 4038 Cecidit
2993 3979 3261 4053 angelus,
3317 3978 3611 4054 persuasit
3634 3978 3739 4037 ho-

2072 4075 2240 4132 mini.
2272 4077 2447 4131 Mater
2476 4072 2637 4129 enim
2668 4071 2866 4128 omnis
2893 4072 3175 4127 creaturae
3204 4066 3541 4139 benignitas
3572 4070 3659 4126 est
3683 4066 3740 4125 et

2074 4164 2340 4240 potentia
2364 4162 2484 4219 Dei.
2514 4166 2630 4219 Nos
2661 4177 2802 4232 ergo
2830 4165 2887 4216 et
2924 4159 3122 4229 angeli
3169 4175 3242 4215 ex
3267 4166 3338 4214 eo
3369 4155 3533 4232 quod
3563 4157 3739 4215 ratio-

2077 4254 2245 4311 nales
2291 4252 2513 4311 conditi
2541 4253 2753 4323 simus,
2800 4249 2975 4324 quasi
3022 4248 3356 4322 quamdam
3397 4247 3741 4304 societatem

290 4362 479 4403 suam
512 4345 773 4418 amplius
810 4345 1050 4401 exhibet
1079 4349 1136 4401 et
1164 4344 1487 4409 decolorat,
1531 4345 1677 4401 dum
1709 4344 1968 4418 amplius
1999 4396 2039 4418 η
2079 4342 2457 4400 fraternitatis
2482 4336 2959 4411 habemus,quia
2979 4335 3272 4409 angeliab
3293 4336 3506 4393 eadem
3536 4341 3745 4409 poten-

290 4436 516 4505 fulget,
543 4436 687 4508 quia
713 4434 862 4490 dum
909 4434 1338 4491 districtionem
1392 4432 1668 4489 subtilius
1713 4440 1966 4501 exercet,

291 4523 569 4581 districta
601 4523 926 4594 adjudicat.
946 4523 1125 4589 Quasi
1147 4522 1309 4578 enim
1330 4522 1529 4577 radios
1549 4532 1690 4577 suos
1722 4537 1971 4594 suspen-

292 4613 386 4669 dit
414 4608 531 4678 sol,
563 4610 811 4684 quando
838 4612 1157 4668 clementer
1201 4625 1388 4682 opera
1419 4612 1624 4667 nostra
1652 4610 1969 4667 desiderat.

297 4701 494 4768 Quasi
508 4699 767 4757 districte
782 4702 1060 4757 virtutem
1073 4715 1249 4756 suam
1261 4697 1769 4772 exhibet,quando
1782 4700 1973 4755 distri-

304 4796 398 4847 cte
411 4804 600 4863 Opera
616 4793 821 4847 nostra
831 4788 1386 4863 pensat.Dicatergo
1402 4784 1826 4844 Ecclesiazinde
1838 4798 1974 4844 sum

308 4879 503 4947 fusca,
520 4880 663 4936 inde
694 4880 1008 4953 peccatrix,
1025 4880 1168 4952 quia
1194 4894 1289 4935 me
1312 4877 1399 4934 sol
1429 4877 1807 4945 decoloravit,
1830 4877 1974 4951 quia

306 4971 552 5028 Creator
582 4987 755 5026 meus
786 4971 932 5025 dum
964 4985 1057 5025 me
1088 4969 1364 5037 deseruit,
1386 4985 1497 5039 ego
1519 4984 1775 5024 maerore
1796 4966 1974 5039 lapsa

297 5076 464 5117 sum.
495 5061 611 5117 Sed
644 5064 725 5128 tu,
745 5077 781 5116 ο
812 5060 1029 5116 afﬂicta
1060 5059 1143 5114 sic
1174 5059 1475 5131 destituta,
1499 5057 1643 5132 quid
1674 5057 1974 5114 meruisti?

374 5144 539 5212 Quid
568 5158 643 5201 ex
672 5145 835 5200 dono
865 5146 1141 5200 assecuta
1170 5143 1276 5199 es?
1298 5142 1423 5198 Filii
1454 5143 1661 5199 matris
1693 5158 1842 5197 mete
1869 5157 1977 5213 pu-

300 5236 651 5305 gnaverunt
695 5235 901 5289 contra
940 5248 1057 5287 me.
1106 5231 1231 5287 Filii
1280 5232 1488 5288 matris
1518 5234 1656 5287 sunt
1696 5224 1972 5302 apostoli.

301 5326 489 5379 Mater
538 5322 701 5377 enim
769 5321 1083 5376 hominum
1140 5321 1504 5376 Hierusalem
1555 5332 1816 5391 superna
1867 5323 1975 5373 est.

305 5412 424 5484 ipsi
454 5414 883 5484 pugnaverunt
905 5415 1112 5466 contra
1142 5409 1481 5471 Ecclesiam,
1502 5407 1646 5462 dum
1666 5406 1742 5461 ab
1769 5404 1978 5462 intide-

304 5500 469 5554 litate
504 5499 565 5554 in
597 5499 715 5553 fide
744 5498 1181 5571 przndicationis
1214 5514 1360 5563 sua,
1406 5495 1581 5569 quasi
1610 5494 1976 5567 quibusdam

303 5583 542 5639 lanceis
572 5583 985 5638 confoderunt.
1004 5583 1166 5639 Unde
1193 5584 1250 5638 et
1278 5581 1494 5637 Paulus
1523 5580 1697 5651 quasi
1726 5581 1976 5652 quidam

308 5677 622 5746 pugnator
649 5672 792 5729 dicit
817 5672 908 5745 (II
934 5673 1128 5731 Thess.
1153 5673 1233 5746 ti).
1256 5669 1697 5742 Cogitationum
1726 5667 1979 5727 consilia

2083 4433 2163 4488 tia
2190 4431 2410 4502 conditi
2437 4429 2576 4486 sunt
2630 4447 2751 4502 qua
2778 4432 2834 4484 et
2856 4443 2991 4483 nos.
3046 4427 3197 4492 Quia
3224 4430 3425 4482 tamen
3459 4424 3742 4481 cadentes

2084 4516 2280 4589 angeli
2310 4518 2576 4592 quotidie
2631 4521 2836 4574 contra
2880 4528 2992 4571 nos
3033 4510 3259 4570 bellum
3300 4517 3534 4583 gerunt,
3569 4510 3740 4566 dicit:

2089 4624 2107 4660 ι
2141 4608 2269 4664 Filii
2296 4607 2504 4664 matris
2531 4623 2676 4662 meae
2706 4608 3130 4679 pugnaverunt
3160 4605 3366 4657 contra
3397 4606 3513 4654 me.
3543 4614 3571 4647 ς)
3601 4601 3745 4653 Ecce

2084 4698 2231 4754 dum
2258 4701 2533 4769 pugnant
2562 4696 2653 4750 isti
2676 4694 2917 4766 spiritus
2947 4691 3226 4755 rationes,
3252 4687 3492 4764 spiritus
3523 4686 3616 4741 isti
3640 4684 3747 4742 tilii

2083 4784 2290 4841 matris
2320 4784 2466 4839 dum
2498 4786 2775 4855 pugnant
2803 4785 3009 4835 contra
3035 4778 3304 4833 animam
3355 4772 3581 4831 faciunt
3610 4786 3748 4831 eam

2084 4871 2329 4930 terrenis
2358 4870 2538 4927 rebus
2573 4866 2939 4930 incumbere,
2974 4863 3307 4923 actionibus
3338 4856 3539 4919 saeculi
3567 4878 3746 4919 vaca-

2083 4976 2166 5031 re,
2192 4975 2283 5016 res
2313 4958 2681 5015 transitorias
2703 4970 2992 5030 quaerere.
3013 4946 3177 5011 Unde
3201 4951 3547 5025 subiungit:
3583 4970 3612 5003 (ι
3645 4954 3750 5006 Ρο-

2085 5072 2114 5100 ‹‹
2155 5052 2404 5105 suerunt
2429 5064 2525 5103 me
2556 5046 2865 5103 custodem
2894 5045 2951 5100 in
2985 5043 3173 5099 vineis
3214 5044 3456 5099 vineam
3495 5046 3618 5096 non
3646 5054 3749 5096 cu-

2086 5160 2113 5189 ‹‹
2158 5137 2393 5194 stodivi.
2438 5132 2632 5191 Vinea;
2666 5134 2828 5190 enim
2880 5138 3017 5189 sunt
3062 5130 3325 5188 actiones
3354 5134 3624 5187 terrenae.
3666 5130 3749 5185 Ac

2087 5228 2135 5283 si
2166 5226 2359 5282 dicat:
2394 5227 2459 5280 In
2508 5220 2842 5280 actionibus
2892 5220 3137 5278 terrenis
3172 5218 3483 5276 custodem
3514 5232 3610 5273 me
3640 5226 3750 5289 po-

2088 5317 2354 5372 suerunt.
2389 5315 2456 5369 Et
2486 5311 2678 5385 quid?
2727 5310 2963 5367 vineam
2991 5325 3213 5378 meam,
3245 5308 3308 5363 id
3351 5312 3439 5365 est
3478 5307 3747 5361 animam

2087 5420 2307 5475 meam,
2330 5403 2513 5460 vitam
2535 5417 2758 5470 meam,
2790 5404 3053 5457 mentem
3083 5414 3282 5455 meam
3314 5392 3613 5452 custodire
3642 5406 3748 5448 ne-

2088 5493 2273 5563 glexi;
2299 5491 2462 5563 quia,
2487 5491 2633 5547 dum
2659 5489 2915 5546 exterius
2936 5490 2996 5544 in
3022 5502 3220 5543 rerum
3257 5491 3627 5541 terrenarum
3657 5495 3753 5535 ac-

2087 5581 2244 5635 tione
2273 5578 2542 5637 involuta
2559 5595 2714 5647 sum,
2742 5578 2818 5634 ab
2839 5579 3072 5634 interna
3092 5574 3366 5631 custodia
3389 5571 3560 5643 lapsa
3583 5578 3743 5637 sum,

2085 5666 2355 5743 plerique
2379 5682 2453 5724 ex
2473 5684 2544 5726 eo
2571 5684 2635 5724 se
2662 5665 3045 5725 considerant
3072 5658 3601 5736 quodju‘xtaipsos
3632 5658 3746 5727 est,
