4092 6176
380 167 485 220 878

381 298 508 340 non
529 298 601 339 ex
641 297 709 337 eo
739 277 905 352 quod
936 279 1091 332 sunt.
1124 274 1299 330 Juxta
1328 273 1492 345 ipsos
1523 271 1662 326 sunt
1691 263 2029 352 dignitates,

378 373 553 445 juxta
575 371 738 444 ipsos
754 351 1034 424 interiora
1056 363 1403 420 ministeria.
1430 364 1494 416 Et
1521 360 1668 414 dum
1691 351 2036 445 custodiunt

385 441 552 536 quod
571 441 745 531 juxta
775 472 839 513 se
858 455 1104 526 habent,
1127 455 1358 526 seipsos
1382 448 1680 506 custodire
1705 441 2033 536 negligunt.

387 526 553 606 Dicat
571 563 752 618 ergo:
786 567 815 594 «
847 545 1183 600 Posuerunt
1230 556 1327 596 me
1358 537 1670 595 custodem
1718 535 1780 590 in
1826 526 2035 595 vineis,

385 637 627 694 vineam
655 650 855 691 meam
902 647 1026 689 non
1059 629 1372 695 custodivi,
1402 650 1429 680 η
1468 627 1531 683 id
1554 629 1660 697 est,
1701 623 1848 679 dum
1889 619 2040 674 exte-

387 728 529 785 riori
563 724 835 783 custodia
883 724 945 779 in
971 721 1308 779 actionibus
1353 715 1738 775 saecularibus
1768 706 2039 768 deservio

389 814 681 873 interioris
709 812 992 870 custodiae
1023 809 1482 866 sollicitudinem
1526 804 1720 862 amisi.
1760 800 1875 857 Sed
1904 811 2040 853 ecce

388 904 636 962 reducta
663 903 866 959 anima
888 900 967 957 ad
990 900 1243 971 gratiam
1269 896 1558 956 Creatoris
1581 894 1692 962 sui,
1706 893 1834 963 jam
1857 889 2041 954 amat,

384 994 515 1066 jam
558 991 807 1064 requirit
854 989 960 1046 ubi
1015 988 1471 1060 Redemptorem
1528 998 1708 1039 suum
1759 975 2040 1035 inveniat.

393 1081 557 1139 Unde
589 1081 890 1153 sequitur:

463 1191 495 1224 ‹
524 1170 730 1227 Indica
754 1168 872 1224 mei
899 1183 1082 1240 quem
1111 1166 1301 1236 diligit
1349 1163 1554 1220 anima
1580 1178 1736 1227 mea,
1768 1157 1873 1214 ubi
1912 1169 2046 1227 pas-

394 1283 424 1313 «
455 1277 578 1330 cas,
610 1259 716 1316 ubi
745 1258 929 1314 cubes
960 1257 1022 1312 in
1063 1255 1331 1313 meridie.
1359 1274 1389 1307 ι
1421 1258 1484 1309 In
1516 1251 1762 1308 meridie
1811 1246 1899 1303 sol
1938 1244 2048 1300 fer-

392 1350 624 1406 ventior
650 1352 741 1404 est
767 1366 780 1416 ;
813 1346 1010 1403 omnis
1039 1346 1143 1418 qui
1171 1345 1235 1401 in
1254 1343 1373 1400 ﬁde
1393 1343 1596 1408 fervet,
1619 1341 1682 1396 in
1713 1351 1918 1395 amore
1939 1334 2048 1388 fer-

392 1443 508 1494 vet.
540 1441 648 1494 Iste
671 1452 932 1510 sponsus
959 1436 1063 1507 qui
1100 1433 1305 1489 subter
1343 1430 1651 1488 hinnullus
1689 1430 1958 1494 vocatur,
1986 1422 2048 1476 in

395 1527 576 1584 corde
602 1527 872 1600 ipsorum
903 1524 1094 1597 pascit
1121 1523 1403 1578 virtutum
1429 1519 1741 1586 viriditate,
1761 1515 1866 1571 ait:
1892 1535 1918 1563 «
1953 1514 2046 1566 In—

1480 139 1841 204 ANGELOMI
1878 128 2331 194 LUXOVIENSIS
2369 129 2680 186 MONACHI

2062 261 2107 314 Α
2146 257 2360 317 xum).
2399 274 2426 303 ››
2458 252 2714 320 Vestigia
2759 259 3012 318 gregum
3042 243 3182 296 sunt
3227 238 3493 296 actiones
3541 234 3837 310 populo-

3715 114 3833 167 5⁸76

2147 360 2302 400 rum.
2355 344 2496 408 Quae
2535 344 2761 413 quanto
2811 335 3012 390 multae
3058 335 3214 391 sunt.
3263 333 3429 384 tanto
3475 325 3834 398 impeditae,

2147 438 2310 490 tanto
2339 447 2656 505 perversae.
2689 428 2926 482 Dicatur
2955 439 3098 493 ergo
3131 419 3435 476 Ecclesiae:
3486 441 3513 467 «
3551 418 3611 474 Si
3640 416 3838 485 igno-

2147 539 2244 579 ras
2273 504 2412 589 te,o
2454 520 2705 594 pulchra
2738 517 2888 573 inter
2937 512 3238 573 mulieres,
3270 509 3553 578 egredere
3599 512 3667 563 et
3727 504 3837 560 abi

2147 615 2288 686 post
2314 610 2562 680 vestigia
2596 622 2848 678 gregum
2874 609 2932 660 et
2950 617 3134 675 pasce
3155 598 3364 655 haedos
3379 602 3515 654 tuos
3529 597 3727 668 juxta
3745 598 3839 650 ta-

2148 701 2477 757 bernacula
2505 703 2838 772 pastorum.
2874 716 2902 743 »
2960 695 3003 749 Ο
3039 695 3100 747 tu
3128 705 3264 762 quae
3313 687 3477 744 foeda
3523 703 3673 742 eras
3723 699 3840 757 per

2149 792 2571 863 ignorantiam,
2594 805 2700 862 per
2721 787 2904 842 ﬁdem
2936 784 3092 840 facta
3121 798 3184 838 es
3209 779 3460 854 pulchra
3486 779 3648 834 inter
3681 775 3842 832 alio-

2150 902 2286 942 rum
2313 884 2568 939 animas.
2601 878 2771 945 Quod
2799 875 3103 932 evidenter
3129 872 3342 927 dicitur
3374 868 3450 925 ad
3483 868 3836 924 electorum

2155 973 2495 1030 Ecclesiam.
2531 969 2586 1026 Si
2615 969 2858 1038 ignoras
2882 970 2957 1032 te,
2990 964 3052 1020 id
3072 967 3161 1018 est
3179 961 3294 1016 hoc
3313 960 3516 1032 ipsum
3545 956 3732 1031 quod
3753 955 3839 1011 ad

2153 1061 2481 1131 imaginem
2510 1074 2711 1114 meam
2745 1055 2901 1110 facta
2930 1068 2993 1108 es
3022 1052 3290 1120 ignoras,
3315 1048 3621 1116 egredere,
3658 1044 3836 1101 foras

2156 1153 2267 1208 exi.
2335 1150 2391 1205 Si
2450 1163 2592 1204 vero
2640 1161 2763 1202 non
2820 1141 3161 1213 cognoscis,
3229 1136 3457 1210 aliquid
3509 1135 3672 1191 facta
3735 1151 3829 1202 es,

2156 1239 2435 1311 egredere
2472 1243 2529 1293 et
2566 1236 2665 1292 abi
2715 1238 2850 1306 post
2899 1229 3148 1302 vestigia
3215 1241 3488 1298 gregum.
3552 1226 3828 1297 Sequere

2156 1347 2278 1387 non
2327 1326 2603 1399 exempla
2628 1341 2785 1391 mea,
2815 1321 2920 1377 sed
2968 1317 3244 1390 exempla
3271 1315 3662 1389 populorum.
3700 1336 3730 1362 «
3761 1316 3835 1368 Et

2156 1436 2336 1495 pasce
2364 1417 2572 1474 haedos
2617 1421 2748 1471 tuos
2783 1414 2957 1484 juxta
2988 1406 3378 1466 tabernacula
3415 1410 3767 1478 pastorum.
3801 1425 3831 1453 »

2161 1511 2321 1566 Haedi
2341 1507 2530 1565 nostri
2558 1510 2695 1561 sunt
2723 1508 2924 1560 motus
2955 1498 3244 1563 carnales,
3262 1496 3416 1552 haedi
3433 1499 3573 1550 sunt
3595 1499 3829 1550 nostra:

397 1617 535 1674 dica
564 1586 710 1672 mihi
731 1586 920 1688 quem
940 1613 1130 1682 diligit
1150 1611 1353 1667 anima
1383 1625 1540 1674 mea,
1566 1607 1668 1664 ubi
1694 1619 1929 1678 pascas,
1947 1601 2052 1656 ubi
2085 1615 2123 1667 Β
2163 1600 2512 1656 tentationes
2540 1595 2774 1652 illicitae.
2804 1615 2832 1644 «
2866 1591 2971 1646 Abi
3020 1592 3158 1662 post
3186 1586 3434 1657 vestigia
3484 1600 3772 1656 gregum,
3797 1601 3828 1634 ›

399 1706 584 1763 cubes
613 1705 676 1760 in
706 1703 973 1760 meridie.
999 1703 1193 1768 Quare
1219 1701 1301 1756 sic
1319 1701 1548 1771 quaerat
1574 1695 1678 1750 ubi
1707 1695 1932 1766 pascat,
1947 1689 2051 1745 ubi

400 1794 595 1861 cubet,
629 1809 877 1850 causam
903 1790 1162 1846 reddidit
1188 1785 1590 1860 inquisitionis
1617 1800 1760 1839 sua).
1792 1804 1819 1831 ‹‹
1848 1785 1927 1837 Ne
1956 1794 2055 1833 va-

401 1901 433 1937 ‹
454 1882 579 1953 gari
595 1882 878 1954 incipiam
900 1885 1034 1952 post
1055 1893 1266 1950 greges
1285 1875 1582 1931 sodalium
1611 1877 1869 1928 tuorum.
1896 1890 1924 1918 »
1957 1870 2056 1924 So-

399 1972 567 2028 dales
595 1971 694 2027 Dei
726 1975 863 2025 sunt
895 1969 1068 2025 amici
1100 1966 1443 2031 familiares,
1479 1964 1632 2018 sicut
1676 1965 1815 2016 sunt
1845 1973 2055 2014 omnes

399 2060 506 2134 qui
530 2060 685 2116 bene
715 2059 936 2115 vivunt.
968 2057 1079 2114 Sed
1107 2055 1276 2111 multi
1305 2056 1600 2126 apparent
1632 2049 1870 2105 sodales
1900 2062 2053 2114 esse,

402 2153 460 2206 et
475 2165 599 2204 non
623 2151 780 2204 sunt.
806 2146 962 2204 Multi
988 2145 1144 2201 enim
1172 2144 1445 2200 doctores
1469 2141 1617 2196 dum
1647 2154 1926 2212 perversa
1955 2135 2060 2190 do-

402 2237 588 2295 ctrina
615 2236 912 2300 suaderet,
970 2234 1208 2290 sodales
1238 2232 1485 2305 quidem
1531 2228 1907 2293 videbantur,
1954 2224 2059 2279 sed

401 2325 626 2383 inimici
653 2325 990 2382 extiterunt.
1028 2325 1178 2378 Dum
1209 2323 1418 2377 doctor
1446 2322 1602 2375 esset
1632 2318 1825 2383 Arius,
1862 2313 2061 2372 Sabel-

401 2415 538 2486 lius,
568 2419 878 2472 Montanus
907 2413 1086 2485 quasi
1113 2410 1351 2466 sodales
1377 2409 1752 2472 videbantur,
1784 2404 1892 2459 sed
1912 2403 2059 2458 dum

404 2503 662 2560 districte
685 2501 938 2558 discussi
976 2505 1133 2568 sunt,
1184 2499 1409 2554 inimici
1437 2498 1864 2569 apparuerunt.
1900 2492 2064 2546 Dicat

407 2605 587 2660 ergo:
619 2611 646 2639 ‹‹
681 2589 881 2644 Indica
912 2587 1054 2642 mihi
1081 2603 1264 2659 quem
1304 2585 1493 2655 diligit
1540 2583 1744 2639 anima
1772 2597 1929 2646 mea,
1958 2579 2060 2634 ubi

406 2693 641 2752 pascas,
671 2676 774 2732 ubi
803 2676 987 2732 cubes
1014 2676 1075 2730 in
1118 2674 1385 2739 meridie,
1413 2689 1488 2728 ne
1537 2671 1747 2741 vagari
1776 2668 2061 2741 incipiam

407 2770 542 2840 post
568 2781 779 2836 greges
807 2765 1105 2821 sodalium
1127 2769 1387 2819 tuorum.
1411 2783 1438 2812 »
1471 2767 1550 2816 Ac
1568 2761 1615 2816 si
1632 2759 1828 2816 dicat:
1863 2757 2065 2813 Indica

407 2856 470 2912 in
499 2871 761 2929 quorum
785 2853 1066 2910 cordibus
1086 2851 1371 2908 veraciter
1391 2849 1744 2923 requiescat,
1759 2863 1833 2903 ne
1857 2845 2063 2916 vagari

406 2944 692 3017 incipiam
709 2947 850 3016 post
874 2957 1083 3012 greges
1114 2957 1325 2996 eorum
1353 2940 1457 3012 qui
1488 2937 1726 2994 sodales
1751 2937 1834 2992 tui
1863 2936 2065 2991 viden-
2093 2959 2134 3010 ο

407 3037 525 3104 tur,
545 3033 606 3088 id
634 3037 723 3088 est
746 3031 851 3104 qui
880 3030 1200 3087 familiares
1219 3028 1303 3085 tui
1323 3029 1666 3096 creduntur,
1684 3031 1741 3081 et
1759 3040 1882 3080 non
1905 3028 2061 3080 sunt.

410 3124 629 3179 Omnes
676 3120 1034 3190 sacerdotes,
1079 3134 1291 3175 omnes
1340 3117 1614 3173 doctores
1665 3114 1902 3170 sodales
1928 3116 2068 3168 sunt

408 3216 704 3283 quantum
752 3210 831 3266 ad
857 3209 1154 3281 speciem;
1207 3211 1506 3280 quantum
1546 3220 1688 3260 vero
1732 3203 1811 3260 ad
1859 3203 2062 3267 vitam,

409 3301 580 3357 multi
608 3316 730 3356 non
761 3305 900 3354 sunt
925 3299 1180 3366 sodales,
1213 3297 1318 3354 sed
1344 3295 1676 3352 adversarii
1724 3298 1881 3349 sunt.
1911 3291 2068 3348 Multi

410 3385 572 3440 enim
600 3382 831 3455 parvuli
857 3383 1009 3436 inter
1031 3382 1350 3436 Ecclesiam
1368 3379 1572 3436 ﬁdeles
1594 3381 1886 3450 appetunt
1913 3376 2067 3430 bene

411 3472 627 3538 vivere,
659 3476 716 3526 et
742 3469 952 3525 volunt
992 3470 1174 3524 vitam
1201 3469 1572 3524 rectitudinis
1607 3474 1825 3530 tenere,
1878 3464 2071 3520 consi-

411 3560 627 3616 derant
653 3558 836 3614 vitam
859 3557 1239 3613 sacerdotum
1268 3557 1373 3629 qui
1400 3557 1484 3612 eis
1518 3555 1814 3629 przepositi
1851 3558 2073 3619 sunt,et

413 3648 561 3704 dum
586 3646 741 3702 bene
770 3646 882 3718 ipsi
944 3645 1281 3702 sacerdotes
1327 3661 1450 3701 non
1498 3645 1725 3710 vivunt,
1760 3644 1820 3699 hi
1849 3642 1956 3715 qui
1987 3657 2070 3696 se-

412 3739 699 3810 quuntur,
756 3735 817 3790 in
856 3750 1117 3791 errorem
1169 3734 1535 3790 dilabuntur.
1585 3733 1750 3790 Unde
1809 3731 2072 3788 Ecclesia

413 3823 588 3898 quasi
606 3824 668 3879 in
693 3822 918 3879 eisdem
939 3823 1201 3895 parvulis
1219 3828 1274 3879 et
1301 3822 1579 3878 ﬁdelibus
1611 3821 1782 3877 dicit:
1824 3845 1841 3869 ι
1868 3820 2071 3875 Indica

414 3913 563 3970 mihi
589 3928 771 3985 quem
801 3911 990 3982 diligit
1009 3912 1211 3968 anima
1238 3927 1396 3980 mea,
1426 3911 1532 3966 ubi
1561 3927 1795 3983 pascas,
1830 3909 1935 3965 ubi
1967 3925 2062 3964 cu-

413 4001 522 4056 bes
550 4000 612 4054 in
662 4000 928 4064 meridie,
962 4023 990 4050 »
1020 4001 1082 4056 id
1110 4005 1199 4056 est
1246 4000 1429 4056 vitam
1479 4000 1578 4056 tibi
1634 4000 1922 4055 veraciter
1953 4013 2070 4053 ser-

415 4088 700 4144 vientium
734 4089 878 4144 mihi
898 4089 1115 4151 indica,
1138 4095 1204 4144 ut
1225 4089 1409 4144 sciam
1431 4089 1530 4145 ubi
1559 4089 1757 4160 pascis
1782 4087 2070 4142 viriditate

415 4177 722 4242 virtutum,
758 4181 824 4232 ut
842 4178 1026 4233 sciam
1058 4178 1159 4233 ubi
1178 4177 1360 4232 cubes
1386 4177 1449 4232 in
1479 4177 1746 4245 meridie,
1778 4177 1837 4231 id
1868 4182 1956 4231 est
1985 4191 2070 4230 re-

417 4260 674 4334 quiescis
706 4262 766 4317 in
799 4261 1024 4316 fervore
1049 4261 1374 4326 charitatis,
1396 4277 1470 4316 ne
1495 4261 1640 4316 dum
1665 4276 1872 4329 greges
1896 4259 2070 4314 soda-

415 4349 562 4406 lium
582 4354 822 4406 tuorum
837 4350 1080 4422 aspicio,
1099 4351 1232 4424 ipsa
1248 4349 1454 4418 vagari
1475 4350 1587 4404 inci
1597 4350 1780 4421 piam,
1799 4349 2070 4404 nesciens

414 4438 588 4510 cujus
635 4439 832 4496 verbis
883 4439 1122 4495 credere
1168 4439 1444 4507 debeam,
1499 4439 1671 4508 cujus
1727 4437 2071 4507 magisterio

415 4527 501 4583 uti
529 4527 805 4586 debeam.
826 4531 972 4584 Ecce
1003 4528 1186 4584 verba
1204 4527 1408 4601 sponsi
1429 4526 1764 4582 redduntur
1785 4525 1863 4581 ad
1893 4540 2072 4598 spon-

417 4632 569 4673 sam.

488 4725 519 4759 ‹
558 4707 614 4762 Si
641 4707 884 4777 ignoras
917 4713 992 4772 te,
1016 4723 1052 4762 ο
1080 4706 1334 4780 pulchra
1353 4705 1504 4761 inter
1523 4704 1802 4760 mulieres
1835 4703 2076 4774 egrede-

418 4816 446 4842 «
487 4809 570 4857 re,
594 4801 651 4850 et
669 4796 770 4850 abi
792 4802 928 4866 post
953 4797 1203 4866 vestigia
1235 4812 1486 4868 gregum
1515 4800 1777 4860 tuorum,
1812 4799 1868 4850 et
1896 4809 2076 4867 pasce

423 4900 446 4932 ι
488 4880 695 4935 haedos
724 4886 856 4937 tuos
872 4884 1035 4953 justa
1053 4884 1439 4940 tabernacula
1461 4889 1795 4955 pastorum.
1815 4905 1843 4933 ››
1871 4883 2077 4940 Omnis

419 4966 624 5024 anima
648 4968 793 5023 nihil
810 4969 988 5026 debet
1004 4972 1262 5042 amplius
1291 4987 1498 5028 curare
1512 4988 1698 5043 quam
1719 4976 1783 5026 ut
1813 4971 2076 5043 seipsam

421 5056 584 5110 sciat.
611 5055 721 5121 Qui
742 5057 902 5112 enim
929 5059 1190 5129 seipsum
1219 5059 1641 5127 scit,cognovit
1667 5058 1812 5130 quia
1838 5058 1918 5112 ad
1937 5058 2080 5112 ima-

421 5143 622 5214 ginem
654 5145 754 5200 Dei
784 5145 976 5202 factus
1004 5151 1113 5203 est.
1149 5147 1207 5202 Si
1250 5146 1330 5202 ad
1373 5147 1701 5216 imaginem
1747 5146 1848 5201 Dei
1887 5145 2078 5201 factus

422 5239 529 5302 est,
557 5250 680 5290 non
712 5235 890 5290 debet
932 5235 1384 5292 similitudinem
1424 5237 1838 5306 jumentorum
1885 5235 2075 5306 sequi,

424 5320 549 5377 sive
573 5323 636 5378 in
663 5323 920 5391 luxuria,
950 5324 1073 5380 sive
1103 5325 1164 5379 in
1195 5323 1462 5397 appetitu
1511 5322 1789 5394 praesenti
1818 5321 2073 5378 devolvi.

425 5410 505 5465 De
534 5427 657 5484 qua
680 5412 1019 5482 ignorantia
1061 5411 1203 5468 alibi
1247 5410 1496 5466 dicitur:
1549 5411 1796 5465 «Homo
1855 5426 1994 5465 cum
2016 5411 2078 5466 in

422 5500 652 5557 honore
667 5505 841 5567 esset,
861 5517 986 5557 non
1013 5500 1316 5572 intellexit,
1333 5507 1716 5573 comparatus
1733 5505 1820 5556 est
1842 5500 2078 5572 jumen-

423 5588 498 5646 tis
524 5589 964 5664 insipientibus,
1004 5595 1063 5648 et
1107 5589 1313 5647 similis
1364 5588 1557 5648 factus
1598 5593 1687 5646 est
1719 5589 1834 5648 illis
1881 5590 2070 5662 (Psal.

2159 1690 2220 1747 id
2245 1693 2338 1745 est
2364 1686 2604 1743 discede
2628 1688 2767 1758 post
2792 1679 3068 1752 exempla
3089 1675 3476 1750 populorum.
3497 1696 3525 1724 «
3551 1677 3619 1729 Et
3639 1688 3827 1746 pasce

2161 1778 2368 1835 haedos
2399 1781 2551 1839 tuos,
2577 1797 2604 1823 ››
2634 1773 2692 1828 id
2716 1777 2803 1828 est
2822 1769 2980 1824 nutri
3005 1773 3206 1823 motus
3229 1763 3666 1829 carnales,non
3692 1763 3825 1833 jam

2163 1882 2377 1923 sensus
2437 1861 2791 1936 spirituales,
2854 1858 2961 1914 sed
3002 1860 3202 1912 motus
3261 1852 3553 1909 carnales.
3614 1851 3827 1907 Abires

2159 1958 2333 2028 juxta
2362 1950 2750 2009 tabernacula
2793 1952 3132 2022 pastorum,
3164 1944 3287 1999 sive
3319 1958 3510 2012 agnos
3550 1957 3824 2014 pascere,

2164 2047 2225 2103 id
2255 2050 2346 2101 est
2376 2043 2435 2098 in
2466 2039 2750 2097 doctrinis
2803 2037 3248 2106 magistrorum,
3283 2032 3342 2088 in
3369 2032 3652 2087 doctrinis
3675 2045 3828 2101 apo-

2167 2135 2478 2203 stolorum,
2509 2131 2569 2185 in
2621 2126 2906 2184 doctrinis
2955 2124 3411 2197 prophetarum.
3458 2121 3586 2175 Sive
3616 2118 3840 2176 haedos

2167 2223 2364 2297 pascis
2389 2223 2563 2292 juxta
2593 2213 2990 2273 tabernacula
3025 2217 3338 2285 pastorum
3371 2225 3573 2282 pasce,
3619 2212 3684 2262 ut
3707 2205 3846 2261 fide

2167 2293 2395 2369 voceris
2426 2307 2758 2364 Christiana
2791 2308 2848 2360 et
2878 2319 3001 2358 non
3033 2300 3338 2374 Operibus,
3382 2297 3522 2370 quia
3550 2297 3703 2351 intra
3751 2293 3839 2346 vi-

2169 2402 2327 2458 deris
2361 2416 2492 2454 esse
2514 2413 2620 2470 per
2649 2395 2854 2463 ﬁdem,
2881 2398 2938 2448 et
2967 2407 3091 2447 non
3122 2391 3281 2459 intra
3307 2403 3416 2460 per
3442 2400 3643 2458 Opera.
3669 2387 3832 2437 Ecce

2169 2489 2506 2562 increpasti,
2542 2501 2678 2542 ecce
2705 2481 3083 2552 redarguisti.
3115 2477 3264 2544 Quid
3303 2476 3459 2531 enim
3490 2488 3611 2529 non
3640 2471 3825 2528 dicis.

2172 2581 2324 2648 Quid
2348 2585 2411 2634 tu
2431 2577 2689 2646 benigne
2715 2574 2777 2629 in
2803 2589 2874 2629 ea
2895 2575 3173 2644 operatus
3193 2566 3294 2622 es?
3317 2565 3418 2620 Dic
3445 2563 3645 2637 plane.
3664 2564 3832 2618 Nam

2172 2671 2439 2743 sequitur
2461 2685 2475 2723 :

2244 2738 2279 2808 «ἶ
2302 2754 2597 2830 Equitatui
2623 2768 2758 2809 meo
2792 2752 2853 2806 in
2874 2749 3152 2806 curribus
3183 2743 3504 2802 Pharaonis
3525 2738 3828 2796 assimila-

2174 2872 2202 2899 «
2242 2847 2301 2902 vi
2327 2827 2403 2912 te,
2427 2842 2623 2900 amica
2658 2856 2813 2896 mea.
2842 2858 2872 2891 »
2905 2840 3125 2894 Omnes
3171 2833 3276 2907 qui
3303 2830 3573 2899 luxuriae,
3605 2827 3709 2901 qui
3738 2843 3829 2882 su-

2174 2935 2417 3010 perbiai,
2450 2932 2550 3004 qui
2584 2929 2867 2997 avaritiae,
2899 2926 3003 2999 qui
3031 2923 3291 2991 invidiae,
3315 2921 3417 2993 qui
3448 2917 3697 2974 fallacia:
3727 2915 3827 2970 de-

2175 3004 2457 3088 serviunt,
2491 3021 2690 3076 adhuc
2739 3017 2855 3073 sub
2887 3031 3064 3072 curru
3093 3010 3418 3068 Pharaonis
3459 3010 3619 3075 sunt,
3658 3004 3718 3060 id
3746 3008 3832 3059 est

2177 3112 2288 3168 sub
2319 3109 2605 3179 regimine
2633 3104 2881 3170 diaboli,
2906 3103 3011 3175 qui
3030 3100 3206 3174 quasi
3239 3098 3352 3154 sub
3384 3111 3561 3152 curru
3583 3095 3831 3149 Pharao-

2176 3201 2268 3256 nis
2299 3203 2457 3255 sunt.
2477 3195 2683 3253 Omnis
2703 3209 2845 3249 vero
2867 3191 2971 3264 qui
3001 3191 3060 3245 in
3083 3187 3437 3254 humilitate,
3459 3185 3520 3240 in
3546 3182 3828 3246 castitate,

2176 3291 2237 3345 in
2259 3287 2552 3353 doctrina,
2573 3285 2636 3339 in
2666 3282 2952 3338 charitate
2979 3279 3160 3334 fervet
3200 3277 3331 3348 jam
3361 3290 3555 3346 equus
3591 3271 3832 3327 effectus

2178 3382 2265 3434 est
2295 3373 2588 3431 Creatoris
2622 3371 2829 3437 nostri,
2850 3370 2976 3440 jam
3004 3368 3064 3423 in
3108 3382 3288 3422 curru
3318 3362 3416 3418 Dei
3465 3361 3695 3435 positus
3726 3363 3830 3424 est,

2171 3467 2303 3537 jam
2329 3476 2627 3519 sessorem
2647 3461 2833 3514 Deum
2851 3457 3050 3513 habet.
3070 3455 3239 3510 Unde
3260 3451 3504 3508 cuidam
3525 3449 3618 3506 cui
3643 3449 3834 3504 Domi-

2178 3536 2292 3610 nus
2312 3548 2674 3624 praesidcbat
2693 3547 2939 3602 dicitur:
2970 3567 2997 3594 «
3027 3545 3253 3599 Durum
3275 3545 3363 3597 est
3387 3540 3489 3596 tibi
3511 3543 3716 3595 contra
3737 3536 3832 3590 sti-

2180 3641 2413 3698 mulum
2443 3637 2748 3694 calcitrare
2778 3636 2930 3707 (Act.
2959 3635 3060 3700 ιχ).
3118 3656 3144 3682 ››
3175 3638 3256 3687 Ac
3286 3631 3336 3686 si
3376 3629 3628 3685 diceret:
3676 3629 3834 3682 Meus

2179 3747 2370 3805 equus
2401 3745 2483 3796 es,
2511 3728 2640 3799 jam
2671 3725 2866 3781 calces
2896 3727 3105 3779 contra
3129 3738 3225 3777 me
3240 3725 3470 3792 jactare
3496 3733 3618 3774 non
3644 3722 3834 3790 potes,

2174 3823 2304 3893 jam
2334 3819 2438 3874 tibi
2467 3833 2578 3888 ego
2608 3813 2917 3888 praesideo.
2952 3813 3031 3866 De
3057 3811 3178 3866 istis
3205 3810 3377 3882 equis
3417 3807 3558 3863 alibi
3583 3807 3831 3862 dicitur:

2182 3934 2209 3959 ‹‹
2243 3908 2441 3967 Misisti
2473 3907 2533 3961 in
2564 3920 2729 3961 mare
2751 3918 2941 3975 equos
2968 3906 3121 3966 tuos,
3145 3899 3452 3955 turbantes
3474 3912 3665 3969 aquas
3684 3893 3834 3948 mul-

2182 4005 2270 4055 tas
2304 3997 2555 4065 (Habac.
2588 3993 2687 4065 ill).
2722 4015 2749 4042 »
2799 3989 2988 4045 Habet
3015 4003 3158 4057 ergo
3205 4002 3448 4043 currum
3492 3988 3666 4053 Deus,
3690 3981 3832 4054 quia

2182 4084 2504 4143 animabus
2533 4079 2754 4136 sanctis
2782 4075 3079 4150 prtesidet,
3115 4080 3172 4131 et
3199 4091 3305 4148 per
3335 4073 3570 4129 animas
3597 4075 3836 4126 sanctas

2183 4175 2652 4243 circumquaque
2682 4167 2977 4222 discurrit.
2995 4164 3160 4221 Unde
3187 4163 3475 4235 scriptum
3503 4165 3620 4216 est:
3649 4182 3677 4208 «
3702 4162 3842 4215 Cur-

2181 4280 2283 4319 rus
2314 4260 2410 4316 Dei
2440 4259 2648 4313 decem
2678 4254 2844 4312 milia
2869 4255 3052 4325 (Psat.
3086 4252 3280 4322 van),
3315 4274 3343 4301 ››
3373 4255 3428 4306 et
3452 4249 3704 4321 reliqua.
3735 4250 3843 4303 Ha-

2183 4353 2282 4408 bet
2313 4357 2510 4404 tarnen
2531 4362 2740 4401 currus
2762 4342 3120 4415 Pharao,qui
3153 4347 3351 4397 tamen
3373 4355 3583 4395 currus
3603 4339 3666 4393 in
3690 4336 3841 4392 mari

2185 4438 2382 4494 Rubro
2415 4432 2711 4490 submersi
2741 4435 2898 4486 sunt.
2935 4431 3080 4486 Dicit
3109 4445 3252 4499 ergo
3283 4443 3570 4500 sponsus:
3607 4448 3633 4474 ‹‹
3661 4425 3843 4498 Equi-

2186 4527 2333 4584 tatui
2371 4541 2506 4581 meo
2538 4524 2597 4578 in
2642 4521 2916 4588 curribus
2963 4518 3291 4574 Pharaonis
3323 4515 3650 4572 assimilavi
3699 4521 3777 4570 te.
3815 4537 3843 4564 ››

2184 4619 2336 4672 Dum
2359 4613 2555 4670 adhuc
2572 4610 2854 4684 operibus
2875 4606 3263 4663 dmmoniacis
3280 4604 3632 4668 deservires,
3649 4619 3765 4672 ego
3788 4609 3844 4658 te

2183 4702 2472 4778 equitatui
2520 4716 2656 4756 meo
2706 4696 3072 4754 assimilavi:
3114 4695 3258 4767 quia
3283 4693 3505 4750 attendi
3535 4691 3704 4764 quod
3737 4707 3847 4764 per

2184 4790 2767 4868 praedestinationem
2811 4788 2871 4842 in
2903 4791 2955 4840 te
3000 4783 3260 4848 fecerim,
3293 4788 3349 4838 et
3391 4781 3562 4853 equis
3609 4781 3758 4836 meis
3791 4787 3846 4836 te

2186 4879 2552 4953 comparavi.
2575 4877 2683 4933 Ubi
2706 4870 3144 4930 consideranda
3165 4876 3304 4926 sunt
3322 4871 3424 4925 Dei
3440 4869 3672 4926 occulta
3684 4869 3846 4939 judi-

2186 4970 2297 5033 cia,
2327 4983 2516 5039 quam
2539 4964 2708 5020 multi
2735 4963 3013 5018 videntur
3050 4974 3158 5032 per
3187 4959 3704 5031 praedicationem,
3739 4973 3850 5030 per

2187 5057 2564 5128 sapientiam,
2617 5068 2722 5124 per
2770 5049 3125 5114 castitatem,
3170 5063 3279 5120 per
3318 5048 3680 5117 largitatem,
3739 5064 3850 5119 per

2185 5141 2724 5214 longanimitatem,
2768 5139 2906 5211 equi
2954 5138 3053 5194 Dei
3085 5153 3237 5204 esse,
3272 5142 3329 5192 et
3375 5141 3578 5192 tamen
3610 5136 3849 5191 occulto

2189 5233 2289 5290 Dei
2314 5231 2544 5304 judicio
2571 5229 2742 5302 equis
2767 5227 3094 5284 Pharaonis
3121 5226 3548 5282 assimilantur.
3581 5228 3646 5279 Et
3674 5224 3849 5279 multi

2185 5322 2462 5378 videntur
2481 5335 2587 5393 per
2617 5317 2953 5384 avaritiam,
3005 5331 3111 5388 per
3150 5315 3520 5387 superbiam,
3563 5329 3672 5386 per
3701 5314 3849 5369 invi-

2186 5411 2371 5479 diam,
2400 5426 2506 5482 per
2530 5409 2830 5464 luxuriam
2862 5406 2997 5477 equi
3027 5404 3352 5460 Pharaonis
3383 5420 3535 5470 esse,
3565 5408 3618 5458 et
3645 5407 3847 5458 tamen

2186 5498 2418 5555 occulto
2446 5498 2546 5552 Dei
2565 5497 2794 5568 judicio
2823 5495 2994 5569 equis
3019 5494 3124 5549 Dei
3162 5492 3591 5556 assimilantur,
3619 5492 3768 5563 quia
3793 5496 3848 5547 et

2179 5587 2316 5646 illos
2343 5587 2506 5644 videt
2523 5587 2599 5644 de
2623 5587 2786 5644 bono
2817 5584 2897 5642 ad
2926 5583 3090 5641 mala
3113 5583 3399 5652 converti,
3426 5586 3483 5639 et
3510 5581 3656 5638 istos
3687 5580 3849 5637 videt
