4092 6176
230 201 333 252 577

1449 183 1702 240 ENARR.
1729 180 1796 234 IN
1827 175 2130 233 CANTICA
2157 176 2429 233 CANTIC.

3539 177 3644 231 578

231 319 306 376 de
336 315 497 372 malo
527 312 606 370 ad
635 311 870 367 bonum
905 309 1127 366 reduci.
1161 309 1496 366 Sicutenim
1521 323 1629 380 per
1657 301 1885 376 prade-
1924 302 1964 353 Α
2001 299 2284 357 castitatis
2307 300 2548 371 rubore,
2579 303 2636 356 et
2665 297 3038 355 verecundia
3067 297 3329 354 candore
3353 297 3645 355 decoran-

230 405 614 463 stinationem
644 400 818 454 multi
847 399 948 471 qui
979 399 1116 470 equi
1138 399 1410 454 videntur
1443 396 1563 463 Dei,
1589 393 1726 466 equi
1751 393 1891 445 sunt

229 493 566 551 Pharaonis
592 504 698 561 per
721 487 1045 560 reprobam
1075 487 1257 542 vitam
1287 503 1424 558 qua
1456 485 1721 556 sequitur
1751 493 1885 534 eos:

231 586 313 642 ita
338 587 399 639 et
446 597 554 654 per
579 579 860 652 pietatem
900 577 1069 632 multi
1108 576 1212 649 qui
1237 575 1377 648 equi
1407 571 1731 630 Pharaonis
1760 581 1888 622 esse

235 673 537 738 videntur,
557 684 663 742 per
686 670 954 723 sanctam
967 666 1149 721 vitam
1170 681 1357 737 quam
1389 664 1448 718 in
1479 664 1598 718 ﬁne
1632 676 1742 714 suo
1765 673 1886 742 ser-

239 755 438 814 vaturi
457 741 610 819 sunt,
644 752 810 824 equis
839 751 933 806 Dei
965 749 1390 806 assimilantur.
1435 747 1597 804 Unde
1651 741 1885 799 blandi-

244 853 341 903 tur
365 851 423 901 et
451 844 620 900 dicit:
646 864 673 892 ‹‹
707 840 1003 913 Equitatui
1033 856 1170 895 meo
1199 839 1258 894 in
1309 836 1583 894 curribus
1629 834 1888 889 Pharao-

246 935 338 992 nis
371 931 693 990 assimilavi
721 935 792 998 te,
825 929 1022 984 amica
1049 945 1205 994 mea,
1243 951 1270 976 »
1292 927 1350 983 id
1379 934 1464 982 est
1497 933 1555 981 tu
1586 923 1786 979 adhuc
1827 921 1886 976 in

246 1022 516 1080 curribus
569 1018 889 1075 Pharaonis
940 1017 1089 1072 vitiis
1136 1015 1539 1081 deserviebas,
1586 1011 1700 1066 sub
1733 1008 1886 1064 vitiis

244 1110 547 1170 currebas,
573 1107 676 1162 sed
705 1122 818 1176 ego
848 1105 1072 1161 attendi
1112 1104 1260 1176 quid
1289 1120 1394 1176 per
1421 1098 1889 1175 pradestinatio-

238 1215 382 1254 nem
411 1197 484 1252 de
519 1203 568 1252 te
593 1195 720 1252 feci.
756 1194 1054 1267 Equitatui
1085 1209 1219 1248 meo
1246 1191 1574 1248 assimilavi
1609 1187 1755 1252 te,id
1777 1191 1883 1250 est,

235 1286 436 1343 electis
463 1285 612 1340 meis
638 1283 896 1340 similem
928 1288 982 1338 te
1027 1282 1270 1338 attendi.
1306 1284 1450 1336 Ecce
1501 1279 1744 1334 tandem
1785 1275 1885 1330 ad-

233 1375 416 1432 vertis
448 1373 771 1444 magniﬁce
810 1373 1029 1438 Casar,
1061 1388 1243 1443 quam
1276 1371 1335 1425 in
1379 1370 1627 1438 isagoge
1660 1364 1886 1439 praefati

232 1481 448 1520 sumus
471 1463 639 1536 quod
670 1462 752 1517 nil
780 1461 1152 1517 historialiter
1180 1461 1241 1515 in
1262 1461 1375 1515 hoc
1400 1457 1704 1514 volumine
1724 1470 1888 1526 repe-

228 1555 403 1624 ritur,
437 1554 541 1608 sed
571 1552 780 1608 omnia
805 1550 1224 1620 allegoriarum
1277 1547 1668 1604 allusionit-us
1722 1543 1886 1600 redo-

1999 391 2110 449 tur,
2144 394 2200 445 et
2223 390 2283 446 in
2311 389 2458 446 facie
2488 393 2625 445 sunt
2643 387 2908 460 corporis
2933 405 2946 442 :
2971 387 3114 442 nihil
3130 387 3348 442 mirum
3367 387 3417 442 si
3435 403 3648 443 eorum

1997 493 2268 549 persona
2298 479 2403 551 qui
2430 478 2644 534 faciem
2678 476 2949 532 Ecclesia
2981 480 3272 531 exornant
3295 491 3647 546 comparen-

1999 572 2111 623 tur.
2148 567 2310 624 Unde
2335 568 2394 623 in
2412 568 2579 639 genis
2610 566 2882 623 Ecclesia
2902 569 3043 622 sunt
3065 569 3259 621 Patres
3280 564 3650 637 antiqui,qui

1999 656 2058 711 in
2085 657 2216 728 ipsa
2245 657 2489 713 honoris
2522 657 2671 712 facie
2697 656 2874 729 primi
2904 656 3235 712 consistunt
3283 659 3461 727 atque
3491 670 3649 710 mar-

1999 746 2134 817 tyrii
2158 746 2372 802 decore
2393 746 2629 802 rubent.
2656 745 2886 801 'I‘urturi
2914 761 3053 802 vero
3104 743 3361 800 Ecclesia
3406 748 3650 816 propter

1997 835 2344 891 varietatem
2367 835 2742 890 diversorum
2769 835 3094 901 bonorum,
3141 834 3262 888 sive
3314 834 3646 890 castitatem

1999 931 2382 997 comparatur
2414 925 2710 980 virtutum.
2746 927 2888 990 Qua
2938 925 3064 980 avis
3096 924 3224 980 sola
3252 940 3374 996 pra
3419 925 3646 981 cateris

2000 1015 2214 1070 avibus
2239 1019 2469 1070 remota
2494 1031 2530 1070 a
2560 1013 2892 1086 frequentia
2928 1013 3244 1069 hominum
3272 1013 3459 1084 diligit
3481 1015 3647 1072 inco-

1997 1104 2115 1160 lere
2143 1104 2277 1160 loca
2311 1109 2556 1168 secreta,
2598 1108 2656 1160 et
2683 1103 2765 1158 ibi
2813 1103 3114 1159 constituit
3161 1102 3392 1172 nidum,
3431 1103 3650 1161 educat

1999 1193 2195 1266 pullos
2220 1193 2318 1250 ubi
2341 1194 2526 1250 hostis
2555 1195 2684 1264 ejus
2713 1197 2818 1248 aut
2841 1207 3174 1264 nunquam,
3207 1197 3310 1248 aut
3347 1192 3448 1248 vix
3465 1192 3649 1251 habet

1999 1299 2329 1340 accessum.
2365 1283 2455 1340 Sic
2486 1283 2769 1339 nimirum
2800 1281 2990 1338 sancti
3032 1282 3255 1348 Patres,
3308 1281 3392 1336 sic
3443 1282 3649 1340 anima

2000 1377 2207 1428 sancta
2236 1378 2292 1428 et
2309 1371 2522 1439 ﬁdelis,
2549 1388 2683 1444 qua
2700 1370 2896 1427 amica
2920 1369 3254 1442 appellatur
3269 1386 3306 1426 a
3329 1369 3513 1426 verbo
3525 1371 3646 1435 Dei,

2001 1477 2123 1533 quo
2158 1461 2360 1532 utique
2391 1461 2676 1530 fugiendo
2719 1459 3141 1532 malorumque
3191 1458 3490 1515 consortia
3533 1475 3651 1514 res-

2001 1551 2266 1623 puendo,
2297 1550 2593 1623 quidquid
2642 1549 2968 1623 pretiosum
2996 1549 3058 1605 in
3089 1549 3364 1621 prasenti
3393 1549 3652 1606 cernitur

228 1643 376 1713 lent,
412 1648 469 1698 et
523 1641 868 1696 dramatum
915 1637 1390 1700 decursionibus,
1447 1634 1886 1705 moraliumque
1919 1652 1960 1705 Β
1998 1639 2142 1706 vita,
2168 1655 2238 1694 eo
2269 1639 2453 1695 modo
2466 1639 2846 1708 cognoscitur
2864 1638 3166 1694 caelestem
3184 1637 3379 1695 facere
3393 1638 3648 1711 prolem,

230 1731 634 1789 suavitatihus
664 1731 938 1800 ﬂagrant.
973 1728 1259 1794 Quocirca
1290 1726 1562 1794 suadere,
1594 1725 1714 1780 imo
1745 1738 1885 1792 sug-

231 1837 464 1892 gerere,
521 1835 874 1892 quanquam
919 1823 1159 1885 temere,
1219 1815 1576 1873 excellentia
1608 1812 1887 1869 culminis

229 1911 415 1966 vestri
445 1915 684 1982 exopto,
727 1914 791 1964 ut
833 1908 979 1981 quia
1024 1923 1313 1978 magnam
1367 1905 1616 1960 solertia
1649 1902 1886 1975 sapien-

230 2000 383 2055 tiam
409 2003 642 2062 nactus,
674 2002 731 2053 et
760 1996 1174 2052 defensionem
1206 1994 1636 2065 tuitionemque
1665 1997 1885 2047 sancta

232 2087 512 2142 Ecclesiae
540 2086 840 2157 indeptus,
873 2089 940 2140 ut
976 2100 1097 2140 non
1130 2083 1327 2140 solum
1348 2098 1655 2138 armorum
1682 2081 1888 2135 suffra-

235 2177 342 2246 gio
365 2175 428 2230 in
457 2175 767 2246 procinctu
791 2172 1084 2228 bellorum
1118 2171 1490 2232 constitutus,
1517 2169 1719 2224 cuneis
1758 2185 1889 2241 pro-

240 2281 454 2319 cerum
482 2263 760 2329 vallatus,
784 2267 840 2317 et
888 2262 1094 2317 turmis
1125 2261 1377 2316 militum
1403 2259 1790 2330 constipatus,
1815 2257 1890 2313 ab

241 2350 695 2406 incursionibus
724 2355 1060 2405 exterarum
1093 2350 1362 2419 gentium
1417 2347 1890 2402 adversariorum

234 2444 552 2512 protegas,
585 2455 790 2494 verum
823 2454 1005 2494 sacra
1061 2437 1345 2493 doctrina
1398 2443 1453 2492 et
1497 2435 1889 2504 intelligentia

229 2528 587 2584 divinarum
641 2528 1080 2599 Scripturarum
1109 2527 1361 2582 devotus
1391 2531 1447 2582 et
1491 2525 1733 2582 sedulus
1761 2541 1890 2598 per-

228 2616 441 2682 sistas,
477 2621 538 2672 ut
559 2616 838 2672 eamdem
878 2622 1148 2672 sanctam
1176 2615 1495 2671 Ecclesiam
1521 2615 1582 2670 in
1607 2615 1890 2686 subjectis

225 2705 312 2762 ab
357 2706 732 2761 internorum
786 2703 1058 2760 videlicet
1112 2704 1511 2774 malignorum
1573 2705 1888 2776 spirituum

227 2795 542 2851 ancilibus
575 2793 1032 2864 Evangeliorum
1061 2794 1346 2862 munitus,
1398 2794 1613 2863 gladiis
1661 2793 1892 2849 divina-

228 2901 376 2941 rum
407 2883 849 2956 Scripturarum
861 2882 1433 2954 accinctus,spiculis
1460 2884 1889 2938 sententiarum

224 2978 513 3042 ornatus,
561 2972 881 3028 defendere
913 2972 1150 3044 possis:
1180 2973 1282 3044 qui
1316 2988 1554 3044 semper
1595 2987 1718 3026 non
1758 2987 1888 3026 cor-
1921 3003 1961 3053 Ο

219 3079 409 3135 pora,
433 3061 538 3117 sed
576 3061 811 3116 animas
849 3060 1117 3116 ﬁdelium
1169 3062 1548 3130 exstinguere
1590 3065 1887 3132 quarunt.

223 3152 401 3208 Unde
438 3153 640 3206 Petrus
661 3151 951 3217 hortatur,
983 3150 1189 3205 dicens
1225 3167 1291 3205 ;‹‹
1324 3150 1589 3218 Vigilate,
1620 3149 1764 3221 quia
1791 3148 1891 3204 ad-

221 3239 542 3297 versarius
570 3243 760 3295 vester
780 3238 1058 3294 diabolus
1092 3244 1385 3311 tanquam
1405 3238 1498 3293 leo
1522 3238 1760 3307 rugiens
1782 3237 1891 3292 cir-

223 3330 375 3399 cuit,
418 3343 697 3401 quarens
725 3345 906 3400 quem
934 3329 1194 3394 devoret,
1227 3327 1324 3382 cui
1348 3327 1595 3382 resistite
1623 3326 1802 3383 fortes
1831 3326 1894 3381 in

217 3419 343 3475 ﬁde
375 3420 440 3488 (1
465 3420 632 3475 Pelr.
651 3419 766 3489 v).»
799 3420 864 3473 Et
884 3422 950 3473 ut
976 3417 1162 3472 hostis
1191 3417 1442 3472 insidias
1470 3417 1697 3490 antiqui
1726 3433 1894 3473 cave‘

220 3525 307 3576 re,
345 3513 412 3564 et
442 3507 571 3563 aliis
594 3506 922 3579 pradicare
947 3512 1150 3562 vestra
1178 3505 1460 3561 nobilitas
1481 3506 1652 3562 docte
1673 3507 1890 3577 valeat,

222 3597 422 3667 hujus
450 3595 792 3660 voluminis,
841 3595 1216 3668 aliorumque
1262 3595 1554 3651 librorum
1580 3596 1894 3667 expositio—

225 3686 423 3740 nibus
445 3686 676 3740 studere
699 3685 982 3753 congruis
1025 3690 1158 3758 post
1187 3685 1638 3756 dispositionem
1659 3686 1892 3759 imperii

228 3773 411 3828 horis
433 3778 762 3842 satagas,ut
785 3775 994 3830 merito
1025 3775 1217 3830 dicere
1246 3775 1690 3846 gratulabunda
1749 3791 1891 3848 que-

240 3867 326 3930 at,
346 3862 516 3934 quod
553 3864 673 3919 istic
701 3864 951 3934 legitur:
982 3865 1311 3920 Introduxit
1333 3881 1429 3920 me
1458 3881 1561 3920 rex
1588 3865 1649 3920 in
1681 3866 1892 3921 cellam

238 3950 555 4018 vinariam,
597 3952 894 4010 ordinavit
919 3955 979 4009 in
1013 3970 1107 4008 me
1140 3955 1510 4010 charitatem.
1543 3976 1571 4006 ›
1613 3958 1676 4008 Et
1704 3954 1889 4009 illud:

229 4061 261 4089 «
297 4039 510 4096 Indica
539 4042 709 4109 mihi,
733 4042 838 4098 ubi
884 4059 1121 4115 pascas,
1161 4043 1262 4098 ubi
1303 4043 1484 4098 cubes
1516 4043 1575 4097 in
1624 4042 1891 4110 meridie,

223 4146 303 4185 ne
336 4130 549 4201 vagari
572 4131 856 4204 incipiam
883 4138 1021 4204 post
1045 4149 1251 4203 greges
1279 4133 1575 4188 soladium
1596 4137 1890 4198 tuorum,»

224 4223 287 4275 ut
319 4219 459 4293 ipse
495 4236 780 4292 sponsus,
812 4221 1100 4276 Dominus
1151 4221 1370 4276 scilicet
1397 4222 1501 4292 qui
1530 4220 1732 4276 subter
1760 4221 1892 4276 hin-

222 4311 418 4365 nulus
447 4309 809 4382 appellatur,
857 4326 963 4382 per
1005 4310 1342 4366 custodiam
1397 4311 1478 4365 tui
1519 4309 1893 4382 aliorumque

219 4398 619 4470 vigilantiam
647 4403 702 4455 et
729 4399 1179 4471 intelligentiam
1231 4417 1540 4455 sacrarum
1573 4400 1897 4472 Scriptura-

217 4505 356 4544 rum
396 4504 656 4562 pascere
687 4489 1143 4561 quodammodo
1168 4489 1458 4544 viriditate
1498 4489 1558 4544 in
1587 4489 1760 4544 vobis
1784 4489 1894 4544 vir-

218 4581 454 4643 tutum,
480 4581 543 4633 et
571 4577 794 4633 cubare
815 4577 875 4632 in
903 4578 1132 4634 fervore
1157 4578 1460 4634 charitatis
1488 4577 1895 4648 dignetur.Se-

215 4668 429 4739 quitur
450 4684 465 4722 :

292 4779 320 4805 «
350 4755 644 4812 Pulchra
693 4760 833 4812 sunt
886 4773 1048 4827 gena
1107 4761 1220 4812 tua
1263 4762 1328 4812 ut
1377 4757 1636 4813 turturis.
1687 4779 1715 4806 »
1757 4759 1898 4814 Post

220 4846 438 4902 oscula
469 4849 688 4902 sancta
709 4850 1007 4918 suscepta,
1026 4850 1160 4918 post
1188 4861 1432 4902 omnem
1454 4845 1718 4902 latitiam
1739 4850 1894 4902 retro

219 4933 709 5002 dinumeratam,
738 4941 873 5007 post
901 4951 1174 5008 pugnam
1192 4935 1614 5004 praedictorum
1632 4935 1895 4992 ﬁliorum

221 5026 461 5094 matris,
493 5029 636 5099 post
661 5025 1029 5095 agnitionem
1044 5025 1156 5090 sui.
1179 5030 1315 5098 post
1328 5042 1562 5096 curam,
1585 5025 1782 5099 qualis
1800 5025 1896 5082 vel

227 5127 266 5167 a
288 5129 416 5184 quo
443 5120 648 5170 creata
679 5115 770 5182 sit,
801 5121 937 5187 post
963 5115 1244 5170 virtutem
1271 5115 1557 5187 equitatui
1584 5114 1892 5171 Dominico

227 5209 683 5276 comparatam,
701 5221 820 5260 vox
842 5204 1051 5261 Christi
1080 5203 1342 5276 loquitur
1364 5205 1443 5260 ad
1470 5205 1896 5260 Ecclesiam.Et

219 5307 388 5349 nunc
421 5294 602 5349 initia
631 5293 1090 5366 pulchritudinis
1119 5310 1239 5366 prae
1271 5294 1492 5351 caeteris
1537 5294 1827 5349 membris
1857 5309 1894 5350 a

216 5383 394 5452 genis
423 5383 566 5454 ejus
593 5381 762 5438 nosci
787 5382 1097 5438 docemur.
1129 5385 1196 5438 Et
1225 5383 1316 5439 hae
1367 5399 1480 5456 pro
1519 5397 1748 5452 magna
1779 5385 1894 5438 tur-

219 5471 337 5526 turi
366 5476 843 5542 comparantur,
869 5477 933 5527 ut
954 5487 1059 5545 per
1078 5471 1398 5542 aenigmata
1420 5471 1549 5542 ejus
1575 5470 1637 5525 in
1665 5474 1895 5544 pertur-

215 5559 478 5618 batione
527 5561 728 5616 saeculi
780 5561 948 5617 istius
993 5561 1360 5618 tumultuosa
1407 5559 1894 5633 prolongandam

216 5646 600 5704 ostenderet.
636 5646 772 5702 Haec
815 5663 957 5718 ergo
993 5645 1376 5721 pulchritudo
1422 5660 1718 5717 genarum
1762 5663 1895 5719 quae

1997 1728 2281 1784 doctrina
2313 1745 2436 1785 sua
2481 1743 2758 1784 sermone
2801 1727 3064 1798 genitam
3095 1732 3154 1784 et
3211 1727 3344 1784 vita
3373 1727 3650 1800 exemplo

1997 1818 2281 1874 nutritam
2332 1817 2675 1874 transmittit
2701 1817 2781 1873 ad
2805 1817 3043 1874 calum.
3078 1820 3227 1873 Nam
3251 1820 3464 1884 turtur,
3498 1817 3654 1873 sicut

1999 1908 2059 1963 in
2084 1907 2430 1980 prafatione
2460 1906 2930 1980 pralibavimus,
2954 1911 3141 1963 tanta.
3157 1906 3440 1962 castitatis
3467 1906 3546 1962 ab
3567 1904 3651 1962 eis

2000 1997 2103 2070 qui
2128 2001 2374 2052 naturas
2405 1995 2604 2052 avium
2633 1995 3076 2067 descripserunt
3096 2001 3392 2064 narratur,
3414 2000 3479 2052 ut
3506 2011 3655 2067 pra-

2001 2091 2088 2141 ter
2115 2101 2306 2141 unum
2336 2086 2469 2156 conj
2482 2101 2658 2154 ugem
2682 2085 2927 2140 nesciat.
2961 2087 3041 2140 De
3069 2083 3292 2155 quibus
3313 2083 3368 2138 si
3390 2083 3536 2139 alter
3558 2099 3653 2140 ca-

2001 2191 2071 2229 su
2101 2174 2368 2230 defectus
2399 2173 2527 2242 erit,
2556 2173 2722 2229 alteri
2737 2173 2865 2243 jam
2882 2188 3199 2244 nunquam
3230 2172 3347 2229 alia
3375 2173 3651 2241 societur,

2000 2263 2106 2319 sed
2126 2263 2186 2318 in
2219 2263 2384 2318 omni
2413 2263 2530 2318 vita
2554 2263 2866 2335 proprium
2895 2261 3216 2332 conjugem
3231 2261 3519 2317 amissum
3547 2261 3653 2317 de-

2002 2352 2324 2408 siderando
2354 2352 2618 2424 requirit.
2647 2351 2752 2406 Cui
2772 2367 2880 2424 per
2908 2350 3194 2406 castitatis
3210 2350 3654 2407 etverecundia

2001 2441 2304 2508 decorem,
2337 2440 2596 2497 Ecclesia
2621 2440 2684 2496 in
2715 2456 3005 2510 genarum
3043 2439 3483 2512 pulchritudine
3509 2456 3655 2497 con-

2003 2547 2147 2601 grue
2177 2535 2583 2602 comparatur.
2616 2528 2711 2585 Ait
2733 2529 2891 2585 enim
2920 2546 2933 2583 :
2970 2551 2997 2579 «
3024 2527 3288 2585 Pulchra
3321 2533 3460 2585 sunt
3486 2543 3656 2599 gena

2004 2625 2117 2674 tua
2149 2619 2299 2674 sicut
2337 2617 2598 2674 turturis.
2635 2640 2663 2668 »
2690 2623 2770 2673 Ac
2801 2618 2847 2672 si
2879 2634 2915 2673 a
2935 2617 3162 2673 Christo
3189 2617 3658 2674 dicaturzTanta

2001 2713 2058 2764 te
2088 2708 2368 2764 varietate
2402 2707 2682 2763 virtutum
2713 2706 3010 2775 decoravi,
3038 2710 3104 2762 ut
3132 2709 3462 2764 castitatem
3517 2723 3657 2781 pro-

2002 2798 2199 2854 missa
2229 2797 2374 2853 mihi
2403 2797 2543 2853 ﬁdei
2573 2796 2740 2852 nulla
2768 2812 3094 2869 pravorum
3114 2797 3430 2853 doctorum
3448 2797 3659 2854 seduc-

2001 2887 2161 2942 tione
2192 2902 2630 2958 corrumperes.
2655 2889 2788 2942 Hac
2818 2885 3064 2956 quidem
3103 2885 3442 2941 secundum
3471 2885 3656 2942 histo-

2001 2975 2103 3030 ria
2134 2975 2408 3030 ordinem
2439 2974 2599 3030 dicta
2631 2980 2792 3037 sunt,
2825 2974 2932 3029 sed
2955 2973 3288 3029 secundum
3311 2974 3659 3046 Opinionem

2005 3065 2345 3136 aliquorum
2377 3063 2715 3136 pracelsior
2749 3078 2960 3117 sensus
2984 3061 3044 3117 in
3071 3061 3184 3116 hac
3209 3063 3656 3134 comparatione

2003 3155 2182 3211 latere
2213 3155 2448 3210 dicitur.
2477 3158 2622 3209 Nam
2647 3153 3016 3224 quibusdam
3037 3151 3271 3207 videtur
3287 3152 3442 3207 illius
3472 3157 3659 3208 turtu-

2002 3243 2082 3299 ris
2113 3242 2573 3316 pulchritudinis
2615 3256 2800 3311 genas
2842 3239 3108 3295 Ecclesia
3163 3240 3522 3313 comparari,
3579 3240 3656 3297 de

2003 3349 2128 3405 qua
2155 3332 2216 3388 in
2250 3330 2487 3388 Psalmo
2515 3330 2759 3386 dicitur:
2785 3352 2813 3381 «
2849 3328 3073 3385 Etenim
3097 3343 3305 3401 passer
3328 3329 3556 3386 invenit
3582 3329 3658 3386 si-

2003 3420 2068 3477 bi
2095 3421 2367 3488 domum,
2400 3425 2458 3476 et
2477 3424 2668 3476 turtur
2706 3419 2917 3475 nidum
2949 3418 3066 3475 sibi
3092 3419 3198 3474 ubi
3249 3424 3503 3492 reponat
3529 3419 3655 3493 pul-

2003 3509 2094 3565 los
2123 3527 2266 3566 suos
2299 3511 2488 3578 (Psal.
2547 3511 2808 3580 mnu).
2858 3528 2889 3562 ›
2931 3508 3039 3565 Ubi
3093 3507 3350 3580 ﬁguram
3409 3508 3658 3582 Spiritus

2004 3599 2190 3656 sancti
2216 3599 2277 3654 in
2305 3615 2571 3671 passere,
2603 3603 2661 3654 et
2686 3597 3086 3654 immaculata
3116 3599 3313 3655 carnis
3333 3603 3658 3672 assumpta

2004 3689 2066 3744 in
2097 3693 2322 3744 turture
2367 3689 2761 3753 nominatam,
2809 3703 2989 3742 nemo
3043 3687 3282 3759 sapiens
3337 3687 3656 3757 ignorabit.

2003 3781 2163 3833 Tunc
2189 3776 2461 3831 videlicet
2491 3775 2748 3832 Ecclesia
2793 3776 2853 3830 iu
2881 3775 3046 3844 genis
3093 3792 3231 3846 qua
3274 3776 3558 3831 omnibus
3595 3776 3657 3831 in

2002 3863 2322 3938 propatulo
2354 3868 2514 3936 sunt,
2547 3881 2582 3919 a
2606 3863 2782 3920 bonis
2829 3868 2887 3918 et
2915 3863 3089 3918 malis
3117 3863 3196 3918 ab
3251 3866 3506 3935 utroque
3533 3863 3660 3934 pul-

2004 3954 2148 4009 chra
2175 3952 2477 4017 laudatur,
2499 3951 2748 4024 quando
2788 3950 3084 4022 assumpti
3130 3949 3394 4006 hominis
3444 3949 3659 4007 Christi

2002 4058 2109 4116 per
2136 4040 2419 4098 castitatis
2447 4040 2716 4096 maxima
2757 4040 2921 4096 bono
2966 4039 3568 4113 quantulumcunque
3596 4038 3658 4095 in

2004 4129 2390 4187 similitudine
2446 4129 2706 4186 traxerit.
2737 4132 2900 4186 Tunc
2955 4128 3424 4202 pulcherrimum
3467 4133 3659 4185 totum

2007 4224 2275 4280 Ecclesiae
2307 4239 2527 4295 corpus
2552 4223 2833 4292 cernitur,
2863 4227 2928 4278 ut
2957 4238 3096 4278 cum
3123 4222 3499 4280 verecundas
3556 4237 3658 4292 ge-

1932 4353 1973 4405 D
2007 4330 2225 4369 narum
2271 4318 2554 4384 aspectus
2606 4329 2714 4386 per
2749 4311 3044 4386 pudicitiae
3075 4311 3326 4382 gloriam
3353 4311 3431 4368 ab
3459 4311 3660 4384 impiis

2007 4403 2360 4459 admiratur.
2395 4406 2554 4458 Tunc
2585 4403 2745 4458 enim
2769 4417 3004 4471 magna
3027 4403 3256 4458 virtutis
3281 4402 3360 4458 ab
3387 4401 3661 4458 hostibus

2007 4492 2131 4548 suis
2161 4493 2400 4549 castitas
2427 4492 2737 4565 probatur,
2767 4507 2906 4547 cum
2933 4507 3067 4546 eam
3089 4491 3514 4562 impugnantes
3540 4489 3661 4543 vin-

2007 4597 2138 4637 cere
2167 4596 2292 4637 non
2322 4584 2628 4653 poterunt.
2655 4583 2804 4636 Nam
2844 4579 2997 4634 sicut
3025 4579 3300 4633 membra
3327 4593 3464 4648 qua
3522 4579 3661 4631 sunt

2005 4670 2066 4725 in
2116 4670 2330 4741 capite,
2389 4669 2437 4724 si
2475 4669 2729 4742 pulchra
2779 4667 3015 4733 fuerint,
3071 4669 3420 4722 caterorum
3471 4680 3660 4720 mem-

2004 4759 2256 4814 brorum
2281 4774 2414 4830 quae
2443 4758 2706 4814 vestibus
2735 4760 3133 4826 conteguntur
3188 4754 3515 4811 foeditatem
3563 4769 3661 4810 ex-

2005 4849 2223 4903 cusant
2248 4845 2358 4901 :ita
2387 4851 2444 4902 et
2471 4845 2573 4901 illa
2600 4861 2736 4918 qua
2778 4860 2885 4916 per
2910 4842 3342 4901 sacerdotalem
3369 4843 3662 4900 honorem

2006 4934 2282 4992 membra
2320 4933 2530 5007 capitis
2573 4932 2850 4989 Ecclesia
2901 4948 3033 4989 esse
3081 4937 3434 5000 noscuntur,
3467 4932 3662 5006 plebis

2005 5023 2377 5095 negligentia
2405 5021 2735 5080 faditatem
2757 5038 2872 5078 sua
2898 5023 3167 5080 castitate
3197 5023 3504 5079 decorant.
3536 5025 3606 5078 Et
3631 5039 3663 5079 e

2005 5113 2302 5170 contrario
2355 5112 2439 5169 nil
2480 5117 2604 5168 tam
2633 5111 2923 5182 deforme,
2959 5115 3080 5168 tam
3109 5111 3412 5184 abjectum
3460 5111 3524 5167 in
3561 5114 3665 5168 Ec-

2004 5203 2194 5260 clesia
2219 5218 2493 5276 corpore,
2538 5201 2651 5257 nisi
2702 5217 2842 5257 cum
2880 5201 2942 5257 in
2973 5200 3331 5273 supradictis
3377 5199 3666 5257 membris

2003 5291 2350 5364 turpissima
2376 5291 2500 5347 vita
2523 5289 2619 5345 vel
2647 5289 2813 5346 fama
2837 5289 3116 5346 cernitur.
3169 5292 3235 5345 Et
3281 5289 3427 5362 quia
3457 5293 3666 5344 sancta

2006 5379 2268 5437 Ecclesia
2297 5380 2359 5436 in
2400 5379 2524 5436 suis
2558 5377 2922 5453 prasulibus
2968 5383 3026 5434 et
3052 5377 3400 5434 doctoribus
3433 5377 3667 5434 castita-

2006 5473 2059 5525 te
2085 5473 2142 5524 et
2195 5469 2480 5526 varietate
2525 5468 2837 5533 virtutum,
2895 5467 3160 5538 turturis,
3199 5466 3263 5522 id
3314 5469 3403 5522 est
3456 5465 3666 5524 Christi

2009 5555 2343 5625 imaginem
2380 5557 2666 5626 imitatur,
2695 5555 3035 5614 necessario
3081 5555 3162 5612 ab
3217 5554 3350 5627 ipso
3386 5554 3668 5610 laudatur

2019 5643 2309 5702 dicendo:
2343 5666 2373 5695 «
2404 5647 2598 5712 Quam
2645 5641 2910 5720 pulchra
2971 5647 3114 5702 sunt
3156 5658 3325 5714 gena
3368 5647 3483 5699 tua
3513 5641 3667 5698 sicut
