4092 6176
435 192 551 254 879

1539 185 1899 246 ΑΝοεωιιι
1939 178 2392 242 ΜΙΧΟῈΙΕΝΒΙΒ
2430 185 2745 243 ΠΟΝᾹΟΗΙ

3759 187 3863 247 580.

435 320 697 378 turtur-is.
734 340 763 369 »
793 314 1098 389 Sequitur:
1135 312 1413 370 «Collum
1443 317 1614 370 tuum
1635 313 1790 368 sicut
1816 308 2081 366 monilia.
2113 311 2158 363 Α
2201 311 2314 373 tur,
2345 312 2402 364 et
2455 309 2693 366 dicunt:
2749 313 2865 365 Deo
2915 313 3117 365 autem
3175 308 3397 379 gratias
3449 307 3559 381 qui
3618 324 3869 383 semper

436 428 466 464 ‹
498 407 832 466 Murenulas
852 419 1068 461 aureas
1095 402 1385 460 faciemus
1416 403 1525 459 tibi
1550 400 1975 458 vermiculatus
1998 413 2088 453 ar-

437 520 465 551 ‹‹
493 501 689 568 gente.
726 517 756 545 ››
784 495 849 549 In
907 493 1060 549 collo
1110 492 1386 549 videntur
1451 491 1705 553 laudari,
1763 489 1868 562 qui
1904 486 2089 551 verbo

434 583 841 643 aediﬁcationis
864 587 1109 639 caeteros
1131 582 1433 637 instruunt
1460 580 1538 637 ad
1564 579 1813 635 salutem
1845 576 1951 650 qui
1977 576 2092 648 spi~

431 673 706 731 ritualem
762 672 964 727 cibum
1016 671 1309 727 sermonis
1360 670 1438 731 ad
1498 669 1772 725 membra
1823 665 2090 739 corporis

435 764 664 834 Christi,
682 761 904 835 quibus
933 760 1254 816 credulitas
1281 758 1409 815 sola
1441 758 1804 827 suffragatur
1822 769 2089 827 quocum

433 867 551 925 que
577 849 1023 923 interpretando
1048 848 1479 915 transmittunt,
1499 847 1602 921 qui
1622 862 1730 920 per
1754 845 2087 901 doctrinam

434 956 679 997 auream
709 944 766 996 et
792 954 901 1012 per
924 938 1269 1012 exemplum
1298 938 1433 995 vitae
1463 952 1805 1007 gemmeum
1826 936 1888 991 in
1901 933 2091 990 Eccle-

435 1030 539 1085 siae
569 1027 721 1085 collo
745 1027 1160 1085 ostenduntur.
1200 1027 1394 1084 Monili
1412 1042 1680 1098 namque
1713 1038 2091 1095 gemmarum

432 1124 679 1175 ornatus
708 1116 1097 1188 dignoscitur.
1107 1116 1221 1173 Sed
1243 1122 1308 1172 ut
1328 1115 1634 1189 pulchrior
1656 1114 1983 1170 ﬁatearum
2001 1127 2093 1167 as-

433 1213 641 1279 pectus
673 1208 803 1263 auri
833 1205 1145 1267 materiam
1163 1205 1565 1261 necessariam
1581 1204 1937 1274 habent,per
1956 1216 2091 1272 quae

433 1311 713 1352 connexae
743 1294 804 1351 in
835 1310 945 1350 suo
969 1298 1286 1350 teneantur
1331 1294 1486 1349 loco.
1520 1293 1644 1349 Hoc
1666 1297 1724 1349 et
1756 1293 1958 1364 ipsum
1988 1305 2092 1345 na-

434 1390 578 1440 ωηο
596 1384 1158 1453 nostraeingenium,
1187 1383 1354 1455 quod
1376 1383 1433 1438 in
1463 1381 1911 1439 similitudinem
1923 1394 2089 1449 gem-

433 1489 548 1529 mae
594 1473 668 1529 de
699 1473 940 1545 lapideo
972 1472 1151 1528 corde
1181 1472 1490 1538 exciditur,
1531 1470 1937 1529 necessarium
1988 1469 2093 1523 ha-

309 1555 320 1571 ’
430 1562 533 1618 bet
562 1561 1077 1633 fuigentissimum
1110 1561 1298 1618 sancti
1346 1561 1596 1633 Spiritus
1640 1559 2087 1630 adjumcntum,

433 1666 539 1723 per
567 1667 750 1722 quem
781 1651 925 1706 Novi
958 1656 1012 1706 et
1062 1650 1278 1706 Veteris
1306 1648 1664 1706 Testamenti
1718 1647 1901 1702 verba
1941 1646 2088 1715 legis
2117 1674 2158 1728 Β

432 1740 671 1807 divinae,
705 1756 843 1812 quae
870 1739 1414 1811 pronuntiaverunt
1441 1736 1535 1793 vel
1565 1736 1955 1792 ostenderunt
1968 1734 2088 1791 Sal—

430 1828 701 1884 vatore‘m
722 1828 933 1883 mundi
954 1827 1359 1897 venisse,cum
1378 1830 1655 1882 catenata
1668 1824 1841 1897 quasi
1860 1839 1982 1879 una
1997 1839 2090 1878 ve-

430 1917 618 1973 ritatis
643 1917 917 1974 catenula
944 1933 1144 1973 sermo
1169 1915 1731 1987 etfectus,gemmcis
1748 1914 2088 1970 animarum

431 2011 771 2064 transactus
784 2007 1087 2064 mentibus
1113 2022 1220 2079 per
1239 2006 1623 2065 concordiam
1643 2004 1803 2074 ﬁdei,
1820 2019 1930 2076 per
1944 2018 2088 2059 una-

428 2096 714 2153 nimitatis
739 2112 982 2152 sensum
1015 2096 1285 2152 Ecclesiae
1317 2095 1538 2151 collum
1567 2095 1833 2153 decorat.
1862 2092 2087 2165 thuia

431 2184 619 2241 sancti
635 2185 1039 2257 doctores,qui
1057 2200 1165 2257 per
1181 2184 1399 2240 collum
1418 2183 1827 2253 designantur,
1839 2181 2085 2237 verbum

428 2274 889 2347 prmdicationis,
920 2274 1112 2332 ornati
1138 2273 1452 2329 virtutibus
1480 2272 1611 2328 aliis
1643 2271 2082 2340 administrant,

429 2366 487 2420 et
510 2378 648 2436 quae
676 2362 894 2419 docent
938 2362 1124 2417 verbo
1168 2362 1452 2435 operibus
1478 2365 1907 2434 exsequuntur.
1942 2361 2087 2425 Quae

429 2468 614 2525 opera
641 2452 968 2508 monilibus
998 2453 1433 2525 exprimuntur,
1461 2456 1518 2507 et
1544 2450 1913 2522 Scripturam
1947 2448 2084 2504 utri-

428 2558 619 2616 usque
651 2543 1026 2611 ‘l‘estamenti,
1058 2558 1191 2614 quae
1222 2540 1554 2598 murenulis
1587 2539 1783 2596 aureis
1804 2538 2086 2608 designa-

427 2637 543 2702 tur,
562 2630 832 2688 videlicet
853 2632 998 2704 quia
1047 2647 1195 2687 auro
1225 2630 1621 2703 spiritualium
1658 2643 1945 2683 sensuum
1975 2626 2084 2681 ful-

428 2726 525 2792 get
551 2720 817 2791 interius,
848 2724 907 2775 et
934 2725 1185 2789 argento
1213 2718 1470 2774 caelestis
1499 2716 1721 2789 eloquii
1755 2716 1903 2771 nitet
1925 2719 2080 2770 exte-

425 2809 550 2866 rius
581 2808 928 2882 praedicant,
953 2814 1108 2864 recte
1138 2808 1199 2864 in
1228 2807 1313 2863 eis
1336 2806 1594 2863 Ecclesia
1622 2804 1903 2862 laudatur
1929 2804 2079 2859 dum

426 2898 672 2955 dicitur:
705 2920 732 2949 κ
766 2897 995 2954 Collum
1028 2901 1197 2953 tuum
1221 2896 1374 2952 sicut
1401 2894 1667 2951 monilia.
1690 2892 2025 2951 Murenulas
2048 2913 2076 2942 ››

423 2986 518 3043 vel
556 2987 862 3049 catenulas
884 3008 913 3038 «ε
940 3002 1154 3043 aureas
1182 2986 1472 3043 faciemus
1500 2984 1627 3055 tibi,
1654 2981 2077 3039 vermiculatas

424 3081 692 3146 argento,
721 3099 750 3128 »
779 3076 924 3149 quia
947 3076 1115 3131 dona
1145 3074 1423 3148 superius
1450 3073 1737 3147 praedicta
1767 3071 2079 3127 sanetido—

421 3169 612 3222 ctores
635 3166 860 3222 habere
882 3181 1007 3221 non
1036 3169 1295 3237 possunt
1310 3163 1424 3219 nisi
1448 3162 1528 3219 ab
1555 3163 1688 3235 ipso
1717 3160 2072 3235 percipiant,

419 3253 481 3309 in
509 3271 632 3327 quo
662 3260 802 3312 sunt
826 3270 1040 3311 omnes
1084 3252 1348 3311 thesauri
1379 3251 1699 3326 sapientiae.
1730 3256 1787 3307 et
1817 3250 2076 3306 scientiis

419 3343 778 3400 absconditi.
814 3343 1117 3414 Sequitur:

493 3453 522 3481 ‹‹
554 3434 706 3487 Dum
737 3436 893 3486 esset
912 3446 1015 3486 rex
1044 3431 1106 3484 in
1123 3430 1404 3486 accubitu
1430 3445 1541 3485 suo
1563 3428 1793 3484 nardus
1810 3443 1949 3484 mea
1977 3427 2075 3484 de-

421 3542 448 3567 ‹‹
479 3519 565 3573 (lit
584 3517 836 3574 odorem
866 3533 1064 3573 suum.
1089 3539 1119 3567 υ
1152 3517 1381 3573 Nardus
1411 3522 1501 3572 est
1527 3517 1721 3573 frutex
1744 3519 2075 3573 aromatica

420 3608 606 3677 gravi,
639 3611 705 3662 ut
734 3607 919 3674 aiunt,
947 3612 1004 3664 et
1032 3622 1235 3663 crassa
1275 3605 1497 3672 radice,
1522 3605 1629 3661 sed
1663 3606 1829 3663 brevi
1880 3621 1951 3660 ac
1980 3606 2070 3661 ni-

419 3711 527 3767 gra
578 3695 893 3769 fragilique
945 3694 1227 3770 quamvis
1255 3695 1496 3768 pinguis
1523 3695 1637 3751 situ
1664 3693 1968 3750 redolente
2004 3699 2072 3751 ut

418 3800 795 3860 cypressum,
827 3801 1041 3860 aspero
1066 3799 1304 3858 sapore,
1326 3784 1467 3842 folio
1494 3800 1708 3858 parvo,
1735 3784 2063 3856 densoque;

416 3877 589 3949 cujus
611 3876 933 3933 cacumina
961 3876 1021 3931 in
1072 3874 1282 3932 aristas
1336 3891 1399 3930 se
1449 3877 1760 3948 spargunt,
1808 3873 2066 3946 ideoque

415 3966 656 4037 gemina
685 3966 824 4022 dote
854 3964 1236 4039 pigmentarii
1255 3963 1432 4021 nardi
1464 3964 1663 4037 spicas
1695 3979 1768 4020 ac
1796 3963 1939 4020 folia
1966 3980 2064 4020 ce-

411 4054 665 4111 lebrant.
700 4057 768 4110 Et
794 4054 910 4111 hoc
938 4060 1027 4111 est
1072 4054 1239 4127 quod
1269 4054 1350 4110 ait
1407 4057 1636 4110 Marcus
1663 4072 1676 4110 :
1710 4072 1741 4109 ‹
1771 4052 2069 4123 Unguenti

414 4143 586 4200 nardi
641 4143 852 4216 apicati
909 4143 1157 4217 pretiosi
1211 4145 1424 4215 (Marc.
1492 4144 1633 4215 xxv).
1704 4165 1731 4195 »
1790 4142 2068 4201 Videlicet

413 4233 556 4306 quia
576 4231 725 4288 illud
750 4237 1127 4304 unguentum
1155 4232 1322 4305 quod
1347 4232 1538 4289 attulit
1577 4231 1757 4290 Maria
1786 4231 2058 4300 Domino,

410 4338 534 4378 non
565 4320 761 4379 solum
825 4321 902 4379 de
955 4322 1156 4379 radice
1210 4321 1545 4383 confectum
1598 4322 1791 4389 nardi,
1845 4337 2054 4378 verum

411 4411 613 4483 etiam,
642 4426 768 4484 quo
788 4411 1102 4484 pretiosius
1144 4416 1320 4479 esset,
1363 4410 1666 4483 spicarum
1707 4424 1950 4482 quoque
2002 4417 2059 4467 et

408 4500 689 4558 foliorum
720 4501 850 4574 ejus
883 4499 1235 4572 adjectione,
1268 4499 1469 4557 odoris
1497 4514 1568 4555 ac
1620 4498 1846 4555 virtutis
1901 4499 2057 4555 illius

407 4596 533 4648 erat
567 4589 949 4649 accumulata
1004 4590 1214 4662 gratia.
1247 4591 1469 4646 Ferunt
1509 4587 1688 4645 etiam
1747 4588 1823 4644 de
1865 4587 2059 4645 nardo

404 4679 750 4752 physiologi
775 4679 942 4754 quod
970 4677 1301 4752 principale
1330 4676 1406 4733 sit
1446 4680 1848 4748 unguentum,
1896 4677 2056 4735 unde

405 4770 621 4826 merito
645 4771 850 4828 unctio
880 4769 1091 4843 capitis
1119 4775 1176 4826 et
1200 4767 1429 4842 pedum
1455 4766 1692 4825 Domini
1713 4766 1920 4825 oblata
1943 4772 2051 4825 est.

408 4859 557 4913 Sunt
582 4859 831 4930 quidem
869 4860 1001 4930 ejus
1027 4859 1219 4915 multa
1248 4873 1488 4930 genera,
1530 4857 1636 4916 sed
1685 4860 1892 4916 omnia
1919 4859 2052 4916 beru

402 4943 515 5012 bae,
548 4951 763 5017 praeter
791 4947 1059 5002 Indicum
1088 4948 1256 5020 quod
1277 4948 1599 5022 pretiosius
1648 4954 1755 5006 est.
1805 4951 2054 5021 Mystice

404 5037 606 5090 autem
634 5034 875 5091 devotio
916 5035 1043 5090 haec
1089 5036 1283 5092 Maria
1338 5039 1594 5095 Domino
1649 5038 2048 5094 ministrantis

402 5121 589 5178 ﬁdem
610 5139 679 5180 ac
698 5123 981 5196 pietatem
1011 5122 1288 5193 designat
1336 5125 1604 5183 Ecclesiae
1635 5129 1876 5193 sanctae,
1925 5140 2049 5198 quo

399 5209 666 5284 loquitur
691 5211 788 5268 hic
814 5211 878 5267 in
908 5212 1131 5269 amoris
1160 5212 1411 5282 cantico,
1448 5214 1653 5271 dicens
1678 5230 1694 5269 :
1725 5233 1756 5267 ‹
1782 5215 1931 5269 Cum
1954 5227 2048 5269 es-

402 5305 491 5358 set
508 5316 613 5358 rex
646 5302 710 5358 in
738 5301 1015 5360 accubitu
1039 5316 1169 5372 suo,
1197 5302 1426 5359 nardus
1455 5318 1593 5361 mea
1617 5302 1782 5359 dedit
1799 5303 2049 5361 odorem

306 5448 312 5453 .
400 5406 600 5449 suum.
630 5414 665 5445 »
683 5394 827 5459 Quae
856 5392 1142 5449 nimirum
1187 5392 1375 5449 verba
1400 5397 1459 5450 et
1487 5393 1670 5450 semel
1697 5394 1872 5465 juxta
1895 5394 2047 5452 litte-

396 5496 531 5540 ram
583 5482 867 5539 manibus
913 5481 1103 5539 Mariae
1153 5481 1489 5553 complevit,
1553 5487 1610 5540 et
1663 5484 1926 5556 quotidie
1985 5486 2046 5543 in

397 5572 680 5630 omnibus
864 5571 1154 5629 membris
1197 5570 1575 5643 spiritualiter
1625 5572 1872 5648 implere
1922 5592 2046 5633 non

394 5662 632 5723 desinit.
679 5665 825 5732 Quae
869 5668 1061 5722 totum
1097 5660 1321 5721 diffusa
1362 5678 1475 5737 per
1518 5663 1731 5724 orbem
1786 5666 2043 5739 glorian-

2200 398 2527 470 triumphat
2556 415 2666 455 nos
2696 400 2757 455 in
2789 399 2956 456 omni
2985 399 3141 462 loco,
3175 418 3202 447 «
3235 398 3380 470 quia
3411 398 3626 454 Christi
3658 398 3865 457 bonus

2199 486 2349 542 odor
2375 504 2584 543 sumus
2631 492 2825 544 Deo.»
2877 489 3018 553 Quae
3060 503 3201 542 cum
3254 487 3589 558 potentiam
3644 487 3868 546 divinae

2197 575 2424 631 virtutis
2454 577 2583 647 ejus
2622 592 2758 649 qua»,
2784 576 2864 632 illi
2915 593 3036 632 una
3091 592 3230 631 cum
3282 579 3449 632 Patre
3496 582 3615 640 est,
3678 577 3872 647 digna

2197 667 2523 722 reverentia
2572 665 2905 734 conﬁtetur,
2939 665 3149 721 laudat
3199 665 3621 738 et'praedicat,
3683 673 3867 739 caput

2198 754 2461 827 profecto
2494 754 2649 811 illius
2680 759 2990 826 unguento
3037 754 3344 828 perfundit
3384 755 3676 827 pretioso.
3716 760 3863 814 Cum

2197 859 2338 899 vero
2396 848 2720 918 assumptae
2762 844 3050 918 mysteria
3115 844 3508 901 humanitatis
3553 861 3735 919 aeque
3774 847 3862 903 di-

2200 949 2319 1004 gna
2346 936 2678 992 reverentia
2707 936 2973 1008 suscipit,
3003 936 3063 991 in
3116 935 3302 1007 pedes
3359 935 3566 1008 utique
3629 938 3864 995 Domini

2200 1030 2573 1093 unguentum
2606 1025 2779 1080 nardi
2801 1024 3104 1097 pisticum,
3138 1024 3199 1079 id
3227 1028 3314 1080 est
3341 1025 3518 1080 ﬁdele
3550 1042 3629 1082 ac
3649 1044 3860 1084 verum

2199 1114 2505 1185 perfudit:
2556 1114 2698 1186 quia
2741 1114 2904 1171 illam
2952 1114 3081 1185 ejus
3136 1118 3418 1171 naturam
3461 1131 3587 1188 qua
3640 1122 3860 1173 terram

2200 1202 2564 1272 contingere,
2630 1204 2744 1259 hoc
2810 1209 2898 1259 est
2952 1203 3107 1259 inter
3172 1202 3449 1260 homines
3512 1208 3860 1263 conversari

2199 1292 2479 1359 dignatus
2519 1297 2626 1360 est,
2657 1294 2800 1366 quia
2850 1294 3272 1366 praedicatione
3317 1296 3728 1368 commendat,
3787 1314 3861 1353 ac

2199 1381 2432 1438 devotis
2451 1389 2771 1439 veneratur
2809 1382 3138 1454 obsequiis.
3200 1383 3364 1439 Unde
3409 1385 3726 1442 accubitus
3771 1403 3857 1442 se-

2198 1471 2439 1544 pultura
2469 1472 2678 1528 Christi
2720 1472 3080 1542 intelligitur,
3132 1488 3487 1545 quanquam
3539 1479 3689 1532 tunc
3746 1477 3860 1531 dis-

2200 1554 2502 1612 cubuisset
2544 1557 2605 1612 in
2654 1557 2837 1613 domo
2872 1557 3129 1613 Simonis
3158 1557 3402 1630 leprosi.
3444 1561 3684 1617 Nardus
3719 1578 3856 1617 vero

2199 1646 2347 1718 ipsa:
2377 1645 2655 1702 mulieres
2684 1663 2817 1719 quae
2837 1646 3034 1720 primo
3068 1646 3334 1703 diluculo
3364 1648 3445 1704 ad
3496 1665 3855 1707 monumen-

2199 1740 2325 1790 tum
2352 1750 2489 1790 cum
2513 1736 2884 1791 aromatibus
2916 1740 3224 1804 venerunt,
3252 1741 3315 1791 ut
3344 1744 3640 1808 ungerent
3662 1740 3849 1798 Chris~

2197 1828 2347 1892 tum,
2381 1828 2438 1880 et
2472 1824 2698 1880 famam
2757 1824 2914 1879 illius
2960 1824 3409 1881 resurrectionis
3466 1828 3844 1885 credentibus

2197 1913 2595 1983 divulgarent.
2629 1912 2793 1969 Unde
2842 1913 2927 1968 eis
2954 1913 3183 1971 dictum
3212 1920 3327 1970 est:
3374 1938 3402 1964 ‹‹
3436 1920 3537 1986 ite,
3585 1918 3842 1974 nuntiate

2196 2002 2476 2059 fratribus
2503 2002 2669 2072 meis,
2699 2004 2844 2075 quia
2865 2004 3147 2074 praecedit
3171 2020 3282 2059 vos
3312 2004 3375 2060 in
3421 2007 3747 2077 Galilaeam,
3767 2007 3843 2062 ibi

2195 2108 2334 2148 eum
2400 2092 2673 2148 videbitis
2726 2093 2960 2163 (Matth.
3015 2093 3238 2163 xxvm).
3293 2114 3322 2144 η
3380 2096 3495 2151 Seu
3542 2096 3844 2152 accubitus

2196 2180 2403 2238 Christi
2453 2180 2759 2237 beatitudo
2786 2185 2879 2237 est
2920 2181 3128 2237 secreti
3168 2182 3445 2239 caelestis.
3497 2185 3589 2240 Ait
3637 2185 3837 2240 enim:

2196 2292 2224 2321 ‹‹
2256 2272 2403 2326 Cum
2426 2277 2581 2327 esset
2611 2286 2714 2327 rex
2738 2272 2802 2326 in
2833 2271 3112 2327 accubitu
3144 2289 3275 2343 suo,
3305 2274 3532 2330 nardus
3582 2290 3713 2330 mea
3742 2274 3840 2329 de—

2195 2380 2224 2413 ‹
2255 2361 2341 2415 dit
2369 2360 2617 2415 odorem
2639 2374 2853 2416 suum:
2884 2378 2914 2411 »
2955 2360 3099 2433 quia
3120 2360 3392 2417 videlicet
3436 2363 3662 2418 Christo
3700 2376 3840 2429 rege

2190 2450 2519 2522 quiescenti
2544 2452 2601 2505 in
2632 2449 3000 2505 beatitudine
3028 2452 3237 2506 secreti
3289 2452 3561 2517 caelestis,
3604 2449 3837 2506 nardus

2189 2538 2293 2595 dat
2320 2538 2570 2595 odorem
2613 2555 2810 2605 suum,
2861 2539 2921 2593 id
2961 2544 3054 2594 est
3102 2540 3338 2595 virtutes
3375 2543 3725 2594 sanctorum
3777 2536 3835 2590 in

2188 2629 2465 2699 Ecclesia,
2515 2644 2753 2699 magnae
2782 2628 2958 2685 nobis
3010 2628 3257 2699 gratiam
3292 2627 3603 2683 suavitatis
3634 2625 3835 2682 admi-

2186 2718 2456 2774 nistrant.
2494 2718 2591 2774 Vel
2649 2718 2830 2774 etiam
2883 2719 3188 2773 accubitus
3234 2717 3391 2787 regis
3434 2721 3647 2772 sancta
3683 2714 3840 2772 elec-

2187 2812 2383 2863 torum
2441 2807 2786 2877 intelligitur
2844 2808 3121 2864 Ecclesia.
3187 2811 3252 2863 ln
3301 2820 3371 2862 ea
3415 2807 3687 2861 Christus
3752 2821 3838 2861 re-

2186 2897 2385 2968 quiem
2417 2895 2526 2952 sibi
2558 2896 2803 2965 invenit,
2833 2898 2984 2953 sicut
3012 2912 3119 2970 per
3158 2894 3516 2968 Prophetam
3574 2896 3705 2967 ipse
3751 2895 3832 2951 lo-

2186 2986 2422 3057 quitur:
2457 3007 2485 3036 «
2546 2989 2675 3041 Haec
2708 2987 2948 3059 requies
2997 3002 3135 3042 mea
3186 2985 3248 3041 in
3302 2984 3589 3040 saeculum
3642 2984 3833 3041 szeculi

2188 3075 2370 3146 (Psal.
2431 3076 2646 3147 cxxm).
2711 3097 2739 3127 »
2785 3076 3017 3132 Nardus
3075 3074 3345 3131 Ecclesiae
3397 3075 3615 3130 dicitur
3660 3090 3832 3147 prop-

2186 3168 2271 3220 ter
2326 3164 2573 3219 odorem
2649 3165 2936 3220 virtutum
2964 3207 2976 3221 .
3060 3164 3226 3219 Unde
3300 3162 3614 3236 apostolus
3689 3164 3826 3220 ait:

2186 3274 2214 3305 4:
2245 3254 2456 3309 Christi
2481 3254 2680 3309 bonus
2703 3253 2855 3309 odor
2889 3269 3103 3308 sumus
3133 3254 3253 3308 Deo
3306 3254 3368 3308 in
3396 3252 3564 3309 omni
3589 3252 3724 3308 loco
3751 3254 3837 3323 (II

2184 3344 2321 3399 Cor.
2358 3344 2446 3415 ιι).
2479 3365 2507 3392 ››
2556 3344 2748 3409 Quam
2801 3342 3130 3398 Ecclesiam
3176 3358 3317 3398 cum
3365 3342 3581 3397 viderit
3620 3341 3828 3398 diabo-

2179 3431 2272 3486 lus
2301 3431 2841 3488 innumerabilibus
2883 3431 3323 3487 charismatum
3380 3429 3707 3486 monilibus
3738 3447 3828 3487 or-

2179 3526 2385 3577 natam
2411 3522 2607 3585 ditari,
2639 3525 2697 3577 et
2740 3520 3020 3576 omnium
3075 3520 3345 3576 dulcium
3403 3520 3829 3577 blandimentis

2178 3610 2487 3683 preesentis
2526 3611 2658 3666 vitae
2692 3610 3050 3683 contemptis
3084 3610 3163 3666 ad
3187 3624 3373 3666 unam
3397 3608 3564 3665 illam
3596 3614 3825 3665 sternte

2176 3699 2391 3773 quietis
2452 3699 2832 3755 dulcedinem
2891 3699 3296 3767 festinantem,
3355 3699 3821 3755 innumerabiles

2175 3787 2649 3844 amaritudinum
2676 3786 3100 3859 immissiones,
3133 3792 3254 3845 tam
3284 3802 3390 3860 per
3409 3804 3472 3844 se
3498 3803 3689 3861 quam
3724 3803 3827 3861 per

2174 3877 2457 3935 satailites
2486 3895 2630 3935 suos
2674 3894 2781 3952 per
2830 3882 3139 3935 momenta
3187 3878 3467 3935 immittit.
3512 3878 3626 3937 Sed
3683 3879 3826 3952 quia

2172 3968 2328 4024 Deus
2350 3968 2712 4042 Redemptor
2738 3968 2801 4025 in
2855 3968 3054 4025 medio
3095 3969 3228 4040 ejus
3259 3974 3347 4025 est
3392 3984 3648 4043 semper,
3698 3984 3817 4025 non

2172 4062 2589 4115 commovetur
2614 4058 2688 4114 de
2709 4058 2959 4128 vestigio
2988 4057 3264 4130 veritatis,
3293 4074 3487 4130 neque
3518 4056 3815 4131 perturba-

2172 4151 2266 4203 tur
2294 4151 2535 4220 propter
2565 4163 2751 4219 super
2798 4164 2860 4203 se
2913 4147 3269 4204 irruentium
3323 4147 3583 4219 impetus
3612 4146 3817 4220 impio-

2181 4251 2338 4304 rum,
2360 4236 2505 4307 quia
2533 4240 2590 4291 et
2616 4236 2821 4292 omnia
2850 4241 2907 4292 et
2946 4236 3007 4292 in
3035 4235 3319 4292 omnibus
3356 4236 3641 4293 Christus.
3675 4239 3823 4293 Nam

2183 4326 2239 4381 si
2265 4339 2474 4382 amara
2505 4340 2616 4397 pro
2662 4325 2874 4382 Christi
2900 4325 3231 4382 inferantur
3255 4341 3482 4391 amore,
3520 4325 3822 4382 indnlces-

2177 4420 2319 4471 cunt
2341 4430 2474 4471 rore
2495 4413 2619 4486 spei
2642 4414 2849 4471 futurae
2874 4419 2933 4472 et
2964 4415 3177 4472 lmtitiae
3230 4414 3624 4488 sempiternae.
3683 4415 3823 4473 Ideo

2175 4504 2443 4577 sequitur
2468 4521 2482 4560 :

2237 4706 2265 4734 ‹‹
2295 4682 2639 4741 Fasciculus
2671 4683 2931 4755 myrrhae
2966 4682 3218 4740 dilectus
3269 4700 3440 4741 meus
3470 4683 3639 4752 mihi,
3666 4683 3822 4741 inter

2163 4792 2195 4827 ‹
2224 4774 2414 4830 ubera
2434 4789 2573 4829 mea
2625 4773 3177 4830 commorabitur.»
3217 4777 3560 4830 Perseverat
3609 4778 3821 4830 sancta

2162 4862 2439 4931 Ecclesia,
2471 4863 2567 4920 vel
2597 4864 2802 4919 anima
2838 4862 3030 4919 ﬁdeiis
3058 4863 3122 4919 in
3151 4863 3332 4920 laude
3369 4864 3463 4920 sui
3494 4864 3815 4931 Creatoris,

2158 4968 2343 5024 quem
2363 4952 2679 5026 perpendit
2687 4967 2938 5025 passum
2953 4951 3015 5008 in
3027 4952 3428 5009 amaritudine
3443 4967 3565 5009 suae
3582 4952 3818 5026 passio-

2156 5040 2444 5097 nis.Unde
2474 5057 2712 5114 semper
2735 5040 2967 5098 habens
2986 5041 3049 5097 in
3060 5041 3354 5098 memoria
3382 5041 3817 5098 recordationis

2155 5146 2344 5204 quam
2373 5132 2717 5203 propinqua
2736 5136 2825 5187 est
2840 5131 3126 5188 uberibus
3151 5133 3430 5205 pectoris,
3464 5135 3521 5188 et
3554 5131 3818 5205 qualiter

2155 5234 2376 5292 passus
2406 5223 2496 5274 est
2514 5233 2626 5290 pro
2654 5219 2788 5291 ipsa
2814 5220 2876 5276 in
2907 5220 3161 5291 gloriam
3191 5239 3315 5278 suae
3350 5221 3811 5295 redemptionis,

2155 5307 2315 5365 dicit:
2341 5328 2370 5357 «
2389 5307 2732 5364 Fasciculus
2755 5309 3011 5381 myrrhae
3032 5310 3282 5367 dilectus
3298 5326 3472 5367 meus
3486 5309 3817 5379 mihi,inter

2156 5403 2346 5455 ubera
2363 5414 2500 5456 mea
2517 5398 3048 5456 commorabitur.»
3062 5403 3146 5457 Ac
3172 5401 3220 5456 si
3251 5400 3529 5457 dixisset:
3550 5402 3706 5457 Mors
3726 5400 3814 5456 di-

2152 5487 2288 5545 lecti
2315 5488 2435 5546 mei
2464 5499 2590 5561 qua
2612 5504 2655 5544 n
2705 5504 2817 5560 pro
2847 5489 3035 5547 salute
3082 5506 3218 5547 mea
3249 5490 3449 5555 subiit,
3484 5505 3726 5562 semper
3748 5490 3809 5545 in

2152 5592 2290 5634 mea
2304 5579 2596 5635 memoria
2607 5579 3181 5650 commorabitur,ad
3199 5580 3590 5636 imitationem
3605 5584 3663 5635 et
3683 5580 3809 5651 glo-

2150 5667 2307 5726 riam
2334 5666 2797 5728 laudationis.Et
2819 5671 2964 5744 quia
2980 5670 3204 5743 gaudet
3214 5687 3355 5728 cum
3382 5685 3661 5745 passum,
3675 5668 3805 5742 glo-
