4092 6176
215 188 304 252 581
1411 184 1664 245 ENARR.
1706 188 1772 242 IN
1813 182 1852 241 Ε

1960 185 2115 242 ’1⁸1οΑ
2153 178 2425 245 ΟΛΝἨΙΒ.

3512 176 3627 253 ιρι

213 315 390 372 riatur
428 313 610 371 etiam
659 327 805 370 eum
860 312 1254 370 resurrexisse
1311 328 1348 368 a
1402 311 1674 379 mortuis,
1702 314 1859 368 recte
1887 325 1935 379 Α
1972 309 2064 364 sui
2090 324 2411 372 recessum.
2438 314 2733 383 tanquam
2761 309 2917 367 intra
2949 308 3137 369 ubera
3165 326 3277 369 sua
3318 311 3621 377 dicentem

211 403 513 473 subjunxit
541 419 555 457 :

272 513 299 545 «
341 495 557 550 Botrus
578 490 748 566 cypri
771 490 1024 548 dilectus
1053 508 1227 548 meus
1256 491 1422 559 mihi,
1449 492 1511 547 in
1541 491 1732 547 vineis
1758 494 1863 546 En-

213 604 238 630 ‹‹
260 580 484 650 .gaddi.
510 601 542 630 ιι
576 582 727 639 Bene
757 579 875 637 ait:
906 602 935 631 ‹‹
966 580 1180 637 Botrus
1212 582 1384 654 cypri
1413 581 1663 637 dilectus
1692 595 1863 635 meus

212 671 378 740 mihi,
407 691 438 720 »
471 684 545 726 ac
573 668 623 727 si
652 672 854 740 aperte
905 668 1233 726 exclamet:
1268 669 1381 736 Qui
1411 670 1521 726 fuit
1543 667 1864 725 fasciculus

215 758 474 829 myrrha
502 758 563 815 in
593 756 1005 824 amaritudine,
1037 762 1095 815 et
1120 758 1350 815 tristitia
1398 758 1715 831 passionis,
1734 757 1864 829 ipse

221 851 306 904 est
328 847 536 907 botrns
562 845 728 918 cypri
748 845 810 903 in
840 845 1157 903 dulcedine
1181 846 1626 903 resurrectionis
1651 863 1665 913 ;
1695 861 1863 918 myr-

220 936 327 995 rha
370 935 681 1001 tristitiam,
730 934 940 999 vinum
998 934 1266 992 latitiam
1324 935 1668 1005 signiﬁcat:
1717 934 1865 1006 quia

218 1025 483 1085 videlicet
530 1025 789 1083 Christus
840 1041 915 1081 ex
965 1024 1184 1082 ludais
1234 1025 1566 1095 secundum
1618 1037 1863 1080 carnem

211 1115 464 1185 genitus,
496 1118 671 1185 atque
726 1114 805 1171 ab
864 1114 1011 1187 ipsis
1066 1114 1129 1171 in
1183 1112 1412 1183 lignum
1463 1113 1656 1169 crucis
1701 1112 1865 1169 velut

206 1204 411 1263 botrus
438 1219 786 1276 suspensus,
813 1204 922 1260 sed
948 1203 1121 1260 tertia
1144 1203 1240 1260 die
1259 1208 1398 1276 post
1423 1202 1682 1258 torcular
1700 1216 1863 1257 mor-

204 1293 291 1362 tis,
312 1292 583 1350 latitiam
605 1292 1061 1349 resurrectionis
1089 1293 1213 1348 suis
1241 1292 1501 1348 ostendit
1526 1290 1858 1364 discipulis.

204 1384 263 1437 Et
286 1382 442 1441 bene
476 1404 503 1429 «
531 1381 593 1439 in
626 1380 820 1438 vineis
854 1380 1150 1451 Engaddi,
1180 1402 1211 1431 ››
1241 1386 1486 1453 propter
1530 1380 1862 1435 charisma.

204 1476 321 1527 tum
354 1470 543 1536 dona,
575 1485 713 1541 qua
764 1474 902 1541 post
946 1470 1440 1526 resurrectionem
1491 1468 1746 1537 largitus
1775 1470 1864 1523 est

198 1561 257 1615 in
300 1559 610 1633 baptismo
660 1559 1075 1634 participibus.
1108 1558 1378 1629 Engaddi
1409 1573 1676 1629 namque
1720 1558 1861 1626 fons

200 1651 374 1720 hadi,
399 1650 497 1707 vel
527 1652 737 1707 oculus
767 1651 921 1707 haedi
951 1650 1182 1716 dicitur,
1202 1647 1860 1736 videlicetbaptismum
1889 1680 1933 1736 Β

199 1740 570 1810 signiﬁcans,
605 1739 707 1795 ubi
753 1755 826 1795 ex
870 1739 1060 1796 haedis
1108 1739 1250 1808 agni
1300 1738 1655 1795 efﬁciuntur.
1688 1735 1861 1800 Quod

197 1833 404 1886 autem
435 1831 643 1885 oculus
676 1829 834 1885 [radi
853 1829 1294 1902 interpretatur,
1324 1829 1528 1901 ipsum
1559 1826 1860 1884 Christum

196 1919 411 1989 innuit,
444 1920 549 1991 qui
579 1923 665 1975 est
692 1920 798 1974 lux
849 1919 1122 1975 omnium
1177 1923 1564 1991 peccatorum
1613 1916 1858 1972 venien-

194 2008 349 2065 tium
382 2008 461 2064 ad
490 2024 573 2064 se.
628 2011 774 2064 Ecce
823 2008 1129 2063 brevitatis
1168 2023 1355 2064 causa
1414 2008 1533 2063 ista
1561 2006 1859 2061 succincte

194 2096 366 2153 diota
412 2102 569 2157 sunt.
598 2102 665 2152 ut
706 2098 891 2152 menti
917 2097 1153 2153 lectoris
1202 2097 1321 2153 mei
1360 2096 1534 2151 citius
1562 2094 1860 2150 inculcen-

195 2190 316 2241 tur.
352 2185 469 2242 Sed
514 2186 658 2257 quia
703 2189 915 2240 sancta
974 2184 1235 2241 Ecclesia
1278 2184 1340 2240 in
1391 2183 1681 2239 membris
1740 2182 1862 2237 suis

198 2275 563 2346 mysterium
607 2274 907 2346 passionis
954 2274 1167 2330 Christi
1195 2273 1419 2330 imitari
1443 2272 1766 2337 desiderat,
1800 2275 1864 2327 ut

200 2363 284 2417 ad
332 2362 587 2432 gloriam
613 2363 1062 2419 resurrectionis
1092 2379 1230 2419 cum
1282 2364 1513 2421 Christo
1555 2361 1863 2434 perveniat

193 2457 254 2507 et
282 2467 416 2507 non
456 2469 595 2508 cum
640 2453 830 2509 hadis
881 2453 975 2509 ad
1004 2453 1324 2520 sinistram,
1354 2453 1459 2509 sed
1486 2468 1621 2508 cum
1647 2451 1857 2507 ovibus

191 2543 507 2611 segregari
527 2548 831 2598 mereatur
859 2543 937 2598 ad
957 2542 1285 2612 dexteram,
1304 2543 1575 2598 dicamus
1599 2540 1850 2613 plenius.

193 2632 466 2703 Denique
511 2648 650 2687 cum
684 2633 951 2699 dixisset,
985 2654 1014 2682 ‹‹
1045 2632 1364 2688 fasciculus
1394 2631 1654 2703 myrrha
1680 2630 1857 2685 dilec-

189 2726 284 2777 tus
314 2736 515 2789 meus,
552 2744 581 2772 »
614 2722 845 2778 addidit
872 2722 1017 2778 mihi
1043 2740 1056 2778 :
1081 2722 1363 2781 intellexit
1390 2737 1500 2793 pro
1523 2736 1635 2776 sua
1664 2720 1853 2776 salute

188 2812 372 2868 fuisse
413 2830 686 2886 passum,
735 2829 963 2886 suaque
1015 2828 1125 2885 pro
1177 2813 1364 2883 gloria
1394 2811 1783 2867 resurrexisse
1816 2826 1854 2866 a

189 2902 468 2958 mortuis.
523 2903 618 2958 Ait
660 2916 924 2974 namque
957 2918 970 2956 :
1010 2901 1343 2957 Fasciculus
1367 2901 1629 2972 myrrha
1676 2898 1854 2954 dilec-

191 2996 277 3046 tus
308 2992 486 3057 mihi,
520 2992 673 3048 inter
718 2992 903 3048 ubera
932 3007 1067 3047 mea
1116 2990 1609 3047 commorabitur.
1645 3010 1674 3038 κ
1706 2991 1847 3059 Myr-
1883 3041 1921 3095 Ο

186 3082 289 3138 rha
310 3081 623 3155 siquidem
653 3097 866 3140 amara
887 3082 1323 3153 interpretatur,
1350 3079 1569 3152 quain
1595 3093 1657 3133 se
1688 3078 1848 3133 salu—

187 3174 374 3227 tarem
409 3170 718 3241 signiﬁcat
736 3169 1135 3243 disciplinam,
1168 3184 1355 3242 quam
1401 3168 1463 3223 in
1494 3166 1723 3223 Christo
1752 3180 1852 3220 su-

187 3261 369 3333 scepit
398 3260 690 3331 Ecclesia,
718 3276 853 3332 qua
882 3275 992 3333 pro
1023 3259 1156 3329 ejus
1198 3257 1444 3313 nomine
1494 3256 1556 3310 in
1603 3255 1853 3310 diversis

186 3351 480 3407 membris
501 3351 773 3406 diversas
801 3354 1237 3405 tormentorum
1265 3344 1695 3403 amaritudines
1714 3344 1852 3399 tole-

186 3440 397 3510 rando,
453 3428 772 3498 fasciculus
827 3439 1091 3512 myrrha
1148 3436 1401 3493 efﬁcitur
1456 3439 1513 3491 et
1564 3434 1850 3492 Christus.

187 3530 376 3586 Arbor
403 3546 555 3601 ergo
586 3529 869 3603 myrrha,
896 3530 971 3588 de
1024 3543 1147 3601 qua
1175 3525 1379 3582 multis
1406 3524 1851 3580 inﬁrmitatibus

190 3620 466 3692 corporis
506 3620 854 3693 profuturus
911 3618 1174 3688 gignitur
1229 3631 1464 3683 succus,
1497 3614 1702 3669 similis
1760 3619 1852 3668 est

191 3708 382 3775 salici,
432 3709 834 3766 subtilissimis
885 3707 1288 3780 contortisque
1335 3704 1580 3775 virgulis
1628 3705 1689 3759 in
1716 3720 1847 3759 mo-

195 3796 351 3851 dum
395 3798 832 3867 fasciculorum,
861 3796 1239 3854 ramusculos
1290 3795 1369 3852 ab
1415 3795 1500 3851 eis
1535 3794 1640 3868 qui
1669 3793 1847 3849 arbo—

196 3900 338 3941 rum
392 3892 638 3945 naturas
690 3890 1151 3961 descripserunt,
1206 3887 1466 3959 proferre
1544 3885 1845 3941 asseritur.

197 3973 333 4032 Hac
356 3976 542 4048 igitur
580 3979 860 4052 pradicta
906 3977 1182 4047 Ecclesia,
1213 3975 1305 4032 vel
1338 3980 1543 4031 sancta
1567 3973 1851 4045 qualibet

188 4065 393 4124 anima
426 4068 530 4124 ubi
560 4083 665 4141 per
694 4072 927 4124 aterna
956 4067 1093 4124 vita
1144 4066 1416 4123 auditum
1464 4062 1846 4119 dulcedinem

186 4162 398 4224 gustus
446 4160 695 4232 suscipit
741 4159 803 4214 in
860 4156 1063 4231 sponsi
1112 4156 1418 4213 adventu:
1452 4152 1843 4213 multimodas

183 4250 235 4301 et
256 4263 507 4306 amaras
532 4249 844 4322 passiones
870 4246 1064 4303 illatas
1088 4260 1211 4302 non
1236 4244 1431 4314 sentit,
1456 4245 1571 4299 hoc
1602 4246 1690 4297 est
1717 4255 1844 4296 car-

183 4350 363 4408 ceres,
398 4338 637 4405 exsilia,
685 4336 1173 4411 proscriptiones,
1213 4348 1415 4392 rerum
1458 4330 1842 4405 prasentium

182 4428 544 4499 nuditatem,
577 4428 822 4500 famem,
854 4427 1032 4494 sitim,
1062 4424 1321 4493 vincula,
1342 4422 1535 4479 cades
1565 4422 1841 4492 injustas,

184 4517 577 4594 improperia,
609 4518 896 4592 pericula,
928 4514 1266 4586 naufragia,
1293 4513 1517 4569 imbres
1547 4511 1840 4584 lapidum,

182 4610 724 4685 pracipitationem
798 4606 1101 4681 profundi,
1159 4604 1584 4675 variarumque
1634 4616 1843 4674 poena-

181 4714 311 4756 rum
340 4702 598 4759 aculeos
646 4705 702 4757 et
743 4699 862 4756 alia
907 4697 1116 4754 multa.
1148 4697 1297 4751 Cum
1337 4695 1466 4750 hac
1518 4692 1845 4765 susceperit

182 4795 421 4865 propter
473 4794 737 4848 mortem
794 4790 886 4845 sui
940 4785 1369 4859 Redemptoris,
1425 4798 1563 4841 cum
1618 4797 1843 4853 magna

179 4878 376 4939 latitia
406 4882 561 4939 dicit
594 4898 608 4937 :
643 4902 671 4930 «
702 4877 1042 4936 Fasciculus
1085 4875 1346 4948 myrrha
1375 4873 1622 4930 dilectus
1668 4886 1840 4928 meus

179 4971 344 5030 mihi.
379 4994 410 5023 »
440 4976 600 5030 Cum
652 4986 795 5043 ergo
838 4968 917 5026 ad
961 4966 1179 5023 multas
1236 4964 1607 5021 inﬁrmitates
1634 4980 1670 5020 a
1715 4961 1842 5017 dia-

179 5059 325 5118 bolo
354 5062 612 5121 inﬁictas
635 5060 962 5129 sanandas,
984 5056 1203 5115 multas
1231 5072 1266 5112 a
1290 5057 1408 5112 Deo
1438 5053 1838 5128 correptiones

179 5146 471 5219 patienter
498 5146 828 5224 pertulerit,
856 5144 952 5201 vel
980 5144 1262 5210 diversas,
1304 5146 1371 5197 ut
1398 5156 1582 5215 supra
1610 5140 1837 5196 dictum

181 5240 286 5305 est,
321 5253 429 5311 pro
462 5240 602 5312 ejus
641 5236 887 5294 nomine
934 5232 1151 5305 illatas,
1185 5232 1459 5304 gaudens
1491 5229 1838 5287 sustinuerit

175 5326 513 5400 passiones,
543 5326 867 5384 fasciculus
910 5324 1171 5397 myrrha
1218 5322 1346 5394 ejus
1390 5320 1641 5377 efﬁcitur
1669 5319 1834 5375 Chri—

175 5423 314 5487 stus,
347 5420 431 5475 ad
464 5434 704 5475 ommes
752 5416 1031 5473 vitiorum
1060 5411 1305 5469 morbos
1333 5411 1407 5467 de
1442 5410 1571 5480 ejus
1597 5411 1834 5479 pectore

175 5508 586 5581 expellendos.
627 5509 789 5563 Tunc
815 5505 944 5578 jam
974 5502 1239 5561 mundus
1292 5505 1349 5557 et
1377 5512 1516 5555 cum
1561 5497 1836 5553 orationi-

1970 400 2030 454 in
2060 399 2370 469 Evangelia
2395 417 2408 457 :
2439 420 2467 452 ‹
2500 403 2621 471 Ego
2675 405 2732 456 et
2782 402 2955 457 Pater
2984 398 3313 465 veniemus,
3343 406 3401 460 et
3448 418 3623 463 man-

1972 489 2204 545 sionem
2256 489 2418 561 apud
2466 506 2605 546 eum
2659 488 2949 546 faciemus
2997 490 3195 556 (Joan.
3250 490 3392 561 xw).
3426 508 3456 549 δ
3507 492 3625 553 Seu

1969 579 2148 635 etiam
2199 577 2260 634 in
2304 578 2493 636 ubera
2549 595 2659 636 sua
2688 578 2949 635 Ecclesia
2973 578 3336 641 commorari
3361 578 3620 648 λωιαωε,

1967 667 2119 724 inter
2147 666 2280 722 illos
2308 668 2520 739 procul
2541 667 2728 724 dubio
2759 668 2915 725 viros
2935 668 3039 740 qui
3060 683 3170 740 pro
3192 667 3490 738 atate,vel
3510 684 3625 741 pro

1968 756 2359 828 possibilitate
2385 756 2537 813 lacte
2566 757 2852 813 doctrinm
2875 773 3000 814 sua
3024 756 3315 829 spirituali
3329 758 3623 830 parvulos

1969 846 2253 902 nutriunt.
2291 849 2371 902 De
2398 846 2620 918 quibus
2648 847 2775 919 ipse
2801 846 3090 903 Dominus
3118 846 3261 905 dicit
3286 864 3300 904 :
3327 868 3355 901 ε(
3387 847 3444 902 Si
3474 847 3629 907 duce

1968 936 2087 992 bus
2111 934 2209 991 vel
2236 934 2423 992 tribus
2461 936 2805 997 convenerit
2833 952 3014 1008 super
3059 941 3298 1008 terram,
3324 936 3625 1010 quidquid

1968 1024 2242 1098 petierint
2269 1025 2331 1081 in
2373 1025 2618 1081 nomine
2649 1041 2785 1081 meo
2814 1026 2916 1081 ﬁet
2949 1025 3054 1080 eis.
3086 1048 3114 1076 »
3147 1028 3244 1082 Et:
3280 1048 3309 1076 ‹‹
3340 1025 3448 1083 Ubi
3478 1042 3625 1084 con-

1971 1115 2198 1185 gregati
2228 1114 2448 1173 fuerint
2475 1116 2598 1172 duo
2628 1115 2723 1171 vel
2747 1119 2864 1172 tres
2891 1115 2953 1171 in
2982 1116 3227 1172 nomine
3250 1131 3409 1181 meo,
3426 1132 3541 1188 ego
3558 1117 3623 1177 in

1969 1204 2170 1260 medio
2201 1220 2409 1261 eorum
2452 1222 2588 1262 sum
2634 1206 2831 1276 (Matt.
2867 1205 3052 1276 xviii).
3082 1225 3111 1256 ››
3145 1207 3410 1271 Quorum
3465 1222 3624 1264 unus

1970 1311 2043 1350 ex
2072 1295 2357 1352 uberibus
2388 1296 2510 1352 suis
2541 1295 2916 1352 auditoribus
2936 1295 3175 1352 dicebat
3202 1313 3215 1351 :
3251 1314 3281 1348 ‹
3314 1298 3426 1351 Lac
3452 1296 3625 1355 vobis

1970 1390 2181 1457 potum
2205 1384 2345 1441 dedi
2374 1401 2497 1441 non
2521 1401 2722 1441 escam
2744 1386 2760 1456 (
2770 1387 2802 1439 Ι
2822 1386 2958 1441 Cor.
2983 1386 3086 1449 ui).
3112 1405 3142 1434 »
3164 1386 3425 1441 Possunt
3442 1385 3625 1442 etiam

1972 1473 2023 1528 si
2070 1474 2165 1532 cui
2222 1474 2511 1545 placuerit
2561 1474 2684 1530 duo
2741 1473 2929 1530 ubera
2986 1474 3255 1530 Ecclesia
3301 1475 3540 1546 Moyses
3568 1477 3627 1535 et

1975 1562 2126 1617 Elias
2145 1562 2410 1633 intelligi,
2444 1564 2506 1620 in
2532 1579 2793 1636 quorum
2825 1563 3026 1621 medio
3056 1564 3515 1634 transﬁguratus
3559 1564 3625 1637 in

1971 1656 2174 1707 monte
2195 1654 2388 1722 Jesus,
2420 1652 2670 1708 dilectus
2702 1652 2976 1708 Ecclesia
3006 1653 3065 1708 in
3119 1653 3318 1710 futura
3368 1652 3624 1724 gloriam

1968 1741 2158 1813 ipsius
2205 1741 2476 1797 Ecclesia
2524 1758 2938 1801 commorasse
2982 1742 3309 1814 probatur:
3358 1759 3624 1815 quorum

1969 1830 2116 1886 alter
2142 1832 2505 1902 promissum
2536 1832 2816 1901 ostendit,
2849 1831 2995 1888 alter
3031 1832 3159 1903 jam
3211 1832 3447 1899 venisse
3477 1846 3625 1905 pra-

1968 1920 2187 1976 dicavit
2204 1922 2265 1975 in
2282 1921 2779 1990 signiﬁcationem
2801 1921 3058 1977 duorum
3079 1922 3621 1982 Testamentorum.

1969 2008 2132 2065 Unde
2164 2009 2378 2069 dicitur
2411 2027 2423 2065 :
2470 2012 2533 2066 In
2565 2011 2766 2067 medio
2820 2010 3082 2066 duorum
3115 2012 3467 2067 animalium
3518 2028 3621 2067 eo-

1967 2097 2290 2167 gnosceris.
2324 2102 2460 2164 Quae
2506 2099 2629 2155 duo
2674 2102 3050 2155 Testamenta
3112 2100 3299 2155 ubera
3352 2103 3490 2155 sunt
3519 2102 3621 2155 Ec-

1967 2186 2178 2242 clesia.
2207 2190 2471 2253 Quorum
2521 2188 2584 2247 in
2627 2186 2827 2244 medio
2875 2188 3137 2243 Christus
3188 2192 3616 2243 commoratur.

1968 2278 2033 2331 Et
2056 2275 2204 2348 quia
2230 2276 2531 2345 legislator
2554 2280 2804 2349 Moyses,
2830 2281 2888 2333 et
2906 2277 3158 2341 eximius
3185 2277 3619 2349 prophetarum

1969 2365 2143 2432 Elias,
2177 2366 2647 2422 sermocinantes
2674 2366 2914 2423 fuerunt
2940 2366 3015 2421 de
3046 2380 3291 2421 excessu
3311 2364 3619 2439 passionis

1963 2454 2143 2519 illius,
2178 2460 2493 2527 propterea
2550 2455 2817 2528 sequitur
2847 2472 2860 2510 :
2890 2456 3098 2511 Botrus
3143 2455 3323 2528 Cypri
3365 2454 3621 2511 dilectus

1964 2559 2137 2599 meus
2162 2544 2329 2611 mihi,
2358 2545 2418 2600 in
2449 2544 2635 2600 vineis
2662 2545 2950 2614 Engaddi.
2985 2564 3013 2593 »
3045 2544 3159 2600 Pro
3197 2544 3478 2600 omnibus
3507 2548 3621 2598 ter-

1964 2632 2062 2700 ris,
2100 2638 2162 2689 ut
2205 2634 2406 2694 fertur.
2447 2634 2644 2690 insula
2695 2636 2927 2707 Cyprus
2979 2635 3145 2690 mira
3183 2633 3619 2705 magnitudinis

1962 2721 2169 2777 botros
2200 2738 2455 2778 uvarum
2500 2724 2741 2794 gignere
2792 2724 3241 2797 comprobatur.
3267 2725 3451 2795 Cujus
3492 2738 3623 2781 ma-

1962 2811 2289 2880 gnitudinis
2316 2812 2411 2868 iile
2441 2813 2674 2883 botrus,
2724 2814 2827 2885 qui
2857 2829 2894 2869 a
2922 2813 3162 2869 duobus
3187 2813 3510 2884 juvenibus
3539 2815 3617 2875 de

1964 2905 2117 2955 terra
2158 2903 2639 2965 repromissionis
2690 2903 2749 2957 in
2805 2902 3106 2958 desertum
3138 2902 3401 2973 perlatus
3434 2902 3616 2959 fuisse

1958 2987 2190 3059 legitur,
2222 2996 2279 3045 et
2306 2992 2411 3063 qui
2439 2991 2792 3048 omnimodo
2816 2991 3076 3061 ﬁguram
3104 2991 3397 3064 assumpti
3419 2992 3613 3047 homio

1959 3079 2053 3132 nis
2082 3079 2289 3136 Christi
2323 3081 2731 3153 Redemptoris
2759 3080 2940 3135 nostri
2988 3079 3266 3148 signabat
3295 3095 3310 3133 :
3336 3095 3475 3152 qua
3503 3080 3613 3137 uti-

1959 3184 2078 3239 que
2102 3184 2212 3241 pro
2244 3169 2394 3236 loco,
2419 3170 2513 3225 vel
2542 3175 2828 3240 tempore,
2847 3168 2942 3223 vel
2962 3182 3166 3234 causa,
3189 3182 3328 3223 esca
3357 3172 3414 3223 et
3433 3174 3612 3239 potus

1960 3256 2231 3313 Ecclesia
2259 3258 2451 3314 factus
2478 3263 2566 3314 est
2607 3254 2713 3331 per
2769 3256 3034 3330 corporis
3061 3256 3156 3313 sui
3211 3259 3268 3312 et
3296 3256 3611 3327 sanguinis

1962 3352 2428 3403 sacramentum.
2469 3347 2722 3421 Cyprius
2771 3362 2909 3403 vero
2954 3347 3205 3403 tristitia
3253 3345 3347 3406 vel
3390 3360 3612 3404 maror

1958 3435 2395 3510 interpretatur.
2431 3436 2698 3510 Engaddi
2724 3439 2876 3496 sicut
2903 3436 3129 3493 dictum
3157 3440 3246 3492 est
3269 3436 3408 3506 fons
3431 3436 3607 3493 haedi.

1961 3528 2056 3581 Est
2103 3542 2247 3598 ergo
2274 3528 2482 3585 liotrus
2523 3528 2698 3602 Cypri
2728 3527 2937 3584 amica
2983 3542 3107 3583 sua
3139 3526 3429 3596 Ecclesia,
3461 3526 3611 3583 dum

1960 3618 2375 3687 peccatoribus
2406 3618 2721 3689 tristitiam,
2753 3616 2849 3673 vel
2884 3631 3203 3672 marorem
3249 3617 3611 3689 pauitantia

1956 3703 2019 3759 in
2050 3708 2350 3762 mentibus
2372 3708 2646 3773 seminat,
2674 3712 2739 3762 ut
2759 3722 2863 3763 eos
2885 3706 2963 3762 ad
2986 3706 3150 3762 illam
3178 3705 3610 3762 beatitudinem

1958 3794 2255 3862 sublimet,
2289 3796 2363 3851 de
2393 3811 2516 3868 qua
2546 3796 2673 3867 ipse
2701 3795 2763 3849 in
2790 3794 3112 3864 Evangelio
3153 3784 3300 3849 dixit
3331 3810 3345 3848 :
3378 3813 3408 3843 κ
3446 3795 3610 3850 Beati

1955 3883 2059 3954 qui
2090 3883 2296 3953 lugent
2324 3899 2505 3955 nunc,
2536 3884 2681 3955 quia
2708 3881 2823 3955 ipsi
2866 3881 3337 3941 consolabuntur
3365 3882 3604 3952 (Matth.

1953 3973 2031 4044 v).
2061 3994 2089 4022 »
2121 3973 2234 4037 Qui
2263 3977 2329 4028 ut
2356 3972 2453 4028 ille
2482 3987 2666 4045 quem
2715 3970 2976 4026 diximus
3009 3986 3047 4026 a
3074 3970 3317 4027 duobus
3340 3970 3604 4044 populis,

1950 4061 2159 4118 Judao
2201 4061 2422 4118 scilicet
2448 4065 2846 4135 persecutore,
2879 4064 2936 4117 et
2963 4063 3235 4127 Romano
3287 4061 3473 4118 milite
3497 4060 3608 4117 im-

1951 4158 2217 4225 perante,
2249 4170 2285 4210 a
2313 4152 2615 4226 phalange
2644 4152 2705 4208 in
2753 4151 2945 4209 crucis
2991 4149 3329 4225 patibulum
3374 4152 3609 4210 levatus

1952 4248 2059 4298 est.
2091 4244 2201 4310 Qui
2230 4259 2427 4317 usque
2456 4243 2634 4299 hodie
2669 4257 2778 4316 per
2824 4242 3117 4299 tristitiam
3163 4254 3605 4317 maeroremque

1950 4332 2134 4389 vitam
2164 4333 2568 4391 conferentem
2624 4335 2908 4389 aeternam
2958 4330 3229 4387 Ecclesia
3282 4334 3505 4402 genuit,
3540 4335 3604 4389 ut

1950 4422 2302 4493 pradictum
2345 4428 2455 4485 est,
2496 4423 2559 4480 in
2587 4423 2673 4479 eis
2714 4421 2818 4494 qui
2846 4425 2986 4493 post
3010 4420 3360 4478 innumeras
3388 4436 3605 4490 conga

1948 4511 2064 4568 ries
2095 4513 2413 4571 criminum
2456 4513 2518 4569 in
2558 4513 2754 4569 sinum
2814 4510 3089 4566 Ecclesia
3135 4514 3596 4581 congregantur.

1952 4601 2163 4657 Cibum
2196 4618 2337 4658 vero
2367 4602 2694 4675 spiritalem
2719 4605 2777 4657 et
2802 4603 3014 4671 potum
3041 4598 3251 4654 botrns
3278 4597 3599 4670 praedictus

1948 4689 2010 4744 in
2033 4706 2097 4745 se
2126 4691 2505 4746 credentibus
2533 4689 2800 4762 quotidie
2844 4686 3279 4753 subministrat,
3312 4685 3406 4741 his
3449 4684 3601 4740 dun-

1950 4782 2114 4835 taxat
2132 4779 2235 4850 qui
2266 4782 2705 4848 congregantur
2732 4777 2793 4831 in
2822 4775 3006 4831 vineis
3036 4774 3328 4845 Engaddi,
3360 4774 3465 4830 ubi
3511 4777 3605 4831 est

1948 4866 2082 4922 fons
2112 4867 2286 4933 haedi,
2309 4866 2413 4939 qui
2460 4871 2547 4922 est
2593 4864 2957 4921 sacrosancti
3009 4863 3391 4936 baptismatis
3437 4864 3597 4935 fons,

1946 4959 2051 5015 ubi
2079 4957 2237 5014 hadi
2266 4956 2639 5013 descendunt
2684 4954 2789 5028 qui
2836 4959 3004 5012 erant
3033 4954 3364 5028 deputandi
3391 4972 3427 5013 a
3455 4955 3598 5014 sini-

1948 5049 2083 5106 stris
2104 5052 2239 5105 ante
2268 5045 2531 5103 tribunal
2546 5045 2785 5117 judicis,
2818 5048 3039 5101 aterno
3067 5044 3192 5115 igni
3221 5046 3517 5115 tradendi,
3542 5051 3600 5104 et

1947 5139 2280 5196 ascendunt
2307 5136 2447 5207 agni
2496 5133 2884 5203 immaculati,
2917 5136 3022 5208 qui
3050 5151 3086 5192 a
3110 5135 3333 5192 dextris
3375 5136 3597 5208 judicis

1945 5234 2382 5300 congregantur
2409 5233 2629 5283 aterno
2683 5240 2870 5297 regno
2919 5224 3209 5282 donandi.
3238 5226 3477 5283 Certum
3505 5230 3595 5284 est

1944 5335 2106 5388 ergo,
2133 5323 2200 5375 ut
2225 5318 2377 5374 sicut
2402 5332 2524 5374 una
2550 5330 2696 5386 gens
2746 5315 2951 5372 ludas.
2980 5330 3087 5388 per
3141 5315 3410 5372 notitiam
3441 5315 3592 5386 legis

1942 5408 2157 5465 divina
2188 5408 2364 5463 vinea
2403 5405 2635 5463 Domini
2686 5408 3091 5476 nuncupatur,
3124 5403 3205 5461 ita
3233 5408 3292 5461 et
3340 5402 3592 5461 diversa

1942 5504 2146 5569 gentes
2195 5497 2273 5553 ad
2318 5496 2502 5553 ﬁdem
2553 5494 2761 5552 Christi
2813 5493 3073 5551 advecta
3131 5510 3236 5567 per
3296 5494 3594 5566 apostolo-

174 5596 281 5653 bus
326 5602 613 5673 paratus,
664 5596 989 5669 hospitium
1040 5592 1309 5649 divinum
1369 5592 1473 5655 est,
1526 5593 1591 5643 ut
1634 5588 1830 5660 ipsum
1938 5604 2075 5644 rum
2104 5586 2401 5642 culturam
2426 5590 2483 5640 et
2510 5585 2825 5641 doctorum
2868 5584 3224 5651 doctrinam,
3254 5581 3457 5673 multa
3505 5582 3589 5673 vi:

169 5686 296 5760 jam
314 5668 453 5749 tam
480 5702 713 5760 magna
735 5668 957 5745 ﬁducia
994 5684 1292 5744 Christum
1316 5679 1520 5738 invitet
1545 5679 1608 5735 in
1636 5678 1833 5735 cordis
1938 5691 2068 5734 nea
2099 5673 2494 5747 appellantur.
2528 5677 2591 5730 in
2619 5686 2880 5746 quarum
2910 5672 3129 5741 medie,
3160 5674 3227 5728 ut
3252 5670 3479 5726 dictum
3499 5668 3590 5724 est
