4092 6176
490 176 656 239 δεξί’

1587 167 1944 226 ΑΝοειοιι
1985 164 2455 223 LUXOVIENSIS
2493 164 2806 223 IONACHI

3825 169 3940 225 584

490 302 682 360 sancti
711 294 1093 370 baptismatis
1124 294 1256 349 fons
1286 295 1376 347 est
1407 308 1602 364 aqua,
1635 291 1712 346 ad
1741 306 1926 363 quem
1981 289 2140 345 hadi
2170 293 2218 343 A
2248 289 2361 346 tior
2387 290 2703 347 invenitur.
2725 288 2890 346 Oculi
2917 304 3060 359 ergo
3077 288 3263 345 duces
3284 290 3462 346 totius
3477 291 3767 364 corporis
3799 307 3942 348 esse

490 389 836 452 adveniunt,
855 391 920 441 ut
943 384 1084 453 agni
1114 381 1465 439 efﬁciantur.
1489 384 1630 447 Qua
1657 381 1843 436 vinea
1871 379 2140 449 Engaddi

487 495 613 537 non
640 477 868 540 vinum,
897 473 1002 529 sed
1040 472 1326 528 balsama
1368 471 1641 540 gignunt.
1680 469 1946 540 Engaddi
1978 469 2140 524 vicus

488 571 581 624 est
607 578 995 639 pramagnus
1025 561 1084 616 in
1121 565 1278 616 terra
1322 559 1549 626 Judaa,
1576 560 1747 630 juxta
1795 575 1961 614 mare
2000 561 2142 614 Mor-

486 660 680 714 tuum.
705 657 845 718 Qua
895 657 1053 708 terra
1092 650 1352 720 ﬁguram
1397 654 1554 705 tenet
1596 654 1764 705 terrae
1789 647 2138 712 viventium,

491 745 595 801 ubi
646 746 787 799 sunt
831 739 1020 796 vinea
1043 739 1324 806 balsami,
1364 738 1520 794 intra
1573 737 1859 794 terminos
1907 740 2142 792 tantum

489 833 632 890 olim
678 829 888 900 viginti
926 829 1207 900 jugerum
1253 833 1440 884 erant.
1487 828 1885 900 Posteaquam
1928 824 2142 882 eadem

487 921 730 992 regione
781 917 1036 974 Romani
1087 917 1253 990 potiti
1303 921 1461 986 sunt,
1493 917 1676 972 etiam
1731 917 1793 972 in
1839 912 2142 971 latissimis

489 1009 740 1066 collibus
770 1011 1105 1080 propagata
1132 1011 1238 1072 est,
1268 1005 1446 1078 stirpe
1490 1004 1698 1060 similis
1727 1004 1851 1073 viti,
1881 1003 2034 1059 foliis
2064 1001 2140 1056 si-

488 1099 646 1156 milis
673 1101 844 1167 ruta,
868 1095 976 1152 sed
1025 1094 1418 1150 albidioribus
1457 1109 1814 1166 semperque
1845 1089 2139 1147 manenti-

489 1188 630 1246 bus.
660 1186 849 1243 Arbor
878 1188 1080 1240 autem
1107 1183 1478 1249 balsamum,
1510 1183 1742 1252 lignum
1766 1179 2138 1238 chirobalsa-

490 1293 683 1345 mum,
713 1275 776 1331 id
801 1278 889 1330 est
916 1271 1297 1329 ramusculus
1326 1272 1456 1343 ejus
1495 1271 1730 1341 dicitur,
1766 1271 1993 1326 fructus
2022 1270 2141 1324 sive

491 1381 698 1423 semen
759 1362 1315 1436 carpobalsamum,
1366 1377 1580 1417 succus
1651 1359 2140 1434 opobalsamum.

493 1455 667 1522 Quod
705 1453 840 1509 ideo
867 1469 1002 1508 cum
1057 1451 1388 1522 adjectione
1435 1451 1823 1520 significatur,
1855 1465 1926 1505 eo
1975 1447 2144 1520 quod

491 1560 813 1620 percussus
835 1543 1038 1600 ferreis
1069 1540 1309 1612 ungulis
1334 1546 1532 1596 cortex
1553 1540 1697 1609 ligni
1715 1556 1823 1613 per
1852 1553 2144 1595 cavernas

2247 378 2600 452 probantur,
2635 381 2761 433 sine
2816 378 3038 450 quibus
3082 383 3185 434 aut
3232 395 3352 434 non
3406 385 3601 452 potest
3631 381 3940 438 incedere

2248 483 2486 541 corpus,
2502 473 2607 524 aut
2621 469 2720 522 vix
2740 467 3106 523 offendendo
3128 468 3369 524 incedit.
3391 470 3454 524 In
3471 471 3699 542 quibus
3729 473 3940 527 sancti

2248 557 2522 613 doctores
2546 556 2954 625 intelliguntur
2985 556 3274 629 spirituali
3312 559 3446 614 visu
3475 559 3760 616 caelestia
3794 578 3942 617 con-

2249 645 2625 718 templantes,
2653 645 2757 718 qui
2787 650 3026 716 propter
3055 646 3496 719 simplicitatem
3523 654 3582 705 et
3626 649 3940 706 innocen-
3965 691 3968 693 λ

2249 736 2394 791 tiam
2425 735 2721 790 columba
2765 739 3216 807 comparantur.
3253 738 3504 792 Possunt
3522 737 3706 794 etiam
3743 744 3811 795 et
3842 757 3941 796 sa-

2251 823 2520 880 cerdotes
2542 828 2702 879 recto
2731 823 2942 879 ordine
2971 823 3237 893 intelligi,
3267 825 3491 896 quibus
3522 835 3939 885 sacrosancta

2249 913 2537 986 mysteria
2560 913 2883 969 commissa
2905 917 3062 979 sunt,
3079 913 3140 968 in
3161 929 3424 986 quorum
3439 914 3559 971 ﬁde
3589 917 3938 974 decoratur

2251 1002 2528 1068 Ecclesia,
2557 1001 2616 1056 in
2639 1017 2900 1074 quorum
2929 1001 3052 1058 vita
3079 1002 3469 1060 immaculata
3495 1004 3935 1078 frequentibus

2248 1091 2530 1148 laudibus
2562 1091 2937 1147 sublimatur.
2963 1091 3214 1148 Pulchra
3236 1109 3503 1166 namque
3525 1100 3614 1150 est
3643 1097 3935 1153 mundis-

2251 1183 2470 1236 simam
2502 1181 2622 1235 Deo
2650 1180 2961 1236 scientiam
2988 1181 3348 1246 exhibendo,
3373 1183 3624 1255 pulchra
3650 1185 3934 1242 inimicis

2251 1274 2309 1325 et
2334 1268 2542 1325 alienis
2575 1285 2611 1324 a
2638 1268 2758 1324 ﬁde
2786 1269 2998 1324 Christi
3037 1270 3617 1343 irreprehensibilem
3661 1290 3933 1331 conver-

2251 1359 2543 1414 sationem
2573 1357 2990 1414 monstrando.
3015 1359 3349 1414 Adducitur
3368 1364 3426 1416 et
3454 1362 3620 1417 tertia
3649 1362 3931 1434 pulchri-

2251 1447 2472 1504 tudinis
2516 1446 2647 1502 laus
2695 1447 2756 1502 in
2804 1447 3081 1502 acumine
3109 1447 3444 1504 oculorum.
3478 1450 3926 1508 Columbamm

2253 1537 2412 1591 enim
2443 1540 2681 1605 natura,
2706 1553 2887 1609 super
2917 1536 3014 1592 illa
3044 1553 3179 1608 qua
3201 1537 3486 1606 diximus,
3510 1545 3567 1595 et
3590 1541 3707 1596 hcc
3734 1559 3924 1614 pecu-

492 1633 693 1691 eximii
711 1631 915 1688 odoris
933 1635 1164 1700 guttam
1184 1629 1450 1685 distillat.
1471 1632 1741 1686 Caverna
1759 1628 1920 1684 enim
1943 1630 2142 1684 Graco
2181 1644 2225 1698 Β
2252 1627 2396 1682 liare
2425 1625 2646 1681 habere
2678 1627 2988 1698 probatur,
3020 1631 3084 1683 ut
3113 1627 3301 1683 hostis
3323 1628 3648 1685 adventum
3682 1636 3828 1702 post
3856 1648 3920 1687 se

493 1737 769 1780 sermone
795 1721 888 1796 6ρή
934 1720 1168 1776 dicitur.
1197 1721 1379 1791 Cujus
1406 1724 1634 1788 guttam
1665 1718 2006 1774 adulterant
2036 1715 2143 1772 ad-

493 1812 673 1869 misto
715 1809 977 1882 Cyprino
1013 1809 1144 1864 oleo
1186 1807 1279 1864 vel
1309 1807 1503 1864 melle.
1536 1807 1818 1864 Balsama
1865 1811 2066 1863 autem
2097 1805 2146 1860 si

491 1917 649 1976 pura
677 1899 915 1969 fuerint,
947 1902 1178 1954 tantam
1205 1898 1327 1953 vim
1367 1896 1612 1964 habent,
1646 1902 1710 1952 ut
1740 1896 1787 1952 si
1819 1895 1908 1951 sol
1933 1909 2146 1951 excan-

493 1990 707 2054 duerit,
740 1988 1014 2044 sustineri
1037 1987 1098 2042 in
1146 2002 1332 2044 manu
1359 2002 1483 2042 non
1531 1987 1785 2059 possint.
1820 1989 1897 2041 De
1925 1984 2148 2057 quibus

492 2076 678 2132 vineis
727 2075 901 2132 multi
947 2091 1118 2146 reges
1171 2074 1765 2148 transplantaverunt
1821 2072 2150 2130 arbuscula

491 2164 751 2224 balsami
773 2166 835 2221 in
865 2164 1014 2233 aliis,
1046 2164 1193 2221 locis
1219 2164 1314 2220 vel
1343 2165 1533 2228 terris,
1565 2165 1732 2238 quod
1761 2170 1819 2221 et
1843 2167 2148 2220 Romanos

492 2254 702 2312 fecisse
729 2254 964 2324 legitur,
993 2258 1049 2310 et
1079 2253 1317 2326 penitus
1367 2254 1636 2310 radicare
1681 2258 1785 2310 aut
1823 2253 2019 2308 vivere
2043 2267 2147 2306 ne-

492 2341 833 2415 quiverunt.
855 2341 1019 2398 Unde
1039 2341 1267 2397 factum
1293 2345 1403 2413 est,
1427 2342 1577 2398 sicut
1605 2357 1790 2414 supra
1817 2340 2146 2409 innuimus,

493 2436 561 2488 ut
587 2432 650 2487 in
677 2430 892 2488 eodem
923 2430 1016 2487 vel
1054 2431 1188 2486 loco
1218 2431 1314 2487 vel
1357 2431 1420 2487 in
1467 2432 1696 2488 eisdem
1747 2430 1972 2486 finibus
2022 2444 2150 2485 ma-

493 2533 684 2588 gnum
704 2516 972 2574 studium
989 2517 1376 2574 adhiberetur
1396 2534 1432 2574 a
1453 2518 1696 2587 regibus
1725 2517 1786 2572 in
1807 2515 2149 2588 plantandis

493 2605 680 2662 vineis
727 2606 1101 2677 gignentium
1148 2606 1444 2663 balsama.
1475 2609 1541 2662 Et
1587 2623 1724 2679 qua
1752 2606 1826 2660 sit
1849 2621 2055 2674 causa,
2086 2608 2151 2659 ut

493 2695 556 2751 in
580 2694 746 2752 nullo
775 2695 994 2768 cespite
1025 2696 1383 2768 proveniant
1410 2695 1596 2751 vinea
1650 2694 1764 2750 nisi
1793 2695 1854 2749 in
1887 2693 2016 2750 sola
2043 2697 2151 2748 En-

495 2783 680 2855 gaddi
707 2800 905 2857 opera
932 2785 1189 2856 pretium
1221 2790 1313 2840 est
1355 2783 1698 2854 intelligere.
1731 2786 1901 2852 Reor,
1931 2789 1997 2838 ut
2025 2782 2151 2854 qui-

495 2873 639 2929 dam
661 2873 745 2928 ait
761 2872 1100 2940 doctorum,
1119 2873 1280 2928 hunc
1306 2889 1555 2929 succum
1574 2873 1792 2928 harum
1811 2872 2148 2941 vinearum,

494 2961 673 3017 unius
718 2960 859 3017 ﬁdei
901 2962 1344 3018 confessionem
1395 2961 1640 3032 intelligi
1668 2966 1883 3034 typum
1928 2965 2147 3030 tenere,

495 3050 558 3106 in
577 3067 701 3123 qua
730 3067 870 3122 spes
903 3051 1171 3108 consistit
1196 3050 1487 3123 ﬁdelium,
1519 3051 1578 3106 in
1609 3067 1734 3124 qua
1765 3050 2003 3121 singula
2032 3065 2150 3106 me-

495 3138 766 3195 dicinalis
814 3139 965 3196 odor
1012 3139 1211 3196 bonus
1257 3139 1487 3207 Christi,
1520 3141 1708 3196 vitam
1756 3141 2008 3196 mortuis
2029 3140 2151 3195 ani-

494 3227 718 3284 mabus
748 3227 1006 3284 reddens
1037 3227 1372 3299 germinare
1398 3228 1708 3301 probatur.
1741 3229 1820 3283 De
1865 3244 1988 3300 qua
2014 3243 2151 3283 con-

495 3315 750 3373 fessione
775 3333 1154 3390 quacunque
1177 3333 1324 3387 gens
1353 3317 1447 3374 vel
1475 3319 1679 3375 anima
1709 3318 1882 3374 malis
1914 3317 2149 3374 cultori-

494 3403 633 3471 bus,
652 3403 749 3459 vel
769 3404 1058 3460 bareticis
1077 3405 1361 3477 decerpta
1382 3405 1474 3462 vel
1510 3406 1947 3478 transplantata
1976 3406 2148 3461 fuerit

496 3490 730 3546 arescit.
762 3491 936 3555 Quod
955 3491 1157 3546 multis
1187 3493 1510 3548 animabus
1539 3495 1813 3550 evenisse
1838 3494 2144 3566 probatur,

495 3593 620 3650 qua
661 3593 724 3633 se
767 3575 847 3632 ab
890 3593 1016 3633 una
1065 3578 1380 3635 verissima
1430 3581 1719 3652 praedicta
1773 3581 2147 3638 confessione

493 3665 634 3722 ﬁdei
671 3664 888 3724 evulsa
920 3671 979 3722 et
1005 3665 1278 3723 arefacta
1327 3669 1616 3736 gehenna
1660 3669 1955 3742 pabulum
2001 3686 2150 3743 pra-

494 3755 772 3813 buerant.
809 3759 954 3812 Nam
978 3756 1130 3813 sicut
1157 3772 1379 3830 corpus
1412 3757 1538 3814 sine
1590 3775 1728 3816 esca
1757 3764 1814 3816 et
1837 3764 1985 3832 potu
2011 3760 2148 3816 sub-

497 3845 702 3904 sistere
745 3861 870 3902 non
920 3849 1134 3920 potest,
1172 3846 1255 3903 ita
1300 3847 1576 3904 Ecclesia
1623 3865 1770 3906 voce
1813 3849 2149 3906 declaratur

497 3936 625 3993 sine
665 3936 840 3993 botro
887 3936 994 4009 qui
1035 3940 1124 3992 est
1168 3936 1456 4005 Christus,
1485 3943 1708 3996 aterna
1750 3939 1871 3996 vita
1895 3939 1970 3995 de
1995 3939 2146 3996 coelo

493 4025 886 4096 descendens,
909 4026 1108 4082 vivere
1146 4042 1270 4082 non
1292 4042 1489 4100 posse,
1521 4029 1668 4102 quia
1708 4031 1772 4086 in
1812 4029 1977 4086 nulla
2028 4029 2147 4086 alia

495 4119 654 4172 terra
675 4115 1178 4188 repromissionis,
1208 4115 1271 4171 in
1319 4117 1484 4175 nulla
1531 4118 1649 4175 alia
1699 4119 1879 4175 vinea
1919 4118 2033 4174 nisi
2083 4119 2146 4174 in

493 4203 683 4260 vineis
712 4204 988 4276 Eugaddi
1034 4204 1114 4262 ab
1160 4205 1556 4264 esurientibus
1603 4211 1660 4264 et
1687 4207 2021 4264 sitientibus
2047 4209 2145 4279 ju-

495 4291 652 4349 stitia
678 4293 994 4364 invenitur,
1017 4293 1077 4350 id
1107 4298 1199 4351 est
1247 4294 1308 4350 in
1340 4294 1505 4351 nulla
1536 4295 1997 4366 congregatione
2025 4296 2146 4352 ha-

493 4381 833 4452 reticorum,
860 4382 922 4438 in
951 4381 1118 4440 nulla
1147 4388 1308 4440 secta
1337 4383 1859 4457 philosophorum,
1890 4385 1952 4440 in
1979 4385 2146 4442 nulla

493 4472 839 4531 adulatione
867 4471 1411 4542 schismaticorum,
1438 4473 1544 4532 ubi
1574 4473 1625 4530 si
1674 4474 2146 4547 transplantatus

492 4563 669 4620 fuerit
718 4562 954 4637 aliquis,
999 4561 1285 4636 deceptus
1329 4563 1732 4636 perversitatis
1783 4579 1906 4619 sua
1958 4563 2144 4630 fama,

491 4652 722 4727 deperit
740 4652 1052 4711 arefactus.
1075 4653 1212 4710 Hac
1230 4652 1496 4726 profecto
1526 4652 1859 4724 intelligens
1885 4652 2148 4710 Ecclesia

491 4743 574 4799 ait
604 4761 619 4800 :
653 4762 685 4796 ‹
727 4746 934 4800 Botrus
973 4743 1171 4816 Cypri,
1199 4743 1448 4801 dilectus
1472 4760 1647 4800 meus
1673 4743 1841 4813 mihi,
1868 4743 1932 4800 in
1959 4741 2147 4800 vineis

493 4829 785 4896 Engaddi.
823 4853 852 4882 »
881 4832 1158 4904 Sequitur
1186 4852 1198 4890 :

567 4932 596 4960 κ
619 4915 764 4998 Ecce
780 4919 844 4970 tu
864 4919 1116 4988 pulchra
1132 4937 1218 4993 es,
1233 4923 1432 4979 amica
1451 4939 1608 4992 mea,
1623 4939 1760 4981 ecce
1781 4929 1842 4980 tu
1865 4924 2142 4998 pulchra:

495 5019 524 5046 «
556 4997 714 5054 oculi
730 5001 811 5055 tui
829 5003 1272 5062 columbarum.
1291 5030 1320 5058 »
1346 5014 1477 5065 Post
1496 5027 1789 5079 genarum
1814 4997 1875 5066 et
1890 5012 2024 5066 colli
2049 5013 2147 5066 de-

493 5100 699 5142 coram
729 5102 965 5158 sponsa
991 5090 1185 5148 vicem
1214 5095 1523 5152 reddendo
1550 5098 1862 5154 oculorum
1890 5097 2147 5168 pulchri-

493 5173 640 5231 tudo
667 5173 949 5232 laudatur
973 5176 1035 5231 in
1057 5176 1372 5236 doctorum
1399 5183 1772 5256 simplicitate
1799 5199 2066 5254 suorum,
2091 5191 2146 5243 et

492 5262 795 5335 geminato
842 5265 1145 5337 praconio
1186 5268 1504 5326 absconso.
1538 5274 1603 5326 Et
1651 5271 1831 5326 totius
1881 5278 2145 5346 corporis

491 5352 894 5427 pulchritudo,
923 5358 981 5412 et
1006 5353 1260 5424 lumina,
1293 5357 1716 5414 columbarum
1764 5359 1954 5416 oculis
1985 5381 2145 5420 com-

491 5446 804 5518 parantur.
837 5447 904 5499 Et
929 5442 1012 5498 illi
1032 5449 1460 5517 comparantur
1487 5452 1790 5516 creatura,
1813 5465 1950 5523 qua
1977 5469 2145 5509 man-

490 5533 825 5603 suetudine,
854 5531 1235 5606 fecunditate,
1286 5535 1564 5592 acumine
1615 5537 1793 5609 visus,
1839 5541 2143 5600 velocitate

489 5639 852 5701 pennarum,
877 5621 1163 5682 omnibus
1177 5623 1413 5698 aligeris
1429 5626 1836 5688 animantibus
1859 5638 2144 5704 praestan-

2253 1715 2328 1771 de
2375 1713 2574 1784 longe,
2603 1719 2739 1771 ante
2783 1731 2845 1770 se
2889 1715 2948 1770 in
2981 1731 3145 1788 aqua
3193 1716 3552 1788 speculetur,
3581 1719 3916 1775 adventum

2254 1803 2475 1860 scilicet
2501 1803 2818 1876 accipitris,
2851 1821 2926 1860 ne
2953 1804 3148 1878 pullos
3179 1821 3386 1878 rapere
3418 1808 3610 1878 possit
3640 1809 3917 1865 conside-

2254 1896 2364 1948 rat.
2395 1891 2485 1948 Sic
2521 1891 2803 1947 nimirum
2857 1893 3049 1948 sancti
3097 1893 3372 1950 doctores
3427 1895 3810 1968 simplicitate
3861 1903 3918 1953 et

2253 1981 2593 2037 innocentia
2651 1981 2905 2054 praditi,
2934 1983 3018 2037 sic
3078 1983 3422 2040 sacerdotes
3472 1986 3745 2042 Ecclesia
3777 2004 3916 2044 acu-

2257 2071 2415 2126 mine
2461 2087 2585 2125 sua
2633 2071 3156 2144 contemplationis
3203 2073 3462 2130 coelestia
3501 2076 3913 2150 contemplan-

2256 2164 2368 2216 tur.
2420 2161 2609 2231 Super
2649 2159 2875 2216 ﬂuenta
2927 2161 3366 2232 Seripturarum
3397 2163 3749 2221 meditando
3772 2165 3918 2220 resi-

2255 2248 2416 2314 dent,
2459 2253 2516 2304 et
2558 2249 2808 2304 insidias
2855 2249 3099 2312 diaboli,
3131 2251 3236 2323 qui
3275 2252 3510 2308 animas
3541 2253 3916 2310 credentium

2256 2353 2466 2408 rapere
2492 2337 2747 2405 festinat,
2781 2339 3250 2395 commonitione
3278 2357 3627 2397 sermonum
3657 2343 3776 2398 suis
3804 2358 3915 2396 au-

2256 2426 2552 2482 ditoribus
2583 2433 2647 2483 ut
2691 2433 2942 2484 caveant
2993 2430 3375 2501 pronuntiare
3414 2437 3712 2500 satagunt,
3744 2431 3904 2486 ideo-

2256 2530 2374 2587 que
2419 2515 2480 2570 in
2537 2515 2754 2572 talibus
2810 2516 3191 2589 pulchritudo
3241 2517 3508 2572 Ecclesia
3559 2518 3638 2573 ab
3671 2533 3899 2590 sponsa

2255 2602 2554 2659 laudatur.
2609 2605 2772 2660 Unde
2829 2605 3139 2677 pulchram
3194 2609 3250 2660 et
3305 2605 3615 2677 pulchram
3667 2605 3901 2679 repetit,

2256 2693 2400 2764 quia
2428 2692 2586 2748 hanc
2611 2693 2670 2749 in
2701 2694 2785 2749 eis
2811 2699 2867 2750 et
2895 2693 3312 2766 pradicatione
3339 2699 3394 2750 et
3419 2694 3654 2751 actione
3698 2694 3909 2752 lauda-

2257 2781 2440 2838 bilem
2469 2782 2634 2839 vidit.
2671 2785 2947 2856 Sequitur
2979 2803 2991 2840 :

2331 2895 2359 2921 «
2393 2875 2537 2928 Ecce
2560 2877 2622 2928 tu
2642 2873 2891 2944 pulcher
2920 2890 3002 2940 es,
3033 2875 3244 2931 dilecte
3273 2873 3375 2942 mi,
3396 2878 3455 2929 et
3480 2873 3769 2941 decorus;
3799 2873 3910 2930 lec-

2260 2982 2288 3011 ‹‹
2331 2960 2488 3015 tulus
2511 2965 2713 3019 noster
2734 2961 3007 3019 ﬂoridus.
3026 2987 3054 3013 »
3068 2966 3188 3019 Vox
3210 2963 3478 3019 Ecclesia
3495 2962 3573 3018 ad
3592 2963 3906 3026 Christum,

2258 3053 2340 3106 Ac
2367 3050 2414 3106 si
2435 3049 2595 3107 dicat
2618 3069 2630 3106 :
2656 3055 2739 3108 Tu
2762 3051 2926 3108 solus
2947 3053 3196 3125 pulcher
3215 3069 3299 3120 es,
3319 3068 3430 3122 ego
3462 3069 3534 3108 ex
3559 3058 3614 3108 te
3635 3053 3904 3125 pulchra.

2259 3139 2329 3194 Et
2357 3139 2502 3211 quia
2548 3140 2816 3210 intelligit
2841 3157 2963 3197 non
2991 3141 3116 3197 suis
3170 3141 3394 3198 meritis
3409 3141 3818 3212 justiﬁcatam,
3853 3146 3911 3197 et

2255 3227 2762 3301 pulchritudinem
2795 3230 3076 3287 virtutum
3125 3231 3204 3288 ab
3252 3231 3385 3304 ipso
3425 3231 3746 3303 accepisse,
3778 3247 3908 3286 suc-

2257 3333 2438 3374 censa
2467 3318 2527 3374 in
2557 3319 2687 3390 ejus
2731 3335 2958 3387 amore,
2980 3320 3189 3377 laudat
3219 3321 3348 3391 ejus
3377 3319 3904 3392 pulchritudinem.

2257 3409 2384 3461 Non
2414 3411 2608 3478 potest
2638 3406 2853 3479 aliquis
2899 3408 3240 3481 cujuspiam
3286 3425 3468 3481 quem
3515 3407 3704 3479 diligit
3731 3408 3907 3464 mini-

2255 3512 2371 3565 me,
2404 3495 2683 3552 decorem
2721 3496 2988 3563 laudare,
3025 3514 3134 3554 nec
3165 3503 3357 3570 potest
3393 3513 3534 3553 eum
3583 3499 3754 3568 cujus
3785 3513 3910 3553 mo-

2253 3585 2420 3641 ribus
2448 3601 2571 3641 non
2601 3587 2930 3642 concordat
2953 3586 3220 3659 diligere,
3254 3589 3407 3643 sicut
3461 3587 3778 3660 Apostolus
3805 3587 3911 3642 do-

2255 3680 2346 3732 cet
2372 3675 2580 3732 dicens
2607 3694 2619 3731 :
2647 3699 2674 3725 ‹‹
2703 3680 2907 3744 Nemo,
2935 3677 3144 3750 inquit,
3170 3677 3422 3750 loquens
3445 3677 3507 3733 in
3542 3677 3755 3750 Spiritu
3781 3676 3905 3744 Dei,

2255 3765 2396 3822 dicit
2454 3766 2779 3822 anathema
2834 3767 2992 3823 Jesu.
3052 3770 3119 3822 Et
3164 3767 3366 3823 nullus
3413 3767 3555 3823 dicit
3588 3766 3908 3822 Dominum

2251 3857 2474 3926 Jesum,
2518 3855 2635 3911 nisi
2686 3856 2747 3912 in
2792 3857 3009 3929 Spiritu
3061 3863 3270 3913 sancto
3311 3857 3371 3927 (Ι
3395 3857 3536 3913 Cor.
3578 3859 3696 3926 χιι).
3727 3875 3756 3908 ι
3809 3857 3907 3912 ille

2254 3960 2396 4014 ergo
2447 3944 2950 4018 pulchritudinem
2986 3946 3368 4019 speciemque
3414 3945 3609 4002 dilecti
3654 3945 3769 4000 Filii
3798 3945 3907 4000 Dei

2253 4038 2309 4089 et
2336 4033 2536 4089 videre
2561 4039 2756 4106 potest
2795 4039 2854 4090 et
2877 4033 3184 4091 laudando
3213 4034 3513 4102 extollere,
3541 4033 3638 4107 qui
3677 4034 3900 4088 sanctis

2253 4122 2535 4193 operibus
2580 4123 2854 4196 spiritum
2902 4123 3032 4194 ejus
3069 4123 3130 4178 in
3179 4139 3288 4179 sua
3326 4123 3630 4179 retinuerit
3680 4125 3907 4194 mente,

2253 4210 2510 4282 ideoque
2541 4213 2821 4283 prasenti
2846 4212 3002 4280 loco,
3031 4212 3296 4269 Ecclesia
3324 4208 3506 4285 plena
3533 4211 3740 4285 spiritu
3761 4212 3914 4267 veri-

2256 4298 2410 4369 tatis,
2439 4299 2590 4355 sicut
2606 4301 2734 4374 ipse
2766 4318 3026 4374 sponsus
3048 4302 3326 4376 superius
3356 4301 3632 4368 ostendit,
3665 4301 3909 4358 dicens:

2256 4391 2403 4444 Ecce
2454 4393 2516 4444 tu
2539 4389 2792 4463 pulchra
2846 4409 2930 4458 es,
2959 4393 3158 4449 amica
3183 4408 3340 4458 mea,
3372 4415 3400 4442 »
3432 4391 3526 4448 ille
3552 4391 3658 4464 qui
3688 4391 3749 4447 in
3779 4408 3914 4464 spe-

2255 4477 2406 4534 ciem
2434 4478 2731 4535 columba
2755 4480 2818 4536 in
2843 4481 3106 4538 Jordane
3140 4482 3215 4538 de
3254 4482 3405 4538 calo
3445 4495 3626 4553 super
3676 4497 3917 4537 assum-

2252 4571 2424 4640 ptum
2453 4567 2762 4624 hominem
2791 4569 3118 4639 descendit,
3146 4576 3203 4627 et
3244 4570 3750 4644 pulchritudinem
3778 4587 3916 4626 cor-

2252 4656 2414 4729 poris
2443 4658 2572 4729 ejus
2605 4657 2730 4714 sine
2771 4664 3039 4732 peccato,
3071 4666 3128 4716 et
3177 4661 3454 4717 decorem
3503 4675 3659 4715 vera
3691 4660 3913 4716 anima

2255 4745 2384 4802 sine
2412 4746 2730 4804 mendacio
2759 4752 2818 4804 et
2841 4749 2982 4805 dolo
3011 4763 3373 4818 agnoscens,
3397 4748 3704 4820 reciproca
3730 4750 3918 4819 gemi-

2252 4841 2516 4910 nataque
2561 4835 2726 4893 eﬂert
2772 4837 2953 4893 laude
2984 4837 3281 4893 dicendo:
3316 4860 3344 4890 ‹‹
3372 4840 3519 4893 Ecce
3549 4841 3614 4892 tu
3663 4837 3918 4909 pulcher

2254 4943 2338 4990 es,
2390 4927 2599 4984 dilecte
2646 4927 2751 4995 mi,
2781 4932 2838 4983 et
2865 4928 3120 4984 decorus
3149 4927 3400 4984 lectulus
3429 4931 3633 4983 noster
3659 4926 3918 4984 ﬂoridus

2255 5014 2492 5085 (Ephes.
2515 5015 2594 5085 v).
2622 5037 2650 5064 »
2673 5016 2956 5080 Quamvis
2981 5015 3203 5070 scilicet
3229 5015 3449 5071 decora
3468 5015 3649 5070 facies
3675 5015 3767 5071 vel
3789 5031 3922 5087 pre-

2253 5101 2404 5156 tiosa
2437 5102 2618 5156 vestis
2665 5105 2993 5174 pretiosum
3022 5103 3299 5160 ostendat
3343 5119 3581 5177 sponsa
3618 5119 3918 5176 sponsum

2251 5188 2461 5261 procul
2491 5189 2775 5260 positum,
2821 5197 3024 5248 tamen
3074 5209 3265 5266 usque
3299 5193 3379 5249 ad
3423 5191 3620 5248 lectuli
3663 5193 3920 5264 conjun-

2253 5276 2509 5334 ctionem
2531 5283 2882 5336 caterorum
2902 5282 3319 5339 membrorum
3340 5282 3622 5338 decorem
3647 5281 3913 5352 ignorat.

2255 5368 2368 5426 Sed
2403 5367 2502 5424 ubi
2534 5367 2832 5426 celebrata
2863 5371 3041 5428 fuerit
3067 5372 3276 5444 legalis
3305 5371 3673 5444 conjunctio,
3705 5375 3766 5427 et
3793 5371 3917 5428 duo

2251 5457 2443 5512 effecti
2470 5457 2686 5514 fuerint
2714 5474 2856 5515 caro
2887 5477 3011 5517 una
3038 5462 3376 5518 secundum
3410 5461 3768 5517 sententiam
3797 5460 3920 5534 pri-

2252 5544 2334 5598 mi
2359 5544 2639 5614 hominis,
2667 5548 2833 5620 quod
2886 5555 3332 5606 sacramentum
3383 5548 3669 5619 magister
3696 5549 3919 5604 Paulus

2251 5633 2315 5689 in
2341 5635 2571 5694 Christo
2607 5643 2665 5694 et
2691 5637 2755 5694 in
2780 5639 3042 5697 Ecclesia
3082 5639 3381 5713 perlatum
3429 5638 3684 5696 asseruit
3710 5639 3836 5696 :ita
3862 5642 3924 5697 et
