4092 6176
225 181 321 235 585

1422 172 1675 228 ENARB.
1718 171 1784 226 IN
1825 165 2130 224 CANTICA
2169 168 2437 225 CANTIC.

3531 179 3636 234 586

225 299 495 374 praedicta
543 295 744 352 amica
786 309 977 367 usque
1016 294 1096 350 ad
1127 293 1445 367 sepulturae
1476 293 1639 350 diem
1671 291 1876 350 dilexit
1902 293 1951 344 A
1980 292 2257 348 membra
2283 296 2472 362 sanet,
2504 307 2739 348 vermes
2785 291 3056 349 ulcerum
3107 299 3296 364 necet,
3325 299 3384 353 et
3427 313 3464 354 a
3501 315 3636 355 mu-

221 389 452 462 quidem
501 384 907 442 desiderando
947 384 1076 453 ejus
1101 383 1446 453 adventum,
1477 382 1674 438 visum
1706 397 1874 437 oscu-

222 481 517 551 latumque
541 475 836 544 laudavit,
868 473 971 529 sed
1001 478 1204 530 tamen
1233 473 1433 529 omnis
1460 488 1652 542 amor,
1685 471 1874 528 omni-

220 585 357 636 sque
386 566 619 640 species
647 563 878 621 decoris
908 563 1037 634 ejus
1065 578 1100 618 a
1125 568 1396 636 tempore
1423 561 1872 617 resurrectionis

224 673 410 730 usque
455 656 534 712 ad
585 655 968 712 constitutum
1017 652 1361 724 terminum,
1393 651 1471 708 ad
1518 651 1870 708 effusionem

228 743 528 814 sanguinis
569 758 678 816 pro
720 743 849 812 ejus
890 741 1135 798 nomine
1183 739 1528 813 pervenisse
1559 739 1867 812 probatur.

231 832 459 885 Lectum
484 843 744 899 namque
769 825 1071 893 ﬂoridum,
1097 824 1158 880 id
1180 829 1270 880 est
1294 840 1576 898 sparsum
1595 823 1866 892 ﬂoribus,

234 918 325 975 ubi
354 919 480 989 ejus
510 915 1026 991 pulchritudinem,
1055 915 1456 987 decoremque
1483 913 1545 970 in
1583 912 1868 970 omnibus

230 1006 506 1063 membris
534 1005 792 1075 agnovit,
825 1005 1172 1077 sepulcrum
1201 1003 1435 1060 Domini
1461 1018 1569 1076 per
1587 1001 1871 1072 aenigma-

225 1099 280 1152 ta
300 1095 376 1151 ab
399 1094 654 1152 Ecclesia
669 1093 1014 1165 intelligitur
1033 1093 1280 1160 dictum,
1299 1092 1401 1148 ubi
1416 1091 1580 1165 quod
1597 1106 1870 1162 assump-

219 1188 366 1240 serat
396 1199 613 1256 corpus
646 1183 913 1239 Verbum
961 1182 1171 1250 Patris,
1202 1181 1523 1238 recubasse
1553 1179 1864 1252 probatur.

219 1273 475 1330 Floridus
505 1277 708 1330 autem
737 1272 926 1329 lectus
949 1273 1112 1343 justa
1142 1272 1372 1328 ratione
1393 1270 1774 1344 praedicatur,
1805 1269 1868 1324 in

214 1379 326 1435 quo
371 1367 649 1418 aromata
675 1361 772 1417 vel
825 1360 954 1417 aloe
1011 1377 1148 1434 quae
1193 1360 1269 1416 de
1317 1359 1520 1416 multis
1552 1358 1868 1432 speciebus

212 1451 534 1508 herbarum
586 1451 780 1508 succis
846 1450 940 1506 vel
985 1449 1232 1506 ﬂoribus
1281 1453 1406 1505 arte
1469 1447 1869 1521 pigmentaria

211 1541 564 1614 composita,
598 1557 739 1597 cum
771 1539 981 1596 Christi
1029 1553 1278 1612 corpore
1324 1537 1669 1594 intromissa
1706 1540 1864 1608 sunt,

1982 397 2220 438 scarum
2243 381 2463 438 aculeis
2493 386 2783 454 peruncta
2831 398 3085 456 corpora
3126 383 3426 443 defendat.
3456 389 3638 460 Cujus

1980 470 2211 527 arboris
2239 471 2403 542 ligno
2429 488 2568 528 cum
2599 488 2760 545 aqua
2785 472 2924 528 viva
2953 477 3011 528 et
3048 472 3334 531 fasciculo
3362 475 3632 550 hyssopi,

1980 575 2159 616 cocco
2186 559 2426 632 alligato
2453 560 2512 616 in
2538 576 2685 617 vase
2727 561 2907 628 fictili,
2936 567 3321 633 peccatorum
3347 565 3638 621 emunda-

1981 647 2059 703 tio
2084 662 2190 720 per
2216 648 2623 720 aspersionem
2656 649 2717 704 in
2743 649 2931 705 Veteri
2959 650 3344 708 Testamento
3377 652 3637 710 celebra-

1979 739 2092 792 tur.
2121 736 2293 802 Quod
2344 752 2506 794 nunc
2557 738 2618 793 in
2670 738 2914 796 veritate
2965 754 3073 812 per
3104 741 3498 813 sacerdotem,
3529 758 3637 816 per

1977 825 2350 899 baptismum
2381 830 2438 882 et
2457 842 2564 898 per
2592 827 2948 897 sanguinem
2981 829 3210 899 Christi,
3233 831 3339 904 qui
3362 832 3541 888 unius
3570 832 3638 888 ﬁ-

1977 915 2074 972 dei
2103 915 2512 972 multitudines
2533 932 2640 989 per
2663 916 2886 973 fascem
2903 917 3338 992 eircumplexas
3366 937 3403 978 a
3425 920 3634 979 diabo-

1976 1003 2017 1061 li
2046 1005 2420 1061 infestatione
2459 1004 2807 1072 defendens,
2841 1010 3063 1064 aeterna
3111 1013 3169 1064 et
3210 1010 3272 1065 in
3321 1011 3635 1085 temporali

1976 1098 2363 1166 peccatorum
2392 1093 2746 1150 remissione
2793 1093 3078 1151 celebrari
3108 1096 3377 1154 docetur.
3411 1101 3633 1155 Domus

1981 1182 2249 1238 videlicet
2278 1182 2400 1238 Filii
2428 1182 2529 1238 Dei
2559 1187 2616 1238 et
2659 1182 2956 1250 Ecclesiae,
2981 1185 3396 1244 conventicula
3425 1188 3634 1260 populi

1978 1270 2310 1338 Christiani,
2326 1270 2431 1327 ubi
2454 1271 2740 1344 praedicta
2760 1271 3095 1346 redemptio
3117 1273 3460 1332 animarum
3483 1277 3634 1334 cele-

1975 1354 2202 1424 bratur,
2230 1357 2293 1412 in
2318 1361 2442 1415 toto
2469 1359 2700 1416 mundo
2729 1376 2857 1416 esse
2879 1365 3227 1418 noscuntur.
3249 1365 3391 1428 Quae
3416 1362 3635 1430 domus

1975 1444 2050 1501 de
2092 1446 2457 1514 doctoribus,
2498 1449 2620 1505 imo
2675 1465 2712 1505 a
2757 1449 3122 1519 doctoribus,
3155 1467 3365 1508 eorum
3415 1451 3638 1509 scilicet

1975 1533 2262 1591 doctrinae
2308 1536 2680 1594 ferramentis
2722 1537 2939 1595 dolatis
2977 1539 3256 1596 fabricari
3282 1540 3636 1614 probantur,

210 1630 429 1703 quibus
458 1645 528 1686 eo
557 1632 906 1699 resurgente
939 1628 1284 1702 sepulcrum
1323 1632 1412 1684 est
1436 1642 1772 1700 aspersum.
1804 1631 1866 1682 In
1896 1647 1939 1703 Β
1974 1621 2036 1678 in
2065 1638 2328 1695 quorum
2347 1626 2650 1682 mentibus
2671 1627 2960 1683 Dominus
2979 1627 3318 1685 inhabitare
3330 1629 3632 1701 dignatur.

209 1719 377 1790 cujus
408 1718 679 1776 doctrina
712 1717 988 1780 Ecclesia,
1020 1717 1082 1773 id
1134 1721 1222 1773 est
1268 1715 1537 1772 ﬁdelium
1568 1714 1764 1782 turba,
1794 1714 1864 1770 li-

206 1806 495 1864 bertatem
525 1807 769 1880 invenit,
799 1806 862 1863 in
890 1811 1080 1863 morte
1114 1806 1314 1874 vitam,
1348 1805 1410 1862 in
1446 1804 1757 1878 sepultura
1788 1803 1865 1860 si-

205 1895 474 1966 lentium,
505 1897 568 1952 in
589 1896 755 1954 duris
792 1895 1105 1952 laboribus
1133 1895 1424 1968 requiem,
1453 1910 1608 1967 quos
1636 1893 1865 1950 daemo-

203 2000 352 2041 num
401 1985 608 2056 ﬂagris
660 1990 794 2042 aeta
848 1984 1195 2041 exsolvebat
1241 1983 1527 2057 quotidie,
1560 1982 1662 2039 ubi
1689 1998 1866 2039 verus

203 2073 390 2130 homo
418 2090 528 2147 per
552 2073 950 2131 inclusionem
984 2072 1271 2145 corporis,
1301 2071 1415 2128 sub
1440 2071 1766 2144 impiorum
1792 2071 1868 2127 si-

201 2163 465 2232 gnaculo
507 2166 896 2220 conversatus
936 2161 1342 2232 cognoscitur,
1381 2165 1439 2216 et
1483 2175 1661 2215 verus
1713 2163 1866 2216 Deus

201 2251 524 2320 designato
569 2250 842 2322 sepulcro
869 2249 1242 2320 resurgendo
1272 2263 1573 2318 egressus.
1609 2247 1717 2303 Ubi
1754 2247 1866 2303 sub

204 2338 513 2395 vocabulo
563 2338 763 2395 lectuli
789 2337 912 2394 Filii
953 2337 1054 2394 Dei
1101 2342 1158 2394 et
1207 2336 1480 2393 Ecclesiae
1526 2336 1864 2407 conjunctio

199 2427 534 2496 celebrata,
569 2427 675 2484 ubi
704 2444 843 2484 cum
871 2443 943 2484 eo
976 2427 1232 2484 Ecclesia
1262 2425 1672 2482 delectabilem
1701 2443 1862 2482 som-

192 2532 350 2572 num
379 2517 692 2590 passionis
717 2521 772 2574 et
791 2517 1082 2590 gaudium
1107 2521 1340 2573 internae
1360 2515 1720 2585 vigilationis
1740 2531 1862 2573 me-

195 2607 314 2663 ruit
334 2607 628 2675 invenire,
663 2607 957 2664 clamante
983 2606 1270 2680 Apostolo
1286 2605 1362 2662 ad
1385 2606 1515 2677 ejus
1538 2605 1817 2664 membra
1841 2623 1856 2662 :

201 2720 228 2748 ‹‹
250 2697 307 2752 Si
356 2696 578 2753 mortui
621 2697 761 2753 estis
809 2713 950 2753 cum
995 2697 1242 2763 Christo,
1273 2712 1409 2769 qua:
1449 2711 1689 2753 sursum
1721 2699 1862 2752 sunt

200 2787 468 2860 quaerite,
499 2786 604 2843 ubi
659 2786 922 2844 Christus
965 2792 1061 2843 est
1114 2787 1175 2842 in
1231 2787 1475 2844 dextera
1525 2787 1625 2844 Dei
1671 2786 1859 2844 Patris

199 2877 420 2945 (Calas.
452 2876 559 2949 in).
586 2899 614 2926 »
653 2875 747 2932 Ad
790 2876 961 2947 cujus
998 2876 1492 2933 resurrectionem
1539 2880 1598 2932 et
1624 2880 1858 2932 mentes

197 2965 628 3061 hominumad
657 2965 1054 3061 habitandum
1085 2965 1324 3039 Spiritui
1361 2969 1592 3061 sancto,
1621 2970 1680 3022 et
1706 2969 1860 3022 tecta
1895 3003 1940 3061 ο

194 3055 736 3126 congregationum
785 3053 1156 3111 credentium
1212 3055 1481 3127 quotidie
1517 3069 1861 3127 praeparan-

193 3150 297 3212 tur,
329 3147 525 3202 etiam
553 3144 857 3200 visibiliter
882 3160 1071 3217 quam
1117 3143 1593 3200 innumerabiles
1636 3143 1859 3199 domus

194 3235 285 3291 Dei
314 3240 371 3292 et
403 3233 690 3292 Ecclesiae
721 3234 847 3289 sine
877 3233 1211 3290 cessatione
1242 3233 1410 3289 omni
1440 3237 1707 3304 tempore
1737 3248 1862 3288 am-

193 3324 474 3397 pliantur,
512 3329 570 3380 et
620 3323 695 3379 de
721 3322 944 3396 quibus
975 3327 1079 3379 aut
1107 3339 1144 3378 a
1172 3321 1455 3395 qualibus
1487 3320 1748 3378 materiis
1780 3320 1862 3378 ta-

199 3412 522 3480 hricentur,
557 3417 662 3469 aut
714 3427 901 3484 quam
949 3411 1250 3468 durabilia
1299 3410 1418 3466 sint
1470 3409 1564 3466 vel
1619 3409 1858 3481 decora,

201 3500 398 3558 docuit
434 3500 718 3558 dicendo.

272 3593 506 3663 «Tigna
532 3592 855 3648 domorum
882 3593 1225 3646 nostrarum
1257 3587 1518 3652 cedrina,
1551 3587 1862 3662 laquearia

203 3701 231 3729 «
256 3680 668 3752 cypressina.»
698 3678 813 3736 Sed
844 3677 1157 3734 sciendum
1185 3681 1274 3734 est
1300 3677 1445 3750 quia
1473 3677 1726 3750 quidam
1756 3678 1862 3734 do-

207 3773 445 3823 ctorum
490 3769 696 3825 Lectum
716 3767 1002 3840 ﬂoridum
1030 3782 1244 3840 pacem
1268 3765 1603 3837 intelligunt
1639 3770 1862 3822 sanctae

209 3855 486 3912 Ecclesiae
515 3856 576 3913 in
599 3873 732 3930 qua,
760 3872 971 3914 secura
1000 3872 1036 3913 a
1065 3855 1324 3912 tumultu
1351 3855 1632 3911 vitiorum
1671 3859 1729 3929 et
1752 3855 1861 3911 do-

213 3945 440 4004 minata
459 3947 862 4020 malignorum
885 3946 1224 4021 spirituum,
1242 3945 1305 4002 in
1330 3945 1558 4003 Christo
1587 3945 1858 4018 quiescit,

204 4041 260 4093 et
287 4036 578 4094 virtutitus
611 4037 832 4094 sanctis
857 4036 1138 4107 ﬂorescit,
1157 4040 1214 4092 et
1230 4034 1520 4108 spirituali
1549 4035 1695 4090 ﬂore
1712 4032 1864 4088 mul-

201 4126 519 4198 tiplicatur.
555 4127 670 4185 Sed
713 4143 846 4195 nos,
881 4130 945 4182 ut
972 4125 1290 4198 coepimus,
1324 4122 1696 4196 superiorem
1728 4137 1862 4178 sen-

200 4232 330 4273 sum
356 4233 788 4291 exsequamur.
825 4216 1176 4290 Sepulcrum
1202 4213 1436 4271 Domini
1460 4211 1747 4270 lectulum
1775 4212 1864 4268 in-

197 4305 541 4378 telligimus,
574 4307 678 4363 ubi
708 4322 849 4363 caro
879 4305 1068 4379 ipsius
1086 4319 1200 4378 per
1228 4319 1506 4376 soporem
1532 4302 1740 4369 mortis
1762 4318 1863 4358 ve-

196 4361 285 4452 lut
636 4361 887 4469 quievit,
901 4361 1075 4468 quod
1091 4361 1238 4450 ‘vere
1266 4361 1468 4449 ﬂoruit
1486 4407 1594 4465 per
1611 4366 1865 4463 gloriam
1899 4361 1940 4414 Β

198 4487 674 4547 resurrectionis.
712 4487 804 4544 Ait
851 4485 1012 4544 enim
1065 4484 1306 4542 divinus
1355 4499 1590 4540 sermo:
1635 4482 1868 4554 «Tigna

200 4574 526 4636 domorum
553 4581 899 4635 nostrarum
924 4574 1189 4646 cedrina,
1211 4573 1518 4648 laquearia
1543 4576 1748 4630 nostra
1770 4589 1870 4646 cy-

199 4669 487 4736 pressina.
517 4690 552 4720 ››
578 4667 763 4738 Tigna
786 4670 844 4724 et
870 4664 1182 4739 laquearia
1225 4664 1500 4721 doctores
1548 4665 1690 4719 sunt
1717 4661 1866 4719 forte

199 4759 250 4811 et
279 4757 622 4828 auditores,
650 4757 772 4812 sive
810 4753 996 4812 corda
1040 4752 1366 4810 electorum
1403 4755 1648 4825 propter
1672 4749 1870 4807 muni-

198 4860 332 4902 men
375 4852 435 4905 et
480 4847 792 4914 decorem,
827 4843 1072 4902 cedrina
1117 4846 1176 4900 et
1225 4842 1594 4916 cypressina,
1622 4843 1868 4914 propter

198 4934 446 4994 eximias
475 4936 734 4994 virtutes
763 4934 1012 4991 odorem
1033 4932 1213 4988 bona;
1240 4931 1378 4988 vita:
1398 4935 1455 4988 et
1477 4928 1870 5002 incorruptio-

151 5093 158 5100 ,
197 5036 339 5080 num
365 5025 543 5094 dicit,
574 5024 636 5080 in
666 5023 887 5097 quibus
918 5021 1186 5078 Christus
1215 5019 1534 5094 requiescit
1561 5017 1721 5076 velut
1751 5015 1868 5072 sub

198 5113 452 5173 tecto.Et
477 5118 553 5172 ut
576 5112 949 5170 manifestius
970 5114 1190 5186 pateat,
1223 5109 1499 5167 dicamus
1528 5107 1644 5165 sub
1674 5123 1868 5164 exem-

200 5201 332 5272 plo:
393 5210 631 5264 Natura
681 5204 1002 5262 cedrorum
1060 5216 1297 5275 semper
1352 5215 1615 5257 crescere
1662 5198 1868 5268 fertur,

202 5305 306 5349 nec
336 5295 680 5370 aliquando
710 5295 920 5351 sinitur
967 5293 1048 5349 ire
1085 5291 1147 5348 in
1178 5293 1501 5360 senectam,
1534 5288 1872 5346 secundum

200 5380 342 5440 illud
371 5383 872 5458 Psalmographi:
919 5385 1169 5438 «Justus
1201 5385 1267 5437 ut
1288 5379 1497 5453 palma
1528 5376 1784 5446 ﬂorebit,
1817 5379 1876 5432 et

205 5471 350 5530 sicut
391 5474 618 5531 cedrus
673 5472 881 5530 Libani
921 5469 1413 5543 multiplicabitur
1457 5466 1644 5538 (Psal.
1676 5467 1812 5532 XCI).
1845 5486 1874 5514 η

207 5561 480 5624 Quarum
544 5563 830 5619 arborum
882 5577 1117 5628 succus,
1155 5560 1326 5629 juxta
1376 5554 1694 5627 opiniones
1751 5570 1876 5610 me-

208 5646 513 5719 dicorum,
547 5655 724 5708 tanta;
769 5650 1000 5706 virtutis
1031 5652 1140 5717 est,
1171 5650 1235 5702 ut
1280 5643 1516 5701 diversa
1553 5657 1876 5716 corporum

506 5737 755 5797 PATROL.
796 5753 903 5794 mu

1977 1714 2116 1783 Ipsa
2141 1712 2386 1769 cedrina
2420 1713 2585 1784 ligna
2613 1715 3002 1788 imputribilia
3041 1717 3506 1790 praedicatorum
3533 1719 3640 1776 do-

1974 1816 2216 1856 morum
2264 1801 2691 1872 intelliguntur,
2721 1820 2860 1878 quae
2889 1821 3000 1860 nec
3029 1805 3389 1864 stultissimis
3430 1809 3638 1882 nequi-

1975 1891 2194 1948 tiarum
2223 1893 2654 1962 cogitationum
2695 1895 3182 1966 suggestionibus
3211 1913 3248 1954 a
3279 1914 3389 1954 suo
3421 1900 3638 1956 sancti-

1975 1980 2110 2036 tatis
2153 1980 2368 2038 robore
2411 1982 2757 2055 depereunt,
2792 1989 2848 2040 et
2879 2000 3116 2058 semper
3140 1989 3444 2044 transacta
3490 1987 3638 2044 obli-

1974 2069 2283 2138 viscentes,
2315 2069 2396 2126 ad
2444 2087 2517 2127 ea
2562 2087 2698 2144 quae
2750 2074 3049 2129 anteriora
3077 2079 3216 2130 sunt
3259 2075 3420 2132 bona
3449 2091 3627 2149 opera

1976 2159 2106 2214 sine
2133 2158 2574 2216 intermissione
2597 2160 2759 2217 velut
2787 2161 2944 2217 cedri
2962 2163 3228 2236 quotidie
3255 2169 3545 2233 crescunt,
3568 2164 3633 2220 id

1976 2253 2063 2304 est
2090 2247 2560 2322 multiplicantur
2605 2257 2950 2307 sanctorum
2981 2252 3272 2309 fructibus
3301 2258 3364 2309 in
3394 2255 3631 2326 adjuto-

1975 2337 2133 2394 rium
2160 2343 2503 2394 sanctarum
2531 2339 2710 2396 lucris
2740 2340 3102 2411 animarum,
3129 2359 3392 2416 quorum
3413 2361 3631 2401 succus

1976 2427 2270 2483 sermonis
2307 2426 2401 2484 vel
2431 2428 2858 2486 consolationis
2907 2431 2986 2486 ab
3016 2431 3236 2488 aculeis
3283 2433 3632 2491 daemonum

1973 2517 2208 2573 animas
2233 2515 2518 2587 defendit,
2542 2522 2598 2574 et
2628 2518 2884 2575 inﬂictas
2909 2520 3040 2591 jam
3069 2520 3217 2577 olim
3248 2522 3630 2579 sordidarum

1971 2604 2308 2663 facinorum
2361 2609 2824 2666 consuetudines
2865 2609 3184 2667 vulnerum
3225 2616 3416 2676 sanat,
3447 2616 3504 2668 et
3532 2629 3632 2668 ne-

1970 2696 2404 2768 quissimarum
2451 2698 2881 2768 cogitationum
2937 2716 3170 2757 vermes
3219 2700 3519 2758 interimit.
3561 2706 3627 2758 ln

1969 2786 2192 2858 quibus
2207 2787 2387 2856 digne
2405 2787 2482 2843 ad
2497 2787 2949 2845 delectationem
2968 2789 3391 2859 habitantium,
3406 2790 3626 2846 domus

1967 2879 2124 2932 recte
2152 2875 2432 2932 ﬁdelibus
2472 2878 2820 2949 cypressina
2849 2878 3157 2950 laquearia
3197 2877 3380 2935 aﬂixa
3409 2879 3631 2953 depen-

1967 2964 2136 3021 dunt.
2163 2965 2437 3038 Cypressi
2467 2981 2732 3039 namque
2761 2966 2993 3036 lignum
3015 2982 3204 3022 manu
3230 2967 3472 3024 artiﬁcis
3489 2984 3630 3024 run-

1975 3053 2242 3110 cinatum
2275 3054 2564 3111 decorum
2593 3060 2835 3126 prastat
2864 3059 3173 3127 aspectum
3194 3046 3521 3112 et‘odorem
3537 3056 3632 3126 ju-

1968 3143 2407 3199 cundissimum
2438 3143 2636 3200 reddit
2651 3144 2703 3199 ei
2728 3144 2806 3200 ad
2831 3143 3050 3200 multas
3075 3143 3390 3216 passiones
3412 3159 3626 3216 corpo-

1965 3233 2066 3302 ris,
2100 3233 2412 3290 medicinae
2439 3233 2716 3290 virtutem
2745 3233 2808 3289 in
2861 3249 2922 3289 se
2967 3233 3269 3290 continere
3314 3233 3623 3307 probatur.

1968 3325 2109 3390 Quae
2141 3324 2492 3394 castitatem,
2524 3323 2895 3396 pudicitiam,
2938 3323 3363 3394 obedientiam,
3387 3324 3630 3381 humili-

1965 3417 2172 3484 tatem,
2185 3412 2533 3469 charitatem
2556 3417 2612 3469 et
2622 3413 3094 3470 misericordiam
3105 3455 3119 3480 ,
3135 3415 3628 3472 conversantium

1968 3501 2310 3559 auditorum
2341 3501 2623 3566 formam,
2650 3503 3060 3560 venerantium
3105 3505 3487 3561 sacerdotum
3517 3505 3626 3563 ho-

1966 3607 2179 3648 norem
2231 3594 2565 3664 exprimere
2615 3591 3044 3664 intelliguntur,
3084 3593 3190 3666 qui
3247 3595 3327 3650 ad
3373 3595 3626 3652 verbum

1966 3679 2285 3736 doctorum
2329 3679 2734 3737 indesinenter
2762 3681 3124 3754 dependent,
3155 3682 3260 3756 qui
3279 3683 3343 3738 in
3374 3684 3628 3740 modum

1969 3784 2221 3824 camerae
2278 3768 2354 3824 de
2415 3769 2590 3838 justis
2645 3769 2953 3825 laboribus
3008 3770 3261 3827 solando
3311 3772 3625 3828 doctorum

1968 3855 2278 3928 praesentis
2327 3856 2631 3928 temporis,
2668 3856 2954 3927 praedicta
2999 3856 3306 3928 laquearia
3354 3864 3630 3915 conserta

1969 3943 2148 4013 tignis
2173 3943 2498 4000 domorum
2527 3949 2820 4000 exornant
2847 3947 2904 4000 et
2925 3950 3250 4016 contegunt
3267 3946 3624 4004 nuditatem.

1970 4037 2293 4091 Doctorum
2323 4033 2484 4089 enim
2515 4033 2704 4105 gloria
2732 4033 2901 4106 plebs
2925 4039 3037 4106 est,
3066 4034 3331 4093 similiter
3358 4043 3416 4094 et
3438 4037 3630 4111 plebis

1970 4128 2059 4180 est
2087 4122 2279 4194 gloria
2303 4122 2582 4180 stabilitio
2622 4123 2799 4180 ﬁrma
2844 4124 3198 4181 doctorum:
3233 4141 3374 4183 cum
3402 4126 3484 4183 illi
3519 4127 3633 4201 spi-

1969 4212 2207 4270 ritualia
2233 4213 2397 4268 dona
2427 4211 2606 4285 plebi,
2635 4216 2693 4268 et
2720 4211 2890 4286 plebs
2927 4212 3190 4270 carnalia
3238 4231 3492 4272 munera
3519 4217 3631 4272 illis

1971 4302 2250 4375 impertit,
2279 4301 2551 4373 gloriosa
2581 4301 2801 4358 domus
2849 4303 3077 4359 Christo
3125 4309 3414 4376 parantur
3454 4305 3632 4362 ﬂores

1975 4391 2284 4460 sapientiae
2333 4390 2610 4458 caelestis,
2660 4395 2718 4447 et
2771 4390 2892 4446 lilia
2943 4390 3264 4461 integritati
3303 4408 3412 4465 per
3459 4408 3634 4448 suam

1973 4479 2387 4555 paenitentiam
2439 4479 2519 4535 ad
2571 4494 2861 4549 magnam
2899 4478 3338 4549 jucunditatem
3389 4478 3634 4534 honoris

1974 4570 2105 4644 ipse
2145 4569 2435 4626 Dominus
2479 4567 2904 4641 praedictarum
2950 4566 3272 4622 domorum
3319 4563 3632 4636 impendit.

1977 4659 2142 4717 Unde
2171 4658 2458 4731 sequitur.

2644 4745 2872 4800 CAPUT
2911 4743 2977 4796 II.

2049 4855 2078 4884 ς
2103 4836 2224 4902 Ego
2268 4831 2380 4887 ﬂos
2426 4830 2646 4903 campi,
2680 4835 2736 4886 et
2781 4830 2972 4886 lilium
3017 4828 3397 4887 convallium.
3419 4854 3448 4882 »
3479 4833 3562 4888 Ac
3591 4830 3641 4887 si

1976 4925 2180 4995 aperte
2195 4919 2447 4976 dicatur:
2463 4922 2585 4989 Ego
2597 4918 2783 4975 decus
2798 4919 3009 4975 mundi
3023 4924 3081 4976 et
3095 4919 3284 4991 gloria
3297 4920 3638 4977 humilium.

1979 5013 2342 5083 Quanquam
2365 5011 2420 5064 et
2439 5007 2708 5064 infernus
2729 5023 2801 5063 ex
2832 5008 3138 5081 superﬂuo
3167 5009 3355 5082 possit
3369 5009 3641 5082 intelligi,

1978 5105 2036 5159 et
2044 5099 2150 5157 ubi
2165 5097 2428 5156 Christus
2439 5096 2519 5155 ad
2535 5096 2875 5171 eripiendos
2892 5098 3266 5170 patriarchas
3281 5099 3645 5157 descendere

1977 5191 2260 5263 dignatus
2279 5191 2386 5258 est,
2411 5187 2562 5244 sicut
2588 5186 2840 5261 quidam
2869 5187 3226 5259 intelligunt.
3254 5187 3370 5245 Sed
3390 5203 3524 5258 nos,
3550 5187 3644 5245 his

1978 5279 2302 5356 praahbatis
2323 5294 2398 5335 ne
2415 5276 2825 5352 quorumdam
2843 5292 3089 5334 sensum
3109 5277 3421 5349 ignorasse
3443 5293 3650 5334 causa-

1981 5369 2484 5442 rcmur,dicamus
2502 5367 2744 5426 uberius
2759 5367 2919 5424 beati
2937 5368 3237 5424 Ambrosii
3253 5367 3413 5425 dicta
3427 5383 3652 5440 ponen-

1983 5465 2087 5518 tes.
2126 5463 2275 5516 Ante
2303 5476 2501 5527 suam,
2524 5458 2742 5533 inquit,
2773 5457 3271 5529 incarnationem,
3298 5457 3568 5515 Salvator
3590 5457 3652 5512 in

1987 5548 2183 5619 angeli
2207 5564 2469 5620 persona
2498 5548 2853 5621 patriarchis
2885 5553 2942 5604 et
2977 5547 3284 5622 prophetis
3319 5545 3647 5619 loquendo,

1988 5638 2152 5696 solus
2182 5637 2278 5694 cui
2307 5637 2510 5694 nullus
2537 5638 2749 5696 similis
2782 5637 2933 5694 inter
2959 5638 3229 5708 angelos,
3258 5638 3525 5705 thronos,
3547 5633 3652 5689 do-

3306 5726 3368 5776 19
