4092 6176
433 176 543 234 58‘!

1542 163 1903 222 Ακαιωω
1938 154 2391 217 wxovmsszs
2429 116 2746 219 nossem

432 260 1957 365 minationesqueomnibusadmirandus,singularis
1970 279 2089 337 ﬂes
2115 279 2171 334 Α.
2203 294 2341 336 mea
2384 278 2535 337 inter
2572 280 2794 348 ﬁlias,»
2844 296 2969 338 non
2996 279 3495 354 vituperationem
3532 281 3875 352 justorum,

433 384 498 444 in
524 388 649 442 toto
674 380 961 439 oratorum
990 390 1208 447 campo
1226 389 1559 431 coruscans
1580 372 2091 448 probatur.0uam

433 476 671 547 partem
690 466 895 527 odoris
910 464 1132 523 notitiae
1149 478 1276 519 suae
1298 466 1483 536 prout
1503 466 1782 535 poterant
1804 460 2095 518 sustinere

432 546 789 635 patriarchae
815 554 912 613 vel
935 553 1267 628 prophetat,
1282 556 1340 608 et
1360 551 1629 609 mundus
1662 551 1791 624 ipse
1809 546 2099 609 mortales

435 663 674 723 semper
692 643 1007 705 admonuit
1018 641 1316 701 docendo.
1337 641 1549 699 Omnis
1562 640 1837 711 scientia,
1845 655 1951 712 per
1967 653 2094 710 pro.

433 740 671 815 phetas,
697 751 805 811 per
827 735 1139 806 signorum
1158 732 1411 791 virtutes
1433 730 1850 789 interﬁciendo
1875 728 2095 801 impios

432 842 758 902 peraquas
803 822 1031 887 diluvii,
1062 821 1160 879 vel
1204 820 1543 879 Sodomitas
1584 836 1692 893 per
1739 820 1969 889 ignem,
1990 832 2096 888 per

433 916 603 992 quod
628 910 975 988 insipientes
1014 910 1409 982 intelligerent
1438 909 1907 982 sapientiam,'ct
1935 904 2097 963 stulti

435 1004 681 1080 superbi
695 1001 1028 1077 aliquando
1049 1003 1331 1073 saperent
1349 1014 1528 1071 super
1541 1014 1607 1055 se
1623 995 1986 1054 commorari
1999 1010 2097 1050 ex-

435 1094 749 1153 celsiorem
765 1090 1056 1163 iudicem,
1064 1090 1291 1161 justam
1317 1087 1721 1144 exsolventem
1744 1085 2093 1142 vindictam.

436 1184 548 1241 Ubi
575 1197 719 1243 vero
750 1195 862 1254 per
910 1177 1343 1237 incarnationis
1386 1180 1834 1233 sacramentum
1878 1174 1997 1229 huc
2032 1172 2096 1227 in

435 1270 775 1330 convallem
828 1269 1260 1341 lacrymarum,
1290 1266 1444 1323 inter
1474 1265 1686 1338 spinas
1711 1267 1770 1319 et
1794 1261 2096 1319 consortia

434 1365 822 1436 peccatorum
847 1356 1178 1427 descendit,
1204 1355 1396 1412 lilium
1441 1356 1717 1412 enectum
1761 1368 1827 1408 se
1854 1366 1986 1416 esse
2011 1354 2097 1406 te-

440 1456 654 1509 statur.
667 1451 733 1505 In
766 1464 891 1521 qua
918 1445 1188 1503 convalle
1207 1444 1355 1517 quid
1384 1444 1548 1501 aliud
1568 1444 1685 1500 nisi
1704 1440 2101 1514 spmcissima

435 1540 647 1611 religio
692 1535 1005 1605 idolatriae,
1054 1534 1319 1606 invidia,
1374 1533 1701 1601 furtorum,
1741 1527 2101 1588 homicidio—

436 1624 1077 1702 rumquaaruspieinre
1092 1619 2099 1693 auguriorum,veltornicationum,
2124 1630 2179 1684 Β,

434 1718 530 1776 vel
552 1716 928 1788 magistrum
955 1713 1176 1772 artium
1196 1710 1634 1782 grassabuntur
1665 1709 1978 1782 spinarum
2000 1705 2099 1762 sil-

434 1808 571 1865 vaa‘l
630 1810 694 1865 in
746 1817 1011 1878 quarum
1060 1801 1265 1859 medio
1312 1799 1597 1858 doctrinm
1653 1796 1995 1869 ﬂagrantia,
2042 1799 2105 1852 et

437 1896 696 1970 exempli
715 1892 983 1953 candore
993 1890 1261 1949 Christus
1275 1895 1576 1960 ostensus,
1588 1887 1959 1946 credentium
1976 1891 2101 1942 tur-

435 1989 585 2045 bam
609 1983 880 2060 quotidie
904 1982 1137 2039 liberat.
1170 1980 1309 2037 Tria
1337 1979 1519 2050 igitur
1545 1977 1610 2035 in
1634 1994 1697 2033 se
1722 1974 2103 2033 delcctabilia

436 2082 495 2134 et
520 2074 703 2132 nimis
730 2072 928 2130 oculis
949 2074 1140 2141 grata,
1172 2067 1283 2125 lilii
1304 2072 1523 2125 natura
1552 2066 1861 2123 continere
1876 2064 2095 2137 proba—

436 2169 551 2233 tur,
568 2162 635 2221 id
650 2166 743 2220 est
760 2160 1115 2229 candorem,
1132 2157 1406 2225 odorem,
1430 2171 1689 2229 quisque
1703 2154 1924 2211 adusta
1942 2153 2095 2223 igni-

434 2255 554 2313 bus
992 2250 1135 2315 Qum
1157 2247 1269 2304 tria
1293 2245 1657 2303 admiranda
1676 2243 2096 2301 similiratione

436 2344 500 2401 in
528 2343 688 2401 hanc
716 2338 1054 2399 convallem
1073 2336 1290 2410 mundi
1317 2335 1612 2393 Dominus
1626 2339 1983 2407 apportanse
2002 2349 2097 2388 co-

438 2432 771 2504 gnoscitur,
792 2430 911 2487 hoc
953 2431 1042 2485 est
1082 2426 1476 2483 abolitionem
1500 2424 1756 2497 peccati,
1777 2423 2099 2479 abstemio-

437 2538 581 2579 nem
623 2517 947 2587 mendacii,
975 2515 1265 2585 refrigerii
1296 2519 1845 2595 temperamentum
1866 2511 2098 2581 ignium

439 2606 811 2679 genitalium.
841 2604 917 2661 de
963 2620 1088 2677 quo
1142 2604 1405 2661 nascitur
1454 2618 1626 2658 amor
1671 2600 2105 2657 conservanch

436 2693 816 2767 virginitatis.
845 2696 912 2751 Bt
937 2692 1288 2765 quicunque
1326 2707 1365 2747 a
1410 2690 1633 2748 talibus
1660 2706 1727 2745 se
1767 2693 2109 2762 temperant

437 2785 504 2841 in
529 2787 791 2855 utroque
819 2796 971 2838 sexu
998 2779 1247 2850 gloriosi
1273 2778 1568 2851 assumpti
1596 2777 1857 2833 hominis
1886 2782 1944 2834 et
1969 2776 2107 2833 bea-

440 2873 517 2929 ιω
566 2868 760 2929 Maria
806 2868 1056 2940 virginis
1107 2867 1520 2925 accenduntur
1559 2865 1869 2937 exemplis.
1903 2868 1969 2922 Et
2016 2865 2105 2922 sie

2201 368 2306 439 qui
2353 374 2493 425 sunt
2543 371 2815 428 Ecclesiae
2863 370 3158 437 membra,
3192 369 3299 426 sed
3344 368 3589 427 laudem
3620 370 3879 429 demon-
3932 408 3939 417 ι

2201 461 2446 527 strat,ut
2465 474 2578 516 nos
2607 460 2847 517 doceret
2867 460 3124 516 nimium
3145 475 3276 515 esse
3305 458 3637 530 laudabile,
3667 461 3773 533 pie
3794 462 3878 518 in-

2202 549 2289 603 ter
2310 546 2530 620 impios
2556 548 2778 615 vivere,
2799 553 2856 605 et
2875 564 3298 621 perversorum
3322 548 3386 603 in
3413 547 3585 604 nullo
3615 549 3883 621 spinosa

2202 637 2657 695 conversatione
2685 637 2921 704 attrahi,
2953 638 3102 693 inter
3140 652 3297 709 quos
3336 636 3538 707 justus
3564 638 3753 710 quasi
3776 639 3875 694 lux

2200 722 2267 778 in
2295 725 2550 783 tenebris
2602 726 2983 800 resplendere
3033 725 3344 798 probatur.
3376 728 3460 781 Ac
3507 725 3555 781 si
3592 726 3878 783 Eccleaiaa

2202 811 2471 871 dicatur:
2509 818 2595 873 Tu
2643 814 2916 888 requiem
2953 815 3197 887 quaeris,
3230 813 3333 869 sed
3384 814 3633 871 laudem
3670 814 3875 872 lectuli

2203 903 2538 968 recordare,
2570 903 2740 977 quod
2786 903 3099 960 candidior
3143 902 3597 961 tribulationum
3645 904 3878 962 aculeis

2203 991 2497 1057 efﬁcieris,
2529 997 2591 1049 et
2617 993 2880 1064 majores
2914 992 3141 1049 fructus
3189 992 3633 1065 praedicationis
3686 1010 3877 1067 quam

2202 1081 2421 1154 quietis
2445 1082 2738 1155 acquires.
2771 1084 2838 1139 Et
2866 1082 3021 1139 bene
3050 1082 3168 1137 ait:
3219 1105 3247 1130 κ
3275 1083 3435 1140 Sicut
3480 1081 3677 1138 lilium
3728 1084 3877 1140 inter

2204 1171 2428 1244 spinas,
2461 1171 2547 1228 sic
2574 1172 2772 1229 amica
2801 1188 2936 1229 mea
2964 1171 3116 1229 inter
3144 1170 3321 1241 ﬁlias,
3349 1194 3379 1220 ιι
3415 1171 3476 1227 id
3504 1177 3595 1228 est
3620 1173 3787 1231 sicin
3804 1173 3871 1229 li-

2201 1259 2353 1317 lium
2379 1261 2531 1318 inter
2554 1260 2761 1333 spinas
2807 1261 3123 1333 proprium
3152 1260 3407 1317 odorem
3434 1266 3614 1335 atque
3643 1263 3875 1319 cando-

2203 1365 2339 1406 rem
2385 1353 2562 1421 tenet,
2610 1350 2695 1406 sic
2753 1349 3079 1406 electorum
3131 1349 3392 1406 Ecclesia
3448 1350 3601 1407 inter
3652 1367 3874 1424 pravos

2206 1439 2571 1497 Christianos
2614 1444 2797 1512 atque
2844 1439 3177 1501 hereticos,
3204 1439 3253 1495 si
3304 1439 3390 1494 eis
3436 1455 3561 1496 non
3606 1441 3873 1506 cesserit,

2206 1528 2525 1587 virtutibus
2551 1528 2785 1598 ﬂagrat.
2820 1527 3096 1600 Sequitur
3122 1544 3137 1584 :

2280 1639 2307 1669 κ
2335 1618 2493 1676 Sicut
2520 1616 2721 1674 malus
2755 1617 2908 1674 inter
2944 1616 3113 1687 ligna
3155 1616 3467 1685 silvarum,
3500 1617 3589 1674 sic
3615 1617 3870 1676 dilectus

2210 1730 2239 1758 ‹‹
2273 1722 2449 1764 meus
2488 1707 2641 1765 inter
2686 1707 2864 1764 ﬁlios.
2896 1706 3019 1763 Sub
3067 1706 3287 1763 umbra
3313 1706 3476 1763 illius
3495 1723 3685 1780 quem
3715 1708 3867 1766 desi-

2208 1821 2235 1846 ‹‹
2270 1797 2565 1855 derabam
2622 1796 2771 1865 sedi,
2825 1801 2887 1854 et
2936 1795 3164 1852 fructus
3215 1797 3346 1868 eius
3403 1796 3596 1854 dulcis
3648 1800 3862 1869 gutturi

2208 1908 2237 1937 ‹‹
2265 1902 2425 1943 meo.
2447 1907 2475 1936 υ
2506 1885 2666 1942 Sicut
2693 1886 2879 1956 igitur
2899 1889 3039 1942 ante
3066 1884 3496 1943 incarnationis
3511 1889 3858 1960 mysterium

2208 1997 2237 2026 «ι
2263 1974 2649 2031 multifariam
2673 2015 2693 2039 ,
2762 1973 3086 2047 multisque
3173 1974 3401 2039 modis,
3431 1997 3459 2025 ι»
3535 1975 3864 2033 secundum

2207 2088 2236 2116 ‹‹
2259 2063 2637 2138 Apostolum,
2663 2063 2767 2121 Dei
2809 2063 2987 2120 Filius
3030 2062 3271 2121 locutus
3320 2068 3411 2121 est
3456 2064 3731 2137 patribus
3756 2081 3869 2122 no-

2206 2178 2235 2205 ‹‹
2267 2154 2402 2211 stris
2437 2154 2637 2225 (Hebr.
2668 2154 2729 2225 ι),
2758 2174 2787 2202 ››
2836 2152 2933 2210 vel
2976 2157 3259 2210 ostensus
3298 2159 3390 2211 est
3430 2155 3497 2211 in
3530 2156 3869 2228 prophetis,

2206 2243 2297 2300 sic,
2330 2247 2471 2315 post
2506 2242 2859 2315 prmdictum
2902 2242 3257 2313 mysterium
3304 2243 3649 2314 celebravit,
3675 2242 3865 2301 multa

2202 2332 2369 2389 bona
2394 2331 2645 2388 diversis
2671 2330 2870 2387 modis
2910 2332 3261 2403 praestando
3287 2332 3570 2389 humanae
3612 2339 3875 2397 naturae,

2205 2420 2458 2477 diversis
2500 2419 2682 2477 rebus
2731 2420 3101 2492 diversisque
3147 2428 3533 2495 comparatur
3557 2419 3862 2492 personis,

2206 2526 2317 2583 pro
2362 2514 2633 2582 tempore
2666 2514 2729 2566 et
2767 2509 2925 2575 loco,
2953 2508 3046 2564 vel
3094 2525 3304 2567 causa.
3331 2513 3476 2566 Nam
3520 2508 3855 2564 secundum

2210 2598 2394 2656 David
2437 2599 2801 2671 prophetam
2843 2598 3043 2670 (Pent.
3068 2602 3247 2669 vau)
3282 2614 3454 2655 mons
3484 2597 3612 2667 Dei,
3638 2611 3747 2669 pro
3773 2609 3853 2650 eo

2207 2686 2378 2760 quod
2410 2686 2725 2759 plenitudo
2751 2686 3069 2744 divinitatis
3116 2686 3454 2744 habitatura
3494 2689 3626 2742 erat
3671 2684 3735 2742 in
3760 2697 3858 2738 eo.

2210 2779 2317 2832 Est
2356 2780 2419 2832 et
2460 2774 2681 2832 vitulus
2735 2775 3008 2832 novellus
3067 2791 3292 2832 cornua
3339 2774 3708 2847 producens,
3758 2787 3869 2845 per

2210 2865 2334 2921 duo
2362 2867 2764 2921 Testamenta.
2792 2867 2865 2920 Et
2884 2864 3141 2938 ungulas
3162 2880 3265 2937 per
3288 2869 3427 2921 octo
3444 2862 3871 2927 beatitudines,

440 2957 557 3015 ﬂos
601 2956 804 3030 campi
849 2960 915 3014 et
948 2956 1141 3014 lilium
1194 2955 1561 3013 convallium
1598 2970 1707 3028 per
1732 2952 2107 3011 immaculati
2132 2971 2250 3041 ca
2281 2957 2542 3051 quatuor
2571 2953 3081 3023 evangelistarum
3427 2952 3769 3051 productas,

442 3046 717 3122 corporis
761 3046 1241 3120 assumptionem
1283 3045 1519 3104 dicitur.
1555 3044 1729 3111 Quod
1758 3059 2109 3101 sacramen-

439 3143 576 3195 tum
597 3136 679 3195 ad
702 3136 1086 3197 liberandam
1135 3135 1377 3209 plebem
1426 3151 1629 3204 suam,
1655 3151 1778 3207 quo
1805 3149 1919 3190 nos
1948 3150 1987 3189 a
2012 3133 2104 3190 di-

304 3218 317 3223 ’
438 3224 627 3283 versis
649 3224 1045 3297 languoribus
1093 3223 1335 3281 diversa
1363 3224 1497 3295 ejus
1522 3222 1803 3280 membra
1849 3226 2105 3286 sanaret.

441 3319 507 3371 et
525 3331 664 3387 qum
692 3313 902 3385 ignitis
944 3312 1188 3385 spiculis
1244 3312 1712 3387 fornicationum
1754 3327 1793 3367 a
1819 3311 2113 3367 daemoni-

439 3404 560 3460 bus
606 3401 835 3459 inﬂicta
876 3401 1112 3461 fuerant
1139 3400 1413 3467 vulnera,
1439 3401 1569 3470 ejus
1612 3405 1966 3457 sanarentur
2004 3400 2110 3456 de-

441 3488 653 3555 ctrina,
678 3493 741 3544 et
763 3504 901 3560 quae
950 3487 1230 3544 acumine
1277 3489 1555 3559 nequitiae
1583 3488 1847 3543 amicam
1875 3489 1940 3545 in
1966 3504 2105 3561 pro-

440 3576 639 3649 phetis
694 3579 751 3632 et
792 3574 1144 3631 doctoribus
1187 3575 1606 3644 vulnerabant,
1639 3576 1698 3629 in
1728 3574 1988 3633 liliorum
2012 3576 2109 3647 ju-t

443 3663 746 3721 cunditate
766 3666 1271 3731 converterentur,
1291 3662 1366 3719 de
1386 3663 1608 3736 quibus
1633 3662 2109 3721 Ecclesiarenataa

442 3752 723 3825 refulget,
755 3757 812 3810 et
861 3752 1249 3811 amarissimis
1302 3751 1559 3811 stimulis
1600 3753 1905 3825 pangitur,
1953 3753 2111 3811 sicut

440 3843 573 3917 ipse
594 3842 658 3900 in
687 3841 1080 3917 sequentibus
1110 3841 1221 3898 ait:

515 3956 547 3986 α
570 3933 734 3992 Sicut
774 3932 969 3993 lilium
1013 3931 1165 3989 inter
1192 3930 1427 4005 spinas,
1448 3930 1532 3988 sic
1564 3931 1762 3989 amica
1789 3947 1929 3989 mea
1953 3931 2105 3990 inter

445 4044 473 4072 «
504 4022 678 4079 ﬁlias.
704 4044 741 4073 ιι
774 4023 917 4079 Istae
933 4021 1113 4091 igitur
1137 4020 1345 4078 amicae
1378 4021 1529 4078 inter
1565 4037 1723 4094 quas
1752 4021 2012 4081 Ecclesia
2040 4026 2107 4078 ut

441 4109 634 4167 lilium
671 4110 826 4167 inter
869 4109 1078 4183 spinas
1107 4109 1401 4177 consistit,
1423 4108 1558 4165 licet
1581 4126 1704 4167 non
1734 4126 1879 4166 cum
1900 4110 2113 4167 distin—

445 4200 639 4256 ctione
685 4198 918 4256 dicatur
961 4198 1135 4271 cujus
1179 4197 1301 4253 sint
1325 4197 1482 4267 tiliae,
1508 4203 1709 4255 tamen
1739 4216 1813 4254 ex
1837 4215 1913 4254 eo
1938 4199 2105 4272 quod

445 4287 641 4361 spinis.
697 4292 1150 4361 comparantur,
1224 4286 1527 4344 advertere
1592 4303 1922 4359 possumus
1980 4304 2108 4344 non

444 4376 569 4448 Dei,
598 4376 709 4434 sed
733 4376 961 4434 diaboli
990 4392 1098 4450 per
1126 4374 1564 4449 nequissimam
1619 4376 1957 4434 doctrinam
2007 4392 2111 4447 ge-

440 4466 605 4525 nitas
626 4465 986 4540 nuncupari.
1017 4470 1174 4523 Inter
1221 4469 1307 4521 tot
1342 4464 1507 4522 enim
1536 4480 1879 4522 venenosae
1901 4467 2111 4539 spinas

444 4556 711 4619 Ecclesia
749 4555 981 4627 incolit,
1001 4554 1303 4613 mundum
1356 4552 1631 4611 videlicet
1677 4553 1987 4625 gentilium
2016 4554 2113 4613 vel

441 4645 883 4717 haereticorum,
923 4632 1028 4720 qui
1080 4643 1280 4717 ipsam
1333 4641 1716 4715 impugnant,
1755 4648 1817 4701 et
1853 4659 1931 4702 ne
1985 4644 2117 4702 otio

443 4739 766 4807 torpescat,
824 4741 1033 4793 contra
1087 4734 1291 4791 hostes
1354 4733 1577 4790 armari
1640 4734 2108 4809 impugnarique

442 4824 823 4891 permittitur,
853 4830 923 4881 ut
963 4827 1100 4895 post
1125 4837 1404 4896 pugnam
1429 4823 1559 4894 eius
1604 4822 1891 4881 fortitudo
1916 4842 2106 4900 appa-

444 4910 591 4963 reat.
622 4911 705 4965 De
732 4910 961 4967 talibus
983 4911 1273 4968 Dominus
1302 4911 1424 4969 ait:
1461 4932 1490 4962 α
1515 4912 1728 4970 Cavete
1749 4929 1791 4971 α
1815 4913 2119 4973 fermento

446 4994 891 5054 Pharisaeorum
941 4998 1182 5069 (Mdtth.
1238 5016 1415 5067 xw,»
1463 5001 1633 5073 quod
1685 5007 1776 5059 est
1835 5003 2125 5067 doctrina.

443 5082 885 5142 haereticorum.
933 5087 1001 5142 Et
1055 5085 1367 5157 apostolus
1418 5089 1478 5159 (Ι
1522 5089 1661 5145 Cor.
1706 5094 1827 5157 v1):
1891 5112 1918 5139 «ι
1943 5092 2115 5160 Qum,

442 5167 663 5244 inquit,
702 5174 957 5231 societas
1002 5172 1123 5230 luci
1165 5174 1246 5231 ad
1285 5177 1608 5235 tenebras?
1630 5200 1671 5229 »η
1708 5181 1826 5235 Aut
1867 5179 1974 5249 qui
2021 5184 2121 5239 est.

445 5274 659 5318 sensus
714 5262 949 5336 temple
993 5263 1096 5319 Dei
1144 5279 1287 5319 cum
1330 5264 1554 5322 idolis?
1603 5268 1731 5321 Aut
1762 5281 1900 5338 qua
1942 5282 2115 5327 com-

443 5349 777 5410 municatio
830 5350 1044 5409 Christi
1081 5367 1222 5408 cum
1264 5351 1447 5409 Belial
1461 5353 1489 5409 ‘I
1532 5354 1600 5409 Et
1626 5368 1818 5426 prope
1845 5354 2110 5417 similiter

442 5436 629 5497 Isaias
652 5441 773 5499 ait:
806 5462 835 5493 ‹‹
858 5440 1042 5512 Exite,
1073 5439 1288 5514 inquit,
1319 5439 1397 5496 de
1423 5440 1627 5498 medio
1654 5456 1887 5513 eorum,
1920 5448 1978 5502 et
2003 5447 2114 5518 qui

440 5530 697 5602 portatis
716 5546 869 5591 vasa
888 5529 1145 5600 Domini,
1168 5528 1553 5588 mundamini
1582 5531 1727 5605 (13a.
1742 5536 1902 5601 1.11).»
1934 5536 2113 5602 Quod

441 5623 647 5680 autem
676 5620 850 5682 dicit:
888 5620 1100 5682 «Sicut
1122 5619 1318 5680 lilium
1358 5623 1510 5681 inter
1537 5621 1773 5697 spinas,
1795 5624 1880 5685 sic
1907 5624 2115 5687 amica

2213 3059 2409 3114 agnus
2436 3042 2650 3100 tollens
2675 3047 2990 3115 peccatum
3018 3042 3235 3099 mundi
3260 3059 3368 3117 per
3392 3040 3877 3099 mansuetudinis

2212 3131 2635 3206 impertionem
2666 3132 2917 3204 Spiritus
2946 3132 3156 3201 sancti,
3188 3132 3273 3189 ita
3294 3137 3361 3189 ut
3387 3132 3538 3189 alios
3562 3130 3871 3188 vestienda

2213 3221 2347 3295 ipse
2394 3236 2630 3295 semper
2678 3219 2967 3277 abundet.
3010 3223 3113 3277 Est
3155 3225 3216 3277 et
3255 3220 3589 3277 fascicuﬂus
3626 3218 3875 3276 dilectus

2215 3310 2501 3382 myrrha,
2528 3314 2591 3366 et
2611 3309 2826 3365 botrus
2850 3309 3020 3382 cypri
3063 3309 3126 3365 in
3164 3309 3361 3367 vineis
3385 3308 3677 3379 Engaddi,
3709 3307 3797 3364 ita
3816 3312 3877 3364 et

2215 3416 2331 3471 pro
2378 3398 2513 3455 loco
2566 3397 2845 3455 arborem
2902 3398 3134 3456 malum
3195 3398 3291 3455 vel
3349 3402 3671 3469 granatum
3732 3412 3874 3453 eum

2215 3487 2476 3560 appellat
2498 3487 2777 3555 Ecclesia,
2812 3504 2922 3560 pro
2952 3504 3022 3545 eo
3043 3486 3213 3561 quod
3246 3487 3429 3544 arbor
3454 3487 3585 3544 vitae
3615 3490 3707 3543 est
3732 3502 3878 3542 cum

2215 3576 2449 3632 diverso
2474 3592 2699 3647 sapore.
2719 3577 2973 3633 diversis
2997 3593 3061 3633 se
3095 3576 3369 3650 personis
3396 3575 3744 3649 praebendo.
3774 3575 3875 3630 Est

2216 3663 2429 3738 procul
2453 3663 2641 3721 dubio
2671 3664 2853 3722 arbor
2880 3665 3081 3722 malus
3108 3670 3383 3736 grauata,
3413 3681 3551 3739 quin
3578 3663 3775 3724 inedia
3796 3662 3873 3719 fa-

2216 3752 2335 3810 mis
2355 3751 2600 3810 atfecms
2628 3753 2894 3823 animas,
2916 3753 3045 3811 sole
3062 3754 3177 3811 sub
3204 3753 3455 3811 ardente
3476 3751 3756 3827 nequitiae
3783 3746 3874 3808 ta-

2221 3842 2453 3911 tigatas,
2501 3841 2619 3900 sub
2661 3842 2885 3900 umbra
2920 3842 3291 3901 defensionis
3325 3859 3449 3900 sum
3500 3841 3754 3917 protegit
3800 3856 3881 3897 ac

2217 3926 2513 4002 defendit,
2530 3934 2590 3988 et
2610 3930 2813 3988 fructu
2830 3930 3138 3989 labiorum
3155 3931 3461 4001 doctrinis,
3475 3930 3799 3989 esurientes
3815 3934 3885 3986 et

2216 4019 2480 4079 sitientes
2525 4036 2634 4094 per
2663 4036 2839 4079 suam
2879 4019 3260 4078 dulcedinem
3296 4020 3505 4078 reﬁcit.
3532 4025 3579 4076 Α
3603 4017 3875 4092 paradisi

2213 4111 2569 4184 expulsione
2595 4127 2786 4183 usque
2815 4109 2897 4168 ad
2920 4109 3176 4180 Virginis
3200 4115 3449 4184 partum
3472 4108 3668 4167 multis
3691 4106 3869 4164 labo-

2212 4200 2379 4256 ribus
2421 4203 2481 4256 et
2513 4199 2990 4257 intolerabilibus
3019 4199 3373 4257 daemonum
3406 4196 3876 4273 impugnationi—

2211 4289 2329 4345 bus
2356 4288 2571 4345 affecta
2591 4292 2680 4345 est
2690 4290 2967 4347 humana
2984 4284 3321 4363 progenies,
3346 4306 3483 4364 qum
3507 4289 3607 4346 hic
3633 4288 3751 4345 sub
3774 4291 3880 4345 Ec-

2214 4377 2407 4435 clesia
2425 4392 2694 4451 persona
2709 4378 2919 4435 amica
2931 4383 3019 4435 est
3045 4378 3366 4452 appellata,
3381 4378 3885 4451 inejusadsventu

2212 4465 2318 4540 qui
2345 4465 2493 4522 dixit
2521 4484 2534 4522 :
2569 4466 2823 4523 «Venite
2851 4466 2932 4526 ad
2961 4484 3079 4536 me,
3106 4484 3320 4526 omnes
3360 4469 3468 4543 qui
3500 4467 3793 4526 laboratis
3822 4471 3891 4525 et

2212 4556 2441 4613 onerati
2467 4555 2629 4624 estis,
2649 4560 2707 4613 et
2725 4571 2846 4627 ego.
2858 4572 2969 4621 vos
2998 4557 3371 4631 requiescere
3394 4557 3619 4615 faciam
3632 4556 3880 4631 (,Maltli.

2212 4646 2317 4719 in),
2333 4668 2373 4698 »ι
2417 4646 2537 4704 sub
2599 4646 2861 4718 tegmine
2920 4647 3297 4706 defensionis
3358 4649 3511 4722 ejus,
3570 4646 3885 4705 credendo

2213 4753 2407 4795 unum
2435 4740 2651 4810 Deum,
2665 4738 3055 4811 reuiescens
3073 4738 3217 4796 lenta
3233 4739 3377 4796 dicit
3400 4758 3419 4795 :
3448 4761 3478 4790 ‹‹
3509 4738 3639 4797 Sub
3656 4737 3889 4796 umbra

2213 4826 2377 4884 illius
2414 4844 2603 4901 quem
2650 4827 3074 4885 desiderabam
3120 4828 3271 4885 sedi.
3295 4847 3323 4878 ι
3370 4830 3571 4895 Quam
3604 4827 3881 4885 dulcedi-

2214 4932 2357 4974 nem
2383 4917 2559 4989 regni
2581 4917 2871 4975 coelorum
2907 4932 3267 4991 quanquam
3292 4933 3560 4991 praesens
3584 4917 3889 4992 protectio

2214 5005 2417 5079 possit
2456 5006 2729 5080 intelligi,
2777 5011 2839 5064 et
2882 5006 3200 5064 beatorum
3255 5007 3528 5082 requiem
3577 5007 3883 5077 nominat,

2217 5093 2341 5149 sive
2382 5110 2602 5167 corpus
2648 5095 2700 5168 ej
2710 5113 2809 5161 us,
2830 5100 2890 5153 et
2926 5096 3295 5168 sanguinem
3310 5095 3662 5166 delibando,
3688 5095 3885 5153 vitam

2216 5184 2504 5239 mternam
2531 5183 2958 5257 conferentem,
2989 5185 3303 5244 exsultans
3346 5186 3464 5244 ait:
3502 5188 3628 5243 «Et.
3646 5184 3895 5243 fructus

2217 5269 2353 5342 ejus
2373 5268 2565 5328 dulcis
2594 5273 2819 5342 gutturi
2844 5290 3011 5332 meo.
3031 5297 3065 5327 ››
3110 5274 3271 5332 Licet
3317 5280 3392 5333 ut
3423 5275 3689 5333 dulcedo
3732 5273 3885 5331 divi-

2215 5376 2437 5419 narum
2485 5361 2928 5437 Seripturarum
2972 5366 3337 5439 intelligatur
3373 5366 3438 5424 in
3474 5366 3886 5441 prmdieatori—

2214 5450 2332 5507 bus
2361 5451 2603 5524 sanctis,
2632 5453 2739 5526 qui
2768 5458 3011 5525 guttura
3041 5456 3279 5513 Domini
3307 5455 3711 5531 appellantur,
3742 5472 3884 5531 pro-

2213 5537 2336 5595 lata
2364 5540 2457 5597 sit.
2489 5543 2570 5599 De
2596 5558 2723 5615 qua
2765 5543 3085 5602 dulcedine
3122 5545 3207 5603 ait
3247 5546 3580 5620 Propheta:
3616 5569 3651 5599 α
3675 5548 3897 5605 ϐαδιε-

2214 5626 2529 5704 te,inquit,
2544 5634 2609 5690 et
2628 5631 2842 5704 videte,
2868 5634 3169 5706 quoniam
3181 5635 3389 5695 suavis.
3406 5639 3503 5694 est
3520 5634 3889 5695 Dominus;
