4092 6176
3512 218 3625 278 Μ

212 306 239 333 κ
274 286 485 339 Beatus
509 282 623 353 vir,
652 287 763 341 etc.
799 285 989 352 (Puri.
1018 295 1242 355 nxm).
1276 314 1304 341 »
1338 297 1405 350 Et
1431 292 1579 353 illud
1608 315 1621 353 :
1672 301 1823 363 Qua!

212 371 397 417 rinim'a
431 371 713 417 faucibus:
752 374 900 417 mnia
932 376 1166 417 ρῑηηηίςι
1198 386 1295 417 hin
1329 385 1338 417 l
1397 386 1640 417 μηκας-ιη.
1687 404 1823 417 -.πυ

1931 312 1945 356 L
1979 307 2156 410 igitur
2198 310 2393 383 regem
2442 317 2803 380 latissimum
2850 342 3017 386 essse
3054 332 3367 412 palatium,
3416 341 3477 399 in
3505 358 3629 417 quo

208 371 400 427 dulcia
431 371 713 429 faucibus
750 374 900 430 meis
932 376 1172 449 eloquia
1198 386 1301 437 tua
1327 385 1339 437 l
1394 386 1660 455 Homine,
1687 404 1865 462 super

207 461 425 517 maiori
453 477 593 518 meo
618 463 811 535 (Psat.
845 468 1062 535 cxvm).
1097 490 1126 518 »ν
1172 470 1251 525 De
1280 473 1460 543 huius
1492 476 1723 533 arboris
1750 461 1863 535 frus

206 554 323 617 ctu,
353 550 529 621 quasi
553 551 878 621 languidus
906 553 967 609 in
998 556 1210 613 ultima
1239 559 1675 634 desperationis
1707 567 1863 623 latin

208 637 432 707 unitate,
462 640 607 696 mali
636 641 865 711 granati
894 659 1079 701 succo
1101 646 1160 702 in
1193 650 1461 707 adventa
1481 654 1612 724 ejus
1639 670 1862 713 recrea-

209 730 273 781 ta
300 732 387 782 est
408 728 771 786 credenth
813 732 1009 796 turba,
1049 736 1153 807 qui
1202 738 1430 795 fruetus
1458 743 1724 814 quotidie
1755 760 1861 818 per

211 826 317 871 cos
345 817 449 889 qui
473 818 678 875 Christi
712 819 867 875 vices
896 828 1105 895 agunt,
1136 827 1197 880 in
1237 833 1439 897 guttur
1476 817 1859 891 Ecclesium-

214 903 382 961 fundi
416 914 797 978 monstratur,
849 915 909 967 et
928 912 1014 968 sic
1039 928 1145 985 per
1178 917 1444 986 singulos
1474 923 1699 990 gradus
1726 938 1859 997 pro-

208 993 469 1051 fcctaum
507 997 898 1056 introducitur
940 1001 1021 1058 ad
1068 1018 1359 1064 arcanam
1400 993 1853 1082 intelligentiam

201 1080 350 1151 legis
378 1083 613 1156 divinae,
644 1092 709 1142 ut
752 1104 1083 1158 agnoscere
1122 1097 1309 1166 possit
1356 1100 1560 1156 omnia
1588 1080 1688 1157 illa
1716 1120 1852 1173 (iure

196 1168 257 1223 in
293 1172 480 1226 Veteri
499 1172 887 1233 Testamento
914 1185 1052 1236 sunt
1080 1187 1268 1251 gesta.
1305 1187 1394 1241 Ait
1418 1188 1575 1244 enim
1603 1205 1618 1245 :
1643 1211 1672 1243 ‹
1695 1168 1854 1249 Sicut

193 1257 423 1313 malum
450 1260 604 1316 inter
628 1262 794 1332 ligna
827 1265 1129 1337 silvarum,
1165 1272 1248 1327 sic
1288 1273 1540 1332 dilectus
1570 1293 1742 1335 meus
1764 1282 1850 1337 in-

195 1349 274 1400 ter
296 1346 510 1403 ﬁlios.»
539 1355 620 1406 Ac
652 1352 699 1407 si
731 1353 964 1410 dicatur
998 1374 1009 1411 :
1040 1360 1199 1416 Sicut
1228 1362 1455 1419 malum
1487 1366 1640 1438 visu,
1664 1372 1848 1425 odore

188 1438 245 1488 et
283 1441 471 1503 gustu
522 1441 820 1497 antecedit
875 1447 1080 1503 omnia
1126 1453 1182 1503 et
1228 1450 1390 1517 ligna
1424 1453 1732 1527 silvestria,
1767 1459 1848 1515 ita

1974 406 2077 508 rex.
2100 399 2391 462 inhabitat
2419 408 2703 476 Christus,
2737 430 2935 475 sermo
2958 399 3385 498 omnipotentis
3416 399 3626 508 Patiis,

1976 485 2077 581 ubi
2111 490 2187 544 ad
2226 498 2514 554 cateruam
2546 500 2859 561 milititiam
2896 485 3631 581 introdu‘cnnturcreden:

1972 574 2117 632 tium
2150 581 2385 647 animm,
2420 586 2521 642 ubi
2556 588 2957 653 introductam
2989 616 3072 669 se,
3118 602 3179 659 in
3219 608 3499 667 eamdem
3543 614 3629 671 vi-

1970 662 2669 761 delicet_intelligentiam
2719 679 2866 753 legis
2913 662 3157 747 dicit'ad
3188 662 3628 761 considemnda

1972 753 2268 862 mLirabilia
2314 774 2450 832 quae
2483 778 2591 862 per
2647 767 2914 840 singulos
2943 778 3316 848 patriarchas
3346 753 3451 843 vel“

1967 840 2180 944 piratas
2233 858 2424 919 usque
2478 851 2557 908 ad
2608 860 2849 927 partum
2905 840 3157 936 Virginis
3209 840 3626 944 operatusrest

1968 931 2143 998 Deus,
2173 946 2359 1007 quam
2406 955 2569 998 nunc
2610 958 2718 1016 per
2767 931 3032 1019 ﬁguram
3076 931 3287 1018 cellam
3326 965 3622 1028 vinariam

1964 1023 2316 1089 nominavit,
2350 1027 2453 1084 ubi
2478 1030 2837 1105 introducta,
2872 1046 3134 1117 suscepit
3165 1047 3226 1105 in
3258 1067 3319 1108 se
3346 1023 3621 1117 ordinem

1963 1110 2286 1214 charitatis.
2342 1120 2403 1173 In
2460 1134 2588 1214 quo
2642 1125 2853 1185 ordine
2902 1110 3222 1206 charitatis,
3270 1110 3620 1214 quidaliud

1961 1201 2461 1296 credendumqest
2501 1212 2764 1282 primum
2818 1217 3031 1278 imbui.
3075 1201 3310 1285 nisi'ut‘
3332 1201 3620 1296 credat—et

1961 1294 2528 1365 agnoscatprimum
2560 1300 2778 1361 debere
2807 1322 3031 1380 panem
3056 1315 3379 1389 nominari,
3404 1320 3463 1378 in
3492 1340 3615 1398 quo

1961 1376 2129 1398 mn,“
2553 1392 2563 1398 _
2635 1393 2680 1398 _-
2746 1392 2761 1398 _

1960 1376 2133 1433 Filius
2188 1398 2444 1455 semper,
2506 1392 2569 1444 ut
2635 1376 2893 1452 Verbum
2962 1398 3213 1467 invocet,
3281 1376 3615 1471 secundum

1956 1465 2169 1522 Filium
2227 1470 2285 1525 in
2337 1488 2460 1543 quo
2505 1492 2742 1552 semper
2792 1485 2977 1555 Pater,
3036 1465 3274 1551 tertium
3332 1465 3613 1571 Spiritum

1731 1561 1848 1600 r-m-
1957 1560 2250 1621 sanctum,
2300 1562 2404 1633 qui
2451 1576 2595 1624 vera
2622 1570 2851 1629 ratione
2903 1574 2979 1633 de
3024 1594 3172 1639 voce
3221 1588 3278 1641 et
3303 1560 3488 1646 verbo
3538 1591 3614 1650 de

181 1614 385 1668 tur.De
407 1617 628 1687 quibus
654 1619 941 1676 diciturm
968 1627 1129 1681 Tunc
1157 1629 1511 1686 cxultahunt
1539 1634 1743 1689 omnia
1776 1635 1842 1689 li-
1876 1655 1921 1708 Β

182 1713 303 1767 gna
333 1702 625 1761 silvarum
669 1712 806 1764 ante
848 1709 1064 1769 faciem
1096 1715 1328 1771 Domini
1360 1720 1649 1790 quoniam
1686 1724 1843 1779 venit

184 1787 370 1858 (Psal.
402 1793 589 1864 κρῆ.»
624 1797 786 1852 Unde
812 1798 915 1854 ﬁlii
940 1814 1065 1857 non
1094 1804 1319 1861 malitia
1349 1787 1655 1877 vocantur,
1690 1818 1842 1869 Sicut

178 1873 337 1945 ﬁlice,
369 1895 503 1952 quae
528 1883 717 1955 spinis
743 1896 1190 1960 comparantur.
1237 1897 1338 1949 Est
1359 1896 1585 1970 quippe
1614 1873 1841 1969 magna

179 1966 468 2024 exultatio
496 1970 672 2040 lignis
698 1974 1007 2045 silvarum,
1055 1980 1202 2035 dum
1232 1966 1609 2055 conspiciunt
1631 1988 1693 2042 in
1720 2005 1840 2044 mc-

177 2053 283 2110 dio
315 2057 411 2112 sui
453 2059 630 2115 talem
689 2064 969 2121 arborem
1014 2071 1365 2133 surrexisse.
1395 2074 1568 2143 cujus
1613 2076 1839 2134 inicius

178 2146 374 2200 totam
399 2145 703 2205 decoravit
724 2152 958 2220 silvam,
990 2172 1202 2212 omnes
1232 2159 1476 2216 abstulit
1496 2164 1834 2222 animarum

175 2229 529 2302 languores,
560 2252 892 2312 omnesque
931 2242 1329 2302 indulcoravit
1371 2248 1596 2306 fructus
1627 2256 1835 2310 amari~

182 2318 433 2376 tudinis.
469 2324 591 2380 Sub
619 2328 791 2398 cujus
820 2330 1035 2388 umbra
1063 2335 1228 2389 omni
1258 2343 1402 2392 testu
1424 2339 1681 2405 tristitiae,
1711 2360 1835 2399 om.

171 2407 371 2480 nique
414 2413 681 2483 pondere
731 2421 957 2489 peccati
1015 2423 1269 2494 abjecto,
1330 2429 1586 2486 Ecclesia
1642 2435 1833 2491 multo

170 2500 450 2569 tempore
475 2501 875 2562 desideratam
896 2511 1164 2582 requiem
1192 2513 1250 2567 iu
1262 2523 1519 2588 ventum,
1538 2526 1594 2574 et
1611 2521 1825 2577 dulcis-

168 2584 326 2641 simo
385 2587 581 2645 fructu
642 2594 919 2663 saginata
972 2599 1451 2660 adolescentibus
1501 2584 1827 2667 animabus

166 2674 393 2747 adepta
418 2678 643 2747 gaudia
672 2687 902 2740 narrat.
931 2706 957 2734 κ
991 2687 1114 2743 Sub
1137 2689 1352 2747 umbra
1381 2709 1569 2765 quam
1595 2698 1826 2755 deside-

164 2763 403 2827 rabam,
436 2765 648 2840 inquit,
676 2770 825 2837 sedi,
874 2778 933 2829 et
966 2774 1191 2833 fructus
1221 2780 1350 2850 ejus
1379 2763 1570 2840 dulcis
1601 2790 1824 2856 gutturi

165 2869 321 2909 meo.
358 2876 388 2905 »
414 2860 498 2913 Ac
526 2858 578 2913 si
603 2858 765 2917 dicat
789 2879 802 2916 :
826 2864 1050 2920 Eodem
1070 2872 1417 2939 protegente
1444 2888 1629 2946 quem
1661 2895 1822 2934 sem.

164 2959 268 3015 per
294 2946 516 3003 adesse
558 2951 807 3022 quaesivi
844 2954 1049 3026 quieta
1105 2973 1176 3014 ac
1231 2976 1443 3020 secura
1482 2981 1722 3035 maneo,
1765 2976 1825 3025 et

165 3034 352 3103 gratia
386 3052 504 3092 sua
543 3038 798 3096 scelestis
827 3042 1161 3101 dulcedinis
1188 3064 1287 3104 me
1328 3049 1464 3107 fecit
1489 3067 1621 3110 esse
1641 3034 1818 3129 parti-

165 3123 353 3194 cipem
387 3143 402 3177 :
447 3129 509 3182 et
537 3126 622 3183 sic
651 3144 759 3201 per
786 3131 1061 3190 ordinem
1087 3136 1164 3191 ad
1193 3136 1407 3195 altiora
1433 3123 1821 3213 intelligenda

162 3215 446 3284 mysteria
479 3231 542 3272 se
574 3217 873 3276 introduci
903 3227 1150 3279 testatur
1173 3225 1433 3285 dicendo
1464 3247 1477 3284 :

227 3322 256 3353 α
290 3305 630 3362 Introduxit
655 3324 754 3363 me
780 3322 885 3365 rex
912 3310 975 3366 in
1005 3312 1219 3370 cellam
1241 3315 1555 3388 vinariam,
1573 3321 1813 3380 ordina-

162 3402 193 3438 ί(
218 3391 300 3447 vit
332 3392 395 3449 in
442 3410 543 3451 me
587 3396 959 3455 charitatem.
994 3422 1023 3451 »
1082 3402 1243 3460 Cella
1282 3405 1514 3464 vinaria
1556 3411 1814 3470 Ecclesia

160 3478 331 3537 debet
352 3483 627 3554 intelligi,
674 3487 829 3544 sicut
872 3491 1147 3548 nonnulli
1177 3493 1519 3567 opinantur,
1547 3499 1608 3555 in
1637 3504 1809 3571 cujus

165 3570 380 3628 unitate
411 3574 665 3645 Spiritus
698 3581 940 3634 sanctus
970 3584 1393 3640 tantummodo
1419 3586 1549 3643 dari
1580 3570 1726 3646 solet
1755 3596 1812 3649 et

164 3660 369 3732 accipi.
402 3663 588 3734 Cujus
604 3667 798 3737 gratia
816 3667 931 3724 hoc
952 3668 1086 3727 loco
1112 3671 1237 3729 vini
1264 3675 1511 3733 nomine
1529 3678 1804 3750 designa-

166 3751 280 3803 tur.
320 3750 562 3819 V'inum,
609 3771 747 3812 cum
803 3758 1086 3831 Spiritum
1123 3768 1401 3821 sanctum
1440 3772 1809 3843 accepissent

168 3839 443 3909 apostoli,
470 3842 649 3901 Ιιιόεεὸ
675 3845 958 3905 dixerunt
1005 3867 1019 3906 :
1072 3871 1100 3901 «
1127 3853 1316 3909 Musto
1344 3854 1505 3927 pleni
1545 3839 1687 3916 sunt
1708 3861 1806 3918 isti

169 3924 318 3996 (Act.
345 3929 426 4001 ιι).
458 3948 490 3981 κ
535 3930 597 3988 in
636 3950 763 4008 qua
803 3936 953 3995 cella
997 3940 1275 3999 ordinata
1312 3924 1404 4000 est
1430 3946 1713 4018 cbaritas,
1741 3956 1809 4007 ut

156 4110 497 4177 proximum
527 4117 822 4187 tanquam
862 4117 1133 4191 eeipsum
1161 4121 1388 4194 diligat.
1444 4127 1805 4201 Quanquam

155 4199 333 4268 possit
367 4217 437 4259 ex
473 4204 784 4277 superﬂuo
826 4208 977 4265 cella
1024 4210 1251 4270 vinaria
1280 4199 1803 4293 mysteriumfpasc

154 4286 327 4346 sionis
345 4293 567 4350 Christi
594 4293 858 4368 intelligi,
891 4299 956 4355 in
979 4315 1105 4373 quo
1130 4286 1473 4365 introducta
1500 4314 1587 4365 est
1613 4286 1803 4367 Eccle-

154 4377 252 4448 sia,
282 4382 544 4456 quando
573 4401 679 4458 per
705 4386 889 4445 ﬁdem
918 4370 1051 4462 ejus
1078 4398 1467 4454 sacramentis
1484 4401 1801 4475 participa-
1828 4370 1874 4424 Π

152 4475 465 4530 remerm’t.
512 4475 627 4531 Sed
669 4477 816 4549 quia
860 4494 968 4552 per
1015 4482 1290 4540 ordinem
1319 4486 1803 4548 adolescentibus

153 4558 469 4619 animabus
519 4562 907 4637 intelligenda
960 4572 1250 4644 mysteria
1293 4574 1696 4636 introductam
1735 4596 1798 4638 se

153 4647 401 4720 testatur,
430 4655 780 4712 necessario
803 4657 1018 4716 cellam
1046 4660 1360 4730 vinariam,
1402 4665 1712 4726 scientiam
1742 4674 1803 4728 et

150 4731 528 4799 (inlcedinem
574 4743 797 4803 divina
831 4746 983 4819 legis
1032 4750 1158 4807 vult
1193 4751 1459 4826 intelligi.
1488 4756 1578 4812 Ad
1607 4774 1796 4831 quam

149 4823 527 4915 dulcedinem
576 4832 791 4893 invitat
843 4837 1342 4915 adolescentulas,
1386 4823 1448 4902 et
1484 4823 1797 4906 laudando

148 4910 413 5008 festinare
436 4921 740 4992 hortatur,
774 4941 964 4999 quam
995 4929 1258 4988 Christus
1282 4910 1665 5008 propinando
1690 4937 1796 4995 do-

149 5004 279 5077 cuit,
298 5023 443 5067 cum
475 5011 561 5068 ait
599 5028 616 5068 :
669 5033 700 5064 ‹‹
728 5014 1072 5088 Operamini
1099 5004 1304 5078 cibum
1466 5040 1591 5082 non
1618 5027 1790 5099 perit,

149 5093 241 5149 sed
262 5100 366 5171 qui
393 5107 721 5174 permanet
741 5103 803 5161 in
832 5110 1121 5165 aeternum
1153 5093 1480 5183 (Joanfvr).
1506 5133 1541 5169 ν
1577 5093 1641 5172 ni
1668 5093 1793 5190 quo

148 5194 309 5255 Opere
335 5190 579 5263 positos
614 5191 923 5253 beatiﬁcat
946 5198 1251 5272 Propheta
1283 5202 1527 5261 dicens:
1568 5227 1598 5256 ‹‹
1630 5208 1791 5265 Beati

147 5271 238 5341 qui
264 5282 617 5336 scrutantur
639 5281 978 5341 testimonia
1007 5271 1159 5358 ejus,
1204 5288 1267 5346 in
1311 5295 1436 5348 toto
1482 5295 1663 5351 corde
1692 5312 1790 5352 ex-

146 5361 376 5447 quirunt
406 5383 551 5425 eum
577 5368 770 5441 (Psal.
796 5375 1045 5447 enim.»
1076 5377 1224 5435 Sunt
1257 5379 1418 5436 enim
1443 5381 1790 5442 testimonia

146 5444 199 5502 in
225 5450 420 5511 Veteri
447 5459 826 5518 Testamento
850 5444 1017 5534 legis,
1048 5480 1185 5539 quae
1212 5468 1507 5525 Christum
1536 5471 1789 5530 humani

146 5543 369 5605 generis
396 5545 857 5622 Redemptorem
874 5554 1139 5626 probant
1160 5560 1790 5630 venturum,advenis-

147 5639 220 5689 sc.
263 5630 490 5691 iterum
547 5638 949 5700 adventuram
1011 5644 1073 5701 in
1142 5644 1414 5716 gloriam.
1483 5650 1789 5711 Ponamus

1957 1646 2121 1753 Patre
2154 1652 2239 1753 ut
2258 1648 2400 1706 Filio
2442 1654 2765 1753 procedere
2830 1669 3261 1739 comprobatur
3294 1675 3325 1731 ?
3375 1678 3477 1750 qui
3504 1646 3613 1753 per

1954 1734 2157 1790 omnia
2193 1737 2340 1793 Deus
2372 1755 2529 1796 unus
2558 1743 2898 1818 diligendus
2928 1734 3038 1827 est,
3081 1734 3417 1821 secundum

1951 1822 2007 1875 in
2068 1822 2235 1879 initio
2290 1828 2565 1897 necarem
2614 1851 2628 1890 :
2692 1858 2720 1887 «
2764 1840 2980 1911 Diliges
3023 1822 3359 1910 Dominum
3416 1822 3605 1917 ait};

1950 1915 2119 1968 tuum
2153 1914 2211 1969 in
2235 1920 2355 1972 toto
2377 1920 2555 1977 corde
2585 1926 2707 1981 tuo.
2740 1949 2768 1977 »
2791 1928 3102 1991 Secundus
3150 1939 3298 1998 ordo
3328 1947 3436 2017 est,
3475 1968 3505 1997 ‹‹

1950 2004 2069 2056 tota
2094 2003 2298 2060 anima
2329 2010 2447 2063 tua.
2478 2032 2505 2059 η
2526 2014 2750 2071 Tertius
2780 2019 2930 2077 ordo
2952 2026 3057 2089 est,
3092 2026 3201 2083 «in
3234 2032 3359 2088 tota
3387 2003 3601 2093 virtute

1946 2093 2049 2197 tua
2075 2091 2293 2197 ςξωυσιε
2318 2099 2430 2168 χχ).
2459 2120 2486 2147 π
2515 2100 2742 2197 Deinde
2766 2106 2893 2177 jam
2920 2110 2981 2167 in
3012 2112 3262 2186 singulis
3286 2091 3596 2197 praeceptis

1942 2176 2234 2283 legalibus
2265 2188 2612 2283 quqmodo,
2636 2192 2731 2249 vel
2770 2176 2898 2268 quo
2942 2176 3159 2260 affectu
3186 2176 3597 2283 debeat

1940 2266 2270 2363 proximus,
2299 2273 2391 2329 vel
2419 2276 2669 2346 singulae
2701 2266 2972 2354 persona:
3001 2288 3061 2346 in
3094 2293 3370 2363 Ecclesia,
3403 2266 3597 2359 oblati-Li:

1940 2359 2031 2411 tas
2060 2358 2312 2418 amittiut.
2355 2364 2482 2421 Alio
2531 2369 2691 2427 enim
2738 2374 2948 2433 ordine
2996 2381 3304 2455 reciproca
3332 2358 3594 2449 charitas

1938 2449 2250 2516 pensanda
2273 2457 2356 2507 est
2391 2455 2529 2526 Deo,
2584 2458 2688 2547 qui
2724 2476 2848 2518 non
2879 2449 3212 2527 secundum
3251 2477 3593 2547 apostolum

1937 2536 1995 2603 (Ι
2008 2537 2184 2593 εΙσα-η.
2216 2542 2294 2603 iv)
2329 2543 2489 2613 prior
2527 2545 2751 2620 dilexit,
2803 2554 2907 2625 qui
2953 2557 3129 2614 nobis
3158 2536 3404 2621 omnem
3431 2536 3595 2625 sum;

1936 2638 2100 2679 mam
2123 2624 2423 2686 charitatis
2463 2649 2571 2706 per
2607 2624 2902 2698 Christum
2933 2648 3257 2706 contulisse
3275 2654 3586 2724 probatur.

2099 2717 2310 2773 ordine
2353 2720 2513 2779 ﬁdeli
2562 2727 2777 2799 amico,
2830 2732 2950 2790 alio
2996 2736 3205 2796 ordine
3237 2712 3592 2804 charissima

1851 3013 1895 3068 ρ
1932 2996 2239 3085 germano,
2301 2987 2416 3045 alio
2460 2993 2667 3051 ordine
2726 3000 3017 3071 conjugi;
3072 3004 3189 3062 alio
3240 3013 3584 3086 peregrino,

1930 3071 2045 3171 alio
2086 3074 2308 3145 agnito,
2339 3077 2455 3135 alio
2483 3084 2796 3157 sacerdoti,
2825 3088 2944 3146 alio
2971 3071 3330 3168 propinquis
3357 3071 3423 3155 et
3441 3071 3583 3171 pro:

1926 3158 2123 3217 ximis.
2160 3165 2305 3219 Nam
2335 3165 2537 3239 largiri
2566 3176 2906 3232 necessaria
2949 3158 3142 3249 egenti
3171 3158 3462 3255 inﬁrmo;
3484 3188 3583 3245 vel

1927 3252 2261 3320 peregrino,
2292 3268 2411 3310 non
2464 3257 2541 3314 ad
2589 3263 2996 3323 ostensionem
3023 3267 3222 3327 laudis
3268 3252 3576 3349 humanm,

1925 3338 2029 3393 sed
2086 3345 2329 3413 propter
2401 3346 2853 3409 retributionem
2926 3360 3213 3417 aeternam
3288 3338 3581 3424 ordinata;

1922 3428 2223 3485 charitatis
2273 3432 2556 3493 indicium
2613 3445 2720 3497 est.
2775 3443 3085 3505 Consolari
3136 3449 3492 3526 indigentes,
3523 3461 3585 3516 et

1921 3532 2241 3588 oppressos
2297 3521 2522 3594 injusto
2561 3526 2810 3599 judicio,
2860 3534 3097 3595 visitare
3162 3521 3438 3601 inﬁrmos
3478 3521 3581 3603 vel

1921 3608 2139 3661 carceri
2198 3612 2597 3688 mancipatos,
2647 3619 2929 3680 ordinata
2990 3627 3246 3686 charitas
3293 3632 3580 3692 demons-

1919 3698 2122 3750 tratur.
2148 3694 2211 3751 In
2236 3700 2400 3756 nullo
2426 3705 2668 3795 negotio
2687 3723 2798 3778 pro
2848 3712 3093 3771 veritate
3145 3717 3409 3776 hominis
3438 3737 3577 3795 per-

1917 3798 2128 3839 sonam
2182 3789 2458 3861 revereri,
2531 3794 2995 3856 misericorditer
3058 3804 3388 3863 admonere
3435 3789 3576 3866 insi-

1915 3871 2161 3943 pientes,
2225 3878 2615 3936 veracissime
2671 3882 2980 3958 increpare
3051 3891 3367 3963 superbos,
3434 3897 3576 3954 cha-

1912 3960 2097 4016 ritatis
2149 3960 2501 4022 manifestus
2540 3973 2629 4026 est
2670 3971 2842 4029 ordo.
2901 3960 3183 4051 Quisquis
3210 3960 3412 4040 autem
3443 3998 3574 4043 am-

1914 4048 2071 4122 plius
2101 4050 2292 4121 diligit
2330 4058 2584 4149 patrem,
2619 4063 2722 4117 aut
2758 4065 3034 4129 matrem,
3064 4048 3357 4142 uxorem,
3391 4072 3570 4149 ﬁlios,

1912 4139 2005 4195 vel
2031 4139 2258 4203 fratres,
2291 4147 2394 4200 aut
2423 4144 2660 4205 divitias
2699 4154 3009 4224 praesentis
3052 4139 3351 4232 temporis
3380 4139 3570 4238 quam

1913 4231 2121 4297 Deum,
2153 4234 2242 4287 est
2270 4232 2516 4305 quidem
2555 4236 2618 4293 in
2670 4254 2742 4297 eo
2770 4242 3051 4313 charitas,
3102 4231 3208 4303 sed
3254 4264 3380 4308 non
3398 4231 3571 4310 ordi-

1911 4323 2073 4386 nata,
2103 4322 2392 4393 quoniam
2411 4339 2537 4398 prae
2557 4330 2842 4387 omnibus
2871 4333 3073 4406 ipsum
3101 4335 3348 4410 diligere
3390 4342 3569 4400 debe-

1912 4425 2067 4475 mus,
2110 4414 2166 4466 et
2229 4413 2575 4484 proximum
2621 4419 2775 4475 sicut
2833 4425 3258 4498 nosmetipsos.
3318 4433 3429 4486 Iste
3479 4434 3573 4488 est

1909 4498 2060 4554 ordo
2123 4500 2446 4559 charitatis.
2514 4506 2820 4564 Ordinavit
2883 4523 3027 4581 ergo
3089 4514 3193 4569 Dei
3258 4516 3443 4572 Filius
3501 4518 3567 4572 in

1908 4587 2170 4645 Ecclesia
2225 4605 2336 4647 sua
2383 4593 2758 4662 charitatem,
2823 4602 2889 4655 ut
2956 4600 3104 4656 sciat
3148 4603 3567 4677 unusquisque

1908 4676 2177 4733 Ecclesiae
2236 4679 2399 4736 ﬁlius
2455 4683 2779 4757 unicuique
2823 4701 2947 4758 quo
2999 4687 3208 4745 ordine
3256 4676 3566 4752 charitatis

1903 4761 2215 4834 impendat
2236 4765 2524 4832 ofﬁcium,
2561 4769 2819 4827 dicendo
2869 4773 2932 4830 in
2978 4775 3302 4847 Evangelia
3349 4796 3363 4835 :
3416 4783 3565 4840 Red-

1902 4849 2020 4905 dite
2071 4864 2208 4922 qua:
2253 4856 2395 4909 sunt
2431 4857 2679 4914 Caesaris
2720 4859 2957 4926 Caesari,
3000 4866 3057 4919 et
3092 4879 3230 4937 quas
3276 4873 3417 4927 sunt
3458 4874 3565 4929 Dei

1902 4940 2020 4995 Deo
2050 4939 2289 5011 (Matth.
2323 4945 2485 5015 xxn).
2512 4962 2544 4998 ι
2574 4948 2643 5003 Et
2668 4962 2776 5020 per
2799 4953 3155 5021 Apostolum
3181 4956 3300 5013 ait:
3350 4980 3381 5011 «
3412 4963 3565 5020 Red-

1899 5027 2017 5085 dite
2064 5028 2316 5101 singulis
2354 5028 2600 5104 ‘debita,
2655 5036 2751 5093 cui
2825 5037 3145 5115 honorem,
3189 5044 3486 5107 honorem
3538 5071 3554 5110 :

1898 5118 1993 5175 cui
2017 5118 2321 5194 timorem,
2347 5122 2622 5181 timorem
2665 5141 2679 5181 :
2728 5128 2823 5185 cui
2854 5130 3165 5203 tributum,
3214 5136 3509 5199 tributum
3541 5162 3559 5201 :

1897 5208 1993 5265 cui
2041 5210 2314 5282 vectigal,
2362 5213 2619 5285 vectigal
2671 5216 2858 5288 (Rom.
2907 5221 3032 5294 xu).
3085 5242 3116 5272 »
3171 5225 3304 5282 Non
3348 5243 3562 5289 omnes

1895 5298 2001 5372 qui
2034 5299 2373 5359 Christiano
2400 5304 2702 5389 vocabulo
2733 5314 3185 5383 nuncupantur,
3234 5330 3343 5387 per
3395 5318 3562 5377 hunc

1896 5388 2171 5446 ordinem
2207 5391 2509 5449 charitatis
2548 5388 2619 5450 in
2666 5397 3021 5468 praedictam
3077 5400 3557 5477 intelligentiam,

1895 5493 2081 5553 r{nam
2112 5478 2325 5536 cellam
2361 5481 2657 5540 vinariam
2696 5486 3050 5556 nominavit,
3071 5487 3556 5567 introducuntur,

1897 5567 2001 5623 sed
2031 5566 2136 5639 qui
2174 5582 2434 5639 parvum
2488 5578 3031 5649 quantumcunque
3075 5576 3341 5637 imitatus
3382 5566 3557 5640 fuerit

1900 5652 2175 5724 Paulum,
2204 5655 2311 5727 qui
2345 5656 2584 5718 dicebat
2620 5661 2713 5734 (ΙΙ
2752 5663 2890 5720 Cor.
2922 5665 3000 5736 χι)
3053 5681 3068 5719 :
3119 5666 3395 5738 Amplius
3421 5682 3553 5725 om-
