4092 6176
456 200 552 253 591

457 317 643 373 nibus
668 309 954 375 laboravi,
987 307 1047 363 in
1075 304 1311 375 vigiliis,
1343 302 1405 358 in
1447 301 1710 373 jejuniis,
1760 304 1817 356 et
1843 303 2054 355 catera
2087 313 2100 351 :
2131 309 2177 362 Α

461 429 489 457 ‹‹
522 410 577 459 et
602 400 825 461 omnia,
879 396 978 462 ait,
1030 393 1350 451 arbitratus
1407 406 1542 444 sum
1597 393 1662 444 ut
1709 393 1986 455 stercora,
2043 388 2108 441 ut

459 491 752 546 Christum
781 483 1193 542 lucrifacerem
1223 481 1408 552 (Phil.
1437 479 1575 550 111).»
1608 478 1672 533 In
1703 477 1896 549 capite
1925 474 2104 545 hujus

458 576 666 635 cantici
701 575 764 630 in
814 571 1181 637 cubiculum,
1238 569 1362 624 sive
1400 566 1707 622 cellarium
1735 565 1892 634 regis
1921 562 2106 618 intro-

457 667 641 723 ducta
670 661 930 719 Ecclesia
958 657 1186 724 laudat,
1214 656 1318 712 ubi
1343 655 1614 726 ingressa
1641 652 1802 720 dicit,
1829 674 1857 702 «
1901 648 2107 706 Exsul-

458 756 721 813 tabimus
774 755 832 806 et
875 747 1214 805 latabimur
1243 746 1302 800 in
1333 748 1411 813 te,
1439 763 1466 793 υ
1518 742 1786 815 agnitam
1837 738 2110 796 videlicet

458 848 586 917 ejus
613 839 994 916 prasentiam
1023 835 1416 909 corporalem,
1449 832 1553 905 qui
1601 836 1687 887 est
1725 831 1787 886 in
1818 827 2109 903 sapientia

458 937 666 1002 Patris,
698 930 803 1004 qui
832 928 994 984 velut
1020 927 1080 982 in
1126 922 1397 980 conclavi
1420 921 1852 994 prophetarum
1880 933 2109 991 praco-

457 1023 571 1078 niis
600 1021 843 1089 latebat,
893 1019 955 1072 in
993 1031 1116 1088 quo
1146 1018 1285 1068 sunt
1337 1026 1548 1068 omnes
1599 1007 2023 1065 exsultationes
2055 1008 2112 1061 et

460 1110 695 1180 latitia,
729 1112 786 1165 et
812 1103 1200 1163 thesauri.Hic
1231 1118 1370 1157 vero
1390 1100 1468 1156 ad
1498 1097 1946 1169 intelligendam
1967 1093 2113 1151 divi-

457 1217 602 1257 nam
646 1199 863 1268 legem,
909 1200 966 1251 et
1007 1193 1086 1250 ad
1116 1192 1390 1248 ordinem
1420 1187 1724 1245 charitatis
1749 1183 2109 1242 discendum

459 1307 525 1347 se
553 1287 956 1344 introductam
982 1282 1142 1353 dicit,
1165 1297 1288 1336 non
1320 1296 1382 1334 se
1411 1276 1600 1334 latari
1629 1281 1688 1332 et
1715 1271 2112 1340 exultare,sed

455 1379 841 1449 languere,eo
862 1371 1050 1447 quod,
1079 1368 1413 1426 secundum
1433 1361 2106 1435 Salomonem(Eccle.i):

458 1490 487 1520 ‹‹
535 1467 644 1532 Qui
697 1463 864 1521 addit
893 1460 1225 1524 scientiam,
1267 1456 1435 1512 addit
1463 1454 1754 1510 dolorem.
1789 1471 1819 1505 ›
1866 1454 1934 1506 Et
1976 1450 2112 1523 quis

455 1561 754 1630 quantum
783 1548 1184 1608 consectando
1207 1544 1533 1619 proximius
1563 1541 1717 1599 eﬁici
1747 1539 1992 1612 coeperit
2019 1554 2111 1594 sa-

457 1645 714 1719 pientia,
741 1647 974 1699 tantum
1023 1654 1159 1694 eam
1210 1637 1309 1692 vix
1340 1632 1631 1706 conspicit
1664 1630 2108 1719 prolongatam.
2144 1665 2182 1719 Β

458 1717 539 1791 De
560 1750 683 1806 quo
710 1731 916 1788 dolore
941 1729 1152 1784 beatus
1181 1739 1352 1782 amor
1380 1722 1646 1779 nascitur
1686 1719 1919 1790 Christi,
1951 1722 2008 1774 et
2037 1717 2112 1773 de

458 1805 664 1880 amore
695 1819 1005 1893 gloriosior
1043 1816 1288 1878 sanitas,
1333 1813 1550 1869 anima
1595 1811 1875 1880 languor,
1924 1807 2030 1881 qui
2060 1805 2114 1862 ei

458 1929 670 1971 omnes
699 1911 850 1967 vires
881 1907 1193 1964 subtrahat
1239 1904 1318 1961 ad
1362 1901 1764 1976 peccandum.
1805 1901 1947 1964 Qua
1977 1895 2112 1951 licet

456 2019 678 2060 arcana
702 1998 991 2073 mysteria
1014 1993 1392 2052 multiformis
1426 1991 1732 2064 sapientia
1759 1989 1862 2044 Dei
1891 1985 2112 2058 adepta

456 2093 552 2162 sit,
580 2108 716 2164 qua
740 2090 876 2145 licet
895 2085 1272 2160 perfectionis
1297 2087 1724 2146 teneatarcem,
1749 2093 1873 2134 non
1897 2075 2011 2130 sibi
2031 2079 2114 2130 ta-

455 2163 812 2238 menisolius
861 2176 1160 2251 praedicta
1218 2171 1523 2228 sententia
1578 2173 1683 2226 aut
1711 2163 2114 2237 intelligentia

455 2270 641 2328 credit
689 2267 961 2324 sufﬁcere
992 2279 1319 2332 summam,
1348 2259 1464 2317 nisi
1493 2259 1712 2332 stipata
1740 2255 1887 2313 mali
1917 2259 1975 2312 et
2001 2253 2114 2309 ful-

453 2363 569 2418 cita
579 2359 831 2417 diversis
846 2355 1276 2413 fueritﬂoribus
1286 2393 1298 2407 .
1309 2351 1472 2409 Unde
1486 2350 1770 2406 continuo
1783 2347 1914 2418 subj
1927 2344 2110 2400 unxit:

527 2474 555 2502 ‹‹
605 2449 821 2505 Fulcite
853 2463 951 2502 me
990 2444 1262 2508 ﬂoribus,
1307 2441 1517 2514 stipate
1568 2455 1664 2495 me
1719 2437 1913 2503 malis,
1965 2434 2113 2507 quia

457 2561 486 2589 ‹‹
526 2554 731 2593 amore
760 2535 1482 2605 langueo.»Prasent1am
1495 2525 1868 2600 corporalem
1880 2523 2112 2596 sapien-

454 2627 548 2683 tia
575 2625 677 2680 Dei
724 2623 926 2689 Patris,
975 2621 1037 2676 id
1079 2625 1166 2676 est
1195 2620 1514 2688 Christum,
1559 2614 1804 2688 requirit
1843 2614 1906 2669 in
1961 2611 2109 2668 cella

452 2714 707 2771 scientiae
738 2711 910 2783 legis,
929 2710 1036 2767 sed
1063 2711 1206 2782 quia
1225 2707 1390 2762 ilium
1415 2721 1599 2779 quem
1623 2703 1924 2760 desiderat
1950 2701 2108 2758 vide-

448 2822 512 2862 re
542 2807 722 2878 prout
745 2806 834 2858 est
857 2801 1057 2858 adhuc
1086 2813 1205 2854 non
1238 2795 1608 2870 permittitur,
1635 2795 1890 2850 aliorum
1912 2808 2113 2868 exem-_

450 2895 555 2969 pla
583 2894 661 2950 ad
691 2907 861 2948 suam
909 2888 1386 2946 consolationem
1429 2885 1719 2958 exposcit,
1767 2882 1989 2956 quibus
2019 2882 2111 2937 in-

449 2985 622 3041 terim
654 2998 834 3038 suum
859 2981 1217 3049 languorem
1252 2973 1914 3049 tc1uperarevaleat.Ait
1932 2986 2108 3027 nam-

449 3089 569 3146 que
603 3091 615 3128 :
648 3095 675 3121 «
710 3069 925 3127 Fulcite
949 3083 1048 3123 me
1079 3066 1350 3136 ﬂoribus,
1382 3065 1594 3137 stipate
1625 3079 1720 3118 me
1752 3062 1948 3131 malis,
1982 3080 2013 3113 ›
2043 3059 2103 3116 id

450 3168 542 3220 est
571 3158 968 3219 consolamini
998 3175 1096 3214 me
1121 3173 1209 3212 ex:
1234 3155 1414 3228 mplis
1437 3171 1541 3210 seu
1561 3153 1975 3209 inchoantium
1997 3151 2110 3206 bo-

448 3268 600 3309 num
651 3265 825 3323 opus,
874 3263 980 3303 seu
1027 3242 1545 3318 superiicientium
1587 3259 1599 3298 :
1641 3241 1788 3315 quia
1817 3241 2017 3297 adhuc
2047 3239 2110 3294 in

448 3337 947 3414 peregrinationis
971 3335 1170 3403 tadio,
1192 3348 1401 3389 amore
1423 3348 1698 3405 superna
1714 3330 1962 3386 visionis
1982 3328 2110 3384 lan-

451 3446 692 3500 guesco.
726 3427 891 3484 Unde
922 3440 1046 3482 non
1067 3423 1365 3478 immerito
1396 3438 1502 3494 per
1529 3421 1705 3478 ﬂores
1735 3435 1953 3476 anima
1976 3418 2108 3490 jam

448 3519 680 3576 bonum
699 3533 855 3590 opus
883 3514 1256 3584 inchoantes,
1287 3520 1344 3567 et
1367 3510 1588 3566 caelesti
1625 3509 1920 3564 desiderio
1939 3507 2111 3564 redo-

449 3609 660 3681 lentes,
692 3623 799 3681 per
843 3603 1005 3660 mala
1043 3602 1119 3658 de
1157 3600 1408 3656 ﬂoribus
1437 3598 1713 3672 perfectae
1739 3598 1869 3668 jam
1918 3595 2107 3652 bono-

448 3715 585 3755 rum
608 3701 859 3761 mentes,
883 3709 1021 3766 qua
1037 3691 1116 3748 ad
1145 3690 1404 3746 fructum
1423 3687 1778 3761 perveniunt
1797 3685 1940 3742 boni
1966 3701 2107 3758 ope-

448 3789 552 3856 ris,
582 3787 656 3843 de
713 3785 880 3841 initio
937 3784 1158 3838 sancta
1206 3777 1632 3853 propositionis
1674 3775 2105 3844 intelliguntur.

451 3881 592 3942 Quae
623 3891 767 3945 ergo
810 3888 1014 3930 amore
1065 3871 1332 3940 languet,
1361 3867 1551 3922 fulciri
1590 3865 1804 3939 quarit
1831 3863 2103 3931 ﬂoribus,

453 3965 661 4038 stipari
697 3963 892 4034 malis,
924 3960 1069 4034 quia
1097 3959 1331 4014 nullum
1363 3973 1547 4030 quem
1576 3953 1874 4011 desiderat
1905 3953 2103 4008 videre

451 4055 650 4112 adhuc
679 4070 803 4109 non
826 4049 1202 4125 permittitur,
1229 4063 1454 4117 magna
1479 4051 1570 4102 est
1594 4043 1924 4101 consolatio
1953 4043 2001 4098 si
2029 4043 2104 4098 de

451 4143 708 4200 aliorum
737 4139 1104 4216 profectibus
1132 4138 1381 4202 latetur,
1413 4140 1479 4191 ut
1520 4136 1725 4192 anima
1765 4132 2104 4205 requiescat

449 4234 513 4289 in
540 4233 704 4289 bono
744 4247 924 4304 opere
964 4227 1240 4302 proximi,
1287 4241 1423 4296 qua
1470 4225 1670 4282 adhuc
1709 4221 2102 4295 contemplari

447 4338 572 4380 non
603 4321 760 4378 valet
788 4320 1021 4376 vultum
1045 4318 1164 4374 Dei.
1193 4315 1512 4371 Videamus
1541 4313 1706 4387 quali
1734 4327 1906 4368 mens
1937 4311 2100 4368 Pauli

447 4413 662 4478 fuerat,
693 4409 798 4484 qui
823 4407 1062 4466 dicebat
1093 4424 1106 4462 :
1161 4428 1189 4456 «
1239 4403 1371 4460 Mihi
1418 4381 1612 4459 vivere
1643 4402 1905 4457 Christus
1934 4406 2022 4457 est
2045 4406 2102 4457 et
2131 4381 2174 4433 Ῑ)

446 4501 604 4560 mori
630 4500 865 4556 lucrum
892 4496 1078 4565 (Phil.
1115 4495 1173 4567 1).
1206 4516 1236 4543 »
1291 4491 1436 4547 Hinc
1466 4495 1554 4546 est
1580 4488 1747 4563 quod
1765 4489 1982 4545 iterum
2009 4489 2099 4544 di-

447 4594 525 4649 cit
559 4609 571 4645 :
605 4614 633 4642 ‹‹
663 4586 1036 4648 Desiderium
1066 4583 1264 4641 habeo
1307 4579 1553 4638 dissolvi
1583 4584 1640 4636 et
1677 4595 1818 4635 cum
1865 4577 2097 4634 Christo

445 4698 574 4739 esse
604 4682 792 4740 multo
822 4676 1015 4749 magis
1047 4673 1261 4731 melius
1286 4671 1540 4744 (Ibid.).»
1570 4668 1684 4727 Sed
1700 4685 1835 4725 ecce
1861 4669 1966 4742 qui
1981 4668 2097 4724 dis-

447 4773 599 4828 solvi
627 4772 954 4834 desideras,
993 4783 1116 4841 quo
1165 4779 1371 4822 amore
1419 4761 1708 4833 langueas
1760 4760 2100 4836 videamus.

447 4859 597 4922 Quia
624 4860 861 4914 interim
904 4857 1127 4913 differri
1178 4860 1231 4912 te
1285 4852 1581 4926 conspicis
1619 4852 1833 4918 fulciri,
1859 4867 2090 4926 quaso,

443 4945 691 5001 ﬂoribus
721 4962 845 5001 non
871 4946 1123 5016 requiris
1152 4945 1179 4998 ‘P
1211 4945 1421 5010 Quaris
1440 4942 1618 5015 plane
1661 4961 1674 4998 :
1725 4959 1868 4999 nam
1901 4941 2095 5013 sequi-

443 5037 539 5089 tur
571 5049 583 5086 :
633 5053 663 5086 ‹
689 5037 1041 5090 Permanere
1071 5037 1270 5087 autem
1322 5034 1384 5088 in
1424 5048 1624 5097 carne,
1683 5031 2094 5086 necessarium

441 5122 715 5180 existimo
764 5125 1008 5196 propter
1054 5136 1162 5176 vos
1202 5122 1418 5192 (Ibid).
1451 5140 1481 5175 ›
1527 5125 1596 5178 Et
1641 5118 2092 5193 proﬁcientibus

441 5212 748 5286 discipulis
777 5211 920 5267 dicit
971 5226 985 5265 :
1043 5229 1073 5262 ‹
1106 5211 1246 5275 Qua
1276 5215 1366 5266 est
1396 5211 1556 5266 enim
1585 5215 1792 5266 nostra
1820 5223 1956 5280 spes
1990 5213 2094 5266 aut

439 5304 752 5377 gaudium,
786 5306 890 5359 aut
919 5316 1140 5358 corona
1161 5300 1361 5370 gloria
1390 5301 1417 5356 ‘I
1448 5304 1652 5357 Nonne
1681 5316 1790 5355 vos
1823 5302 1959 5354 ante
1981 5299 2090 5356 Do-

437 5396 672 5452 minum
703 5398 978 5450 nostrum
1008 5393 1212 5447 Jesum
1247 5391 1543 5448 Christum
1571 5391 1599 5446 ?
1629 5409 1658 5442 ›
1717 5390 1771 5461 (Ι
1798 5389 1964 5445 Thes.
1999 5393 2086 5461 11.)

438 5485 771 5557 Conjuncta
798 5497 940 5552 ergo
970 5481 1175 5538 anima
1221 5480 1320 5536 Dei
1352 5480 1557 5551 verbo,
1615 5479 1952 5535 introducta
1990 5480 2082 5534 in-

1558 172 1918 238 ANGELOMI
1963 169 2415 230 LUXOVIENSIS
2452 176 2768 232 MONACHI

3771 183 3882 236 592

2217 297 2288 352 la
2320 298 2566 356 vinaria
2597 301 2942 358 divinorum
2973 299 3266 356 librorum
3293 299 3676 370 degustando
3700 317 3887 375 sapo-

2215 403 2329 458 res,
2360 391 2538 462 quasi
2586 391 2882 448 iuebriata
2924 391 3138 446 latitia
3190 390 3330 445 vino
3382 405 3622 464 semper
3661 392 3885 449 futura

2212 475 2617 553 beatitudinis,
2646 480 2924 553 quamvis
2949 496 3244 553 sponsum
3275 494 3398 534 non
3420 485 3622 536 cernat
3646 479 3707 536 in
3729 498 3885 554 pra-

2216 567 2385 630 senti,
2416 584 2521 624 cur
2562 570 2641 626 ad
2687 586 2823 626 eam
2873 569 3039 625 tarde
3067 568 3376 641 perveniat
3404 569 3548 624 dicit
3575 585 3639 624 se
3669 585 3885 627 amore

2213 654 2518 728 languere.
2550 657 2652 715 lllo
2683 657 2895 731 procul
2925 657 3133 728 dubio,
3180 654 3256 713 de
3291 673 3414 730 quo
3461 658 3765 731 Propheta
3796 660 3886 715 di-

2217 745 2294 802 cit
2324 763 2336 801 :
2381 769 2410 795 ‹‹
2446 747 2633 803 Sitivit
2671 748 2877 804 anima
2904 763 3041 803 mea
3070 745 3148 802 ad
3175 747 3362 802 Deum
3389 746 3616 803 fontem
3645 748 3882 818 vivum,

2214 835 2464 908 quando
2494 837 2733 892 veniam
2754 841 2810 893 et
2829 836 3138 909 apparebo
3160 840 3296 891 ante
3327 835 3542 891 faciem
3575 837 3882 894 Domini?»

2217 924 2406 994 (Psal.
2429 926 2692 998 x1.1.)Per
2712 941 2895 998 quem
2926 939 3197 981 amorem
3227 924 3511 999 scientia,
3544 941 3722 982 amor
3749 943 3885 997 ger-

2216 1013 2480 1070 minatur
2507 1014 2641 1070 vita
2670 1019 2926 1086 aterna,
2955 1018 3012 1070 et
3037 1013 3112 1070 de
3137 1029 3344 1070 amore
3369 1017 3504 1069 vita
3534 1019 3773 1072 aterna
3797 1021 3886 1073 to-

2216 1103 2466 1160 lerantia
2507 1105 2958 1177 persecutionis.
3013 1107 3075 1159 ln
3134 1120 3258 1176 quo
3307 1121 3514 1160 amore
3565 1111 3883 1178 saporata,

2219 1193 2392 1266 quasi
2419 1193 2480 1250 in
2525 1194 2741 1250 lectulo
2791 1194 3102 1262 collocata,
3155 1194 3575 1266 promissionis
3618 1195 3770 1253 lava
3827 1202 3890 1254 et

2219 1281 2316 1352 adj
2329 1282 2498 1338 utorii
2527 1282 2772 1339 dextera
2803 1282 3015 1340 Chriin
3039 1281 3368 1355 amplexari
3402 1299 3465 1338 se
3495 1283 3890 1357 depracal-a-

2220 1380 2313 1425 tur
2333 1369 2592 1427 dicendo
2627 1389 2639 1426 :

2291 1478 2321 1511 ‹
2353 1462 2526 1516 Lava
2547 1461 2676 1531 ejus
2707 1460 2820 1516 sub
2850 1459 3042 1533 capite
3057 1476 3214 1532 meo,
3238 1464 3296 1516 et
3315 1460 3559 1518 dextera
3587 1461 3747 1518 illius
3759 1478 3885 1519 am-

2220 1571 2248 1599 «
2277 1548 2614 1622 plexabitur
2638 1566 2753 1605 me.
2786 1573 2814 1600 »
2848 1550 3002 1616 Quid
3031 1566 3298 1623 namque
3327 1566 3436 1624 per
3464 1551 3770 1609 sinistram
3788 1554 3882 1610 ni-

2219 1639 2269 1693 si
2296 1638 2418 1694 vita
2445 1655 2732 1711 prasens,
2776 1639 2867 1695 vel
2911 1639 3266 1712 temporalia
3318 1640 3420 1696 Dei
3449 1641 3880 1715 omnipotentis

2219 1725 2381 1783 dona
2403 1728 2793 1798 designantur
2811 1730 2838 1785 ?
2889 1729 3041 1794 Quid
3069 1745 3211 1785 vero
3241 1745 3349 1802 per
3395 1729 3727 1801 dexteram,
3760 1732 3877 1788 nisi

2218 1820 2510 1890 perpetua
2529 1817 2651 1874 vita
2677 1816 2972 1887 ﬁguratur
2997 1818 3025 1873 ?
3058 1817 3304 1874 Sinistra
3332 1834 3601 1893 namque
3626 1821 3742 1888 Dei,
3763 1823 3870 1876 Ec-

2220 1905 2401 1962 clesia
2452 1906 2740 1977 videlicet,
2789 1906 3247 1979 prosperitatem
3291 1907 3427 1964 vita
3469 1910 3772 1982 prasentis
3811 1914 3872 1966 et

2222 1995 2576 2067 temporalia
2602 1995 2767 2052 dona
2815 1995 2996 2068 quasi
3028 1995 3144 2052 sul)
3193 1996 3385 2069 capite
3415 1998 3639 2070 posuit,
3686 2014 3875 2071 quam

2219 2083 2546 2140 intentione
2577 2085 2801 2158 summi
2832 2085 3056 2140 amoris
3088 2085 3323 2157 premit.
3353 2087 3602 2143 Dextera
3617 2103 3758 2143 vero
3777 2087 3876 2143 Dei

2221 2189 2359 2228 eam
2380 2173 2758 2242 amplectitur
2781 2173 2925 2246 quia
2953 2174 3067 2229 sub
3096 2178 3322 2231 aterna
3351 2175 3479 2246 ejus
3508 2175 3877 2231 beatitudine

2222 2265 2346 2318 tota
2366 2261 2682 2318 devotione
2714 2263 3068 2319 continetur.
3118 2263 3416 2328 Quoniam
3445 2263 3540 2320 hic
3571 2279 3678 2336 per
3703 2280 3878 2336 spem

2225 2365 2488 2422 sponsus
2519 2356 2782 2407 mentem
2807 2351 3070 2418 roborat,
3096 2355 3152 2406 et
3179 2351 3296 2407 illic
3316 2368 3422 2425 per
3449 2352 3881 2420 renumeratio-

2222 2455 2362 2496 nem
2385 2439 2692 2509 gloriﬁcat.
2723 2439 2823 2496 Vel
2851 2439 2911 2495 in
2940 2438 3092 2496 lava
3122 2440 3302 2496 Vetus
3325 2444 3784 2506 Testamentum,
3816 2444 3879 2495 et

2220 2529 2283 2586 in
2325 2528 2569 2585 dextera
2597 2533 2830 2586 Novum
2875 2531 3314 2586 Testamentum
3360 2527 3678 2583 intimatur.
3709 2529 3865 2582 Nam

2222 2622 2418 2692 potest
2440 2619 2522 2674 ita
2545 2618 2810 2690 intelligi,
2843 2622 2909 2674 ut
2931 2618 3082 2674 lava
3119 2616 3323 2673 Christi
3352 2633 3387 2673 a
3417 2615 3663 2671 sinistris
3687 2615 3873 2671 susti-

2220 2712 2360 2766 neat
2385 2709 2674 2781 animam,
2723 2725 2799 2765 ne
2845 2708 2923 2765 ab
2973 2707 3272 2765 incentivis
3319 2707 3599 2763 vitiorum
3631 2707 3876 2777 uncinis

2219 2798 2583 2870 implanetur
2610 2799 2672 2854 in
2698 2798 2866 2866 laeva,
2902 2798 3008 2854 sed
3030 2813 3261 2870 semper
3290 2801 3589 2853 ostentata
3618 2795 3876 2852 occultis

2220 2887 2787 2960 compunctionibus
2835 2887 3186 2944 sublimetur
3224 2887 3302 2943 ad
3343 2901 3619 2956 regnum.
3673 2888 3740 2941 Et
3795 2901 3877 2941 ne

2217 2976 2279 3032 in
2309 2976 2656 3048 superbiam
2685 2977 2837 3033 elata
2859 2976 3038 3032 faciat
3065 2976 3307 3049 lapsum
3327 2975 3390 3031 in
3409 2974 3724 3031 dexterain
3750 2990 3880 3046 qua

2219 3066 2496 3123 diabolus
2520 3067 2759 3136 corruit,
2794 3065 3204 3122 tribulationes
3253 3069 3310 3121 et
3355 3064 3711 3120 multimoda
3737 3063 3878 3118 reti-

2218 3155 2438 3212 nacula
2462 3155 2884 3229 permittendo,
2900 3159 2956 3210 et
2981 3155 3226 3225 fatigata
3247 3154 3602 3226 adjuvando
3631 3152 3881 3209 dextera

2219 3263 2330 3303 sua
2360 3245 2932 3319 amplexatur.Valet
2952 3245 3130 3301 etiam
3161 3261 3234 3301 ex
3263 3243 3568 3317 superﬂuo
3597 3244 3682 3299 ita»
3700 3243 3878 3299 intel-

2217 3336 2340 3407 ligi,
2374 3341 2438 3394 ut
2465 3337 2618 3392 lava
2649 3335 2762 3392 sub
2794 3336 2985 3408 capite
3014 3335 3156 3393 ﬁdei
3185 3336 3258 3391 sit
3285 3339 3543 3402 scutum,
3577 3333 3742 3406 quod
3765 3349 3879 3406 pu-

2219 3441 2413 3496 gnans
2445 3425 2683 3481 sinistra
2713 3425 3552 3495 contineatmanu,etdextera
3573 3422 3882 3496 amplexa‘

2217 3517 2298 3573 tio
2329 3515 2615 3572 orationis
2638 3515 2874 3585 gladius
2898 3515 3277 3586 intelligatur,
3302 3530 3426 3587 quo
3452 3514 3693 3570 dextera
3717 3529 3882 3569 sem-

2215 3621 2322 3678 per
2350 3609 2941 3679 armatus,quatenus
2971 3605 3155 3662 altero
3187 3619 3498 3662 armorum
3520 3618 3734 3673 genere
3765 3603 3881 3659 ad-

2214 3695 2508 3751 versarius
2523 3694 3122 3768 repellatur,etaltero
3134 3697 3563 3767 prosternatur.
3573 3693 3874 3765 Sequitur:

2288 3807 2315 3834 ‹‹
2345 3783 2570 3856 Adjuro
2592 3801 2722 3852 vos,
2750 3784 2885 3840 ﬁlia
2915 3783 3308 3853 Hierusalem,
3340 3799 3448 3856 per
3469 3797 3718 3856 capreas
3751 3799 3882 3839 cer-

2217 3897 2246 3928 ‹
2276 3891 2505 3948 vosque
2536 3890 2914 3948 camporum,
2948 3890 3023 3930 ne
3045 3873 3337 3930 suscitatis
3363 3889 3560 3946 neque
3589 3871 3880 3943 evigilare

2217 3987 2246 4015 ‹‹
2277 3964 2504 4021 faciatis
2530 3963 2834 4036 dilectam,
2891 3963 3292 4036 quoadusque
3323 3962 3458 4035 ipsa
3483 3961 3632 4019 velit.
3668 3983 3698 4009 ιο
3725 3962 3883 4017 Post

2213 4054 2434 4110 multos
2462 4053 2720 4122 labores,
2749 4052 2970 4109 scilicet
2997 4053 3288 4120 Ecclesia,
3317 4056 3374 4108 et
3402 4051 3725 4112 discursus,
3755 4065 3876 4122 per

2213 4159 2367 4216 quos
2387 4143 2567 4199 anxia
2592 4143 2747 4199 intra
2767 4145 3040 4198 sanctam
3065 4141 3278 4198 cellam
3299 4141 3597 4197 vinariam
3616 4138 3880 4208 fatigata

2212 4231 2480 4288 redditur
2508 4231 2569 4287 in
2597 4247 2900 4304 soporem,
2926 4247 3061 4305 qua
3082 4231 3331 4287 celerius
3358 4245 3432 4286 ne
3445 4229 3716 4303 pristinis
3741 4229 3885 4285 red-

2214 4320 2391 4376 datur
2430 4319 2742 4376 laboribus
2813 4324 3094 4377 suscitata
3133 4337 3170 4377 a
3217 4336 3453 4388 somno,
3515 4319 3887 4389 adjurantur

2212 4409 2349 4465 ﬁlia
2381 4408 2746 4466 Hierusalem
2798 4424 2873 4465 ne
2923 4409 3207 4466 suscitent
3253 4425 3433 4477 eam;
3489 4413 3548 4465 et
3597 4424 3709 4481 per
3759 4408 3886 4466 hoc

2211 4499 2307 4571 adj
2321 4503 2565 4555 urantur
2600 4497 2768 4571 quod
2795 4498 2974 4554 ﬁrma
3001 4498 3281 4570 diligatur
3305 4498 3609 4555 charitate.
3645 4500 3755 4554 Per
3783 4515 3891 4556 ca-

2209 4604 2384 4664 preas
2425 4587 2700 4644 videlicet
2755 4603 3083 4660 cervosque
3131 4603 3508 4661 camporum,
3553 4603 3711 4660 quas
3744 4604 3882 4644 non

2209 4678 2382 4752 parvi
2409 4677 2602 4733 meriti
2631 4677 2721 4733 vel
2748 4677 2973 4734 laboris
2997 4679 3229 4734 animas
3254 4693 3382 4734 esse
3410 4677 3660 4748 intelligi
3688 4676 3889 4735 datur

2209 4783 2316 4841 per
2357 4783 2512 4840 quas
2563 4767 2918 4839 adjurantur
2969 4767 3106 4823 ﬁlia
3157 4766 3542 4824 Hierusalem.
3577 4768 3644 4822 In
3689 4767 3889 4839 plebe

2209 4857 2370 4914 enim
2431 4857 2765 4915 Christiana
2813 4857 3146 4913 secundum
3203 4856 3554 4913 meritorum
3610 4856 3890 4929 qualita-

2210 4950 2328 5003 tem
2395 4946 2648 5003 diversis
2705 4945 3066 5003 animalibus
3133 4945 3352 5001 anima
3408 4951 3888 5017 comparantur.

2207 5036 2396 5093 Habet
2424 5052 2566 5107 ergo
2599 5035 2890 5109 palatium
2933 5035 3222 5093 Dominus
3242 5039 3444 5093 noster
3466 5037 3638 5091 Jesus
3666 5035 3890 5094 Chris-

2205 5129 2320 5194 tus,
2375 5127 2541 5198 quod
2582 5126 2737 5183 intra
2789 5142 2851 5182 se
2889 5126 3129 5184 cellaria
3182 5125 3392 5195 multa,
3438 5129 3496 5182 et
3532 5124 3764 5184 cellam
3800 5129 3892 5186 vi-

2201 5215 2460 5285 nariam,
2485 5217 2541 5270 et
2581 5230 2940 5287 camporum
2988 5217 3184 5288 spatia
3238 5216 3543 5273 continere
3595 5215 3896 5290 intelligi-

2200 5309 2315 5364 tur.
2345 5304 2527 5374 Cujus
2565 5302 2746 5359 ﬂores
2787 5304 3002 5360 beatus
3051 5304 3273 5361 Paulus
3311 5306 3640 5377 ingressus,
3672 5307 3891 5363 admi-

2199 5396 2392 5454 rando
2417 5393 2625 5451 laudat
2676 5411 2688 5448 :
2736 5417 2762 5444 «
2790 5395 2832 5451 0
2859 5394 3132 5466 altitudo,
3155 5395 3368 5468 inquit,
3400 5394 3759 5452 divitiarum
3791 5414 3891 5454 sa-

2197 5485 2436 5558 pientia
2465 5489 2522 5540 et
2542 5482 2800 5539 scientia
2829 5485 2930 5540 Dei
2957 5485 2969 5541 !
3007 5487 3191 5556 (Rom.
3227 5485 3357 5554 xu)»
3388 5487 3451 5538 ln
3481 5498 3609 5554 quo
3635 5485 3893 5556 palatio

435 5576 820 5648 telligentiam
846 5573 1013 5645 legis,
1037 5571 1430 5628 discurrendo
1451 5587 1557 5643 per
1587 5570 1854 5641 singulos
1881 5570 2081 5645 apices
2189 5578 2345 5647 inter
2366 5573 2587 5630 multas
2618 5573 2882 5643 divitias,
2925 5575 2986 5630 id
3018 5580 3107 5630 est
3150 5572 3599 5629 multitudinem
3632 5582 3901 5634 sancto-

439 5667 777 5743 Scriptura,
804 5671 869 5724 ut
892 5677 1050 5740 sape
1077 5665 1300 5722 dictum
1327 5667 1438 5730 est,
1469 5666 1526 5718 et
1556 5663 1793 5734 singula
1814 5679 1963 5722 vasa
1992 5664 2105 5720 cel.
2191 5679 2351 5735 rum,
2382 5663 2724 5735 intelligitur
2756 5665 2982 5722 habere
3021 5664 3201 5722 etiam
3248 5662 3490 5721 animas
3537 5662 3836 5724 diversas
3873 5687 3888 5723 :
