4092 6176
214 211 316 264 593

214 332 361 388 sicut
386 329 447 385 in
475 327 662 384 domo
706 342 952 397 magna,
973 328 1142 400 juxta
1195 327 1547 400 Apostolum
1579 329 1672 399 (II
1698 331 1864 385 Thes.

209 422 294 492 ιι),
315 434 438 475 non
464 417 663 474 solum
685 421 828 472 sunt
853 433 1001 473 vasa
1029 433 1212 474 aurea
1242 423 1300 474 et
1341 423 1645 489 argentea,
1677 418 1784 474 sed
1814 424 1870 475 et

206 508 406 564 ﬁctilia
432 510 491 562 et
516 506 736 575 lignea.
773 505 936 561 Unde
965 522 1089 562 non
1116 506 1415 562 immerito
1444 506 1579 562 tilia
1606 507 1872 563 Hierusa-

206 598 327 654 lem
356 596 577 654 anima
607 598 744 650 sunt
765 593 1087 650 electorum
1139 611 1415 668 superna
1448 596 1656 669 patria
1699 596 1875 652 visio-

210 703 355 745 nem
379 685 550 760 pacis
579 684 1064 758 contemplantes.
1100 687 1360 757 Capreas
1387 701 1527 742 vero
1553 685 1642 741 vel
1664 701 1873 742 cervos

217 775 556 851 spirituales
584 774 798 830 Veteris
839 775 1104 848 Novique
1150 775 1506 832 Testamenti
1544 791 1734 848 panes
1773 791 1876 849 ap-

221 867 422 941 pellat,
453 864 669 938 quibus
716 863 1034 920 multitudo
1088 880 1403 921 sacrarum
1462 866 1873 938 Scriptuarum

223 971 448 1030 pascua
476 959 582 1011 est.
611 956 722 1010 Seu
748 969 999 1026 capreas
1039 970 1141 1011 eas
1192 954 1464 1010 nonnulli
1509 954 1745 1010 animas
1789 955 1873 1010 in-

223 1045 400 1114 telligi
429 1043 645 1111 volunt,
686 1053 821 1116 qua
852 1045 1130 1100 acumine
1162 1043 1506 1111 dialectica,
1539 1043 1872 1112 intelligen-

215 1133 312 1190 tia
337 1149 513 1188 sensu
557 1147 663 1204 per
708 1132 1156 1205 philosophiam
1201 1138 1256 1189 et
1298 1137 1494 1188 mente
1537 1133 1874 1189 discurrere

211 1224 594 1286 consuerunt,
616 1237 753 1294 qua
775 1237 937 1276 nunc
964 1221 1120 1278 intra
1143 1221 1558 1294 supradictum
1579 1221 1872 1295 palatium

206 1313 326 1366 rete
358 1309 658 1366 conclusa
689 1313 814 1366 arte
858 1310 1302 1379 venatorum,id
1326 1315 1417 1366 est
1434 1309 1870 1383 apostolorum,

206 1404 683 1472 caterorumque
711 1398 1030 1455 doctorum
1051 1415 1240 1455 manu
1261 1404 1468 1472 capta,
1489 1403 1719 1455 mutata
1745 1397 1875 1454 reli-

204 1487 384 1558 gione
412 1487 473 1543 in
503 1487 740 1550 melius,
767 1503 1014 1560 campos
1035 1488 1378 1544 divinarum
1407 1489 1871 1560 Scripturarum,

200 1577 296 1634 vel
320 1593 435 1652 per
464 1577 774 1650 sapientia
799 1594 1055 1651 quaque
1084 1577 1276 1634 ardua
1305 1583 1363 1634 et
1398 1577 1661 1634 obscura
1697 1577 1875 1633 inter-

1416 205 1670 260 ENARR.
1707 205 1776 261 IN
1805 207 2105 264 CANTICA
2134 210 2408 268 CANTIC.

3533 209 3636 263 594-

1978 333 2132 391 fecta
2176 335 2499 392 electorum
2555 334 2881 403 anima,et,
2913 337 2979 389 ut
3028 332 3107 388 ita
3159 332 3379 403 dicam,
3429 336 3638 388 sancta

1979 423 2236 482 Ecclesia
2260 426 2322 481 in
2349 427 2484 498 ipso
2513 423 2739 496 requiei
2761 438 2975 496 sopore
3007 437 3244 494 semper
3265 437 3403 477 eum
3433 421 3639 477 timen-

1979 512 2058 568 do
2085 513 2273 584 audit,
2298 531 2534 587 semper
2558 529 2698 569 eum
2733 511 2998 568 amando
3043 509 3224 566 videt.
3259 509 3428 564 Unde
3475 524 3637 564 nunc

1979 602 2079 667 ait,
2103 604 2478 674 subauditur,
2508 604 2634 659 hac
2661 607 2748 658 est
2783 618 2970 674 quam
3012 600 3215 657 audivi
3258 599 3637 670 adjurantem

1978 690 2130 748 ﬁlias
2158 692 2544 756 Hierusalem,
2566 708 2641 747 ne
2659 707 2754 747 me
2776 691 2837 747 in
2866 691 2995 761 ejus
3021 689 3305 762 amplexu
3333 688 3639 761 quiescen-

1981 786 2101 838 tem
2127 782 2506 838 suscitarent.
2540 781 2638 836 Vel
2665 797 2783 837 vox
2814 780 2969 836 illius
2997 779 3346 850 evangelica
3371 783 3458 834 est
3484 794 3637 851 pra-

1980 871 2222 927 dicatio.
2248 873 2310 926 Et
2339 870 2485 942 quid
2517 870 2678 925 dicat
2717 885 2847 940 ,vox
2883 870 2997 925 ista
3026 868 3221 924 dilecti
3253 867 3545 930 Ecclesia,
3577 867 3638 923 in

1980 959 2116 1032 ipso
2145 957 2466 1027 Evangelio
2499 956 2741 1030 proprio
2785 973 2886 1012 ore
2928 956 3210 1012 declarat.
3246 955 3524 1023 «Videte,
3553 956 3639 1012 in-

1980 1050 2129 1123 quit,
2160 1065 2235 1104 ne
2259 1046 2632 1104 seducamini
2654 1063 2690 1102 a
2715 1046 3272 1119 pseudoprophetis.
3298 1045 3453 1102 Multi
3478 1046 3639 1102 enim

1979 1138 2220 1194 venient
2257 1137 2320 1192 in
2378 1135 2620 1192 nomine
2651 1151 2785 1192 meo
2833 1134 3115 1202 dicentes,
3148 1135 3291 1206 quia
3331 1149 3472 1204 ergo
3504 1152 3638 1190 sum

1983 1226 2267 1293 Christus,
2301 1230 2357 1280 et
2382 1225 2604 1280 multos
2636 1223 2944 1290 seducent,
2979 1226 3034 1278 et
3077 1221 3308 1278 dabunt
3339 1222 3528 1291 signa,
3558 1223 3639 1279 ita

1981 1319 2047 1371 ut
2076 1315 2277 1384 etiam,
2312 1313 2357 1368 si
2387 1312 2512 1368 ﬁeri
2542 1316 2757 1385 potest,
2785 1311 2951 1368 electi
2974 1310 3036 1366 in
3065 1326 3327 1368 errorem
3354 1309 3661 1370 inducan-.

1980 1407 2076 1460 tur
2100 1403 2336 1474 (Matth.
2361 1406 2544 1472 xxrv).
2572 1423 2600 1449 ››
2635 1404 2700 1457 Et
2723 1419 2734 1456 :
2767 1399 3009 1456 «Videte
3025 1415 3100 1456 ne
3121 1403 3438 1470 graventur
3459 1399 3641 1455 corda

1980 1498 2179 1550 vestra
2210 1491 2460 1564 crapula
2489 1495 2593 1548 aut
2621 1490 2899 1547 ebrietate
2935 1491 3097 1561 (Luc.
3126 1493 3268 1555 ni).
3292 1511 3318 1537 »
3353 1492 3418 1544 Et
3446 1507 3458 1540 :
3495 1509 3522 1537 ‹‹
3555 1487 3640 1544 Si-

1981 1583 2152 1640 miles
2175 1586 2362 1638 estote
2394 1581 2576 1637 servis
2597 1579 3080 1653 exspectantibus
3098 1578 3415 1635 dominum
3439 1594 3638 1639 suum,

201 1670 532 1736 pretantes,
555 1665 900 1722 discurrunt
928 1670 1182 1735 montes,
1206 1672 1262 1723 et
1283 1666 1514 1723 cultura
1536 1666 1789 1722 deorum
1811 1665 1873 1720 in
1910 1683 1954 1736 Β
1979 1673 2226 1748 quando
2257 1675 2586 1728 revertatur
2611 1687 2648 1726 a
2673 1670 2896 1743 nuptiis
2944 1671 3110 1739 (Luc.
3142 1673 3275 1736 xu).
3311 1691 3339 1719 ››
3397 1671 3490 1726 Ne.
3530 1667 3642 1723 sub

203 1757 501 1812 Creatoris
563 1754 806 1811 laudem
850 1755 1115 1828 quotidie
1177 1756 1438 1812 vertitur.
1487 1759 1754 1828 Quaque
1812 1755 1875 1810 in

204 1843 328 1900 ﬁde
354 1843 732 1900 velocitatem
775 1845 866 1899 sui
894 1861 1106 1900 cursus
1135 1844 1480 1911 ostendunt,
1511 1849 1567 1900 et
1595 1844 1873 1900 acumine

205 1949 426 1990 sensus
449 1949 617 1989 more
637 1949 992 2006 caprearum
1037 1933 1284 1989 insidias
1316 1933 1802 1990 adversariorum
1835 1948 1872 1988 a

204 2021 393 2092 longe
417 2021 808 2095 prospiciunt.
848 2025 1214 2096 Caprearum
1262 2028 1479 2078 natura
1501 2028 1588 2078 est
1615 2022 1874 2095 primam

208 2112 489 2184 corporis
515 2116 746 2184 partem
777 2112 1209 2179 sublimiorem,
1250 2111 1629 2168 humiliorem
1675 2116 1875 2184 poste-

208 2201 442 2257 riorem
469 2200 790 2272 probatam
820 2200 1063 2256 habere.
1089 2204 1156 2256 Et
1181 2201 1296 2256 hac
1325 2200 1400 2255 de
1430 2217 1616 2256 causa
1643 2216 1879 2273 semper

219 2305 472 2344 sursum
504 2289 884 2345 ascendendo
905 2295 1172 2346 montem
1202 2290 1264 2346 in
1295 2306 1479 2346 cursu
1502 2289 1762 2346 velocior
1790 2290 1880 2345 in-

216 2379 479 2445 venitur,
507 2394 630 2452 quo
669 2379 872 2436 itinere
920 2380 1301 2437 adversarius
1359 2380 1555 2436 minor
1593 2385 1679 2436 est
1726 2381 1878 2436 inse-

211 2466 490 2539 quendo.
523 2467 690 2523 Cervi
720 2471 919 2523 autem
949 2467 1228 2524 videntur
1246 2468 1630 2540 intelligi,qui
1660 2469 1719 2524 in
1746 2468 1878 2541 ipsa

205 2556 616 2630 philosophia
653 2573 778 2612 sua
808 2557 1115 2613 velocitate
1144 2557 1428 2614 doctrina
1467 2573 1588 2613 non
1635 2557 1876 2628 multos,

207 2645 321 2702 sed
370 2660 560 2700 unum
619 2647 807 2701 Deum
853 2645 1233 2711 invisibilem,
1271 2646 1656 2716 immensum,
1708 2646 1878 2702 inas-

206 2734 572 2800 timabilem,
629 2735 1027 2809 omniumque
1079 2739 1434 2801 Creatorem,
1495 2741 1686 2793 totum
1742 2737 1878 2793 ubi-

204 2842 328 2900 que
370 2825 672 2880 mundum
703 2824 1050 2898 implentem
1083 2826 1336 2882 confessi
1362 2831 1520 2893 sunt,
1547 2827 1652 2900 qui
1679 2831 1734 2883 et
1764 2827 1878 2899 ipsi

205 2933 243 2974 a
271 2915 503 2972 sanctis
532 2915 879 2971 doctoribus
904 2919 1024 2971 rete
1081 2915 1520 2989 praedicationis
1565 2917 1628 2972 in
1678 2917 1879 2972 sinum

211 3004 494 3062 Ecclesia
524 3004 681 3076 capti
714 3008 870 3060 sunt.
907 3004 1016 3070 Qui
1046 3005 1106 3060 in
1136 3004 1341 3060 arduis
1379 3005 1514 3061 vita
1546 3009 1879 3072 morantur,

211 3111 382 3152 more
415 3110 734 3150 cervorum
766 3094 989 3150 fontem
1035 3111 1333 3167 aquarum
1381 3098 1612 3167 petunt,
1644 3110 1882 3167 serpen-

209 3189 294 3241 tes
325 3183 704 3250 interimunt,
737 3186 794 3238 et
838 3187 1127 3256 tanquam
1169 3183 1402 3238 munda
1457 3182 1742 3238 animalia
1787 3199 1884 3238 ru-

209 3274 473 3331 minant.
510 3273 574 3328 Hi
606 3276 744 3328 sunt
773 3288 914 3341 ergo
958 3272 1170 3344 procul
1194 3272 1382 3327 dubio
1429 3272 1588 3327 cervi
1639 3288 1884 3344 campo-

211 3379 348 3419 rum
375 3368 435 3418 et
465 3378 721 3434 caprea,
751 3361 970 3418 anima
997 3361 1270 3417 videlicet
1313 3360 1579 3417 ﬁdelium
1621 3361 1882 3434 philoso-

211 3453 482 3525 phorum
525 3467 828 3506 conversa
869 3451 948 3506 ab
989 3449 1337 3506 inﬁdelitate
1365 3451 1878 3524 superstitionum,

211 3558 321 3614 per
371 3557 536 3614 quos
585 3556 845 3612 sponsus
875 3540 1032 3595 ﬁlias
1082 3539 1450 3596 Hierusalem
1493 3541 1786 3612 conjurat,
1818 3546 1885 3598 ut

217 3632 527 3704 patiantur
568 3629 876 3703 paulisper
921 3629 1291 3702 requiescere
1336 3646 1629 3702 sponsam
1683 3631 1744 3686 in
1789 3647 1882 3687 re-

223 3721 386 3793 quiei
428 3735 660 3787 somno,
701 3735 838 3792 qua
885 3719 1254 3776 delectantur
1297 3719 1617 3777 Ecclesiam
1677 3737 1884 3777 secum

231 3823 610 3864 concumere
635 3809 694 3864 in
719 3809 833 3864 illis
861 3808 1146 3880 operibus
1168 3808 1240 3885 in
1263 3808 1482 3881 quibus
1506 3810 1654 3883 ipsa
1677 3810 1755 3866 ad
1773 3827 1886 3866 cce-

233 3896 442 3953 lestem
495 3899 899 3968 suntgloriam
940 3898 1295 3968 sublimata,
1335 3915 1443 3972 per
1470 3916 1625 3972 qua,
1660 3899 1886 3956 amissa

232 3999 517 4060 corporea
533 3987 930 4052 sarcina,cum
951 3987 1063 4042 illis
1084 3987 1399 4060 epulentur
1419 3988 1477 4044 in
1501 3988 1882 4052 calis.Quam

226 4076 518 4132 Dominus
562 4077 828 4132 Christus
873 4076 950 4132 ad
987 4076 1226 4133 lucrum
1278 4077 1370 4132 vel
1412 4076 1884 4132 consolationem

223 4165 482 4222 aliarum
540 4165 880 4221 animarum
920 4166 1290 4238 requiescere
1317 4165 1376 4221 in
1427 4180 1676 4238 corpore
1715 4163 1889 4235 jubet

219 4255 628 4328 quoadusque
656 4255 789 4327 ipsa
814 4254 968 4326 velit,
985 4254 1178 4310 donec
1203 4255 1330 4327 ipse
1361 4270 1621 4327 sponsus
1654 4252 1886 4326 prospi-

220 4345 381 4401 ciens
433 4343 674 4400 utilitati
710 4345 842 4415 ejus
889 4348 946 4400 et
993 4344 1120 4417 ipse
1160 4349 1488 4416 cognoscat
1514 4344 1668 4400 vires
1696 4360 1838 4399 suas
1871 4360 1883 4398 :

217 4435 360 4508 quia
391 4435 530 4490 sine
559 4434 692 4505 ipso
722 4432 865 4488 nihil
896 4438 1088 4505 potest
1116 4433 1328 4489 facere.
1361 4433 1472 4490 Sed
1504 4438 1697 4506 potest
1715 4433 1888 4504 juxta

219 4521 680 4594 intelligentiam
706 4521 988 4594 priorem,
1019 4522 1123 4577 ubi
1151 4538 1398 4594 capreas
1419 4525 1477 4578 et
1496 4537 1702 4577 cervos
1729 4524 1891 4578 Vete-

219 4613 297 4669 ris
318 4617 377 4670 et
407 4612 563 4669 Novi
603 4611 962 4667 Testamenti
993 4614 1191 4666 Patres
1237 4609 1572 4681 signiﬁcare
1602 4611 1885 4677 diximus,

221 4703 299 4758 ita
320 4699 616 4769 intelligi:
653 4702 960 4757 Contestor
989 4699 1293 4772 pacificas,
1326 4716 1395 4756 ac
1429 4700 1476 4756 si
1497 4700 1730 4757 dicatur
1743 4699 1890 4755 ﬁde-

221 4789 366 4848 lium
398 4789 673 4859 animas,
694 4805 801 4861 per
825 4805 965 4844 suas
993 4805 1268 4861 quasque
1307 4789 1570 4857 virtutes,
1603 4804 1738 4862 qua
1782 4803 1890 4860 per

225 4881 458 4936 munda
483 4883 539 4934 et
570 4878 934 4934 ruminantia
963 4877 1246 4933 animalia
1277 4878 1621 4947 significata
1651 4881 1890 4942 sunt,ne

227 4969 323 5041 pia
379 4970 646 5024 fratrum
692 4967 890 5023 studia
945 4967 1151 5039 aliqua
1204 4967 1648 5040 importunitate
1705 4966 1892 5037 impe-

228 5058 414 5129 diant,
450 5057 561 5113 sed
593 5056 676 5112 sic
716 5057 972 5129 quisque
1024 5056 1098 5112 de
1142 5058 1545 5129 proximorum
1601 5056 1890 5129 profectu,

230 5148 405 5221 quasi
432 5149 515 5204 de
547 5162 659 5202 suo
690 5147 966 5217 gaudeat.
1009 5146 1186 5203 Aliter
1215 5148 1499 5204 admonet
1527 5147 1788 5205 Christus
1819 5161 1893 5200 ne

230 5239 565 5311 quisquam
597 5237 910 5292 doctorum
949 5237 1300 5294 muneribus
1346 5238 1564 5294 scilicet
1592 5237 1684 5294 vel
1715 5235 1894 5292 minis

233 5327 531 5384 deterreat
558 5327 908 5391 credituros,
944 5327 1048 5383 sed
1091 5332 1325 5384 tantum
1361 5345 1495 5401 qua
1525 5332 1733 5383 sancta
1758 5329 1896 5382 sunt

234 5417 586 5488 pradicent,
615 5419 674 5472 et
691 5415 1019 5472 voluntarie
1039 5417 1116 5473 ad
1136 5419 1320 5472 tinem
1336 5417 1431 5472 vel
1450 5417 1526 5473 ad
1549 5415 1896 5486 religionem

236 5505 572 5561 credituros
603 5504 697 5560 vel
727 5521 1043 5560 conversos
1071 5506 1393 5562 adducant.
1428 5510 1483 5559 et
1513 5505 1571 5559 in
1603 5521 1713 5560 sua
1742 5510 1890 5561 tran-

237 5594 531 5665 quillitate
559 5609 682 5649 non
705 5595 1040 5666 perturben:
1051 5595 1268 5666 ,donec
1289 5592 1491 5648 divina
1511 5593 1896 5665 inspiratione

242 5682 445 5739 adacti
466 5681 781 5740 adaltioris
800 5684 934 5741 vita
961 5683 1158 5742 studia
1187 5681 1594 5754 accingantur.
1630 5683 1743 5740 Sed
1769 5699 1899 5755 per-

1981 1763 2177 1836 specie
2207 1761 2524 1817 doctorum
2554 1759 2886 1833 decipiatur
2938 1758 3199 1815 Ecclesia
3258 1758 3642 1831 requiescens

1980 1853 2042 1909 in
2072 1851 2452 1924 amplexibus
2479 1851 2708 1924 sponsi.
2740 1853 2805 1906 Et
2829 1865 2904 1905 ne
2933 1849 3053 1906 otio
3101 1853 3237 1921 post
3264 1849 3501 1905 labores
3532 1853 3644 1904 tor-

1979 1945 2204 2015 pescat,
2237 1945 2339 1996 aut
2361 1939 2585 1996 deliciis
2615 1937 2972 2006 resolvatur,
3005 1937 3065 1994 in
3100 1938 3422 2009 Evangelio
3454 1938 3644 1994 taliter

1979 2031 2357 2087 admonetur.
2392 2029 2505 2086 Sed
2534 2029 2596 2084 in
2624 2029 2756 2102 ipsa
2795 2046 2822 2083 s
2863 2027 3124 2084 curitatis
3153 2027 3358 2100 requie
3397 2026 3645 2082 sollicita

1983 2134 2222 2191 semper
2247 2133 2456 2174 aurem
2487 2116 2682 2172 cordis
2713 2115 2788 2172 ad
2835 2131 3046 2172 vocem
3095 2115 3303 2172 Christi
3353 2113 3639 2188 prabere,

1980 2208 2095 2264 hoc
2125 2210 2214 2263 est
2240 2206 2302 2262 in
2346 2204 2658 2278 Scripturis
2705 2202 2946 2273 divinis,
2981 2205 3034 2262 ei
3087 2203 3343 2260 assidua
3392 2202 3643 2260 orationi

1984 2313 2234 2370 operam
2263 2295 2406 2352 dare
2437 2295 2690 2351 studeat.
2724 2297 3032 2350 Monentur
3061 2309 3204 2364 ergo
3248 2309 3355 2366 per
3383 2292 3510 2348 hac
3539 2291 3644 2364 qui

1983 2389 2250 2460 prasunt
2293 2382 2521 2456 populo
2573 2382 2906 2439 Christiano
2944 2386 3010 2439 ut
3052 2382 3177 2438 sine
3206 2381 3645 2438 intermissione

1987 2474 2343 2532 annuntient
2370 2471 2528 2545 plebi
2560 2471 2707 2544 quid
2754 2470 3066 2544 pracipiat
3109 2488 3226 2528 vox
3276 2471 3392 2528 ista
3449 2471 3646 2526 dilecti

1986 2563 2283 2631 Ecclesia,
2305 2560 2615 2634 quomodo
2645 2560 2866 2616 scilicet
2893 2561 3047 2617 venit
3073 2561 3148 2616 de
3179 2560 3313 2615 sinu
3344 2559 3526 2616 Patris
3566 2557 3646 2614 ad

1987 2653 2327 2709 humanum
2355 2649 2723 2706 consortium
2746 2653 2811 2704 ut
2838 2647 3103 2705 Verbum
3123 2647 3468 2717 ﬁeretcaro,
3499 2664 3648 2720 quo-

1985 2741 2170 2797 modo
2225 2738 2560 2796 secundum
2617 2739 2899 2796 Habacuc
2946 2739 3306 2811 prophetam
3364 2738 3538 2808 (Cap.
3567 2738 3646 2808 ιιι)

1987 2829 2363 2887 humiliando
2424 2828 2770 2884 daemonum
2852 2827 3227 2900 superbiam,
3299 2826 3652 2895 confregerit

1985 2923 2223 2977 montes
2269 2917 2584 2986 violentia,
2614 2921 2671 2974 et
2705 2917 3082 2979 li'iuefecerit
3111 2916 3290 2972 colles
3319 2915 3648 2982 aternales,

1919 3041 1958 3096 ο
1988 3007 2400 3064 conculcando
2453 3006 2569 3062 sub
2621 3006 2874 3096 pedibus
2938 3005 3309 3096 credentium
3366 3007 3650 3096 Satanam

1988 3097 2326 3154 transiliens
2355 3101 2589 3152 montes
2615 3095 2952 3168 pradictos.
2983 3097 3048 3150 Et
3103 3094 3218 3150 hoc
3268 3092 3648 3165 perpendens

1993 3186 2252 3243 Ecclesia
2281 3186 2363 3242 ait
2395 3202 2408 3240 :

2065 3300 2090 3326 «
2129 3280 2273 3332 Ecce
2305 3275 2461 3330 venit
2483 3273 2704 3329 saliens
2729 3272 2790 3328 in
2821 3271 3148 3337 montibus,
3173 3269 3507 3326 transiliens
3536 3267 3652 3324 col-

1991 3389 2018 3416 ‹‹
2061 3367 2166 3422 les.
2203 3387 2230 3415 »
2257 3365 2352 3420 Vis
2378 3363 2586 3420 audire
2614 3361 2826 3435 quales
2856 3360 3041 3417 saltus
3086 3359 3221 3416 fecit
3250 3360 3277 3414 ?
3335 3358 3529 3425 Tales,
3561 3357 3649 3412 im

1989 3472 2199 3529 quam,
2228 3454 2413 3511 saltus
2443 3453 2694 3509 dilectus
2735 3467 2926 3508 meus.
2960 3454 3039 3507 De
3069 3450 3219 3506 coelo
3245 3449 3406 3506 venit
3435 3449 3496 3504 in
3523 3453 3650 3504 ute-

1989 3562 2147 3614 rum,
2175 3544 2250 3601 de
2297 3543 2487 3600 ultero
2536 3542 2598 3598 in
2637 3557 2926 3616 prasepe,
2959 3540 3034 3598 de
3087 3556 3353 3614 prasepe
3384 3537 3544 3594 venit
3590 3537 3652 3592 in

1990 3650 2252 3697 crucem,
2284 3633 2359 3689 de
2388 3649 2563 3689 cruce
2592 3633 2753 3689 venit
2781 3631 2840 3686 in
2868 3630 3234 3703 sepulcrum,
3261 3629 3336 3685 de
3377 3627 3651 3700 sepulcro

1988 3723 2240 3779 rediitin
2273 3721 2529 3778 calum:
2563 3722 2694 3794 ipse
2724 3726 2813 3776 est
2863 3720 2967 3792 qui
3013 3719 3273 3777 elevatus
3328 3724 3416 3775 est
3471 3717 3651 3774 etiam

1991 3829 2173 3885 super
2202 3828 2414 3867 omnes
2444 3816 2678 3867 montes
2732 3815 2788 3865 et
2817 3810 3015 3876 colles,
3047 3809 3110 3864 id
3153 3813 3245 3864 est
3273 3812 3469 3863 Patres
3506 3799 3651 3862 Novi

1987 3906 2044 3957 et
2081 3900 2300 3956 Veteris
2327 3898 2704 3963 Testamenti,
2734 3897 2839 3968 qui
2889 3898 3095 3953 merito
3122 3897 3407 3952 virtutum
3439 3899 3495 3949 et
3525 3909 3656 3948 ver-

1989 3990 2100 4047 tice
2129 3988 2268 4044 tidei
2303 3987 2528 4043 cateris
2557 3991 2696 4042 sunt
2721 3985 3160 4041 eminentiores.
3195 3989 3258 4039 In
3307 3983 3398 4038 bis
3456 3981 3650 4038 Domi.

1990 4096 2105 4136 nus
2136 4093 2258 4133 non
2289 4076 2486 4132 solum
2525 4074 2882 4141 inhabitare,
2915 4074 3020 4130 sed
3075 4073 3366 4130 transilire
3414 4071 3649 4142 dicitur,

1990 4167 2136 4242 quia
2162 4181 2285 4222 non
2303 4169 2535 4222 tantum
2558 4163 2882 4232 divinitate,
2908 4163 3013 4220 sed
3032 4163 3402 4219 humanitate
3428 4162 3654 4218 incom-

1989 4257 2278 4332 parabilis
2335 4255 2630 4329 apparuit.
2664 4258 2778 4313 Seu
2835 4271 2943 4328 per
2972 4253 3296 4326 apostolos,
3338 4257 3400 4308 ut
3455 4253 3652 4308 dicere

1994 4349 2289 4420 capimus
2320 4346 2616 4419 superius,
2647 4360 2892 4401 omnem
2948 4341 3294 4416 superbiam
3348 4340 3650 4413 sapientia

1993 4437 2209 4494 mundi
2253 4435 2634 4492 extollentem
2663 4451 2725 4491 se
2756 4433 3047 4491 adversus
3095 4436 3431 4490 Creatorem
3462 4429 3651 4501 lique-

1995 4526 2151 4591 fecit,
2182 4531 2238 4582 et
2264 4525 2342 4582 ad
2371 4525 2624 4580 nihilum
2653 4525 2895 4580 redacta
2926 4522 3292 4577 humiliatur.
3319 4524 3382 4573 In
3430 4517 3652 4587 quibus

1995 4631 2118 4672 non
2148 4614 2442 4671 rhetorica
2468 4617 2844 4684 argumenta,
2875 4611 2982 4667 sed
3025 4610 3212 4666 sancti
3243 4605 3490 4677 Spiritus
3534 4603 3652 4658 vir-

1995 4708 2092 4760 tus
2122 4702 2406 4772 fulgebat,
2440 4706 2498 4756 et
2542 4704 2840 4773 prostrata
2903 4698 3254 4754 damonum
3311 4691 3487 4749 turba
3539 4691 3652 4748 sub

1997 4791 2254 4864 pedibus
2313 4790 2702 4855 credentium,
2762 4792 3037 4843 ostensus
3092 4789 3181 4841 est
3229 4781 3504 4840 Ecclesia
3564 4797 3656 4837 sa-

1997 4881 2147 4936 liens
2174 4879 2236 4934 in
2259 4877 2587 4944 montibus,
2620 4881 2677 4934 et
2703 4875 3036 4932 transiliens
3062 4874 3244 4930 colles
3294 4872 3535 4929 venisse
3592 4871 3654 4927 in

2001 4967 2319 5033 mundum,
2354 4966 2582 5022 etinter
2611 4965 2886 5022 homines
2917 4969 3304 5022 conversatus
3349 4967 3455 5019 est.
3491 4962 3654 5020 Unde

2001 5063 2058 5116 et
2069 5074 2208 5114 mox
2231 5055 2621 5127 subjungitur
2649 5075 2661 5112 :

2073 5168 2103 5201 ‹
2120 5146 2335 5205 Similis
2357 5149 2444 5202 est
2458 5145 2710 5203 dilectus
2726 5161 2894 5202 meus
2909 5163 3137 5219 caprea
3149 5143 3523 5216 hinnuloque
3537 5158 3656 5199 cer-

2001 5261 2028 5289 ‹‹
2053 5253 2290 5294 vorum.
2316 5260 2344 5286 ››
2368 5237 2610 5308 Caprea
2629 5235 2925 5294 Christum
2946 5238 3367 5308 comparatum
3397 5249 3520 5288 non
3551 5247 3658 5303 per

1999 5327 2354 5384 detrimenta
2365 5325 2686 5382 divinitatis
2699 5325 2804 5398 qui
2821 5341 3058 5398 semper
3073 5325 3236 5381 idem
3255 5327 3366 5393 est,
3388 5319 3658 5390 intelligi-

2001 5416 2270 5482 mus,sed
2287 5431 2393 5489 per
2408 5414 2832 5473 incarnationis
2847 5412 3496 5487 mysterium,videlicet
3513 5408 3658 5482 quia

2003 5506 2281 5578 apparuit
2301 5505 2361 5560 in
2379 5504 2828 5561 similitudinem
2845 5504 3041 5559 carnis
3071 5501 3298 5576 peccati
3314 5501 3373 5556 in
3405 5515 3526 5572 quo
3551 5512 3656 5553 au-

2005 5598 2249 5663 gmenta
2277 5600 2598 5651 consecuta
2617 5599 2726 5662 est,
2753 5594 2902 5650 calo
2929 5600 3167 5665 recepta
3195 5589 3390 5648 carnis
3416 5591 3650 5642 natura.

2009 5685 2158 5738 Nam
2187 5689 2245 5738 et
2267 5697 2499 5755 caprea
2524 5683 2659 5741 ideo
2683 5681 2957 5740 nonnulli
2985 5680 3382 5738 assimilatum
3406 5672 3656 5744 opinan-
