4092 6176
426 193 530 248 593

425 319 543 390 tur,
566 315 713 390 quia
740 318 957 372 nostris
988 315 1192 374 salutis
1230 316 1542 377 illustratio
1586 322 1910 378 siccitatem
1952 336 2077 376 cor-

425 406 519 463 dis
541 405 820 463 auferens
840 404 904 460 in
918 405 1249 478 posteriore
1270 411 1470 468 seaculi
1499 416 1667 484 parte
1697 411 1987 468 veniendo
2016 410 2077 465 in

424 508 601 550 carne
620 508 685 548 se
705 493 982 562 ostendit,
995 510 1183 568 quam
1203 498 1386 571 Moysi
1401 500 1621 572 petenti
1637 501 1698 556 in
1713 505 1916 557 monte
1939 500 2079 557 Sina

421 585 880 639 monstraverat.
895 584 976 638 De
996 588 1416 659 quomysterio
1438 588 1624 646 David
1634 590 1804 646 dicit:
1832 592 2078 644 «Panum

422 669 719 727 columba
770 670 1176 741 deargentatee
1225 675 1289 731 in
1338 677 1676 750 posteriora
1726 678 1892 735 dorsi
1947 678 2079 749 ejus

421 756 609 829 (Ρεαιο
635 760 829 831 LXVII).
850 781 879 811 υ
915 761 1076 818 Sicut
1094 780 1451 837 caprearum
1485 768 1773 839 posterior
1811 766 2077 839 corporis

419 862 563 919 pars
594 850 922 907 candorem
948 851 1358 927 demonstrat;
1391 862 1448 914 et
1475 859 1617 921 quia
1644 859 1814 915 multi
1843 874 1965 914 non
1988 873 2077 912 so-

415 935 544 992 lum
569 952 642 993 ex
668 938 908 1010 Judaais,
942 942 1049 998 sed
1077 943 1257 1001 etiam
1296 962 1371 1002 ex
1407 948 1780 1020 philosophis
1810 948 2077 1018 gentium

417 1025 721 1084 credidere
751 1044 859 1101 per
901 1031 1034 1102 ejus
1062 1034 1461 1092 humilitatem
1505 1037 1949 1102 incarnationis,
2000 1036 2077 1091 de

414 1115 639 1187 quibus
664 1117 1075 1190 intelliguntur
1093 1128 1365 1194 agrestes
1379 1125 1494 1182 illm
1524 1127 1740 1183 animae
1762 1127 2074 1200 quondam

414 1204 767 1263 mundiores
785 1209 1013 1266 caeteris
1039 1212 1418 1285 supradictis,
1444 1230 1580 1287 quae
1602 1231 1709 1288 per
1727 1216 1919 1288 ipsius
1940 1216 2078 1271 doc-

414 1292 636 1351 trinam
678 1296 759 1352 ad
802 1298 980 1354 unius
1023 1300 1146 1356 veri
1176 1301 1407 1359 Israelis
1447 1305 1819 1360 consortium
1863 1320 2076 1375 aggre-

416 1386 569 1452 gataa
595 1388 752 1440 sunt.
785 1386 1024 1444 Talibus
1049 1388 1255 1445 similis
1275 1391 1447 1462 juxta
1476 1393 1820 1465 opinionem
1852 1394 2078 1466 aliquo-

414 1485 552 1527 rum
577 1486 725 1529 voce
754 1475 1035 1533 Ecclesia
1049 1480 1490 1551 pronuntiatur,
1507 1484 1609 1555 qxui
1648 1488 1888 1555 propter
1911 1485 2078 1539 iuno.-

415 1562 659 1617 centum
689 1568 746 1620 et
783 1564 1229 1624 multitudinem
1277 1569 1646 1626 credentium
1675 1572 1922 1627 hinnuio
1949 1589 2073 1628 cer-

413 1664 633 1707 vorum
660 1659 1066 1726 comparatum.
1094 1657 1385 1715 Hinnulus
1423 1662 1897 1717 cervorum’ideo
1927 1662 2071 1718 dici-
2112 1681 2151 1734 Β

413 1742 531 1812 tur,
562 1740 708 1814 quia
735 1743 971 1811 genitus
997 1750 1088 1802 est
1108 1762 1182 1803 ex
1229 1748 1410 1821 stirpe
1440 1750 1936 1821 patriarcharum,
1968 1754 2074 1825 qui

344 1894 349 1899 η
412 1840 729 1888 cervorum
756 1834 1000 1897 nomine
1045 1841 1472 1909 prmnotantur,
1505 1855 1611 1895 seu
1651 1840 1904 1897 hinnulo
1951 1859 2074 1897 cer-

409 1932 628 1977 verum
658 1928 902 1995 propter
912 1924 1262 1983 humilitatis
1284 1926 1566 2000 formam,
1588 1930 1849 1986 necdum
1873 1932 2073 1988 adhuc

410 2011 690 2082 potentiae
745 2013 1030 2070 cornibus
1077 2016 1372 2086 exaltatis,
1422 2018 1645 2091 quibus
1692 2021 1773 2079 in.
1803 2021 2070 2077 secundo

410 2098 671 2155 adventu
693 2106 1050 2159 causaturus
1080 2108 1169 2162 est
1211 2107 1532 2173 mundum,
1565 2109 1639 2165 de
1689 2112 1911 2183 quibus
1950 2110 2070 2166 dic-

410 2189 540 2242 tum
564 2192 654 2244 est
678 2189 742 2244 in
765 2190 1044 2263 psalmo:
1075 2196 1237 2251 Tunc
1285 2216 1313 2245 «
1337 2198 1796 2254 exsultabantur
1842 2216 2070 2255 cornua

404 2274 551 2347 justi
581 2277 766 2348 (Ρείιι.
790 2288 1012 2347 anv).
1037 2303 1067 2331 »
1099 2282 1395 2340 Hinnulus
1419 2286 1575 2342 eni
1606 2303 1916 2344 cervorum
1943 2291 2068 2345 sine

409 2365 694 2422 cornibus
748 2372 859 2437 est,
910 2384 1182 2428 amorem
1227 2373 1290 2429 in
1339 2389 1401 2430 se
1440 2376 1641 2447 potius
1670 2377 1915 2433 visionis
1945 2395 2068 2433 suae

408 2468 596 2528 quam
641 2457 1071 2515 terribilitatem
1100 2462 1377 2534 ostendit,
1408 2464 1561 2520 sicut
1600 2466 1885 2521 Dominus
1930 2484 2069 2522 nos-

410 2546 497 2600 ter
548 2544 814 2602 Christus
869 2547 932 2604 in
995 2549 1194 2622 primo
1249 2551 1510 2609 adventu
1566 2554 1773 2613 fecisse
1822 2556 2067 2625 dignos-

410 2630 580 2689 citur.
619 2636 701 2690 De
732 2636 906 2707 cujus
929 2637 1127 2710 primo
1171 2638 1431 2696 adventu
1478 2657 1623 2698 mox
1664 2644 2063 2715 subjungitur.

413 2741 445 2771 σε
502 2724 588 2779 En
638 2722 766 2796 ipse
827 2728 944 2782 stat
996 2731 1134 2799 post
1190 2730 1475 2800 parietem
1527 2736 1821 2802 nostrum,
1880 2736 2067 2805 respi-

415 2829 444 2859 «
486 2809 647 2867 ciens
699 2829 807 2885 per
859 2814 1171 2887 fenestras,
1217 2819 1589 2891 prospiciens
1657 2837 1762 2892 per
1832 2822 2065 2878 cancel-

415 2918 447 2949 ‹‹
483 2897 598 2956 los.
632 2921 661 2951 »
692 2902 939 2959 lndutus
968 2905 1191 2979 pariete
1227 2912 1445 2963 nostrae
1475 2908 1867 2981 mortalitatis,
1899 2912 2068 2967 latuit

412 2986 746 3046 substantia
792 2992 1130 3051 divinitatis.
1193 2995 1308 3052 Sed
1370 2997 1738 3069 prospiciens
1811 3001 1887 3055 ad
1957 3017 2066 3056 nos

412 3092 518 3151 per
546 3080 845 3138 cancellos
873 3087 929 3139 et
956 3083 1244 3142 fenestras
1286 3085 1436 3142 dum
1477 3087 1765 3144 miracula
1820 3091 1970 3154 fecit,
2006 3096 2066 3147 ut

2178 3002 2322 3055 rem,
2347 2988 2681 3059 diabolum,
2701 3005 2812 3046 nec
2835 2990 2990 3048 ultra
3016 2990 3275 3048 residere
3292 2991 3448 3048 intra
3465 2990 3846 3051 incredulita-

2178 3077 2250 3132 tis
2280 3083 2338 3132 et
2368 3079 2623 3150 torporis
2651 3079 2931 3136 claustra.
2966 3101 2995 3129 α
3014 3083 3295 3153 Propera,
3320 3103 3349 3131 »
3376 3080 3593 3154 inquit,
3611 3104 3641 3135 α
3667 3087 3723 3138 et
3746 3097 3844 3138 ve-
3900 3142 3903 3143 ν

408 3092 518 3151 per
546 3080 845 3138 cancellos
873 3087 929 3139 et
956 3083 1244 3142 fenestras
1286 3085 1436 3142 dum
1477 3087 1765 3144 miracula
1820 3091 1970 3155 fecit,
2006 3096 2069 3147 ut

410 3182 485 3223 ex
509 3166 810 3226 miraculis
854 3179 1171 3246 appareret
1211 3175 1316 3248 qui
1345 3191 1418 3231 ex
1463 3178 1848 3249 passionibus
1878 3179 2064 3236 latuit.

411 3255 523 3322 Qui
547 3257 709 3313 enim
738 3259 1024 3317 humanis
1050 3261 1238 3318 oculis
1264 3263 1379 3320 hoc
1409 3264 1574 3337 quod
1594 3266 1669 3321 de
1694 3268 1930 3324 mortali
1959 3285 2065 3326 na-

408 3348 544 3402 tura
573 3348 901 3421 assumpsit
929 3350 1204 3418 ostendit,
1229 3355 1286 3407 et
1308 3351 1371 3407 in
1403 3368 1466 3408 se
1490 3352 1643 3425 ipso,
1671 3356 1777 3427 qui
1802 3356 2066 3412 invisibi-

406 3431 481 3489 lis
535 3437 882 3507 permansit,
922 3438 985 3494 in
1028 3443 1236 3511 aperto
1292 3456 1355 3497 se
1411 3442 1615 3498 videre
1658 3446 2064 3516 qurerentibus

407 3522 582 3596 quasi
611 3529 752 3596 post
772 3526 1062 3598 parietem
1089 3527 1262 3599 stetit,
1280 3528 1425 3601 quia
1444 3529 1774 3586 videndum
1802 3549 1863 3587 se
1881 3535 2069 3590 mani-

406 3610 561 3669 festa
588 3614 899 3686 majestate
923 3630 1049 3672 non
1077 3616 1353 3689 praebuit.
1388 3618 1569 3684 Quasi
1604 3619 1762 3675 enim
1793 3628 1930 3692 post
1960 3640 2065 3694 pa-

406 3700 615 3758 rietem
644 3705 818 3775 stetit,
851 3705 956 3779 qui
992 3705 1390 3764 humanitatis
1420 3714 1698 3764 naturam
1729 3726 1917 3782 quam
1967 3728 2066 3767 as-

410 3792 666 3865 sumpsit
697 3795 974 3867 ostendit,
997 3800 1053 3854 et
1089 3796 1415 3855 divinitatis
1470 3802 1745 3855 naturam
1786 3800 2067 3858 humanis

407 3879 597 3937 oculis
625 3882 962 3941 occultavit.
994 3884 1274 3958 Quisquis
1303 3887 1464 3942 enim
1491 3902 1600 3959 per
1633 3887 1923 3946 fenestras
1978 3891 2069 3947 vel

407 3970 706 4027 cancellos
740 3974 997 4046 respicit,
1020 3990 1132 4032 nec
1156 3979 1314 4033 totus
1341 3976 1596 4047 videtur,
1619 3992 1730 4034 nec
1762 3982 1916 4035 totus
1944 3996 2068 4036 non

406 4057 656 4116 videtur.
682 4060 1047 4137 Redemptor
1068 4066 1229 4121 enim
1256 4069 1475 4133 noster,
1508 4067 1654 4139 quia
1676 4072 1733 4123 et
1760 4067 1965 4124 divina
1991 4070 2069 4126 fe.

407 4146 487 4204 cit
509 4152 567 4206 et
584 4148 855 4208 humana
874 4151 1131 4225 pertulit,
1154 4154 1334 4226 quasi
1351 4169 1460 4226 per
1474 4155 1771 4212 cancellos
1791 4162 1851 4212 et
1875 4157 2069 4214 tenes-

404 4242 528 4296 tras
549 4240 630 4296 ad
657 4240 932 4298 homines
946 4242 1109 4301 venit
1130 4248 1192 4298 ut
1218 4244 1395 4310 Deus,
1414 4246 1479 4299 ut
1503 4249 1821 4317 appareret
1849 4261 1921 4301 ex
1950 4248 2064 4302 mi-

405 4328 645 4397 raculis,
668 4329 819 4386 sicut
843 4331 1071 4393 dictum
1096 4336 1204 4402 est,
1237 4336 1295 4389 et
1318 4331 1526 4389 lateret
1554 4349 1625 4390 ex
1658 4334 2063 4406 passionibus,

406 4420 464 4473 et
490 4395 676 4475 homo
697 4424 1036 4477 cerneretur
1056 4436 1130 4478 ex
1159 4421 1555 4495 passionibus.
1600 4395 1771 4479 Recte
1800 4423 2016 4482 dicitur
2047 4445 2060 4484 :
2103 4395 2142 4448 Β

405 4527 435 4560 «ι
458 4510 544 4566 En
568 4508 701 4584 ipse
726 4512 841 4566 stat
867 4515 1004 4585 post
1026 4512 1317 4585 parietem
1340 4516 1636 4582 nostrum,
1665 4535 1692 4563 »
1725 4517 1782 4571 et
1812 4514 2059 4589 reliqua.

404 4598 621 4669 Potest,
640 4599 691 4657 si
719 4600 815 4656 cui
838 4599 1096 4673 libuerit,
1118 4601 1199 4658 ita
1221 4599 1467 4673 intelligi
1494 4621 1507 4657 :
1538 4605 1621 4658 En
1651 4601 1778 4676 ipse
1805 4604 1907 4676 qui
1933 4621 2065 4661 cru-

403 4688 614 4749 ciﬁxus
630 4694 735 4756 est,
754 4691 860 4767 qui
887 4690 1211 4750 divinitatis
1231 4707 1355 4747 suae
1384 4690 1627 4749 dextera
1653 4693 2057 4764 languentem,

402 4778 466 4834 id
494 4785 583 4837 est
598 4782 903 4851 lugentem
932 4783 994 4840 in
1020 4780 1306 4857 apostolis
1327 4782 1753 4840 consolationis
1777 4785 2062 4858 amplexu

374 4869 745 4933 _eontinebat
800 4872 1144 4940 Ecclesiam,
1178 4887 1315 4929 cum
1372 4887 1496 4946 qua
1552 4889 1731 4931 carne
1790 4876 2056 4950 sepultus

404 4956 513 5023 est,
544 4970 684 5010 cum
721 4956 854 5028 ipsa
899 4960 1103 5032 utique
1152 4966 1268 5019 stat
1317 4977 1639 5034 resurgens
1688 4970 1825 5036 post
1872 4966 2060 5038 parie-

404 5047 524 5097 tem
572 5043 998 5102 incredulitatis
1055 5055 1271 5104 nostrae
1322 5066 1506 5123 quem
1558 5052 1732 5108 luteis
1773 5054 2056 5123 operibus

402 5133 929 5189 construxeramus
976 5136 1306 5208 peccando.
1354 5139 1435 5195 De
1489 5141 1710 5212 quibus
1761 5139 1903 5194 dicit
1950 5156 2058 5212 per

401 5220 619 5278 Isaiam
657 5220 1051 5295 prophetam:
1107 5245 1136 5274 «
1164 5226 1446 5298 Nunquid
1475 5242 1597 5283 non
1636 5226 1794 5282 valet
1837 5242 2054 5283 manus

398 5325 539 5367 mea
562 5310 640 5366 ad
659 5308 1042 5368 liberandum
1066 5312 1096 5370 ?
1140 5312 1255 5369 Sed
1284 5318 1531 5385 peccata
1577 5318 1775 5370 vestra
1810 5330 2053 5373 murum

396 5398 665 5457 iecerunt
690 5399 843 5456 inter
868 5417 978 5458 vos
1006 5405 1063 5460 et
1116 5406 1306 5459 Deum
1349 5402 1490 5473 (Ira.
1520 5404 1641 5474 1.).»
1690 5405 1825 5458 Post
1870 5418 2051 5475 quem

398 5494 563 5548 stans
581 5489 864 5547 Dominus
883 5490 1145 5548 Christus
1158 5493 1463 5564 exspectat
1482 5505 1544 5545 se
1565 5489 1643 5547 ab
1665 5490 1862 5564 impiis
1885 5492 2050 5549 invo-

395 5577 539 5647 cari,
556 5582 614 5635 et
654 5580 831 5635 vocat
859 5578 939 5636 ad
974 5579 1389 5652 pcenitentiam
1435 5578 1705 5637 animam
1755 5582 2045 5655 peccatri-

393 5682 547 5740 cem,
575 5672 881 5743 exspectat
898 5668 1010 5728 sibi
1035 5669 1115 5732 ab
1142 5670 1465 5730 incredulis
1492 5670 1671 5728 credi.
1707 5674 1843 5731 Post
1860 5689 2042 5747 quem

1530 198 1886 254 ANGELOMI
1923 192 2372 252 LEMNSiS
2408 192 2728 251 ΜΘΝΑΕΗΙ

2184 316 2472 388 parietem
2520 321 2650 385 stat,
2692 333 2885 390 usque
2932 316 3015 373 ad
3042 320 3281 389 tempus
3308 316 3693 391 baptismatis
3753 316 3873 377 vd

2185 404 2565 479 pmnitentiie.
2605 409 2669 462 Et
2691 406 2827 462 licet
2868 422 2992 461 non
3037 421 3377 462 mereamur
3421 422 3562 464 eum
3610 408 3867 477 intueri,

2186 498 2393 550 tamen
2418 509 2525 565 per
2551 495 2667 550 hoc
2693 494 2862 563 quod
2905 494 3305 551 idololatriam
3351 495 3732 563 abdicamus,
3762 499 3860 556 ie.

2183 585 2417 638 nostras
2441 582 2505 637 in
2530 584 2874 656 supradicto
2904 583 3159 639 facimus
3183 585 3429 656 pariete,
3463 586 3693 657 quibus
3735 603 3865 645 nos

2185 670 2263 727 ab
2294 671 2624 727 immundis
2654 671 2959 745 spiritibus
2989 672 3370 729 defendendo
3386 674 3630 747 respicit
3655 676 3867 735 Chricn

2186 764 2297 819 tus.
2329 761 2400 817 Et
2420 760 2532 833 ipsi
2564 761 2674 817 soli
2694 777 2895 832 genua
2921 762 3119 818 cordis
3144 762 3518 820 deﬂectendo
3547 766 3869 831 θωοθνω

2185 848 2462 913 iacimus,
2504 865 2610 922 per
2635 867 2790 923 quos
2821 852 3350 924 compunctionem
3374 853 3454 908 ad
3491 870 3555 910 se
3600 871 3863 917 converr-

2184 939 2364 994 tendo
2393 938 2738 1011 prospiciat.
2777 941 2882 996 Ubi
2935 956 3072 996 vero
3119 940 3463 999 venerimus
3513 943 3595 999 ad
3638 960 3863 1009 vena

2184 1028 2640 1084 conversionem
2682 1027 2968 1101 baptismi
3014 1028 3287 1101 praedicti
3325 1030 3419 1085 vel
3459 1032 3859 1103 malum.

2182 1115 2398 1172 retollit
2420 1132 2561 1172 eum
2587 1117 2662 1172 de
2692 1117 2892 1175 medio
2912 1134 3201 1175 concessa
3228 1121 3406 1183 venia
3434 1126 3857 1191 peccatorum,

2183 1210 2241 1262 et
2266 1206 2533 1278 loquitur
2559 1206 2735 1280 nobis
2762 1207 3019 1264 dicendo
3044 1224 3056 1263 :
3091 1230 3117 1257 ‹‹
3147 1209 3347 1264 Venite
3377 1210 3457 1270 ad
3486 1226 3604 1281 me,
3630 1227 3861 1273 omnes

2184 1297 2287 1368 qui
2316 1295 2605 1352 laborans
2634 1302 2692 1352 et
2716 1298 2947 1353 onerati
2972 1297 3133 1369 estis,
3163 1302 3221 1354 et
3254 1313 3372 1369 ego
3420 1300 3689 1359 reﬁciam
3731 1318 3855 1359 vos

2184 1385 2422 1455 (Matth.
2455 1390 2557 1453 X1);
2586 1388 2713 1457 »ίΕι
2743 1403 2756 1440 :
2814 1409 2841 1437 ‹‹
2873 1386 3091 1454 Venite,
3120 1386 3421 1445 benedicti
3468 1390 3655 1446 Patris
3690 1391 3852 1460 mei,

2182 1474 2482 1546 possidete
2508 1480 2785 1546 paratum
2832 1475 3001 1531 vobis
3044 1491 3300 1547 regnum
3340 1493 3379 1534 a
3424 1480 3853 1539 constitutione

2183 1560 2392 1616 mundi
2425 1563 2666 1627 (Matth.
2698 1566 2860 1635 xxv).
2891 1585 2921 1614 »
2974 1564 3525 1636 Sicutetmagister
3550 1568 3844 1637 gentium,

2181 1649 2418 1720 Paulus,
2440 1652 2647 1707 docuit
2680 1652 2911 1711 factum
2935 1653 2999 1709 in
3026 1653 3156 1724 eius
3186 1654 3469 1712 adventu.
3501 1678 3531 1706 ‹‹
3556 1657 3671 1722 Qui
3693 1657 3847 1729 tulit,

2179 1737 2394 1809 inquit,
2425 1740 2713 1811 parietem
2742 1742 3018 1798 maceriae
3047 1742 3124 1798 de
3149 1743 3372 1813 medio,
3404 1750 3461 1801 et
3498 1746 3846 1807 reconcilie-

2180 1828 2264 1883 vit
2292 1844 2401 1884 nos
2432 1833 2551 1886 Deo
2580 1831 2733 1887 Patri
2750 1846 2860 1904 per
2888 1832 3246 1901 sanguinem
3266 1834 3457 1906 ipsius
3478 1835 3703 1905 (Ephes
3719 1838 3837 1907 ul.»

2182 1918 2345 1973 Unde
2376 1933 2515 1975 cum
2543 1919 2776 1975 inclusa
2804 1926 2963 1977 esset
2984 1921 3246 1978 Ecclesia
3266 1922 3731 1994 quodammodo
3747 1924 3839 1983 ὴν

2180 2013 2269 2064 tra
2289 2009 2587 2080 parietum
2611 2016 2779 2084 septa
2825 2017 3070 2084 propter
3116 2013 3549 2084 persecutionis
3592 2020 3843 2088 me“,

2178 2103 2317 2168 post
2347 2114 2522 2154 suam
2551 2102 3051 2156 resurrectionem
3076 2101 3543 2160 formidantibus
3568 2110 3624 2161 et
3654 2106 3844 2163 nicnio

2182 2192 2400 2242 terrore
2430 2188 2673 2257 dejectis
2695 2189 3014 2261 Apostoiis,
3041 2190 3245 2260 januis
3272 2190 3495 2248 clausis
3511 2193 3843 2265 ingressus,

2179 2291 2469 2344 magnam
2496 2277 2785 2334 ﬁduciam
2824 2293 3242 2351 magnumque
3285 2282 3576 2350 gaudium
3618 2299 3843 2356 appor-

2176 2366 2325 2420 tavit
2342 2366 2597 2423 dicendo
2622 2382 2635 2421 :
2672 2388 2699 2417 «
2726 2370 2847 2423 Pax
2874 2366 3065 2424 vobis.
3094 2370 3218 2438 Ego
3250 2385 3407 2437 sum,
3433 2360 3610 2427 nolite
3632 2371 3842 2430 timere

2177 2454 2342 2517 (Luc.
2376 2458 2564 2525 uiv).
2602 2477 2629 2504 »
2672 2459 2829 2511 'l‘uuc
2874 2456 3241 2529 completum
3289 2464 3375 2514 est
3420 2458 3583 2530 quod
3629 2459 3832 2529 sequi-

2180 2546 2318 2598 tur:

2248 2652 2275 2680 ι‹
2310 2631 2564 2689 Dilectus
2588 2648 2761 2690 meus
2788 2633 3056 2706 loquitur
3085 2634 3259 2691 mihi:
3310 2635 3516 2703 Surge,
3545 2648 3834 2706 propera,

2177 2740 2204 2767 ιι
2246 2720 2444 2777 amica
2493 2737 2649 2792 mea,
2705 2721 2989 2780 columba
3046 2738 3197 2789 mea,
3235 2722 3502 2781 ﬁormosa
3558 2739 3720 2791 mea,
3777 2729 3842 2783 et

2178 2830 2207 2859 ιι
2246 2809 2402 2864 veni.
2421 2830 2449 2862 υ
2484 2811 2766 2883 Loquitur
2795 2812 2849 2866 ei
2879 2812 3102 2869 scilicet
3138 2811 3216 2871 ad
3246 2810 3676 2885 perfectionem
3704 2812 3842 2875 vita:

2177 2897 2469 2966 vocando,
2497 2900 2757 2957 dicendo
2783 2901 2835 2957 ei
2852 2901 2981 2971 jam
3009 2917 3134 2958 non
3164 2900 3369 2958 timere
3399 2902 3610 2958 mortis
3639 2907 3844 2961 aucto-

2176 3002 2322 3055 rem,
2347 2988 2681 3059 diabolum,
2701 3005 2812 3046 nec
2835 2990 2990 3048 ultra
3016 2990 3275 3048 residere
3292 2991 3448 3048 intra
3465 2990 3846 3051 incredulita-

2176 3166 2260 3235 ui,
2287 3187 2315 3214 ››
2344 3167 2488 3239 quia
2517 3184 2628 3238 ego
2669 3168 2981 3225 moriendo
3007 3170 3191 3226 vitam
3238 3169 3537 3242 perditam
3579 3169 3837 3241 reddidi,

2176 3256 2346 3313 Modo
2369 3256 2498 3327 jam
2526 3272 2651 3312 non
2680 3257 2950 3314 terrearis
2980 3273 3018 3315 a
3054 3263 3267 3325 morte,
3300 3259 3399 3316 cui
3433 3273 3547 3330 ego
3576 3259 3847 3325 destruxi

2175 3344 2517 3417 imperium.
2539 3346 2745 3405 Stabat
2774 3362 3043 3420 namque
3063 3352 3200 3420 post
3220 3349 3510 3421 parietem
3536 3354 3839 3419 nostrum,

2175 3436 2319 3507 quia
2348 3435 2522 3491 nobis
2548 3436 2763 3493 umbra
2786 3452 2900 3494 sua
2925 3437 3310 3497 obstabatsol
3328 3439 3591 3510 justitim,
3619 3437 3699 3497 de
3720 3454 3847 3511 quo

2175 3525 2469 3596 propheta
2488 3525 2846 3596 promiserat
2864 3526 3104 3583 dicens:
3140 3548 3169 3576 «
3189 3528 3418 3584 Orietur
3446 3528 3619 3584 vobis
3636 3528 3849 3585 timen-

2179 3613 2333 3668 tibus
2365 3618 2550 3668 Deum
2599 3613 2689 3669 sol
2739 3616 2995 3686 iustitiae,
3028 3621 3087 3671 et
3111 3618 3337 3673 sanitas
3364 3617 3426 3674 in
3464 3617 3682 3690 pennis
3708 3618 3847 3687 ejus

2174 3702 2346 3771 (Mal.
2382 3708 2478 3771 ιν).
2516 3722 2546 3751 ››
2605 3703 2713 3767 Qui
2768 3702 3033 3775 loquitur
3082 3705 3354 3763 Ecclesia
3404 3706 3467 3767 in
3525 3705 3836 3779 apostolis.

2174 3791 2423 3865 quando
2451 3808 2702 3862 surgens
2733 3809 2770 3851 a
2794 3795 3047 3851 mortuis
3073 3794 3420 3852 consolatur
3445 3811 3567 3857 eos.
3591 3795 3839 3859 dicens:

2177 3902 2205 3937 α
2235 3879 2541 3949 Conﬁdite,
2572 3882 2717 3956 quia
2745 3897 2858 3952 ego
2904 3884 3015 3941 vici
3069 3884 3368 3943 mundum
3401 3886 3579 3952 (Joau
3616 3886 3766 3953 irin).
3806 3902 3838 3943 ι

2178 3971 2274 4029 Et:
2308 3992 2335 4023 «
2359 3971 2506 4028 Data
2527 3976 2615 4027 est
2636 3972 2784 4029 mihi
2823 3972 3024 4029 omnis
3052 3978 3317 4045 potestas
3365 3973 3428 4029 in
3477 3971 3625 4031 crelo
3674 3978 3733 4033 et
3773 3972 3837 4036 in

2180 4062 2332 4118 teu'a
2390 4061 2632 4132 (Matth.
2666 4061 2883 4133 xxvm).
2910 4084 2939 4111 »
2972 4064 3073 4117 Et:
3107 4083 3137 4111 «
3161 4062 3347 4119 Nolite
3367 4062 3570 4119 timere
3598 4075 3699 4125 eos
3724 4060 3837 4132 qui

2175 4148 2457 4205 occidunt
2476 4166 2713 4222 corpus,
2742 4150 3012 4206 animam
3039 4155 3242 4205 autem
3266 4165 3392 4209 non
3412 4152 3666 4223 possunt
3683 4148 3838 4212 occi-

2175 4233 2315 4291 dere
2366 4236 2576 4310 (Math.
2608 4240 2713 4309 χι).
2742 4260 2770 4288 ››
2830 4238 2994 4297 Unde
3036 4254 3144 4310 per
3195 4239 3355 4296 hanc
3378 4239 3736 4305 sententiam
3763 4237 3845 4303 ad

2176 4327 2614 4398 praedicationis
2644 4328 2911 4389 ofﬁcium
2943 4333 3322 4401 provocatur,
3343 4329 3497 4389 sicut
3523 4329 3660 4402 ipsa
3675 4329 3836 4394 dicit:

2176 4439 2202 4465 α
2222 4416 2471 4473 dilectus
2498 4433 2671 4475 meus
2702 4417 2969 4490 loquitur
2992 4417 3159 4481 mihi,
3190 4440 3219 4477 υ
3259 4418 3323 4474 id
3358 4423 3448 4475 est
3490 4418 3570 4476 ad
3616 4418 3838 4491 prendi:-

2172 4506 2435 4563 candum
2480 4523 2576 4564 me
2623 4508 2893 4564 hortatur
2935 4507 3179 4567 dicens:
3238 4511 3493 4580 «Surge,
3544 4523 3827 4582 propera,

2171 4598 2366 4653 amica
2394 4612 2551 4667 mea,
2583 4601 2642 4654 et
2662 4596 2820 4665 veni,
2847 4618 2875 4646 ››
2920 4597 2983 4652 id
3012 4604 3101 4657 est
3130 4613 3310 4668 surge
3334 4597 3410 4657 de
3442 4602 3629 4661 stratu
3660 4598 3825 4672 quien-

2170 4686 2417 4757 tudinis,
2443 4687 2506 4743 in
2527 4703 2651 4760 quo
2676 4686 2860 4743 solius
2890 4687 2974 4744 tui
2997 4703 3205 4744 curam
3223 4702 3400 4757 agere
3428 4687 3671 4760 quieris,
3694 4702 3830 4760 ppe-

2167 4793 2333 4851 pera,
2364 4782 2423 4837 et
2452 4777 2608 4845 veni,
2639 4777 2719 4833 ad
2767 4776 3142 4850 implendam
3193 4778 3374 4835 etiam
3422 4776 3685 4849 proximi
3727 4794 3832 4837 cu-

2166 4883 2297 4924 ram
2328 4867 2560 4933 salutis,
2594 4868 2859 4924 studium
2888 4866 3109 4924 sedulae
3141 4866 3585 4940 praedicationis
3631 4866 3834 4931 ofﬁcio

2165 4958 2467 5031 impende.
2492 4962 2640 5015 Nam
2663 4962 2720 5015 et
2737 4957 2930 5014 verbis
2952 4956 3296 5014 aﬂ'abilibus
3318 4956 3520 5016 tribuit
3540 4956 3834 5021 ﬁduciam

2165 5047 2313 5102 dum
2345 5048 2478 5118 subj
2491 5048 2658 5119 ungit
2680 5067 2693 5105 :

2237 5140 2407 5192 «Jam
2418 5137 2579 5192 enim
2596 5137 2787 5192 hiems
2819 5137 3065 5205 transiit,
3086 5136 3281 5195 imber
3308 5136 3457 5195 abiit
3478 5141 3535 5194 et
3561 5137 3830 5200 recessit.

2162 5245 2193 5280 ‹
2237 5225 2429 5281 Flores
2450 5232 2860 5298 apparuerunt
2877 5227 2938 5284 in
2972 5233 3125 5285 terra
3144 5233 3370 5294 nostra,
3389 5232 3632 5299 tempus
3653 5234 3835 5301 puta-

2161 5336 2190 5365 «
2233 5312 2406 5370 tionis
2423 5313 2681 5371 advenit.
2694 5337 2720 5363 ››
2742 5318 2918 5374 Docet
2933 5333 3069 5375 eam
3091 5317 3311 5373 scilicet
3320 5317 3451 5386 jam
3475 5332 3600 5375 non
3618 5317 3832 5380 timore

2158 5404 2408 5461 omnino
2446 5404 2791 5477 iniquorum
2843 5406 3160 5463 hominum
3211 5405 3656 5474 truculentiam.
3711 5421 3827 5465 nec

2157 5492 2838 5549 daamonumformidare
2858 5494 3281 5567 terrores,quia
3304 5495 3563 5551 etDeum
3589 5498 3827 5553 Patrem

2155 5597 2264 5656 per
2288 5587 2611 5656 assumpta:
2638 5582 2834 5639 carnis
2863 5583 3230 5641 oblationem
3260 5583 3669 5642 reconciliavit
3712 5586 3822 5649 Ec-

2155 5672 2432 5744 clesim,et
2445 5673 2794 5754 daemonum
2810 5672 3538 5752 exercitumsubnervavit
3557 5688 3668 5746 per
3692 5689 3831 5735 cru'
