4106 6174
285 180 402 239 3οη

1509 184 1771 242 ENABB.
1801 183 1873 241 IN
1897 183 2206 246 ῦᾹΝἸῚῸΑ
2233 186 2508 252 GAN'H‘C.

277 319 438 370 cem,
485 307 542 361 et
577 307 714 378 post
750 304 1083 362 brumalem
1130 308 1516 382 gelidamque
1562 307 1946 381 asperitatem
1976 311 2026 365 Δ
2062 314 2400 388 aenigmate,
2441 322 2584 374 tunc
2621 321 2823 375 autem
2854 316 3004 374 facie
3030 315 3111 373 ad
3141 315 3379 388 faciem,
3405 317 3468 372 et
3495 313 3723 374 videbi-

281 393 568 450 ﬂoridum
611 396 778 451 verni
817 396 1110 452 adventus
1155 399 1245 453 sui
1296 405 1533 472 tempus
1572 398 1848 464 ostendit,
1893 413 1949 452 ei.

274 490 514 556 quanta
542 483 631 539 vel
659 483 864 556 qualia
898 486 1260 555 gaudiorum
1291 494 1446 544 esset
1480 489 1730 560 praemia
1763 488 1815 543 ei
1845 500 1952 558 per

278 587 457 628 suam
491 573 872 646 praesentiam
899 575 1296 643 exhibiturus,
1330 576 1594 634 futuram
1617 577 1748 647 jam
1779 576 1953 648 quasi

275 665 504 720 factam
543 665 826 721 narravit.
866 665 1033 722 Unde
1076 671 1132 722 et
1171 667 1225 722 ei
1265 667 1484 723 dicitur
1522 684 1537 724 ε
1583 690 1612 719 u
1665 670 1950 735 Exsurge,

273 769 560 828 propera,
622 754 818 810 amica
873 769 1030 824 mea,
1083 755 1352 814 formosa
1399 771 1553 825 mea,
1610 759 1666 812 et
1713 754 1868 811 veni.
1919 775 1950 804 ››

277 844 493 899 Amica
556 843 719 899 enim
781 842 849 899 ﬁt
914 845 1304 913 agnoscendo
1374 849 1608 914 Deum;
1661 844 1949 910 formosa,

267 933 492 988 Christi
519 932 922 988 humilitatem
940 934 1259 989 servando.
1291 934 1585 990 Columba
1603 948 1744 990 vero
1773 932 1954 988 efﬁci-

276 1028 390 1088 tur,
419 1021 572 1077 nihil
599 1021 673 1076 de
705 1021 950 1076 terrenis
978 1022 1404 1095 cupiditatibus
1437 1024 1672 1096 absque
1700 1022 1838 1078 cibo
1869 1022 1949 1076 vi-

277 1111 527 1176 lissimo,
573 1111 1048 1183 indumentoque
1090 1112 1360 1184 corporis
1401 1112 1790 1185 requirendo,
1841 1109 1952 1166 sed

276 1215 517 1273 semper
540 1199 966 1259 columbarum
987 1201 1427 1274 simplicitatem
1444 1207 1675 1269 tenens,
1711 1199 1950 1273 Spiritui

279 1294 491 1346 sancto
522 1303 585 1345 se
615 1289 820 1345 sociat.
848 1289 944 1345 Vel
966 1290 1163 1346 amica
1183 1291 1401 1347 dicitur
1422 1304 1527 1363 per
1545 1290 1946 1359 dilectionem,

277 1379 546 1435 formosa
574 1378 668 1434 vel
698 1379 970 1450 speciosa
1008 1393 1116 1450 per
1157 1380 1439 1436 decorem
1467 1380 1754 1436 virtutum
1781 1385 1842 1435 et
1867 1379 1950 1434 la-

272 1480 532 1522 vacrum
579 1467 1067 1536 regenerationis,
1120 1467 1404 1524 columba
1442 1477 1550 1540 per
1587 1467 1948 1523 infusionem

271 1557 528 1628 Spiritus
572 1555 779 1611 sancti.
829 1555 988 1610 Sicut
1034 1556 1214 1626 igitur
1267 1557 1722 1628 superveniente
1759 1571 1946 1612 verno

269 1659 648 1718 praecursore
703 1645 922 1700 aestatis
975 1646 1079 1718 qui
1137 1646 1305 1715 fugat
1357 1647 1638 1708 hiemem,
1698 1647 1944 1718 quando

265 1735 477 1790 omnis
504 1738 776 1790 creatura
817 1734 1078 1790 rediviva
1121 1735 1375 1802 laetatur,
1421 1740 1477 1790 et
1504 1734 1786 1791 universa
1814 1733 1942 1791 ani-

266 1825 460 1880 malia
475 1825 812 1879 secundum
838 1839 1027 1893 genus
1050 1841 1227 1880 suum
1256 1830 1651 1897 corporantur
1671 1825 1748 1880 ad
1768 1825 1938 1886 fetus,

262 1913 730 1983 etingravidata
778 1913 999 1970 cubilia
1041 1918 1417 1988 construunt,
1471 1920 1528 1971 et
1575 1929 1718 1971 aves
1768 1915 1942 1970 nidos

262 2008 670 2075 componunt,
707 2007 766 2057 et
801 2019 932 2058 sese
969 2003 1046 2058 ad
1087 2003 1345 2058 invicem
1391 2004 1515 2058 suis
1541 2003 1794 2059 vocibus
1825 2003 1944 2058 dis-

265 2093 449 2149 cretis
506 2092 806 2148 advocant
857 2097 914 2148 et
968 2092 1253 2163 motibus,
1307 2092 1410 2148 ubi
1449 2093 1580 2164 jam
1632 2091 1942 2164 reptillbus

263 2183 486 2255 epulas
515 2186 815 2254 praeparat
842 2181 1064 2237 humus
1086 2197 1159 2238 ne
1180 2182 1414 2238 deesset
1440 2182 1781 2254 pennigeris
1811 2180 1939 2235 ani-

268 2271 586 2328 mantibus
617 2286 774 2335 esca,
824 2270 927 2326 ubi
966 2286 1188 2327 canora
1217 2287 1333 2326 vox
1371 2270 1704 2326 volatilium
1746 2269 1939 2324 dulcis

269 2361 690 2418 modulamine
733 2365 974 2416 resonat
1011 2366 1066 2417 et
1112 2361 1304 2434 pipat,
1353 2366 1411 2416 et
1460 2361 1539 2417 ad
1577 2359 1939 2432 praedandos

263 2451 450 2506 ﬂores
481 2450 612 2522 apis
637 2449 852 2521 pennis
893 2451 1126 2504 armata
1163 2447 1431 2520 procedit
1479 2465 1492 2504 :
1539 2449 1618 2504 ita
1651 2449 1939 2504 Dominus

259 2543 476 2594 noster
507 2539 684 2592 Jesus
712 2536 997 2606 Christus,
1021 2541 1156 2608 post
1179 2535 1485 2592 horridam
1517 2537 1778 2593 hiemem
1806 2535 1937 2591 ido-

258 2627 516 2684 lolatria
545 2632 602 2682 et
627 2625 1108 2699 philosophicam
1133 2625 1492 2692 doctrinam,
1516 2641 1764 2682 vernum
1796 2631 1938 2681 tem-

258 2735 383 2794 pus
398 2733 510 2790 per
525 2732 696 2773 suam
716 2715 1087 2789 passionem,
1105 2715 1272 2787 quod
1289 2721 1376 2771 est
1391 2717 1623 2788 pascha
1638 2719 1932 2785 nostrum,

265 2809 553 2863 transitus
581 2807 656 2862 de
687 2809 878 2861 morte
915 2805 995 2860 ad
1035 2805 1242 2874 vitam,
1291 2805 1506 2861 faciem
1537 2805 1750 2860 mundi
1778 2820 1934 2860 mar-

264 2903 493 2969 tyrum,
525 2895 618 2950 vel
649 2894 925 2951 omnium
956 2899 1302 2949 sanctorum
1343 2908 1618 2966 operum,
1664 2898 1721 2948 et
1767 2893 1934 2948 initia

257 2985 405 3041 ﬁdei
437 2984 826 3076 credentium
877 2983 1024 3076 ﬂore
1063 2981 1386 3076 decoravit.
1435 2985 1516 3076 Eo
1561 2986 1828 3076 tempore
1858 2982 1932 3076 de
1963 3019 2002 3076 ε

257 3075 484 3147 quietis
521 3078 712 3130 stratu
753 3072 833 3128 ad
871 3071 1138 3127 ofﬁcium
1181 3071 1642 3143 praedicationis,
1691 3072 1814 3126 imo
1857 3071 1931 3126 de

259 3163 542 3221 convalle
570 3163 979 3235 lacrymarum
1005 3161 1085 3216 ad
1101 3161 1366 3232 paradisi
1394 3159 1496 3216 Dei
1515 3163 1785 3216 montem
1807 3175 1930 3215 suae

267 3255 481 3308 mortis
527 3251 802 3324 exemplo
848 3250 1168 3306 Ecclesiam
1222 3254 1418 3305 vocat.
1480 3249 1742 3321 Denique
1792 3265 1930 3305 cum

271 3341 541 3404 dixisset.
583 3363 612 3390 ιι
650 3344 852 3410 Surge,
901 3354 1178 3412 propera,
1227 3339 1425 3394 amica
1469 3353 1626 3406 mea,
1665 3337 1932 3394 formosa

273 3445 436 3498 mea,
469 3434 528 3485 et
555 3429 701 3498 veni,
733 3452 759 3479 ››
783 3445 926 3485 mox
956 3427 1286 3498 subjunxit,
1330 3449 1356 3478 «
1387 3427 1518 3497 jam
1545 3426 1706 3482 enim
1734 3426 1927 3481 hiems

271 3516 530 3582 transiit,
554 3535 585 3568 ›
611 3516 670 3572 id
697 3523 785 3574 est
804 3522 1068 3590 potestas
1094 3515 1500 3577 tenebrarum,
1531 3531 1666 3587 quae
1700 3514 1925 3570 tristem

261 3605 560 3661 reddebat
588 3607 908 3670 mundum,
940 3605 1062 3662 sole
1087 3605 1330 3676 justitize
1365 3605 1595 3660 Christo
1634 3602 1925 3666 veniente,

263 3696 479 3751 transit
507 3697 582 3752 de
604 3697 721 3752 hoc
753 3697 983 3752 mundo
1017 3695 1097 3752 ad
1131 3699 1370 3750 tartara.
1402 3696 1537 3750 Jam
1568 3692 1756 3763 frigus
1791 3693 1924 3748 inti-

266 3784 517 3840 delitatis
531 3790 588 3840 et
601 3785 798 3840 imber
814 3783 1142 3857 iniquitatis
1160 3787 1552 3849 recesserunt,
1579 3797 1716 3854 quae
1735 3786 1925 3837 totum

267 3875 474 3930 orbem
509 3891 702 3948 usque
746 3875 823 3930 ad
865 3879 1098 3947 tempus
1139 3873 1462 3928 Dominicis
1492 3871 1923 3928 incarnationis

259 3964 317 4014 et
344 3962 796 4018 resurrectionis
821 3961 1117 4031 tegebant.
1157 3984 1184 4011 ‹‹
1209 3959 1402 4016 Ι⁴ἾΟῙ⁸ΘΒ
1432 3963 1844 4032 apparuerunt
1863 3958 1923 4014 in

253 4053 414 4105 terra
443 4054 671 4119 nostra,
705 4073 734 4099 κ
762 4049 822 4106 id
853 4055 944 4105 est
985 4050 1150 4106 initia
1187 4049 1326 4105 ﬁdei
1363 4053 1422 4103 et
1443 4047 1686 4118 iustitiae
1711 4046 1922 4102 ﬂorue-

242 4143 396 4194 runt
422 4137 489 4193 in
518 4139 750 4194 mundo
791 4143 1089 4195 crescente
1123 4137 1404 4193 Ecclesia.
1438 4159 1466 4188 «
1510 4138 1769 4207 Tempus
1810 4150 1922 4207 pu-

243 4227 502 4284 tationis
528 4227 785 4295 advenit,
811 4248 843 4281 ›
874 4228 935 4282 id
955 4233 1042 4283 est
1065 4227 1391 4298 amputatis
1412 4225 1720 4280 inutilibus
1755 4239 1922 4281 vana:

237 4316 585 4386 religionis,
598 4317 912 4372 sarmentis
927 4317 988 4374 fu
995 4322 1140 4372 tura;
1157 4315 1298 4372 ﬁdei
1314 4319 1728 4388 praeparantur
1740 4314 1923 4370 corda

239 4405 610 4470 hominum,
687 4405 956 4462 aestivum
1022 4420 1284 4477 namque
1350 4407 1588 4475 tempus
1658 4401 1919 4471 advenit,
1953 4372 1995 4426 θ

239 4493 513 4568 quando
544 4509 614 4549 ex
647 4509 768 4550 una
793 4494 972 4566 stirpe
1003 4494 1271 4566 corporis
1315 4492 1458 4548 boni
1491 4495 1848 4564 separantur
1887 4508 1925 4546 a

241 4584 461 4648 malis,
493 4599 570 4638 ne
608 4584 905 4640 vicinitate
950 4583 1251 4639 malorum
1297 4581 1625 4654 depereant
1652 4580 1817 4647 boni,
1850 4595 1924 4635 ne

241 4672 516 4746 perﬁdia
531 4672 977 4728 incredulorum
1011 4671 1414 4744 periclitentur
1442 4670 1770 4726 credentes.
1806 4672 1925 4724 Hoc

245 4764 467 4832 utique
509 4765 744 4833 tempus
793 4760 1182 4822 nuntiabatur
1233 4759 1431 4815 venire
1471 4759 1817 4832 putationis,
1850 4757 1924 4813 de

247 4865 386 4922 quo
414 4850 703 4905 Dominus
739 4849 888 4906 dixit
914 4849 975 4906 in
1007 4849 1327 4919 Evangelia
1358 4866 1370 4904 :
1406 4870 1432 4899 (ι
1468 4848 1615 4903 Veni
1645 4847 1806 4902 enim
1838 4863 1926 4902 se-

243 4954 475 5012 parare
514 4939 705 4994 tilium
737 4955 774 4994 a
804 4943 992 5010 patre,
1045 4943 1102 4994 et
1140 4953 1363 4993 nurum
1401 4953 1438 4992 a
1481 4952 1658 4993 socru
1707 4951 1837 5003 sua,
1871 4939 1927 4992 et

237 5029 441 5085 tiliam
472 5043 512 5083 a
548 5033 739 5084 matre
783 5044 894 5084 sua
941 5028 1183 5096 (Matth.
1229 5028 1304 5096 x),
1364 5050 1393 5076 »
1433 5032 1492 5081 et
1532 5025 1785 5097 reliqua.
1828 5023 1926 5079 Vel

235 5119 448 5175 hiems
482 5117 735 5187 transiit,
767 5117 910 5188 quia
951 5115 1260 5189 praesentis
1295 5115 1427 5170 vitae
1461 5112 1764 5169 tribulatio
1795 5112 1928 5170 abs-

235 5207 447 5263 cessit.
486 5206 687 5262 lmber
714 5221 960 5278 quoque
991 5204 1159 5269 abiit,
1199 5203 1343 5276 quia
1373 5219 1512 5259 cum
1549 5203 1628 5258 ad
1658 5208 1924 5258 contem-

235 5297 556 5370 plandum
600 5296 662 5352 in
704 5312 814 5352 sua
854 5295 1188 5352 substantia
1231 5293 1706 5368 omnipotentem
1741 5295 1926 5347 Deum

232 5387 557 5456 ducimur,
606 5387 734 5456 jam
783 5385 1106 5442 verborum
1156 5389 1336 5455 guttze
1387 5382 1746 5439 necessariae
1803 5397 1926 5437 non

234 5481 447 5542 erunt,
487 5481 552 5530 ut
573 5474 775 5546 pluvia
795 5474 1012 5531 debeat
1030 5471 1472 5546 praedicationis
1495 5469 1750 5525 infundi.
1777 5472 1926 5526 Nam

236 5565 423 5638 quod
473 5563 681 5619 minus
722 5563 817 5619 hic
859 5563 1068 5619 audire
1110 5563 1246 5636 quis
1288 5565 1503 5635 potest,
1548 5559 1630 5615 ibi
1667 5557 1926 5633 amplius

237 5653 492 5712 videbit
524 5670 540 5711 :
578 5674 608 5705 οι
642 5652 792 5723 Quia
827 5669 989 5712 nunc
1031 5653 1310 5712 videmus
1353 5667 1461 5728 per
1511 5649 1826 5725 speculum
1867 5650 1930 5710 in

2061 416 2196 458 mus
2226 421 2364 462 eum
2391 408 2561 464 sicuti
2591 412 2678 464 est
2703 409 2759 478 (Ι
2792 408 2929 464 Cor.
2975 409 3114 475 XIII).
3165 426 3192 455 ιο
3239 408 3402 461 Tunc
3429 411 3726 478 apparent

2060 490 2236 547 ﬂores
2267 495 2324 549 in
2377 502 2546 564 terra,
2591 497 2736 569 quia
2773 511 2910 552 cum
2955 495 3030 551 de
3062 499 3299 550 aeternae
3331 493 3720 551 beatitudinis

2060 580 2182 636 vita
2245 586 2530 655 quaedam
2591 585 2903 641 suavitatis
2964 582 3297 656 primordia
3353 588 3722 655 praegustare

2061 670 2265 726 anima
2319 674 2584 746 coeperit,
2637 674 2814 746 quasi
2852 674 2984 744 jam
3033 673 3096 728 in
3137 669 3388 727 ﬂoribus
3435 671 3724 729 odoratur

2061 758 2286 830 exiens,
2335 763 2502 834 quod
2549 768 2872 836 postquam
2915 775 3157 832 egressa
3203 759 3380 817 fuerit
3416 759 3481 816 in
3525 759 3723 818 fructu

2062 847 2305 903 uberius
2326 849 2590 914 habebit,
2614 852 2774 906 unde
2795 854 2851 906 et
2879 850 3019 906 illuc
3048 848 3325 906 subditur
3360 868 3372 906 :
3403 868 3434 902 ι
3462 852 3721 923 Tempus

2061 937 2384 1008 putationis
2406 940 2666 996 advenit.
2699 962 2726 990 »
2751 945 2814 996 ln
2834 939 3143 1012 putatione
3164 939 3390 1013 quippe
3415 943 3722 997 sarmenta

2063 1026 2283 1083 sterilia
2327 1029 2693 1092 reciduntur,
2739 1032 2804 1084 ut
2843 1044 2916 1085 ea
2946 1043 3082 1101 quas
3118 1027 3446 1101 praevalent
3474 1027 3718 1084 uberius

2063 1112 2317 1171 fructum
2358 1117 2568 1172 terant.
2613 1121 2836 1174 Nostrte
2873 1117 3074 1189 itaque
3115 1115 3441 1188 putationis
3479 1120 3718 1190 tempus

2057 1206 2199 1258 tunc
2239 1206 2534 1276 adveniet,
2589 1205 2840 1278 quando
2887 1205 3322 1261 infructuosam
3361 1219 3431 1260 ac
3470 1204 3716 1261 noxiam

2057 1293 2455 1364 corruptionis
2484 1309 2729 1350 carnem
2759 1293 3112 1349 deserimus.
3146 1291 3256 1356 Qui
3284 1291 3510 1347 fructus
3539 1291 3715 1348 nobis

2058 1378 2172 1433 eris
2205 1379 2563 1449 uberrimus,
2599 1382 2748 1437 visio
2778 1381 2957 1437 unius
2989 1380 3106 1436 Dei.
3152 1381 3222 1436 Ut
3261 1383 3502 1451 tempus
3538 1384 3714 1451 puta-

2059 1467 2231 1523 tionis
2261 1472 2367 1536 est,
2402 1472 2633 1527 vocatio
2659 1487 2690 1526 e
2722 1471 2951 1527 mundo
2980 1469 3198 1526 animle
3225 1468 3579 1525 caelestium.
3613 1470 3714 1526 Se-

2055 1557 2256 1628 quitur
2289 1576 2301 1614 :
2337 1583 2363 1609 ‹‹
2398 1563 2519 1616 Vox
2551 1561 2794 1617 turturis
2822 1561 3028 1617 audita
3053 1564 3142 1616 est
3164 1561 3226 1616 in
3257 1562 3414 1615 terra
3432 1562 3656 1615 nostra.
3681 1579 3710 1608 κ

1987 1669 2025 1721 Β
2058 1646 2336 1704 Dicamus
2365 1649 2678 1722 opiniones
2705 1650 3100 1718 diversorum,
3129 1663 3204 1704 ne
3226 1647 3374 1704 forte
3403 1646 3714 1718 ignorasse

2054 1739 2285 1796 causari
2315 1739 2628 1796 videamur
2673 1743 2885 1796 Vocem
2906 1738 3149 1795 turturis
3173 1741 3418 1812 propter
3431 1735 3712 1793 decorem

2053 1829 2338 1884 castitatis
2390 1829 2631 1885 beatam
2685 1829 2927 1886 Mariam
2969 1827 3216 1897 intelligi
3263 1825 3491 1893 volunt,
3537 1826 3710 1897 cujus

2051 1933 2166 1972 vox
2189 1919 2452 1990 primum
2481 1919 2685 1974 audita
2713 1923 2799 1974 est
2819 1918 2880 1973 in
2911 1921 3065 1973 terra
3093 1920 3316 1984 nostra,
3343 1913 3600 1971 dicendo
3630 1914 3710 1970 ad

2051 2006 2334 2074 angelum
2369 2025 2380 2062 :
2415 2030 2441 2057 (ι
2477 2007 2795 2072 Quomodo
2831 2007 2933 2062 ﬁet
2971 2005 3152 2071 istud,
3183 2004 3329 2077 quia
3356 2003 3552 2059 virum
3583 2018 3709 2058 non

2051 2110 2351 2163 cognosco
2381 2097 2408 2152 ?
2440 2118 2467 2146 ››
2500 2097 2667 2163 (Luc.
2716 2097 2852 2163 r.)Et
2884 2112 2898 2150 ε
2933 2114 2964 2146 ‹
3004 2097 3150 2148 Ecce
3193 2090 3410 2148 ancilla
3448 2089 3704 2157 Domini,

2049 2184 2154 2238 fiat
2196 2184 2341 2239 mihi
2385 2184 2716 2240 secundum
2756 2184 3012 2239 verbum
3055 2187 3225 2238 tuum
3267 2179 3472 2252 (Ibid.)
3514 2200 3544 2229 ι»
3590 2181 3700 2234 Et:

2051 2293 2078 2320 ‹‹
2121 2275 2203 2328 Ex
2232 2275 2346 2328 hoc
2378 2275 2615 2330 beatam
2664 2289 2760 2328 me
2797 2272 2998 2328 dicent
3034 2286 3245 2327 omnes
3288 2267 3702 2340 generationes

2047 2363 2248 2435 (Ibid.)
2278 2385 2305 2412 »
2334 2363 2435 2420 Cui
2461 2363 2710 2432 angelus
2739 2361 3046 2434 respondit
3073 2377 3086 2416 :
3117 2383 3145 2410 «
3184 2359 3432 2434 Spiritus
3457 2361 3702 2414 sanctus

2047 2452 2426 2525 superveniet
2466 2454 2524 2507 in
2569 2458 2646 2516 te,
2692 2455 2749 2507 et
2788 2451 2975 2507 virtus
3002 2448 3283 2506 Altissimi
3311 2445 3705 2504 obumbrabit

2046 2542 2170 2599 tibi.
2206 2562 2234 2592 η
2268 2545 2333 2597 Et
2361 2559 2374 2597 :
2409 2563 2437 2591 «ι
2471 2541 2641 2606 Quod
2685 2544 2968 2597 nascetur
3013 2554 3088 2594 ex
3115 2542 3170 2594 te
3203 2540 3480 2594 sanctum
3523 2549 3702 2591 voca-

2044 2631 2204 2687 bitur
2247 2631 2418 2687 Filius
2464 2630 2584 2686 Dei.
2619 2653 2646 2679 »
2681 2632 2742 2685 Et
2774 2644 2912 2685 vere
2957 2628 3227 2697 dignam.
3270 2641 3458 2699 quam
3505 2623 3700 2680 solam

2044 2721 2283 2778 beatam
2324 2737 2536 2777 omnes
2565 2719 2979 2793 generationes
3015 2718 3243 2789 dicunt,
3271 2732 3458 2790 quam
3487 2714 3702 2786 glorio-

2043 2829 2176 2868 sam
2217 2813 2368 2868 inter
2411 2827 2621 2868 omnes
2653 2811 2907 2867 feminas
2935 2825 3058 2865 non
3087 2808 3284 2864 solum
3321 2806 3700 2862 diversarum

2043 2901 2308 2970 gentium
2366 2901 2659 2965 nationes,
2717 2899 2822 2955 sed
2873 2898 3055 2954 etiam
3117 2895 3406 2952 ccelorum
3450 2893 3696 2950 virtutes

2041 2991 2408 3046 admirantes
2439 2988 2804 3056 collaudant,
2834 3001 2942 3059 per
2970 2985 3098 3042 vita;
3138 2985 3477 3054 ingressum
3510 2983 3694 3051 enim,

2041 3083 2292 3135 mortem
2328 3079 2618 3148 fugatam,
2655 3075 2954 3132 mundum
2996 3072 3443 3130 reconciliatum
3475 3069 3698 3142 gaude-

2041 3183 2191 3222 mus.
2232 3166 2428 3238 Aliqui
2459 3181 2595 3220 vero
2623 3164 2870 3218 beatum
2907 3165 3199 3218 Joannem
3238 3158 3568 3231 Baptistam
3599 3173 3694 3213 as-

2039 3260 2262 3317 serunt,
2294 3255 2466 3326 cujus
2497 3269 2614 3309 vox
2657 3251 2863 3308 audita
2905 3255 2992 3306 est
3027 3247 3276 3304 dicentis
3309 3264 3322 3302 :
3356 3270 3386 3298 ‹‹
3423 3249 3547 3316 Ego
3576 3260 3695 3302 vox

2039 3345 2358 3400 clamantis
2389 3343 2450 3398 in
2479 3343 2738 3409 deserto,
2771 3344 2979 3413 parate
3011 3337 3170 3394 viam
3193 3335 3427 3392 Domini
3447 3334 3691 3406 (Matth.

2037 3436 2118 3504 v).
2176 3453 2203 3483 »
2261 3434 2328 3488 Et
2377 3449 2389 3487 :
2447 3452 2475 3482 «
2535 3429 2723 3486 Facite
2778 3428 3005 3484 fructus
3059 3425 3278 3496 dignos
3329 3422 3692 3497 pmnitentiai

2037 3522 2202 3591 (Luc.
2245 3521 2348 3592 ιιι).
2384 3538 2411 3571 ν
2465 3517 2744 3584 Quamliu
2773 3515 2934 3570 enim
2962 3510 3472 3587 praevaricationis
3499 3509 3694 3566 hiems

2038 3613 2272 3680 tempus
2317 3607 2495 3674 triste,
2529 3604 3040 3675 constrictumque
3078 3599 3156 3657 ab
3209 3598 3377 3656 omni
3427 3596 3693 3679 germine

2037 3697 2217 3762 bono,
2249 3695 2558 3752 obtexerat
2582 3693 2796 3750 faciem
2820 3689 3053 3759 mundi,
3087 3693 3144 3746 et
3164 3705 3276 3744 sua
3301 3686 3526 3744 ditione
3545 3684 3694 3742 obti-

2033 3784 2216 3840 nebat
2255 3783 2537 3840 diabolus
2581 3787 2822 3851 terram,
2865 3780 2995 3835 haec
3041 3777 3392 3835 dulcissima
3421 3791 3537 3832 vox
3576 3779 3673 3831 tur

2035 3873 2200 3940 turis,
2233 3873 2355 3928 sive
2386 3887 2493 3943 per
2528 3870 2770 3927 beatam
2801 3867 3065 3935 Mariam,
3099 3867 3220 3922 sive
3264 3880 3372 3937 per
3397 3867 3692 3926 Joannem

2033 3977 2155 4016 non
2201 3965 2290 4016 est
2318 3959 2524 4016 audita
2552 3957 2615 4013 in
2661 3963 2836 4013 terra.
2890 3955 3005 4013 Sed
3033 3953 3136 4010 ubi
3164 3967 3426 4023 magnus
3474 3953 3572 4011 ille
3602 3955 3692 4012 sol

2027 4049 2290 4122 justitiaa,
2323 4047 2427 4120 qui
2464 4047 2638 4102 nobis
2675 4044 3048 4114 indulgentia
3090 4042 3311 4100 aestatis
3357 4041 3690 4101 ubertatem

2032 4137 2392 4195 adducendo
2437 4141 2676 4192 exortus
2719 4139 2829 4202 est,
2880 4133 3059 4206 ccepit
3094 4131 3393 4189 desiderio
3445 4148 3690 4192 conser-

2032 4227 2248 4284 vandae
2267 4224 2549 4282 castitatis
2573 4240 2686 4280 vox
2718 4222 2962 4280 turturis
2984 4223 3046 4279 in
3068 4226 3222 4279 terra
3246 4227 3451 4279 nostra
3471 4221 3686 4281 audiri.

2033 4320 2199 4374 Justa
2222 4317 2382 4372 enim
2411 4315 2641 4370 ratione
2665 4312 3241 4370 turturicastissimte
3263 4313 3356 4370 avi
3384 4312 3689 4383 virginitas

2035 4409 2437 4478 comparatur,
2461 4421 2595 4476 quae
2617 4403 2675 4458 in
2702 4403 2929 4458 Joanne
2949 4401 3040 4459 vel
3059 4401 3239 4460 Maria
3268 4401 3495 4459 obtinet
3522 4402 3688 4475 prin-

2033 4494 2317 4566 cipatum.
2349 4494 2491 4557 Quae
2523 4490 2709 4546 semel
2738 4489 2920 4546 verbo
2948 4491 3053 4545 Dei
3080 4489 3175 4546 vel
3204 4489 3444 4560 Spiritui
3481 4493 3689 4546 sancto

2035 4583 2376 4653 conjuncta,
2400 4595 2717 4652 nunquam
2737 4578 2925 4635 alium
2945 4578 3165 4647 cogitat
3182 4591 3552 4648 comparem,
3576 4593 3688 4634 nec

2036 4671 2220 4727 altera
2250 4669 2686 4726 desideriorum
2722 4667 2816 4723 sui
2849 4665 3074 4724 amoris
3105 4665 3407 4736 conjuncti
3435 4667 3542 4731 est,
3575 4665 3688 4722 nisi

2033 4760 2113 4815 illi
2131 4761 2225 4816 cui
2243 4759 2428 4814 semel
2442 4757 2849 4828 conglutinata
2861 4755 3170 4830 probatur,
3189 4757 3482 4827 tanquam
3497 4756 3690 4812 turtur

2034 4848 2138 4920 qui
2180 4847 2395 4903 deserti
2439 4847 2635 4902 dilecti
2679 4844 3021 4901 habitacula
3050 4843 3261 4915 diligit,
3293 4847 3350 4900 et
3383 4842 3689 4900 advocans

2036 4949 2383 5008 comparem
2413 4933 2572 4990 dulci
2601 4938 2843 4990 resonat
2866 4949 3032 5002 voce,
3057 4936 3114 4990 et
3140 4948 3213 4989 eo
3243 4931 3474 4990 amisso
3505 4931 3689 4990 alium

2035 5041 2158 5080 non
2189 5023 2452 5096 requirit,
2494 5023 2600 5078 sed
2640 5023 2721 5078 ad
2766 5023 2950 5079 alium
2995 5037 3234 5097 semper
3269 5022 3689 5096 promissionis

2035 5131 2241 5171 vocem
2271 5118 2327 5169 et
2348 5113 2561 5168 mentis
2582 5112 2810 5179 emittit,
2834 5111 2927 5169 cui
2949 5112 3224 5185 promisit
3253 5128 3494 5169 servare
3514 5111 3690 5168 dilec-

2035 5203 2210 5260 tionis
2225 5201 2528 5259 atfectum.
2546 5203 2674 5268 Quo
2693 5206 2952 5270 mortuo,
2968 5217 3286 5274 nunquam
3309 5203 3428 5260 alio
3441 5203 3693 5273 conjun-

2035 5294 2092 5364 gi
2109 5297 2403 5362 narratur;
2419 5291 2525 5347 sed
2541 5307 2680 5346 eum
2697 5291 2980 5348 omnibus
2997 5290 3212 5350 diebus
3228 5292 3384 5362 vitae,
3399 5291 3496 5348 cui
3507 5290 3692 5348 semel

2035 5383 2208 5438 fuerit
2239 5381 2576 5452 conjuncta,
2620 5380 3018 5438 desiderando
3056 5381 3321 5454 requirit.
3359 5381 3475 5438 Sed
3505 5381 3693 5437 scien-

2035 5471 2181 5525 dum
2213 5475 2319 5541 est,
2351 5471 2485 5527 licet
2521 5469 2602 5526 ita
2637 5470 2712 5526 sit
2740 5486 2858 5527 vox
2888 5472 3130 5527 turturis
3173 5487 3310 5544 qua
3354 5470 3559 5526 audita
3607 5471 3693 5523 est

2035 5559 2096 5615 in
2128 5564 2282 5615 terra
2319 5565 2522 5616 nostra
2555 5577 2567 5616 :
2602 5559 2702 5616 illa
2747 5564 2836 5616 est
2884 5560 3119 5617 Domini
3166 5559 3507 5628 Salvatoris,
3551 5571 3691 5628 quas

2038 5649 2181 5708 dicit
2204 5648 2270 5706 in
2297 5647 2617 5722 Evangelia
2645 5666 2658 5706 :
2695 5670 2724 5701 α
2745 5650 3159 5708 Paenitentiam
3176 5649 3352 5720 agite,
3371 5644 3692 5720 appropin-
