4092 6176
408 180 512 239 599

1544 179 1904 236 ANGELOMI
1945 177 2396 236 LUXOVIENSIS
2433 178 2745 236 MONACHI

3733 176 3852 230 000

407 300 622 375 quabit
663 301 823 358 enim
852 316 1107 371 regnum
1153 300 1440 358 caelorum
1486 302 1728 374 (Matth.
1778 301 1878 372 Ill).
1914 323 1943 351 »
1974 298 2074 356 Vel
2103 300 2152 353 A
2184 301 2486 358 foramina
2510 302 2572 358 in
2593 301 2817 374 quibus
2838 300 3086 356 docetur
3105 298 3309 356 anima
3329 299 3405 356 ad
3428 298 3653 369 gaudia
3675 299 3868 369 regni

404 407 514 466 per
541 397 829 449 turturem
850 389 1178 446 rectissime
1196 397 1403 447 sancta
1425 391 1687 448 Ecclesia
1707 391 2068 462 intelligitur,

404 482 688 537 varietate
717 479 1003 534 virtutum
1044 479 1202 535 velut
1231 480 1452 554 plumis
1483 485 1717 537 ornata.

478 591 506 619 «
536 567 704 624 Ficus
734 568 979 642 protulit
999 584 1244 638 grossos
1267 585 1432 626 suos.
1458 593 1484 619 ››
1508 568 2076 643 Propinquanteigi'

403 663 502 714 tur
515 673 715 713 messe
737 657 1167 730 redemptionis
1184 658 1470 714 humanae
1488 663 1546 714 et
1561 658 1802 729 gloriosi
1827 657 2078 713 Redem-

405 748 592 821 ptoris
606 746 886 813 adventu,
901 745 1224 819 impietatis
1247 747 1444 804 hieme
1457 753 1512 804 et
1533 748 1737 820 algore
1758 747 2077 804 constricta

405 836 552 892 nihil
582 835 644 890 in
681 851 742 890 se
773 835 1053 905 ficulnea,
1077 836 1137 890 id
1162 839 1250 892 est
1271 836 1615 909 Synagoga,
1638 837 1752 894 nisi
1773 835 2073 894 amarissi-

406 940 576 981 mum
591 940 839 980 succum
852 925 1134 980 doctrinae
1148 942 1330 998 quem
1345 927 1439 982 ani
1451 943 1682 983 marum
1698 927 1899 983 cibum
1913 941 2077 982 men-

407 1013 566 1077 titur,
597 1012 942 1083 intelligitur
968 1014 1273 1070 habuisse.
1311 1015 1425 1072 Sed
1455 1016 1517 1072 in
1553 1016 1785 1072 Domini
1814 1015 2076 1072 adventu

407 1106 732 1175 postquam
764 1102 1007 1158 turturis
1038 1120 1150 1158 vox
1186 1104 1391 1160 audita
1421 1109 1507 1160 est
1527 1105 1796 1174 dicentis,
1829 1127 1857 1156 «
1884 1103 2076 1160 Poeni-

410 1191 660 1247 tentiam
692 1191 868 1262 agite,
901 1214 930 1242 »
980 1196 1037 1248 et
1083 1193 1332 1264 reliqua,
1378 1193 1527 1249 ﬁcus
1559 1193 1802 1266 protulit
1836 1209 2076 1263 grossos

411 1296 573 1352 suos,
621 1280 683 1336 id
712 1286 801 1336 est
835 1287 1137 1353 praecepta
1178 1281 1324 1352 legis
1354 1283 1694 1339 ceciderunt
1725 1287 1780 1339 et
1808 1282 1942 1355 ipsa
1969 1298 2076 1356 per

410 1369 717 1442 apostolos
747 1369 990 1442 protulit
1016 1386 1256 1441 grossos
1293 1389 1451 1438 suos,
1485 1371 1588 1445 qui
1614 1371 1689 1428 de
1717 1388 1791 1428 ea
1811 1371 2077 1442 generati

413 1457 796 1514 dulcissimus
827 1459 996 1516 cibus
1026 1459 1310 1517 doctrinae
1341 1462 1680 1518 animarum
1701 1460 1890 1518 effecti
1917 1464 2072 1517 sunt.

417 1546 532 1603 Sed
551 1547 696 1619 quia
725 1548 808 1604 eis
835 1549 1074 1605 credere
1105 1549 1313 1616 noluit,
1346 1555 1566 1606 aeterna
1588 1550 1884 1607 sterilitate
1901 1549 2073 1617 aruit,

2183 389 2463 447 caelorum
2511 391 2733 447 venire.
2779 389 2975 445 Potest
3030 388 3302 444 foramen
3346 393 3526 460 petrae
3577 388 3866 458 intelligi,

2181 479 2470 552 protectio
2501 479 2772 551 ejusdem
2811 477 3046 534 Domini
3082 480 3221 533 Jesu
3263 477 3494 544 Christi,
3541 477 3621 533 ad
3656 494 3868 550 quam

2184 567 2451 638 confugit
2475 567 2751 638 Ecclesia,
2769 567 2928 624 velut
2946 565 3228 622 columba
3246 566 3322 623 ad
3346 565 3618 622 foramen
3639 571 3865 640 petra.

2184 656 2329 714 Hinc
2354 657 2540 714 Isaias
2561 658 2679 714 ait:
2706 678 2734 707 «
2767 655 3082 726 Ingredere
3107 655 3168 711 in
3195 659 3447 729 petram,
3471 654 3870 713 abscondere

2183 745 2245 802 in
2273 745 2436 804 fossa
2457 746 2646 802 humo
2671 746 2806 817 (Isa.
2834 749 2915 814 ιι).
2946 767 2972 796 ››
2995 745 3264 800 Caverna
3291 744 3569 800 maceriae
3596 745 3868 818 Spiritus

2185 837 2376 892 sancti
2396 835 2682 903 defensio,
2710 834 2806 891 vel
2836 833 3220 904 congregatio
3244 833 3511 890 ﬁdelium
3544 833 3868 905 designari

2183 929 2398 998 potest,
2433 940 2792 998 quanquam
2829 924 3128 980 foramina
3155 927 3336 996 petrae
3368 927 3631 996 quatuor
3661 927 3869 981 Evan-

2184 1013 2476 1084 geliorum
2497 1014 2855 1071 assertiones
2869 1012 3109 1070 valeant
3131 1011 3397 1082 intelligi,
3416 1028 3553 1084 qua:
3574 1013 3865 1084 ejusdem

2183 1107 2366 1176 petrae
2395 1103 2763 1176 perforatum
2802 1101 3161 1175 supradictis
3199 1100 3416 1157 ictibus
3463 1118 3685 1174 corpus
3732 1107 3862 1159 tes-

2184 1197 2403 1249 tantur.
2447 1195 2715 1249 Caverna
2755 1207 2893 1248 vero
2931 1189 3207 1246 maceriae
3246 1190 3660 1262 apostolorum
3698 1191 3858 1248 doc-

2185 1281 2372 1351 trinee,
2390 1280 2466 1337 de
2493 1281 2716 1354 quibus
2747 1284 2812 1337 ut
2833 1281 3024 1336 Vineae
3050 1279 3419 1336 credentium
3452 1279 3610 1352 plebi
3632 1279 3860 1336 ﬁrmis—

2185 1369 2402 1426 simam
2453 1370 2780 1427 maceriam
2831 1369 2910 1425 ob
2956 1368 3396 1425 infestationem
3443 1369 3859 1438 malignorum

2187 1459 2507 1531 spirituum
2532 1461 2718 1515 Deum
2749 1457 3153 1515 construxisse
3177 1457 3487 1530 probatur.
3519 1461 3666 1514 Nam
3699 1458 3858 1517 sicut

2185 1547 2300 1620 ipsi
2338 1563 2444 1620 per
2478 1548 2798 1618 Christum,
2829 1548 2911 1603 ita
2941 1552 2998 1603 et
3024 1562 3136 1603 nos
3164 1563 3271 1620 per
3299 1546 3605 1618 apostolos
3637 1562 3860 1618 agnos-

415 1640 472 1692 et
502 1637 668 1694 omni
693 1638 908 1694 decore
937 1639 1164 1696 nudata
1195 1639 1336 1695 nihil
1368 1640 1426 1695 in
1458 1656 1519 1696 se
1545 1639 1659 1695 nisi
1689 1639 1842 1709 ignis
1874 1639 2077 1696 aeterni
2118 1677 2159 1730 Β
2188 1639 2386 1693 centes
2442 1636 2644 1693 divina
2694 1636 3000 1709 mysteria,
3057 1636 3212 1691 intra
3261 1639 3656 1709 conspectum
3711 1637 3855 1694 ﬁdei

416 1724 768 1783 alimentum
785 1737 1137 1785 conservata
1155 1734 1258 1785 est.
1275 1733 1318 1784 Α
1336 1730 1507 1800 cujus
1527 1745 1818 1802 perversae
1832 1745 2079 1802 oppres-

419 1815 602 1872 sionis
620 1817 836 1882 umbra
855 1817 1106 1874 liberata
1128 1818 1317 1891 plebs,
1333 1819 1530 1893 erepit,
1550 1821 1764 1875 amotis
1786 1818 1960 1875 malis
1976 1819 2080 1875 do-

417 1906 680 1964 ctoribus
706 1907 1033 1975 Pharisaeis,
1061 1908 1121 1964 in
1153 1908 1380 1964 Christo
1424 1909 1723 1965 credendo
1759 1909 1992 1972 ﬂorere,
2024 1913 2081 1965 et

421 2013 533 2052 suo
573 1996 848 2070 exemplo
879 1997 1131 2053 aliarum
1166 1999 1431 2068 gentium
1459 2000 1730 2056 nationes
1761 1999 1839 2056 ad
1869 1999 2080 2055 ﬂorem

419 2085 782 2142 credulitatis
799 2103 1147 2159 provocare.
1169 2091 1245 2144 De
1261 2087 1483 2161 quibus
1505 2087 2082 2161 sequentiversiculo

420 2174 634 2231 dicitur
652 2193 664 2230 :
687 2197 715 2224 «
730 2175 928 2230 Vineae
944 2175 1222 2233 florentes
1241 2177 1535 2234 dederunt
1555 2177 1802 2234 odorem
1827 2194 2028 2233 suum.
2063 2185 2080 2214 ι

422 2264 731 2323 Credendo
743 2266 1079 2338 namquein
1094 2282 1280 2322 unum
1295 2267 1482 2324 Deum
1496 2268 1968 2341 omnipotentem
1979 2267 2086 2323 ﬂo-

419 2359 670 2412 ruerunt
681 2355 954 2426 vineae,id
973 2357 1454 2429 estevangelicus
1469 2358 1752 2430 populus.
1769 2359 1882 2414 Seu
1893 2357 2082 2414 vineae

422 2444 723 2514 ﬂorentes,
747 2450 968 2500 sancta:
985 2447 1469 2503 conversationes
1485 2447 1733 2503 odorem
1747 2447 1926 2518 longe
1945 2447 2084 2504 late-

424 2549 542 2604 que
565 2532 859 2588 dederunt
878 2549 986 2604 per
1000 2533 1229 2589 orbem.
1254 2538 1401 2591 Nam
1419 2536 1569 2591 sicut
1582 2536 1795 2592 hiemis
1815 2540 2082 2610 tempore

429 2617 660 2689 absque
682 2618 1069 2689 frondibusjet
1088 2620 1336 2677 ﬂoribus
1354 2622 1477 2679 sine
1493 2623 1708 2680 decore
1719 2629 1858 2681 sunt
1871 2625 2080 2698 vineae,

431 2704 515 2761 ita
546 2704 727 2761 fuisse
747 2705 977 2779 absque
997 2706 1210 2763 decore
1227 2709 1464 2780 justitiaa
1486 2715 1540 2766 et
1562 2712 1888 2769 sanctitatis
1903 2730 2083 2770 orna-

426 2797 632 2850 mento
654 2809 760 2866 per
779 2793 990 2850 orbem
1010 2796 1283 2852 nationes
1306 2814 1459 2871 quas
1481 2815 1641 2856 nunc
1658 2801 1863 2858 vineas
1883 2802 2086 2876 appel-

427 2881 591 2951 lavit,
616 2882 940 2941 certissime
966 2885 1412 2958 comprobatur.
1448 2889 1721 2962 Sequitur
1749 2909 1761 2948 :

501 2995 530 3023 ‹‹
571 2973 776 3044 Surge,
816 2990 1096 3048 propera,
1126 2977 1322 3034 amica
1347 2994 1505 3047 mea,
1532 2981 1804 3051 speciosa
1842 2997 1998 3051 mea,
2030 2986 2088 3038 et

428 3080 460 3115 ‹
499 3061 658 3132 veni,
685 3061 968 3120 columba
996 3081 1155 3132 mea,
1180 3065 1242 3122 in
1267 3066 1662 3126 foraminibus
1681 3075 1884 3144 petrae,
1905 3069 1967 3126 in
1989 3086 2085 3128 ca-

427 3170 457 3198 «
497 3165 685 3207 verna
722 3151 1016 3209 maceriae.
1050 3176 1079 3203 »
1125 3155 1373 3213 Jacebat
1406 3173 1548 3230 ergo
1579 3159 1718 3216 satis
1766 3160 1827 3216 in
1872 3159 2085 3216 humili

343 3251 347 3255 ‘
417 3238 552 3295 loco
573 3243 630 3295 et
650 3239 856 3297 abdito
877 3242 1137 3300 Ecclesia
1163 3245 1420 3303 multum
1447 3249 1679 3320 alonge
1699 3255 1932 3320 vocata,
1950 3266 2085 3323 quae

416 3342 579 3385 nunc
608 3328 670 3384 in
693 3333 815 3386 toto
845 3331 1076 3388 mundo
1098 3350 1350 3405 regnare
1381 3338 1692 3409 probatur,
1727 3339 2082 3397 conturbata

415 3417 510 3472 vel
543 3433 839 3490 oppressa
882 3419 957 3475 de
997 3421 1344 3481 daemonum
1394 3430 1764 3499 tempestate.
1819 3429 1930 3486 Sed
1980 3429 2083 3486 ubi

413 3507 734 3580 passiones
773 3507 986 3564 Christi
1027 3518 1403 3569 sacramenta
1449 3520 1587 3571 sunt
1629 3516 1930 3574 celebrata
1976 3535 2084 3591 per

415 3596 830 3668 apostolorum
859 3596 1220 3667 doctrinam,
1246 3601 1304 3657 in
1334 3603 1558 3675 quibus
1589 3606 1853 3663 Christus
1884 3607 2080 3681 loqui-

413 3689 530 3753 tur,
572 3686 904 3744 advocatur
941 3693 1008 3745 ut
1034 3695 1240 3760 surgat
1269 3696 1326 3748 et
1352 3693 1550 3750 veniat
1573 3694 1650 3751 ad
1679 3695 2079 3755 deambulan-

414 3778 536 3831 tem
578 3792 873 3849 sponsum
921 3777 983 3833 in
1029 3779 1219 3837 vineis
1249 3781 1328 3838 ad
1357 3784 1891 3855 congaudendum,
1922 3793 1980 3844 et
2017 3789 2080 3845 in

415 3869 780 3936 proventum
811 3866 1036 3923 fructus
1051 3869 1289 3941 justitiae
1317 3873 1740 3944 praedictarum
1765 3876 2079 3935 nationum

414 3969 480 4034 se
509 3958 729 4010 exerat.
757 3955 842 4010 Ac
871 3955 920 4012 si
947 3957 1000 4013 ei
1029 3957 1262 4016 dicatur
1287 3978 1298 4016 :
1333 3963 1376 4017 Ο
1409 3978 1634 4034 sponsa
1653 3969 1711 4021 et
1735 3965 1950 4031 amica,
1983 3968 2080 4024 cui

413 4028 582 4096 tante
611 4041 799 4098 obtuli
835 4043 998 4103 bona
1023 4051 1080 4102 et
1108 4063 1218 4119 pro
1245 4066 1370 4121 qua
1407 4028 1570 4108 tanta
1595 4053 1872 4126 sustinui,
1901 4028 2077 4128 surge

412 4132 472 4184 et
530 4129 683 4196 veni,
734 4131 1042 4205 accingere
1087 4135 1165 4191 ad
1215 4143 1538 4208 certamen,
1581 4142 1742 4199 unde
1792 4147 2077 4201 aeternam

412 4214 676 4288 quietem
692 4219 951 4293 accipias
968 4244 995 4272 α
1015 4223 1077 4279 in
1097 4222 1492 4283 foraminibus
1509 4234 1711 4301 petrae,
1734 4230 1797 4286 in
1817 4247 2077 4290 caverna

411 4304 708 4362 maceriae.
756 4328 786 4357 ››
847 4311 1000 4376 Quid
1059 4313 1133 4369 sit
1183 4318 1352 4387 petra
1399 4319 1724 4390 Apostolus
1782 4322 2070 4394 exponit:

413 4417 442 4446 ‹‹
474 4397 661 4464 Petra,
693 4397 906 4471 inquit,
935 4407 1059 4458 erat
1083 4403 1344 4462 Christus
1371 4407 1431 4478 (1
1458 4408 1588 4465 Cor.
1617 4410 1694 4482 χ).
1731 4431 1759 4461 ››
1791 4411 2073 4477 Quicum-

411 4499 531 4558 que
581 4501 723 4558 ergo
763 4486 1060 4548 desiderat
1105 4493 1182 4550 ab
1225 4494 1500 4552 hostibus
1546 4499 1722 4554 aeriae
1769 4503 2074 4573 potestatis

409 4575 581 4649 eripi,
630 4581 688 4634 et
743 4577 963 4636 illaasus
1011 4583 1285 4655 evadere,
1335 4585 1396 4641 in
1452 4585 1848 4647 foraminibus
1893 4592 2074 4666 hujus

409 4670 616 4738 petrae,
656 4668 841 4727 ﬁdem
881 4672 1180 4730 servando
1213 4689 1448 4749 semper
1476 4677 1863 4753 ingrediatur,
1894 4682 1958 4740 id
1987 4688 2076 4742 est

409 4755 744 4847 consideret
767 4759 1016 4819 vulnera
1037 4762 1345 4823 clavorum
1370 4770 1427 4825 et
1451 4767 1676 4828 lanceas
1705 4787 1842 4845 quae
1858 4788 1968 4847 pro
1985 4789 2075 4831 sa-

406 4837 791 4936 hate-sponsae
824 4863 1086 4920 sponsus
1121 4856 1400 4930 suscepit,
1424 4861 1482 4916 et
1509 4859 1570 4916 in
1596 4837 2073 4922 caverna-mace-

408 4928 653 5023 riae,hoc
665 4936 1039 5023 estcustodia
1049 4928 1335 5003 virtutum
1353 4948 1900 5011 cmlestiumllabet
1910 4956 2070 5012 enim

408 5016 524 5115 ista
573 5020 959 5115 petramulta
985 5024 1303 5099 foramina,
1335 5035 1395 5090 id
1420 5042 1509 5095 est
1539 5039 1754 5109 aditus,
1778 5057 1886 5113 per
1914 5059 2068 5115 quos

409 5103 663 5202 intratur
689 5107 770 5163 ad
798 5111 1030 5169 Patrem
1052 5130 1308 5186 regnum
1329 5125 1708 5184 credentibus
1728 5103 2067 5202 praeparan-

408 5194 550 5290 tem,
573 5192 689 5250 hoc
703 5202 796 5290 est
816 5206 1320 5290 mansuetudinis,
1347 5192 2068 5290 humilitatis,.patientiae,

408 5283 789 5362 contemptus
817 5286 1179 5366 divitiarum,
1211 5297 1513 5360 nullarum
1553 5283 1820 5378 acceptio
1858 5283 2066 5380 perso;

405 5382 646 5442 narum,
671 5381 1044 5447 pernoctant)
1073 5381 1132 5438 in
1163 5387 1452 5458 oratione,
1488 5393 1909 5453 misericordia:
1935 5415 2066 5457 ma-

407 5460 738 5561 gisterium,
771 5466 1008 5561 castitas
1056 5471 1401 5540 immobilis,
1434 5478 1632 5538 forma
1658 5482 2062 5561 benignitatis,

407 5547 710 5650 singulare
740 5556 1076 5631 speculum,
1114 5562 1441 5625 individua:
1481 5571 1774 5631 Trinitatis
1803 5547 2061 5650 agnitio,

402 5647 467 5694 in
487 5655 610 5714 qua
628 5647 717 5705 est
731 5649 937 5712 nostra
955 5651 1308 5739 redemptio.
1321 5655 1460 5720 Haec
1480 5666 1621 5720 sunt
1638 5669 1848 5737 procul
1860 5647 2058 5729 dubio

2188 1740 2376 1798 quam
2397 1724 2514 1798 ipsi
2533 1723 2789 1783 confessi
2813 1730 2954 1781 sunt
2972 1725 3366 1781 continemur.
3399 1727 3464 1780 Et
3483 1724 3628 1797 quia
3651 1748 3679 1774 ‹‹
3698 1725 3851 1780 ﬁdes

2191 1813 2317 1870 sine
2346 1814 2629 1887 operibus
2651 1815 2842 1872 otiosa
2871 1818 2959 1870 est
2985 1815 3138 1885 (Jac.
3170 1817 3255 1882 ιι),
3292 1837 3320 1863 ››
3354 1818 3514 1870 recte
3546 1813 3851 1886 subjungi-

2192 1906 2306 1960 tur.
2341 1927 2368 1954 ‹‹
2398 1905 2653 1962 Ostende
2681 1905 2829 1961 mihi
2859 1904 3074 1961 faciem
3095 1909 3281 1960 tuam.
3313 1904 3494 1960 Sonet
3521 1920 3640 1960 vox
3667 1907 3770 1960 tua
3789 1902 3850 1958 in

2195 2015 2224 2042 «
2265 1992 2514 2049 auribus
2537 1994 2705 2050 meis.
2738 1994 2870 2049 Vox
2898 1993 3058 2048 enim
3089 1997 3188 2050 tua
3216 1991 3431 2063 dulcis,
3459 1997 3512 2050 et
3543 1992 3725 2049 facies
3753 1996 3858 2048 tua

2197 2103 2226 2132 «ι
2265 2080 2504 2140 decora.
2536 2102 2565 2133 ›
2595 2087 2676 2139 Ac
2699 2083 2750 2139 si
2781 2087 2983 2156 aperte
3013 2081 3248 2138 dicatur
3280 2099 3292 2138 :
3324 2081 3579 2140 Ostende
3605 2081 3756 2138 mihi
3776 2081 3857 2138 fa-

2197 2171 2350 2230 ciem
2380 2176 2569 2238 tuam,
2599 2189 2831 2246 precor,
2864 2172 2926 2228 in
2956 2171 3271 2246 publicum
3299 2172 3549 2229 actionis
3575 2171 3858 2246 procede,

2196 2261 2319 2318 noli
2377 2262 2490 2318 sub
2541 2263 2756 2336 quietis
2809 2266 3046 2335 torpore
3093 2261 3421 2335 quiescere,
3471 2266 3528 2318 et
3573 2261 3862 2335 operibus

2198 2350 2448 2408 ostende
2475 2350 2651 2408 ﬁdem
2683 2357 2870 2408 tuam.
2899 2355 2965 2408 lat
2991 2356 3164 2408 sonet
3192 2368 3308 2408 vox
3346 2356 3468 2416 tua,
3499 2351 3560 2408 id
3585 2356 3672 2407 est
3699 2367 3859 2424 prae-

2199 2440 2532 2510 dicationis,
2572 2441 2770 2499 laudis
2800 2445 2858 2498 et
2899 2440 3292 2498 confessionis
3318 2443 3380 2498 in
3407 2439 3648 2498 auribus
3673 2439 3847 2494 meis.

2202 2530 2359 2587 Illius
2402 2547 2669 2605 namque
2710 2548 2822 2588 vox
2870 2531 3061 2588 dulcis
3104 2536 3192 2588 est
3234 2533 3378 2598 'Deo,
3425 2529 3530 2602 qui
3566 2527 3739 2584 dulce
3787 2533 3847 2584 et

2200 2620 2456 2677 suaviter
2476 2637 2549 2676 ex
2568 2620 2884 2678 dulcedine
2904 2621 3073 2692 regni
3094 2619 3270 2676 verba
3299 2617 3530 2674 Domini
3553 2615 3850 2690 proximis

2199 2710 2528 2778 enuntiare,
2561 2715 2618 2768 et
2645 2711 2759 2786 ipsi
2801 2711 3056 2768 Domino
3102 2710 3305 2768 laudes
3334 2723 3616 2766 resonare
3656 2706 3855 2764 novit.

2200 2803 2267 2857 Et
2292 2800 2395 2858 illa
2423 2801 2573 2858 ﬁdes
2607 2801 2828 2859 decora
2862 2805 2969 2873 est,
2999 2818 3134 2874 quae
3166 2799 3448 2874 operibus
3478 2803 3714 2866 ornata,
3747 2796 3859 2853 ad-

2195 2906 2377 2948 versa
2399 2890 2527 2964 pati
2554 2907 2679 2948 non
2708 2891 2896 2949 timet.
2929 2891 3204 2964 Sequitur
3237 2907 3250 2947 :

2269 3003 2296 3030 ‹‹
2337 2981 2539 3055 Capite
2562 2981 2738 3038 nobis
2764 2981 2973 3055 vulpes
2996 2980 3282 3054 parvulas
3297 2997 3433 3054 quae
3451 2979 3861 3036 demoliuntur

2195 3092 2224 3122 ι(
2264 3070 2472 3127 vineas
2495 3089 2508 3139 ;
2535 3086 2680 3128 nam
2708 3071 2886 3128 vinea
2909 3076 3115 3128 nostra
3142 3070 3362 3128 ﬂoruit.
3386 3093 3415 3121 ››
3441 3073 3764 3127 Transacta
3778 3068 3858 3125 vi-

2193 3160 2404 3217 delicet
2431 3160 2780 3218 daemonum
2809 3164 3181 3235 tempestate,
3212 3176 3400 3235 quam
3432 3159 3709 3233 superius
3737 3158 3860 3215 hie-

2192 3266 2353 3307 mem
2383 3250 2724 3323 appellavit,
2746 3250 3026 3308 invitatur
3045 3251 3276 3324 'sponsa
3297 3251 3429 3322 jam
3448 3249 3606 3320 regis
3622 3247 3858 3322 corpori

2185 3339 2396 3411 juncta
2434 3355 2542 3412 per
2560 3339 2845 3416 baptismi
2875 3343 3251 3396 sacramenta
3285 3339 3348 3395 in
3382 3338 3642 3406 vineam,
3681 3338 3745 3394 id
3767 3341 3859 3395 est

2191 3428 2560 3485 credentium
2584 3428 2698 3484 sibi
2721 3429 2961 3501 plebem
2979 3445 3051 3484 ex
3071 3427 3367 3500 gentibus,
3393 3432 3450 3484 et
3473 3427 3703 3484 invenit
3720 3443 3855 3484 eam

2189 3517 2623 3590 producentem
2661 3517 2839 3575 ﬂores
2867 3535 2975 3591 per
3002 3518 3234 3575 bonum
3264 3522 3520 3586 naturae,
3549 3517 3630 3574 ad
3667 3517 3854 3574 conﬁ-

2189 3605 2458 3662 dendum
2488 3609 2608 3663 Deo
2630 3607 2761 3662 coeli
2781 3612 3077 3681 paratam.
3105 3608 3218 3666 Sed
3247 3607 3566 3664 calliditate
3594 3607 3858 3663 insidiis-

2189 3711 2306 3769 que
2336 3694 2610 3767 vulpium
2655 3697 3062 3754 maturitatem
3107 3697 3333 3754 fructus
3379 3697 3854 3770 exspectantium

2188 3782 2269 3840 ad
2289 3782 2734 3842 demoliendam
2751 3785 3286 3861 devorandamque
3305 3790 3539 3861 parata,
3556 3801 3695 3860 qua:
3715 3790 3858 3843 sunt

2186 3888 2605 3947 perversarum
2655 3875 2999 3933 animarum
3048 3878 3345 3933 haereseos
3391 3875 3854 3932 mordacissima

2187 3963 2474 4035 dogmata
2503 3964 2586 4022 ait
2608 3968 2781 4022 Jesus
2810 3966 2934 4022 suis
2962 3966 3308 4023 doctoribus
3345 3982 3358 4026 :
3397 3990 3424 4019 ε
3451 3965 3646 4038 Capite
3666 3964 3848 4020 nobis

2186 4054 2397 4127 vulpes
2427 4055 2708 4128 parvulas
2734 4071 2870 4130 quae
2895 4055 3302 4112 demoliuntur
3328 4055 3552 4117 vineas,
3591 4077 3618 4104 n
3658 4053 3720 4109 id
3752 4058 3844 4109 est

2187 4143 2516 4200 convincite
2535 4145 2845 4203 haereticos
2869 4150 2927 4202 et
2957 4144 3370 4202 schismaticos
3392 4161 3613 4218 pravos
3629 4143 3770 4211 ﬁde,
3787 4148 3849 4200 et

2186 4233 2428 4292 dolosos
2465 4234 2670 4307 verbo,
2710 4235 2815 4309 qui
2859 4234 3036 4292 dente
3077 4251 3280 4308 pravae
3323 4235 3612 4292 doctrinae
3661 4233 3852 4290 rudes

2186 4322 2455 4382 ﬁdelium
2484 4329 2714 4383 mentes
2734 4325 2998 4382 lacerare
3025 4325 3234 4382 solent.
3264 4329 3414 4382 Nam
3439 4325 3616 4383 vinea
3643 4330 3853 4382 nostra

2185 4413 2404 4485 ﬂoruit,
2437 4415 2498 4471 id
2526 4420 2615 4472 est
2643 4421 2863 4471 sanctae
2897 4413 3220 4470 electorum
3250 4415 3469 4472 animae
3507 4415 3851 4486 germinant

2185 4502 2444 4562 fructum
2491 4506 2630 4562 ﬁdei
2669 4510 2727 4562 et
2752 4505 3055 4561 bonorum
3097 4521 3349 4579 operum
3379 4506 3493 4563 late
3523 4507 3846 4580 longeque.

2183 4593 2399 4651 Verum
2423 4595 2648 4668 duplici
2676 4594 2906 4651 ratione
2935 4593 3280 4665 intelligitur
3309 4596 3477 4669 quod
3509 4595 3592 4652 ait
3619 4601 3844 4666 nostra,

2181 4684 2242 4742 id
2273 4689 2360 4742 est
2393 4685 2516 4742 sive
2549 4701 2723 4742 suam
2761 4683 2975 4740 dixerit
3019 4688 3077 4740 et
3125 4685 3331 4757 patris,
3365 4685 3489 4741 sive
3521 4685 3846 4742 Ecclesiam

2181 4775 2295 4832 sibi
2319 4777 2704 4849 conjunctam
2724 4772 3076 4848 participem
3097 4773 3274 4832 dicat.
3296 4777 3489 4840 Quam
3504 4791 3646 4831 cum
3666 4775 3847 4833 ﬂores

2178 4868 2304 4921 tam
2330 4866 2652 4924 Ecclesiam
2675 4881 2747 4922 ex
2771 4862 3010 4932 Iudaeis,
3041 4879 3229 4935 quam
3251 4863 3518 4920 maxima
3547 4879 3624 4920 ex
3653 4864 3847 4934 genti-

2176 4954 2294 5011 bus
2322 4956 2582 5013 videsset
2605 4955 2892 5029 proferre,
2920 4955 3058 5010 ante
3080 4957 3379 5028 praeparat
3401 4958 3719 5009 venatores
3750 4953 3848 5010 vel

2179 5045 2456 5101 custodes
2488 5046 2593 5118 qui
2623 5046 2832 5120 vulpes
2859 5047 3097 5120 capiant
3122 5060 3309 5117 quam
3350 5042 3529 5099 ﬂores
3571 5047 3847 5099 maturos

2176 5133 2403 5190 fructus
2429 5135 2686 5206 pariant.
2726 5137 2806 5192 De
2837 5153 3099 5210 quorum
3130 5149 3385 5191 numero
3415 5137 3508 5189 est
3538 5149 3699 5189 unus
3741 5132 3850 5206 qui

2176 5221 2416 5278 dicebat
2448 5239 2460 5276 :
2493 5223 2889 5297 Corripientes
2925 5241 3171 5283 omnem
3207 5223 3518 5280 hominem
3548 5223 3611 5278 in
3661 5224 3849 5295 capti-

2174 5310 2415 5367 vitatem
2453 5311 2782 5382 redigimus
2818 5330 3063 5371 omnem
3107 5312 3420 5369 scientiam
3460 5310 3846 5368 extollentem

2175 5417 2239 5458 se
2282 5402 2570 5461 adversus
2621 5401 2931 5460 scientiam
2978 5404 3099 5460 Dei.
3151 5406 3298 5460 Nam
3359 5400 3482 5456 sive
3529 5399 3846 5458 daemones

2173 5491 2382 5564 vulpes
2411 5493 2836 5564 intelligantur,
2884 5494 3007 5550 sive
3039 5492 3296 5550 haeretici
3335 5495 3393 5548 et
3428 5492 3701 5564 perversi
3731 5492 3844 5548 do-

2173 5585 2386 5652 ctores,
2409 5599 2518 5655 per
2536 5600 2690 5656 quos
2716 5583 3022 5640 daemones
3054 5583 3384 5657 loquuntur
3402 5581 3840 5654 blasphemias,

2173 5673 2498 5747 utrumque
2519 5675 2834 5733 convenire
2851 5674 3240 5734 manifestum
3254 5679 3366 5743 est,
3379 5688 3487 5746 per
3501 5688 3659 5745 quos
3675 5687 3844 5728 men-
