4092 6176
194 183 287 236 601
1411 177 1663 232 ENARR.
1707 176 1773 231 IN
1813 175 2111 233 CANTICA
2149 178 2419 234 CANTIC.

3516 172 3620 226 602

199 308 282 360 tes
306 301 622 358 hominum
644 300 706 356 in
729 299 950 373 quibus
972 299 1202 356 habitat
1223 303 1384 355 recta
1411 299 1560 354 ﬁdes
1582 296 1854 354 Ecclesiae
1886 299 1934 352 Α
1966 301 2196 367 tergum
2228 301 2452 354 emissa
2477 298 2623 354 dum
2653 297 2895 354 obviam
2926 295 3037 351 sibi
3067 295 3389 368 opinantur
3416 294 3622 348 occur‘

195 393 707 450 disterminantur.
743 393 1010 456 Quorum
1031 390 1449 446 exterminium
1474 389 1567 443 vel
1594 388 1856 443 occultas

195 481 443 540 insidias
474 496 686 537 cavere
717 480 961 536 sollicite
991 479 1308 549 debemus,
1336 483 1393 534 et
1423 481 1608 534 Deum
1635 494 1706 532 ex
1737 482 1856 532 toto

199 571 378 628 corde
403 569 652 641 diligere
682 572 746 624 ut
774 568 938 639 diligi
969 568 1046 625 ab
1077 585 1148 625 eo
1192 583 1569 624 mereamur:
1603 567 1855 638 ideoque

203 658 465 716 Ecclesia
489 657 808 714 rectissime
839 657 1184 729 subjungit:

279 770 309 798 ‹‹
341 747 595 804 Dilectus
623 763 790 802 meus
823 746 989 814 mihi,
1041 751 1098 802 et
1135 762 1248 816 ego
1286 746 1388 802 illi.
1447 768 1474 795 »
1525 745 1857 815 Conjuncta

211 839 411 910 itaque
442 835 695 892 Ecclesia
715 835 940 890 Christo
965 835 1059 890 vel
1081 836 1284 892 anima
1311 835 1496 891 verbo
1519 834 1619 890 Dei
1637 839 1697 889 ut
1721 849 1855 889 eam

213 926 644 984 abundantiore
673 923 892 994 gaudio
943 925 1206 980 cumulet
1252 941 1360 998 per
1408 923 1632 988 omnia,
1689 928 1745 978 et
1797 923 1855 976 in

209 1015 432 1088 quibus
461 1015 586 1087 ipse
615 1030 721 1087 per
747 1013 1009 1070 laetitiam
1041 1014 1324 1086 pascitur,
1367 1019 1423 1070 et
1460 1013 1605 1086 quid
1637 1011 1731 1067 ille
1758 1012 1858 1065 de-

203 1105 452 1160 lectetur
475 1104 535 1160 in
566 1119 636 1160 ea
665 1103 945 1170 ostendit,
976 1108 1034 1160 et
1059 1103 1206 1176 quid
1235 1103 1334 1159 illa
1366 1102 1731 1176 respondere
1761 1101 1859 1157 de-

199 1194 340 1250 beat
357 1209 468 1267 pro
494 1193 670 1250 tantis
690 1193 998 1249 beneﬁciis
1013 1193 1278 1249 docetur.
1302 1195 1568 1267 Sponsus
1589 1192 1860 1248 videlicet

199 1283 484 1340 decoram
511 1283 725 1340 faciem
751 1283 812 1338 in
842 1299 913 1338 ea
941 1283 1256 1351 desiderat,
1290 1285 1440 1340 sicut
1467 1283 1743 1355 superius
1773 1284 1859 1337 in-

196 1372 348 1444 nuit,
373 1389 511 1446 quae
527 1372 695 1428 nulla
715 1372 942 1444 peccati
963 1371 1272 1441 nigredine
1295 1373 1366 1428 sit
1386 1371 1706 1437 maculata,
1737 1386 1858 1426 non

199 1463 467 1536 turpium
481 1462 803 1519 verborum
818 1462 1234 1535 mendaciique
1255 1461 1575 1527 absconsa,
1590 1460 1683 1516 vel
1703 1461 1860 1516 blas-

198 1552 584 1625 phemiarum
621 1550 944 1607 raucedine
973 1567 1120 1608 voce
1151 1551 1414 1622 horrida,
1453 1551 1556 1606 sed
1596 1549 1860 1605 dulcedi-

1963 403 2110 454 rere,
2145 387 2223 444 ad
2252 389 2452 445 locum
2487 388 2646 443 unde
2673 387 3104 453 abscesserant,
3140 383 3412 439 velociori
3440 399 3620 438 cursu

1965 479 2195 533 reverti.
2247 481 2310 533 Et
2353 480 2480 534 haec
2521 493 2706 532 causa
2736 481 2799 530 ut
2825 479 3174 546 exasperata
3221 473 3298 526 ab
3347 471 3620 526 hostibus

1965 571 2312 623 consuetam
2329 567 2474 622 nolit
2495 565 2905 637 derelinquere
2927 563 3127 618 sedem
3140 604 3152 616 .
3175 562 3266 616 Sic
3283 565 3338 616 et
3357 560 3620 615 Christus

1968 655 2254 710 Dominus
2282 660 2502 718 noster,
2525 653 2805 727 quamvis
2823 657 3208 726 provocatus,
3228 649 3503 722 quamvis
3525 665 3619 704 ex-

1965 748 2281 814 asperatus
2312 744 2573 816 peccatis
2602 743 2940 808 hominum,
2968 740 3209 812 jejuniis
3242 744 3296 794 et
3339 737 3620 811 precibus

1965 837 2303 894 revocatus,
2329 833 2405 887 ad
2430 832 2663 904 pietatis
2685 836 3035 886 consuetam
3058 830 3367 884 revertitur
3388 828 3614 882 sedem.

1969 923 2031 975 Et
2057 920 2101 975 si
2127 920 2456 992 aliquando
2479 920 2794 992 provocari
2817 919 3068 980 videtur,
3107 923 3169 973 ut
3200 917 3394 972 studia
3420 917 3618 983 inqui-

1964 1008 2153 1064 rendo
2183 1025 2322 1064 eum
2356 1009 2564 1064 merito
2595 1012 2947 1076 augeantur,
2980 1022 3101 1061 non
3134 1006 3313 1061 debet
3340 1004 3475 1077 quis
3504 1004 3616 1059 dif-

1963 1097 2147 1154 tidere
2170 1114 2278 1153 nec
2310 1098 2388 1154 ab
2420 1096 2778 1170 inquirendo
2808 1111 3062 1152 cessare.
3114 1095 3278 1150 Unde
3305 1095 3573 1166 sequitur
3599 1112 3612 1149 :

2610 1241 2835 1297 CAPUT
2884 1241 2974 1295 lll.

2045 1386 2062 1416 ι
2103 1366 2168 1420 In
2197 1365 2412 1421 lectulo
2443 1381 2578 1420 meo
2599 1381 2705 1438 per
2733 1369 2969 1420 noctem
2999 1363 3249 1436 quaesivi
3277 1378 3459 1433 quem
3490 1361 3616 1417 dili-

1966 1476 1993 1505 «
2028 1455 2111 1524 git
2139 1454 2342 1510 anima
2372 1470 2527 1509 mea.
2570 1454 2823 1520 Quaesivi
2862 1453 3029 1508 illum
3078 1457 3134 1507 et
3186 1467 3307 1506 non
3339 1451 3560 1506 inveni.
3588 1474 3615 1500 ››

1968 1564 1998 1596 ‹
2034 1543 2192 1609 Veni,
2222 1543 2372 1599 sicut
2395 1543 2455 1598 in
2481 1543 2846 1615 quibusdam
2878 1541 3186 1597 codicibus
3217 1540 3476 1607 additur,
3510 1544 3618 1596 «et

198 1657 338 1697 nem
358 1641 484 1697 suis
502 1640 787 1696 laudibus
806 1646 1186 1697 resonantem
1207 1639 1857 1706 redditvicem,eadem
1891 1656 1930 1709 Β
1967 1633 2178 1688 vocaVi
2209 1649 2369 1699 eum,
2417 1638 2474 1688 et
2519 1649 2640 1687 D00
2672 1631 2982 1704 νεεροηόὶί
3013 1631 3176 1686 mihi-
3212 1649 3240 1682 θ
3291 1630 3428 1685 Ηαεο
3475 1645 3617 1699 ergo

201 1729 463 1787 Ecclesia
491 1731 607 1786 ait:
652 1753 680 1778 ‹‹
730 1730 982 1786 Dilectus
1014 1747 1184 1786 meus
1217 1731 1381 1797 mihi,
1435 1735 1491 1786 et
1535 1747 1646 1801 ego
1691 1729 1792 1785 illi.
1830 1753 1857 1779 »

202 1820 467 1876 Christus
496 1824 554 1876 et
579 1819 734 1893 ipsa,
764 1825 943 1893 caput
971 1825 1027 1876 et
1054 1837 1272 1894 corpus
1297 1820 1454 1876 velut
1473 1836 1630 1875 unus
1650 1821 1856 1890 homo,

199 1915 256 1966 et
284 1913 580 1982 tanquam
611 1910 885 1966 membra
910 1915 1112 1984 caput,
1145 1911 1225 1966 ita
1254 1909 1559 1978 diligendo
1591 1909 1860 1981 sequitur

199 1999 425 2070 ipsum,
458 2003 776 2071 propterea
805 1998 995 2054 taliter
1023 1999 1305 2071 loquitur.
1351 1998 1554 2054 Nullus
1585 1997 1742 2052 enim
1775 1996 1859 2050 di-

199 2087 395 2144 lectus
422 2091 481 2144 et
509 2088 749 2158 adjutor
778 2088 1070 2152 Ecclesiae,
1111 2087 1226 2142 nisi
1265 2088 1546 2154 Christus,
1578 2091 1634 2142 et
1662 2085 1860 2141 nullus

206 2175 423 2233 Christi
452 2175 725 2243 dilectus,
769 2177 883 2231 nisi
930 2175 1227 2231 Ecclesia:
1281 2176 1425 2248 quia
1464 2175 1663 2230 nullus
1711 2175 1861 2230 alius

208 2267 372 2318 recte
413 2263 603 2333 diligit
627 2265 948 2333 Christum,
977 2265 1093 2320 nisi
1123 2264 1298 2320 unica
1321 2263 1597 2333 Ecclesia,
1624 2269 1680 2319 et
1702 2262 1864 2318 nulla

210 2351 336 2408 alia
356 2351 435 2408 ab
465 2368 536 2408 eo
564 2352 843 2423 diligitur,
873 2353 986 2410 nisi
1016 2353 1164 2427 ipsa.
1217 2377 1244 2402 «
1287 2354 1393 2420 Qui
1426 2354 1688 2426 pascitur
1714 2353 1864 2408 inter

207 2459 240 2493 ‹
271 2439 417 2509 lilia,
446 2441 639 2496 donec
669 2443 890 2514 aspiret
916 2443 1063 2514 dies,
1093 2448 1150 2498 et
1178 2442 1532 2498 inclinentur
1557 2441 1802 2496 umbrae.
1831 2463 1856 2490 n

204 2526 272 2583 ld
297 2532 405 2595 est,
439 2529 544 2600 qui
574 2530 840 2602 pascitur
867 2531 1161 2587 munditia
1189 2530 1326 2586 ﬁdei
1368 2535 1422 2586 et
1459 2530 1718 2586 candore
1749 2530 1861 2584 vir-

201 2619 421 2683 tutum,
450 2616 645 2672 donec
675 2619 908 2673 venturi
937 2619 1135 2674 saeculi
1167 2619 1292 2674 dies
1321 2619 1475 2674 illius
1515 2618 1721 2690 judicii
1763 2634 1859 2673 ve-

200 2722 304 2762 rus
350 2705 653 2773 adveniat,
697 2712 754 2763 et
808 2707 1033 2764 oriatur
1084 2708 1186 2764 lux
1245 2713 1302 2764 et
1350 2709 1602 2779 umbrae,
1659 2708 1720 2764 id
1769 2715 1860 2765 est

199 2810 432 2851 errores
463 2796 772 2868 praesentis
800 2797 1022 2864 seaculi,
1059 2797 1163 2870 qui
1201 2813 1312 2853 nos
1338 2798 1692 2870 impediunt,
1736 2799 1858 2869 jus-

194 2883 334 2940 titiaa
367 2883 495 2940 sole
526 2889 829 2941 transeant
857 2890 913 2940 et
939 2885 1297 2943 inclinentur
1336 2904 1474 2942 cum
1524 2888 1646 2943 suis
1693 2903 1857 2943 ama-

197 2972 428 3029 toribus
457 2973 517 3028 in
549 2973 735 3030 chaos
765 2973 997 3030 inferni.

260 3084 290 3112 u
315 3063 664 3119 Revertere:
700 3063 913 3120 Similis
939 3068 1087 3133 esto,
1114 3065 1325 3121 dilecte
1353 3065 1705 3138 mi,capreze
1726 3066 1856 3122 hin-

197 3171 227 3205 ‹
252 3153 527 3226 nuloque
549 3169 863 3209 cervorum
887 3170 1068 3226 super
1087 3159 1323 3210 montes
1345 3154 1560 3211 Bethel.
1584 3177 1611 3203 »
1629 3158 1750 3210 Vox
1772 3161 1859 3212 est

195 3241 303 3298 ista
333 3242 699 3314 supradictae
724 3242 992 3298 Ecclesiae
1019 3243 1098 3299 ad
1127 3243 1452 3299 Christum:
1501 3265 1527 3291 «
1572 3243 1852 3313 Obsecro,

196 3331 274 3386 mi
296 3331 605 3399 dilecte,ut
625 3331 845 3404 saepius
872 3336 988 3387 tuae
1010 3331 1363 3387 visitationis
1384 3331 1646 3388 adventu
1667 3348 1856 3389 rever-

197 3420 331 3476 taris
360 3420 443 3476 ad
474 3437 593 3488 me,
615 3421 760 3494 quia
788 3437 1030 3477 carnem
1058 3437 1246 3494 quam
1272 3421 1347 3477 de
1376 3421 1854 3494 patriarcharum

199 3510 420 3581 origine
443 3511 772 3582 sumpsisti,
802 3527 1122 3582 resurgens
1153 3527 1189 3567 a
1218 3512 1489 3579 mortuis,
1520 3529 1700 3585 super
1729 3529 1854 3568 om-

201 3613 336 3654 nem
361 3599 694 3656 coelestium
740 3600 1038 3656 montium
1085 3601 1424 3668 ascendisti,
1477 3606 1540 3657 ut
1581 3602 1853 3658 laborem

202 3689 701 3758 peregrinationes
731 3706 880 3745 meae
911 3690 1315 3762 speculatione
1351 3695 1571 3747 aeterna
1607 3692 1852 3747 releves.

210 3777 503 3846 Capream
529 3777 639 3832 hoc
661 3779 719 3834 in
749 3778 883 3835 loco
914 3779 1067 3834 sicut
1097 3780 1372 3852 superius
1402 3780 1852 3852 praelibavimus

212 3879 450 3921 carnem
480 3865 676 3924 dicunt
703 3869 931 3937 Christi,
983 3875 1226 3942 propter
1250 3870 1696 3926 similitudinem
1722 3888 1850 3926 car-

206 3953 297 4008 nis
319 3956 559 4027 peccati.
595 3957 885 4017 Hinnulus
918 3975 1227 4015 cervorum
1270 3960 1485 4016 dicitur
1512 3960 1660 4032 ipse,
1711 3961 1852 4031 quia

198 4042 270 4099 de
299 4045 476 4118 stirpe
506 4046 978 4118 patriarcharum
1015 4049 1268 4120 genitus,
1322 4050 1425 4120 qui
1478 4054 1613 4121 post
1660 4065 1851 4103 resur-

194 4133 513 4190 rectionem
540 4151 713 4190 suam
741 4135 816 4191 ad
841 4135 1024 4191 caelos
1044 4153 1343 4202 remeans,
1373 4137 1849 4210 superexaltatus

193 4227 275 4278 est
303 4239 490 4296 super
519 4228 754 4280 montes
783 4225 1002 4295 Bethel,
1041 4243 1175 4299 qua:
1224 4227 1432 4282 domus
1476 4229 1587 4283 Dei
1614 4227 1845 4292 dicitur,

190 4310 247 4365 id
272 4318 357 4368 est
386 4329 717 4387 supernam
754 4315 1011 4388 patriam
1044 4315 1418 4386 angelorum.
1473 4316 1637 4372 Unde
1688 4317 1847 4372 Psal-

191 4401 360 4458 mista
407 4404 491 4459 ad
547 4419 686 4459 eum
738 4403 992 4477 loquens
1043 4405 1160 4460 ait:
1192 4429 1218 4455 ‹‹
1255 4405 1524 4472 Domine,
1559 4407 1846 4461 Dominus

193 4497 408 4558 noster,
439 4509 633 4566 quam
663 4493 1016 4550 admirabile
1047 4499 1134 4550 est
1163 4510 1384 4550 nomen
1418 4499 1586 4551 tuum
1623 4496 1684 4551 in
1718 4497 1848 4551 uni-

194 4594 360 4638 versa
386 4583 586 4639 terra!
633 4583 1101 4649 Quam'elevata
1149 4589 1236 4640 est
1275 4584 1722 4655 magniﬁcentia
1748 4590 1851 4642 tua

197 4685 368 4742 super
397 4671 625 4728 cmlosl
663 4695 692 4722 »
723 4673 913 4744 (Psal.
945 4673 1088 4744 vui.)
1129 4676 1240 4728 Nec
1280 4673 1520 4728 moralis
1553 4674 1851 4747 siquidem

194 4756 600 4817 admittendus
627 4765 715 4817 est
741 4761 1400 4834 sensus.Unusquisque
1424 4761 1583 4817 enim
1610 4762 1854 4818 creden-

197 4845 332 4904 tium
351 4853 495 4916 Deo,
510 4849 642 4922 ipse
665 4866 726 4905 se
743 4850 877 4906 fecit
892 4854 1159 4906 montem
1180 4850 1277 4905 Dei
1300 4866 1406 4922 per
1424 4855 1692 4907 sanctam
1716 4867 1854 4907 con-

196 4940 611 5007 versationem,
635 4945 737 4995 aut
753 4945 1018 4996 montem
1038 4939 1261 4995 diaboli
1277 4956 1554 5013 perverse
1571 4941 1848 4996 vivendo.

198 5023 380 5082 Bethel
405 5028 570 5084 enim
594 5029 804 5084 domus
828 5030 942 5085 Dei
957 5027 1396 5100 interpretatur,
1421 5033 1485 5085 ut
1511 5029 1738 5101 praefati
1760 5047 1854 5085 su-

199 5126 349 5168 mus.
381 5118 735 5190 Quicunque
764 5133 907 5189 ergo
949 5118 1030 5173 ita
1079 5117 1413 5174 exhibuerit
1438 5119 1620 5175 vitam
1655 5136 1850 5198 suam,

201 5203 261 5255 ut
305 5201 361 5259 in
416 5222 491 5262 eo
548 5205 872 5264 delectetur
925 5207 1174 5279 Spiritus
1213 5212 1454 5263 sanctus
1493 5208 1850 5280 inhabitare,

196 5303 359 5348 mons
387 5295 644 5351 efﬁcitur
672 5296 770 5353 Dei
795 5296 900 5369 qui
931 5301 1019 5352 est
1048 5297 1308 5353 Ecclesia
1339 5298 1456 5354 Dei.
1507 5300 1696 5369 Super
1726 5300 1851 5355 haec

195 5393 349 5449 ergo,
380 5383 430 5439 si
452 5384 702 5457 quando
731 5384 999 5440 offensus
1020 5385 1278 5457 peccatis
1300 5385 1509 5457 populi
1535 5385 1852 5456 prolonga-

195 5471 354 5542 verit,
380 5475 717 5543 revertitur,
747 5474 955 5530 similis
987 5474 1241 5531 efﬁcitur
1269 5490 1448 5529 cursu
1475 5473 1568 5529 vel
1598 5491 1851 5532 consue-

198 5559 389 5615 tudine
416 5577 651 5634 capreae
681 5564 1054 5637 hinnuloque
1087 5580 1419 5628 cervorum,
1453 5580 1711 5635 quarum
1743 5583 1848 5622 na-

199 5648 322 5706 tura
350 5655 462 5720 est,
496 5667 640 5709 voce
677 5657 813 5710 ante
845 5669 910 5710 se
937 5654 999 5711 in
1029 5652 1338 5710 montibus
1364 5659 1684 5711 resonante
1713 5661 1851 5727 post

1968 1723 2250 1796 quamvis
2280 1724 2678 1795 praenuntiata
2709 1724 2825 1778 sint
2870 1728 2926 1778 et
2963 1726 3384 1778 consummata
3412 1721 3474 1776 in
3505 1723 3616 1777 Do-

1967 1813 2112 1869 mini
2135 1813 2443 1886 sepultura
2468 1815 2800 1880 videantur,
2832 1815 2978 1870 dum
3009 1813 3287 1870 mulieres
3315 1813 3393 1870 ad
3422 1811 3618 1885 sepul-

1967 1921 2134 1960 crum
2170 1905 2400 1960 Domini
2427 1906 2802 1978 pervigilant,
2827 1923 2965 1962 cum
2995 1905 3258 1978 apostoli
3283 1904 3619 1960 intolerabi-

1965 1994 2096 2049 liter
2125 1993 2349 2064 lugent,
2383 1995 2486 2049 sed
2518 1995 2778 2067 amplius
2820 1995 2897 2050 ad
2944 1995 3256 2068 superiora
3293 1994 3618 2065 respiciunt

1967 2099 2103 2155 quae
2136 2082 2606 2153 subnectuntur;
2649 2098 2718 2140 ac
2749 2085 2796 2139 si
2828 2085 3084 2140 Ecclesia
3116 2084 3204 2139 vel
3235 2097 3614 2155 unaquaeque

1969 2176 2178 2227 sancta
2220 2172 2425 2228 anima
2471 2172 2732 2245 apertius
2765 2173 2960 2230 dicat:
3007 2173 3376 2229 Jamdudum
3425 2170 3614 2226 multo

1969 2260 2168 2315 studio
2197 2261 2446 2332 quaesivi
2489 2261 2678 2331 illum,
2735 2263 2843 2318 sed
2891 2263 3034 2335 quia
3085 2262 3282 2318 adhuc
3324 2259 3612 2316 illecebris

1969 2349 2164 2405 carnis
2184 2365 2334 2405 mea:
2356 2349 2596 2407 subdita
2620 2351 2723 2416 fui,
2753 2357 2810 2408 et
2828 2352 3086 2408 tenebris
3109 2350 3422 2425 profundae
3443 2350 3614 2419 igno-

1967 2439 2175 2495 rantia:
2206 2439 2532 2506 obcaecata,
2582 2457 2704 2496 non
2733 2442 2934 2498 inveni
2977 2442 3180 2498 lumen
3222 2440 3501 2506 veritatis,
3552 2439 3614 2494 id

1967 2532 2055 2583 est
2083 2529 2424 2585 Dominum.
2453 2529 2632 2587 Aliter
2655 2531 2716 2587 in
2735 2531 2952 2588 lectulo
2983 2549 3092 2589 suo
3121 2532 3402 2588 dilectum
3436 2546 3614 2586 suum

1969 2617 2227 2674 Ecclesia
2282 2619 2377 2674 vel
2431 2620 2635 2676 anima
2687 2627 2892 2678 sancta
2949 2622 3181 2695 quaarit,
3235 2620 3479 2694 quando
3535 2619 3614 2674 ab

1967 2708 2133 2762 omni
2187 2709 2633 2780 perturbatione
2687 2711 2887 2766 saeculi
2935 2711 3252 2784 tranquilla
3308 2711 3367 2765 in
3420 2708 3614 2782 quiete

1965 2795 2162 2852 cordis
2192 2797 2511 2854 Dominum
2543 2815 2720 2854 suum
2749 2801 2987 2869 cogitat.
3017 2805 3201 2867 Quem
3231 2815 3506 2873 quaerens
3535 2796 3614 2852 ob

1965 2886 2079 2941 hoc
2111 2887 2357 2942 minime
2386 2887 2630 2958 invenit,
2678 2893 2741 2944 ut
2789 2906 2993 2946 amore
3041 2891 3194 2946 illius
3241 2905 3494 2946 accensa
3519 2905 3613 2944 ar-

1965 2975 2202 3031 dentius
2239 2992 2534 3048 quaerens.
2576 2978 2685 3033 Per
2725 2982 2963 3034 noctem
3009 2979 3354 3051 quaerimus,
3387 2978 3529 3050 quia
3558 2981 3616 3034 et

1966 3063 2013 3119 si
2038 3065 2170 3134 jam
2201 3081 2371 3120 mens
2403 3065 2463 3120 in
2503 3065 2602 3121 illo
2643 3066 2858 3136 vigilet,
2911 3072 3112 3123 tamen
3162 3067 3360 3122 adhuc
3399 3065 3616 3134 caligat

1965 3152 2194 3208 oculus.
2246 3177 2273 3203 «
2315 3154 2540 3209 Vocavi
2583 3171 2722 3210 eum
2773 3159 2828 3209 et
2869 3171 2991 3210 non
3038 3155 3344 3228 respondit
3382 3154 3547 3210 mihi.
3584 3177 3612 3204 »

1969 3243 2319 3314 Quicunque
2351 3242 2546 3298 solum
2575 3243 2885 3298 hominem
2909 3243 3092 3300 credit
3124 3243 3443 3306 Christum,
3488 3259 3613 3299 non

1961 3332 2223 3389 inveniet
2251 3348 2411 3388 eum.
2461 3336 2527 3388 Et
2573 3334 2916 3408 quicunque
2953 3334 3232 3390 deitatem
3269 3349 3392 3390 non
3432 3333 3616 3390 credit

1961 3421 2022 3476 in
2052 3421 2300 3490 Christo,
2333 3438 2457 3478 non
2484 3422 2744 3479 inveniet
2773 3440 2932 3480 eum.
2959 3427 3023 3480 Et
3051 3423 3397 3497 quicunque
3427 3423 3614 3479 deita-

1962 3514 2083 3564 tem
2112 3525 2236 3566 non
2267 3511 2451 3568 credit
2479 3511 2540 3567 in
2571 3513 2822 3581 Christo,
2855 3518 3031 3570 vocat
3059 3513 3305 3587 quidem
3335 3513 3395 3569 in
3427 3512 3614 3569 nocti-

1958 3599 2075 3654 bus
2114 3616 2534 3672 perversorum
2562 3619 2851 3659 sensuum
2879 3621 3122 3660 suorum
3167 3604 3485 3660 Dominum
3518 3604 3615 3660 Dei

1964 3687 2194 3755 Filium,
2237 3690 2340 3745 sed
2379 3706 2502 3746 non
2545 3693 2872 3764 respondet
2896 3693 2947 3748 ei
2977 3693 3130 3749 sicut
3155 3709 3276 3748 non
3306 3693 3614 3766 respondit

1959 3776 2085 3844 regi
2115 3778 2273 3832 Sauli
2302 3795 2338 3833 a
2367 3796 2488 3851 quo
2512 3786 2836 3835 recesserat
2863 3784 3034 3836 Deus.
3061 3782 3194 3837 Sine
3223 3798 3409 3836 causa
3435 3781 3616 3848 igitur

1961 3865 2232 3920 laborem
2259 3867 2552 3938 impendit
2579 3869 2926 3939 quaerendo,
2959 3870 3064 3940 qui
3093 3868 3388 3940 aequalem
3417 3869 3612 3923 homi-

1962 3953 2140 4009 nibus
2171 3955 2400 4027 absque
2439 3961 2686 4028 peccato
2740 3962 2797 4012 et
2842 3962 3200 4013 comternam
3247 3957 3419 4026 Patri,
3488 3973 3613 4013 non

1960 4042 2135 4098 fuerit
2160 4048 2409 4116 utraque
2441 4050 2655 4101 natura
2680 4046 2995 4101 confessus
3025 4048 3232 4112 Deum,
3286 4047 3390 4119 qui
3441 4046 3612 4102 rede-

1959 4133 2085 4199 mit,
2115 4137 2171 4189 et
2201 4133 2509 4190 hominem
2540 4152 2647 4208 per
2674 4153 2857 4209 quem
2882 4136 3132 4193 redemit
3151 4137 3416 4209 perditos
3438 4140 3610 4208 Deus,

1959 4224 2033 4278 de
2060 4240 2181 4296 quo
2214 4225 2524 4283 Psalmista
2551 4226 2727 4283 dicit:
2774 4250 2800 4276 ‹‹
2836 4229 3033 4283 Frater
3061 4242 3183 4282 non
3215 4227 3487 4294 redemit,
3521 4243 3612 4282 re-

1959 4312 2146 4369 dimet
2175 4315 2358 4370 homo
2385 4317 2571 4386 (Psal.
2604 4318 2824 4388 XLVIII).
2854 4338 2881 4366 »
2909 4339 2936 4365 ‹‹
2966 4318 3240 4388 Surgam,
3264 4321 3322 4372 et
3349 4315 3612 4372 circuibo

1963 4403 2344 4470 «civitatem,
2375 4422 2483 4478 per
2507 4407 2670 4462 vicos
2725 4412 2781 4462 et
2835 4405 3062 4479 plateas
3115 4423 3384 4480 quaeram
3429 4421 3612 4476 quem

1961 4513 1988 4540 α
2017 4491 2206 4563 diligit
2229 4496 2436 4551 anima
2456 4511 2610 4551 mea.
2638 4495 2887 4560 Quaesivi
2906 4495 3092 4557 illum,
3113 4501 3169 4550 et
3195 4511 3317 4550 non
3337 4493 3557 4547 inveni.
3581 4513 3608 4540 ››

1960 4583 2245 4652 Proposui
2275 4583 2334 4638 in
2365 4585 2568 4639 animo
2600 4601 2735 4640 meo
2773 4584 2847 4640 de
2890 4583 3104 4639 lectulo
3134 4581 3464 4638 carnalium
3503 4596 3609 4635 vo-

1959 4669 2258 4743 luptatum
2290 4688 2551 4741 surgere,
2584 4677 2639 4728 et
2670 4678 2854 4728 terras
2901 4689 2972 4728 ac
3018 4671 3210 4727 maria
3237 4669 3505 4738 circuire,
3555 4673 3612 4725 et

1959 4758 2455 4830 philosophorum
2498 4761 2660 4816 adire
2689 4761 2997 4833 mysteria,
3021 4759 3124 4815 sed
3156 4775 3265 4815 nec
3291 4759 3376 4814 sic
3407 4757 3610 4814 inveni

1959 4847 2148 4902 illum.
2184 4851 2378 4903 Potest
2417 4854 2474 4905 et
2501 4849 2668 4904 aliter
2692 4849 2954 4919 intelligi.
3003 4849 3220 4906 Civitas
3250 4849 3364 4905 hoc
3389 4848 3452 4904 in
3477 4848 3608 4904 loco

1961 4939 2170 4991 sancta
2196 4935 2517 4992 electorum
2551 4938 2806 4994 Ecclesia
2837 4939 3199 5010 intelligitur,
3251 4955 3357 4994 seu
3405 4938 3609 4995 divina

1964 5025 2282 5098 Scriptura.
2314 5027 2486 5083 Vicos
2508 5044 2648 5083 vero
2674 5033 2851 5102 atque
2882 5029 3132 5102 plateas,
3166 5029 3349 5085 libros
3378 5029 3524 5100 legis
3554 5034 3610 5085 et

1959 5117 2391 5187 prophetarum
2416 5122 2608 5186 vocat,
2656 5119 2715 5173 in
2747 5119 2968 5191 quibus
2991 5119 3249 5176 Ecclesia
3271 5136 3376 5175 seu
3406 5119 3609 5175 anima

1961 5205 2148 5263 electa
2177 5207 2457 5264 dilectum
2503 5225 2702 5277 suum,
2756 5207 2815 5262 id
2869 5213 2956 5264 cst
2999 5206 3296 5266 Christum
3326 5209 3474 5264 dum
3513 5223 3608 5263 ar-

1960 5293 2170 5351 denter
2196 5298 2408 5369 quaerit
2432 5298 2674 5368 invenit,
2706 5314 2889 5370 quem
2928 5298 2987 5353 in
3018 5298 3186 5354 libris
3218 5299 3608 5371 philosopho-

1959 5399 2095 5438 rum
2135 5401 2256 5443 non
2286 5392 2520 5461 reperit.

2042 5496 2069 5522 «
2096 5477 2453 5534 Invenerunt
2469 5494 2563 5534 me
2583 5477 2788 5546 vigiles
2810 5477 2912 5549 qui
2931 5477 3274 5533 custodiunt
3289 5476 3602 5532 civitatem.

1963 5590 1990 5615 ‹‹
2023 5569 2177 5621 Num
2207 5583 2388 5638 quem
2417 5567 2605 5637 diligit
2642 5567 2845 5622 anima
2876 5583 3011 5621 mea
3041 5567 3310 5620 vidistis?
3349 5588 3374 5612 »
3421 5563 3602 5632 (Psal.

1959 5656 2206 5726 cxxxvr.)
2233 5654 2446 5725 Vigiles
2467 5657 2570 5727 qui
2599 5655 2946 5712 custodiunt
2970 5655 3288 5722 civitatem,
3306 5652 3366 5707 id
3397 5655 3486 5706 est
3506 5652 3606 5704 Ec-
