2046 3088
236 97 292 125 606

239 158 371 192 elesiam,
387 159 514 194 apostoli
529 159 575 187 vel
590 160 687 188 caeteri
699 160 838 189 doctores
854 164 925 189 sunt
939 161 992 197 qui
1007 160 1065 188 sol-
1079 161 1103 188 Α

240 203 349 231 licitam
361 203 554 237 gentilitatem
567 212 636 232 cum
649 205 779 234 veritatis
792 207 933 241 indagine
946 206 1066 234 invene—

239 250 317 276 runt.
336 249 374 274 De
388 248 499 284 quibus
514 249 638 277 dicitur:
668 262 682 275 «
712 251 771 278 Nisi
799 252 943 279 Dominus
965 253 1064 279 custo-

238 292 325 320 dierit
343 292 502 327 civitatem,
518 294 549 321 in
561 302 673 323 vanum
688 296 810 330 vigilant
823 296 876 332 qui
893 296 1066 324 custodiunt

238 344 307 365 eam
322 337 417 372 (Psal.
435 340 537 371 cxxvr).
558 349 572 364 »

276 393 290 407 α
306 381 462 410 Paululum
474 391 544 411 cum
558 385 795 420 pertransissem,
809 385 908 413 inveni
920 393 1013 421 quem
1023 384 1066 412 di-

241 437 255 451 α
270 425 333 460 ligit
346 427 448 455 anima
464 436 541 456 mea.
559 440 573 454 »
590 429 620 457 Id
634 432 679 458 est
691 430 767 458 dum
780 439 827 458 me
838 431 957 459 illorum
973 429 1067 464 magi-

239 470 328 498 sterio
345 471 453 499 tradidi
467 481 538 500 mox
553 473 656 502 lumen
678 475 806 503 veritatis
828 476 912 511 quod
930 474 1064 511 qumsivi,

239 516 350 544 inveni.
366 516 473 545 Aliter:
492 519 661 550 Quaerentes
676 522 777 547 autem
792 528 847 548 nos
862 520 966 554 vigiles
982 520 1065 547 inve-

239 560 326 589 niunt
340 561 391 597 qui
405 563 578 591 custodiunt
591 564 739 592 civitatem
759 564 831 600 quia
846 564 939 592 sancti
955 566 1064 597 Patres,

240 605 291 641 qui
309 606 444 633 Ecclesiae
459 608 568 634 statum
584 609 765 644 custodiunt,
781 609 867 636 bonis
880 608 987 636 nostris
1004 610 1065 635 stu-

240 651 296 679 diis
305 653 510 684 occurrunt,ut
521 660 575 680 suo
586 653 633 680 vel
643 652 734 680 verbo
748 653 793 681 vel
807 653 915 689 scripto
927 653 1064 680 doceant.

241 697 321 729 Quos
354 704 423 724 cum
451 696 608 732 paululum
642 698 869 733 pel-transimus,
897 698 1066 726 invenimus

239 748 330 776 quem
354 740 518 775 diligimus,
546 742 618 778 quia
645 742 825 778 Redemptor
852 745 961 775 noster,
988 745 1016 770 et
1042 742 1066 769 si

240 785 406 813 humilitate
421 786 513 813 homo
525 786 601 814 inter
619 787 766 821 homines,
792 787 945 815 divinitate
966 790 1065 815 tamen

241 837 332 865 super
342 829 478 858 homines
494 831 556 859 fuit.
574 831 648 864 Quia
659 832 717 859 nisi
732 832 783 868 qui
799 832 867 859 tidei
884 832 1023 868 passibus
1038 833 1066 859 et

240 882 317 910 pura
331 877 429 902 mente
443 883 547 903 omnes
564 879 683 904 sanctos
699 876 853 909 transierit,
874 879 902 905 et
917 877 1065 905 Christum

241 919 478 948 excellentiorem
488 920 629 948 omnibus
641 921 750 949 sanctis
758 921 923 956 crediderit,
933 921 1065 948 invenire

241 972 436 1000 nequaquam
452 965 567 1000 poterit.
590 977 603 990 «ι
626 966 718 993 Tenui
732 964 857 994 manum
871 966 936 1001 ejus
952 974 1006 993 nec
1022 966 1065 993 di-

241 1019 254 1032 ‹‹
274 1009 397 1042 mittam,
414 1009 509 1038 donec
524 1010 712 1038 introducam
727 1010 811 1038 illum
827 1011 857 1038 in
873 1011 999 1038 domum
1014 1018 1065 1046 pa-

241 1063 255 1079 (
281 1052 331 1081 tris
354 1053 422 1087 mei,
454 1056 482 1082 et
506 1054 537 1082 in
563 1055 735 1083 cubiculum
759 1055 908 1090 genitricis
938 1063 1022 1083 mete.
1049 1064 1064 1081 ›

239 1099 335 1125 Teneo
350 1097 433 1126 illum
448 1098 537 1127 ﬁrma
550 1099 619 1131 ﬁde,
647 1099 744 1127 donec
767 1100 797 1127 in
821 1100 880 1127 ﬁne
896 1099 996 1127 seaculi
1013 1108 1066 1135 per

238 1141 371 1170 ofﬁcium
398 1143 618 1179 prmdicationis
642 1144 830 1171 introducam
855 1144 937 1171 illum
958 1144 988 1172 in
1013 1144 1065 1171 do-

238 1195 324 1214 mum
337 1187 409 1216 etin
426 1188 599 1217 cubiculum
614 1190 792 1225 Synagogua,
811 1197 878 1225 quae
900 1197 948 1217 me
963 1189 1067 1224 genuit

239 1230 270 1258 in
286 1231 422 1265 Domino,
439 1242 454 1258 ‹
478 1235 506 1260 et
524 1232 575 1261 ﬁet
595 1241 690 1261 unum
707 1233 783 1261 ovile
806 1236 835 1261 et
864 1241 942 1261 unus
963 1236 1066 1270 pastor

239 1275 341 1310 (Joan.
356 1278 397 1309 Ι).
413 1286 428 1303 ι
443 1278 599 1313 Sequitur:

277 1330 290 1343 ‹‹
306 1320 419 1355 Adjuro
432 1328 494 1355 vos,
508 1322 574 1349 tiliae
589 1322 781 1356 Hierusalem,
797 1331 850 1359 per
864 1331 989 1359 capreas
1005 1330 1066 1349 cer-

241 1375 256 1389 «
272 1372 387 1400 vosque
400 1373 589 1401 camporum,
615 1375 652 1394 ne
675 1367 830 1401 suscitetis,
858 1375 956 1403 neque
980 1367 1067 1402 evigi-

241 1419 254 1434 «
271 1408 333 1436 lare
344 1408 457 1438 faciatis
472 1411 621 1446 dilectam,
646 1412 742 1440 donec
765 1413 831 1448 ipsa
854 1413 933 1440 velit.
960 1423 974 1437 »ι
1001 1412 1067 1440 Ubi-

240 1461 361 1489 cunque
375 1454 464 1489 igitur
477 1455 508 1483 in
524 1456 580 1483 hoc
594 1456 711 1484 cantico
734 1457 842 1485 similia
868 1457 960 1485 verba
984 1465 1066 1492 repe-

239 1497 355 1525 riuntur
379 1499 562 1527 credentium
582 1500 707 1528 diversis
725 1501 918 1537 temporibus,
936 1501 1067 1529 diverso-

240 1549 307 1569 rum
347 1544 530 1579 populorum
564 1553 701 1581 persona;
737 1546 975 1574 introducuntur.
1017 1546 1066 1573 Hic

239 1594 373 1623 namque
389 1587 483 1624 plebis
497 1589 575 1617 illius
592 1598 723 1626 persona
733 1591 850 1619 videtur
865 1591 975 1626 induci,
1000 1599 1066 1627 quae

238 1634 307 1667 post
322 1633 429 1662 Christi
448 1635 655 1664 ascensionem
676 1636 797 1670 fatigata
811 1636 969 1669 desiderio,
983 1644 1066 1671 qum—

238 1676 333 1704 rendo
347 1685 440 1713 quem
455 1678 597 1714 diligebat
610 1680 711 1708 anima
726 1681 802 1716 ejus,
820 1681 949 1708 Ecclesia.
964 1680 1066 1707 videli-

239 1723 285 1749 cet
297 1729 333 1749 ex
349 1723 498 1757 gentibus,
515 1732 592 1759 quae,
609 1725 767 1760 paululum
783 1725 898 1753 munita
914 1725 970 1752 sibi
983 1727 1064 1752 tran-

238 1766 392 1802 quillitatis
407 1775 490 1803 pace,
515 1769 545 1796 in
566 1770 730 1797 securitatis
746 1778 853 1797 somno
868 1770 1067 1805 requiesceret

239 1811 389 1847 cupiebat,
405 1815 433 1840 et
446 1812 514 1840 ideo
527 1814 632 1849 repetit
647 1814 726 1841 hunc
742 1822 858 1842 versum
875 1822 1016 1850 sponsus,
1028 1822 1065 1842 ne

238 1856 386 1885 minorem
405 1865 475 1885 eum
500 1858 638 1885 Ecclesiae
661 1867 697 1886 ex
713 1858 850 1893 gentibus
865 1861 1064 1893 congregatis,

238 1909 332 1937 quam
345 1902 455 1930 Iudaeis
471 1902 581 1931 habere
602 1903 828 1931 sollicitudinem
854 1906 984 1939 putares,
1013 1903 1065 1930 sed

238 1948 270 1973 ut
291 1946 327 1973 sit
343 1947 380 1974 de
396 1954 456 1974 una
469 1947 623 1983 utriusque
637 1956 697 1976 una
713 1956 835 1984 sponsa,
861 1951 888 1975 et
910 1947 960 1975 illa
975 1947 1065 1975 dilec—

239 1991 361 2023 tissima,
376 2000 467 2026 quem
484 1992 664 2020 versiculum
686 1993 748 2028 iam
776 1993 913 2029 superius
928 1992 1065 2029 exposui-

238 2041 316 2061 mus.
343 2035 419 2062 Filia-3
449 2036 628 2064 Hierusalem
656 2037 765 2064 animus
796 2040 866 2065 sunt
892 2038 1063 2071 electorum,

238 2085 305 2112 quae
326 2085 464 2115 supernae
486 2080 563 2108 illius
587 2081 767 2109 Hierusalem
789 2082 934 2110 visionem
957 2082 1066 2110 scilicet

237 2122 320 2157 pacis
332 2124 533 2159 speculantur.
551 2126 669 2161 Capreae
683 2126 727 2153 vel
737 2126 814 2153 cervi
832 2128 929 2153 Patres
942 2127 1012 2154 Novi
1030 2135 1065 2155 ac

238 2166 347 2193 Veteris
367 2170 545 2198 ’t‘estamenti
560 2170 774 2204 intelliguntur,
792 2178 922 2205 quorum
947 2171 977 2198 in
1000 2172 1064 2200 alti-

238 2210 339 2239 tudine
355 2213 615 2249 contemplationis
629 2223 743 2251 pascua
758 2218 836 2243 sunt.

273 2267 287 2281 α
305 2256 376 2288 Quae
391 2259 437 2285 est
455 2257 512 2285 ista
533 2267 600 2294 quae
623 2259 756 2287 ascendit
775 2267 828 2294 per
852 2259 1028 2288 desertum?
1049 2271 1063 2286 »

237 2301 320 2328 Hanc
335 2301 440 2335 opinor
456 2305 574 2336 gentem
597 2312 650 2339 per
673 2304 823 2332 desertum
840 2304 1062 2339 ascendentem,

236 2352 329 2380 quam
343 2346 447 2374 doctor
457 2347 590 2381 gentium
601 2348 710 2375 Paulus
721 2349 760 2376 ab
772 2347 957 2376 Hierusalem
969 2356 1063 2385 usque

236 2389 275 2417 ad
289 2389 447 2425 llliyricum
464 2394 688 2427 congregatum,
701 2395 729 2420 ct
745 2393 904 2428 unguentis
920 2393 1063 2421 doctrinae

236 2433 412 2469 delibutam,
427 2436 700 2473 mysteriorumque
718 2441 977 2466 sacramentorum
996 2446 1063 2467 aro—

237 2478 366 2506 matibus
377 2487 544 2515 aspersam,
554 2488 650 2516 usque
662 2481 700 2509 ad
708 2482 825 2517 paciﬁci
835 2483 912 2517 regis
920 2483 1062 2511 lectulum

235 2522 381 2559 perducit,
392 2523 429 2550 de
438 2531 499 2559 quo
510 2523 540 2550 in
549 2525 742 2560 sequentibus
753 2526 869 2561 legitur.
882 2527 963 2555 Unde
972 2527 1062 2554 mira-

236 2570 283 2596 tur
294 2568 454 2603 Synagoga
464 2568 619 2603 quomodo
630 2570 763 2603 gentium
774 2571 903 2606 populus
914 2570 996 2598 nullo
1010 2571 1062 2598 eir-

236 2612 428 2640 cumcisionis
446 2612 588 2647 mysterio
608 2613 799 2643 emundatus.
810 2615 892 2642 nulla
903 2615 1063 2650 propheta-

235 2665 303 2685 rum
317 2657 521 2685 admonitione
534 2657 676 2691 eruditus,
693 2658 792 2686 subito
806 2659 845 2686 ab
855 2659 965 2687 inﬁmis
980 2660 1062 2688 volu-

235 2702 367 2738 ptatibus
379 2710 432 2738 per
447 2701 597 2729 desertum
611 2702 781 2737 gentilitatis
797 2706 825 2730 et
835 2703 1009 2732 idololatriae
1023 2704 1062 2732 ad

236 2747 294 2774 alta
309 2747 450 2775 virtutum
466 2746 597 2775 culmina
618 2750 646 2775 et
666 2747 770 2783 sponsi
786 2747 943 2783 amplexus
956 2757 1061 2776 ascen-

236 2790 334 2817 disset.
348 2790 418 2817 Vere
431 2789 565 2817 desertus
581 2789 664 2817 locus
679 2792 750 2822 erat,
766 2789 815 2817 ubi
832 2799 941 2818 nomen
958 2791 1059 2818 Christi

236 2843 295 2863 non
312 2834 406 2863 fut-rat
420 2833 618 2863 nominatum.
647 2847 659 2859 ιι
686 2834 765 2863 Sicut.
786 2835 900 2870 virgula
915 2835 1000 2871 fumi,
1026 2844 1061 2862 ex

1080 847 1102 875 B

1086 1524 1106 1551 Ε

789 100 966 129 ΑΝὒΕωΜί
988 98 1212 129 ιυΧονιΕΝειε
1231 99 1389 129 MONACHI

1899 101 1965 129 θοι

1119 171 1133 185 ι(
1150 161 1335 190 aromatibus
1346 162 1476 198 myrrhae
1485 163 1516 190 et
1526 161 1629 195 thuris,
1636 163 1666 191 et
1677 161 1808 190 universi
1816 162 1965 198 pulveris

1120 216 1133 229 ‹‹
1150 206 1349 241 pigmentarii.
1373 218 1387 231 »
1409 207 1439 234 ld
1467 209 1512 234 est
1527 206 1589 241 igni
1602 206 1712 234 amoris
1728 214 1890 242 succensa,
1910 207 1967 235 vel

1119 258 1187 277 cum
1203 251 1285 278 omni
1299 251 1366 278 nisu
1385 251 1525 279 virtutum
1539 251 1580 279 ad
1594 251 1725 279 cmicstia
1739 251 1880 280 tendens.
1901 253 1967 280 Per

1120 295 1275 331 myrrham
1289 296 1478 324 mortificatio
1497 296 1664 324 carnalium
1679 296 1885 333 voluptatum,
1905 305 1967 333 per

1119 339 1187 366 thus
1199 340 1314 375 puritas
1328 340 1509 375 orationum,
1533 343 1560 369 ct
1579 341 1610 369 in
1625 341 1751 369 diversis
1772 341 1966 377 pulveribus

1120 383 1308 419 pigmentarii
1320 385 1456 413 omnium
1470 386 1612 413 virtutum
1622 385 1708 414 odor.
1721 385 1870 414 Moraliter
1887 395 1966 414 vero

1121 432 1225 457 sancta
1239 429 1400 458 electorum
1417 430 1545 458 Ecclesia
1559 439 1628 458 cum
1652 430 1691 458 ab
1716 431 1774 459 hoc
1788 432 1917 460 mundo
1931 432 1966 459 in

1120 474 1229 501 sanctis
1244 474 1383 509 precibus
1401 474 1516 503 ardenti
1532 483 1635 503 amore
1651 483 1683 502 se
1697 476 1793 510 erigit,
1819 484 1876 512 per
1902 476 1965 504 de-

1119 520 1231 545 sertum
1246 518 1328 554 quod
1342 519 1475 547 deseruit
1488 519 1632 547 ascendit.
1649 519 1760 547 Fumus
1774 519 1812 548 de
1826 520 1966 548 incenso

1120 562 1262 590 nascitur.
1283 565 1317 590 Et
1331 571 1384 599 per
1398 564 1587 592 Psalmistam
1602 564 1731 593 dicitur:
1759 575 1773 588 ‹‹
1802 565 1967 599 Dirigatur

1118 606 1213 633 oratio
1227 614 1294 634 mea
1313 607 1389 635 sicut
1409 607 1563 636 incensum
1586 608 1616 636 in
1636 611 1801 644 conspectu
1815 610 1878 641 tuo,
1900 611 1966 638 Do-

1120 650 1199 678 mine
1214 652 1275 685 (Ps.
1293 652 1366 687 CXL).
1378 662 1392 676 »
1409 654 1519 680 Fumus
1534 655 1671 680 excutere
1685 652 1847 688 laerymas,
1862 653 1963 681 solet.

1121 697 1221 731 itaque
1234 695 1335 724 fumus
1360 704 1396 724 ex
1419 697 1605 725 aromatibus
1617 699 1662 726 est
1675 698 1871 734 compunetio
1884 706 1964 727 ora-

1121 739 1207 767 tionis
1223 743 1367 777 conccpta
1379 749 1415 769 ex
1430 741 1589 770 virtutibus
1606 742 1728 769 amoris.
1751 743 1824 775 Quae
1850 745 1962 771 tamen

1121 784 1214 812 oratio
1227 784 1302 812 fumi
1318 785 1433 820 virgula
1446 786 1561 819 dicitur,
1576 786 1648 822 quia
1657 786 1732 814 dum
1743 786 1808 814 sola
1819 786 1961 815 caelestia

1123 829 1261 865 postulat,
1279 830 1320 857 sic
1335 833 1414 858 recta
1425 830 1614 866 progreditur
1629 834 1661 858 ut
1675 831 1714 859 ad
1727 834 1845 860 terrena
1860 835 1959 868 atque

1122 874 1297 909 temporalia
1308 875 1478 910 appetenda
1487 875 1609 902 minime
1616 874 1794 904 reﬂectatur.
1804 878 1837 904 Et
1847 879 1960 904 notan-

1121 918 1193 945 dum
1207 919 1288 954 quod
1303 927 1364 946 non
1376 919 1467 954 virga,
1479 919 1531 947 sed
1541 919 1657 954 virgula
1665 923 1865 956 nuncupatur,
1875 921 1955 957 quia

1119 962 1270 990 interdum
1285 963 1316 990 in
1329 964 1569 1000 compunctionis
1582 964 1701 999 ardore,
1720 967 1810 993 tanta;
1833 965 1954 993 subtili-

1121 1007 1187 1034 tatis
1202 1010 1247 1035 est
1261 1007 1302 1035 vis
1315 1008 1438 1042 amoris,
1456 1011 1487 1037 ut
1501 1009 1580 1036 hanc
1595 1017 1650 1036 nec
1664 1008 1728 1045 ipse
1738 1010 1860 1038 animus
1870 1018 1955 1038 com-

1119 1051 1304 1087 prehendere
1324 1053 1374 1088 qui
1392 1053 1577 1081 illuminatus
1598 1054 1707 1082 meruit
1729 1054 1851 1082 habere.
1875 1057 1954 1083 Bene

1120 1097 1177 1123 hoc
1192 1096 1298 1123 dicitur
1313 1097 1442 1132 myrrhae
1458 1100 1487 1125 et
1502 1098 1607 1126 thuris.
1631 1099 1710 1127 Thus
1729 1099 1811 1126 enim
1833 1107 1871 1127 ex
1885 1099 1954 1133 lege

1122 1141 1237 1169 Domini
1251 1141 1281 1168 in
1296 1141 1440 1169 sacriﬁcio
1455 1142 1632 1170 incenditur.
1646 1144 1698 1171 Per
1712 1144 1868 1179 myrrham
1880 1152 1954 1172 vero

1120 1193 1247 1221 corpora
1262 1189 1379 1213 mortua
1393 1186 1583 1221 condiuntur,
1607 1195 1645 1214 ne
1668 1196 1686 1215 a
1709 1188 1863 1216 vermibus
1884 1196 1953 1216 cor—

1120 1232 1308 1265 rumpantur.
1325 1232 1447 1266 Myrrhae
1463 1239 1534 1266 ergo
1555 1233 1584 1259 et
1601 1232 1692 1259 thuris
1705 1232 1883 1259 sacriﬁcium
1898 1232 1946 1259 of—

1120 1274 1228 1309 ferunt,
1243 1274 1294 1310 qui
1310 1278 1338 1303 et
1352 1283 1473 1304 carnem
1486 1275 1625 1309 adiciunt,
1639 1283 1676 1303 ne
1688 1276 1730 1303 eis
1740 1276 1942 1311 corruptionis

1121 1319 1191 1346 vitia
1204 1318 1406 1353 dominentur,
1427 1322 1454 1347 et
1469 1320 1649 1348 redolentem
1664 1320 1692 1347 in
1707 1322 1869 1356 conspectu
1885 1321 1948 1347 Do-

1121 1363 1193 1391 mini
1209 1363 1320 1391 amoris
1340 1364 1386 1391 sui
1405 1364 1535 1392 hostiam
1555 1364 1725 1398 incendunt,
1747 1371 1839 1399 seque
1863 1364 1953 1399 ipsos

1122 1408 1179 1435 Deo
1193 1408 1223 1435 in
1240 1409 1349 1435 sanctis
1364 1409 1520 1436 virtutibus
1542 1409 1692 1437 exhibent.
1721 1408 1805 1436 Unde
1834 1411 1864 1436 et
1890 1408 1953 1436 illic

1121 1452 1275 1480 subditur:
1305 1464 1319 1478 ‹‹
1347 1455 1380 1480 Et
1404 1454 1533 1481 universi
1556 1454 1687 1489 pulveris
1714 1453 1914 1490 pigmentarii.
1937 1465 1953 1478 η

1122 1497 1220 1524 Pulvis
1246 1498 1436 1533 pigmentarii
1464 1499 1557 1526 virtus
1586 1499 1675 1526 bona).
1699 1498 1892 1534 operationis.
1920 1500 1957 1527 Et

1121 1543 1286 1570 notandum
1296 1543 1377 1572 quod
1390 1543 1511 1571 virtutes
1522 1544 1598 1571 bene
1611 1544 1802 1580 operantium
1812 1551 1875 1572 non
1886 1544 1956 1579 pig-

1122 1590 1233 1622 menta,
1249 1588 1301 1616 sed
1314 1588 1453 1624 pulveres
1466 1588 1615 1616 dicuntur.
1631 1589 1705 1617 Cum
1718 1589 1798 1616 enim
1810 1588 1958 1624 quislibet

1120 1632 1202 1660 bona
1214 1633 1342 1667 agimus.
1354 1633 1508 1669 pigmenta
1520 1633 1685 1661 offerimus.
1698 1635 1773 1661 Cum
1786 1641 1858 1661 vero
1868 1633 1957 1661 bona

1120 1676 1186 1712 ipsa
1201 1676 1287 1704 etiam
1304 1685 1371 1712 quis
1385 1677 1503 1712 agimus
1517 1680 1724 1710 retractemus,
1736 1680 1765 1705 et
1778 1685 1816 1705 ne
1830 1677 1905 1713 quid
1922 1678 1956 1705 in

1120 1721 1167 1748 his
1181 1721 1331 1749 sinistrum
1355 1722 1391 1750 sit
1409 1722 1522 1757 judicio
1547 1722 1731 1750 retractionis
1756 1722 1954 1756 attendimus,

1120 1766 1207 1800 quasi
1223 1773 1257 1792 ex
1274 1766 1434 1801 pigmentis
1455 1767 1607 1802 pulverem
1628 1767 1765 1800 facimus,
1791 1768 1823 1795 ut
1839 1767 1956 1795 oratio-

1120 1817 1189 1836 nem
1202 1812 1335 1837 nostram
1348 1811 1474 1839 Domino
1487 1819 1539 1847 per
1551 1811 1760 1840 discretionem
1772 1814 1801 1839 et
1814 1819 1956 1839 amorem

1120 1854 1257 1882 subtilius
1276 1855 1485 1883 incendamus.

1156 1910 1169 1923 u
1188 1901 1229 1926 En
1243 1899 1384 1927 lectulum
1401 1900 1569 1928 Salomonis
1588 1901 1743 1935 sexaginta
1759 1900 1898 1928 ambiunt
1912 1909 1953 1929 ex

1122 1953 1135 1969 ‹
1151 1943 1318 1971 fortissimis
1335 1945 1433 1972 lsrael.
1456 1956 1469 1968 »
1497 1945 1638 1973 Salomon
1660 1945 1712 1981 qui
1738 1945 1953 1980 interpretatur

1117 1989 1272 2023 paciﬁcus,
1305 1989 1463 2017 Dominum
1490 1990 1592 2017 Jesum
1622 1989 1770 2028 Christum
1795 1989 1948 2022 designat.

1122 2033 1256 2061 Lectulus
1271 2034 1439 2062 Salomonis
1454 2034 1555 2070 quieta
1580 2036 1625 2062 est
1650 2042 1735 2062 mens
1761 2035 1946 2067 sanctorum,

1120 2077 1150 2105 in
1166 2078 1276 2113 quibus
1302 2079 1365 2114 ipse
1390 2078 1471 2106 velut
1494 2079 1524 2106 in
1548 2078 1656 2106 lectulo
1676 2077 1840 2114 requiescit.
1857 2078 1951 2105 Sexa-

1121 2122 1203 2156 ginta
1217 2122 1306 2150 fortes
1321 2123 1530 2158 praedicatores
1548 2126 1616 2151 sunt
1631 2123 1736 2156 sancti,
1752 2125 1781 2151 et
1795 2122 1954 2150 fortissimi

1119 2166 1289 2200 bellatores,
1317 2168 1370 2203 qui
1393 2168 1507 2196 mundo
1534 2169 1623 2196 corde
1651 2168 1734 2203 digni
1759 2170 1828 2195 sunt
1854 2168 1953 2195 Deum

1119 2210 1229 2238 videre.
1253 2212 1393 2239 Senarius
1411 2213 1490 2240 enim
1513 2220 1658 2240 numerus
1674 2215 1797 2248 propter
1815 2220 1867 2239 sex
1882 2211 1952 2239 dies

1118 2255 1229 2291 quibus
1246 2257 1321 2284 Deus
1335 2257 1483 2284 mundum
1497 2257 1564 2285 fecit
1591 2259 1619 2284 et
1643 2265 1694 2284 sex
1718 2256 1825 2284 mundi
1845 2259 1952 2284 tetates

1118 2301 1266 2336 perfectus
1281 2304 1333 2329 est.
1355 2302 1496 2330 Denarius
1511 2310 1581 2330 vero
1597 2310 1742 2330 numerus
1767 2304 1806 2329 ad
1825 2301 1951 2328 decalo-

1119 2352 1191 2379 gum
1203 2345 1276 2380 legis
1291 2346 1424 2381 pertinet.
1440 2346 1495 2379 Qui
1507 2355 1559 2382 per
1570 2347 1719 2374 senarium
1731 2346 1951 2382 multiplicatus

1119 2388 1205 2417 fuerit
1219 2391 1375 2425 sexaginta
1390 2390 1550 2427 complent.
1570 2391 1670 2419 Sexies
1683 2390 1764 2423 deni,
1788 2390 1951 2425 sexaginta

1119 2437 1196 2462 sunt.

1154 2489 1169 2505 ι
1181 2480 1290 2507 Omnes
1303 2481 1433 2507 tenentes
1448 2479 1575 2514 gladios,
1589 2481 1617 2507 et
1630 2479 1668 2507 ad
1680 2479 1758 2508 bella
1768 2479 1949 2511 doctissimi,

1119 2535 1132 2548 ‹‹
1151 2524 1386 2559 uniuscujusque
1401 2524 1480 2551 ensis
1498 2532 1588 2560 super
1607 2524 1704 2552 femur
1719 2533 1807 2552 suum
1823 2526 1953 2560 propter

1118 2578 1131 2591 «
1149 2567 1268 2594 timores
1283 2570 1454 2595 nocturnos.
1478 2579 1492 2593 »
1515 2570 1626 2597 Tenent
1639 2569 1718 2597 enim
1735 2568 1870 2604 gladium
1885 2568 1952 2604 spi—

1116 2611 1199 2643 ritus,
1216 2612 1298 2647 quod
1313 2614 1358 2639 est
1372 2612 1499 2640 verbum
1515 2613 1575 2647 Dei,
1600 2614 1652 2650 qui
1672 2616 1754 2650 quod
1770 2622 1822 2641 ore
1836 2613 1953 2641 docent

1117 2656 1258 2692 operibus
1273 2656 1432 2693 complent.
1450 2658 1534 2685 Ensis
1548 2661 1649 2686 autem
1664 2661 1707 2686 est
1722 2658 1860 2686 custodia
1873 2658 1953 2693 vigi-

1116 2701 1192 2735 lans,
1207 2701 1304 2729 cordis
1321 2702 1580 2737 concupiscenties
1595 2711 1746 2739 premens,
1762 2711 1799 2731 ne
1818 2702 1951 2730 verbum

1117 2746 1335 2781 praedicationis
1350 2746 1542 2775 immunditia
1556 2747 1621 2775 vitm
1638 2747 1775 2775 maculet.
1791 2749 1952 2775 Nocturna

1117 2799 1185 2817 Vt‘l‘O
1199 2791 1317 2818 timores
1329 2794 1396 2817 sunt
1408 2791 1522 2818 insidiis
1539 2792 1649 2820 diaboli
1664 2796 1692 2820 et.
1705 2793 1882 2820 teutationcs
1899 2800 1952 2820 oc-

1117 2835 1201 2862 cultu)
1206 2855 1210 2861 .
1215 2837 1235 2862 Ν
1239 2843 1274 2870 eq
1280 2844 1314 2863 ue
1321 2844 1331 2852 ρ
1415 2835 1594 2864 medendum
1601 2839 1645 2866 est
1653 2836 1846 2866 Salomonetn
1855 2839 1953 2866 tanta:
