4092 6176
1411 173 1666 232 ENABB.
1709 170 1777 228 IN
1814 164 2122 230 CANTIGA
2163 166 2433 228 CANTIC.

3539 169 3647 232 506
3701 235 3707 244 .

233 295 659 367 agnitudinis
675 295 1018 368 negem,qui
1037 295 1119 352 sic
1133 296 1445 352 immensis
1459 292 1889 356 divitiisaﬂlue-
1916 299 1961 354 Α
2004 293 2236 346 mentes
2265 292 2583 362 signiticat,
2611 292 2832 366 quibus
2863 293 3013 349 inmr
3039 297 3279 352 sanctos
3296 294 3650 368 praedicato-

231 387 344 444 bat.
371 391 433 440 ut
455 384 702 456 pondus
720 385 848 440 auri
877 386 1006 456 ejus
1031 386 1312 442 testimari
1332 403 1454 446 non
1472 388 1690 457 posset.
1717 387 1771 440 et
1793 398 1888 438 ar-

231 481 474 545 gentum
500 474 562 529 in
585 473 802 530 diebus
824 474 981 529 illius
1004 475 1256 545 pretium
1288 491 1409 532 non
1435 474 1701 539 haberet,
1720 471 1887 544 quod

225 565 302 620 de
331 564 509 631 lignis
555 563 759 619 Libani
783 563 1076 620 ferculum
1098 564 1209 620 sibi
1237 564 1456 632 fecerit,
1492 569 1554 623 ut
1573 564 1838 636 sequitur
1869 577 1884 616 :

305 676 330 702 α
365 651 674 708 Ferculum
711 653 823 708 sibi
855 653 989 708 fecit
1015 670 1118 710 rex
1151 653 1434 710 Salomon
1484 653 1557 710 de
1587 652 1762 721 lignis
1797 649 1883 706 1ιὶ-

237 765 268 793 ιι
298 743 457 799 bani.
489 764 520 794 κ
541 742 850 798 Ferculum
883 742 1218 800 Salomonis
1251 748 1338 798 est
1357 747 1569 800 sancta
1600 739 1883 807 Ecclesia,

237 849 370 903 quae
403 831 706 887 credentes
736 832 1064 887 adeaternae
1111 832 1494 888 beatitudinis
1545 830 1754 903 epulas
1805 829 1884 884 le-

238 925 351 986 vat,
381 937 517 993 quin
546 921 622 976 de
648 920 897 976 fortibus
939 921 1142 977 animo
1170 922 1346 993 quasi
1371 921 1549 990 lignis
1607 917 1879 991 imputriv

235 1009 452 1068 bilibus
484 1015 822 1065 constructa
836 1015 944 1066 est.

303 1121 333 1147 ιι
355 1097 673 1154 Columnas
703 1099 833 1170 ejus
864 1099 1000 1154 fecit
1024 1104 1360 1166 argenteas.
1397 1122 1424 1151 »
1457 1098 1762 1156 Columna:
1790 1112 1878 1156 αι·-

228 1193 448 1254 gentes
471 1192 610 1243 sunt
628 1187 904 1243 doctores
930 1189 1150 1260 eloquii
1171 1189 1300 1244 luce
1329 1189 1649 1260 fulgentes:
1676 1210 1701 1234 ‹‹
1731 1187 1878 1244 ιὲθοσ

221 1295 250 1325 ‹‹
282 1275 624 1333 linatorium
657 1293 980 1332 aureum.»
1015 1277 1472 1334 Reclinatorium
1509 1293 1758 1335 aureum
1789 1280 1881 1336 est

221 1380 359 1437 pes
393 1371 696 1439 perpetuae
717 1367 929 1438 quietis
959 1367 1236 1423 ﬁdelibus
1259 1368 1580 1440 promissa,
1614 1367 1737 1424 sive
1769 1364 1878 1420 ful.

219 1468 326 1522 gor
357 1454 643 1511 claritatis
669 1454 912 1525 intimis,
956 1457 1016 1511 in
1041 1473 1166 1528 qua
1193 1457 1515 1512 electorum
1546 1457 1763 1513 animae
1791 1469 1878 1510 re-

218 1543 519 1602 clinantur
546 1545 608 1600 in
652 1545 939 1617 requiem.
990 1549 1084 1602 Est
1113 1553 1313 1602 autem
1342 1546 1638 1602 columnis
1667 1560 1880 1612 argenv-

220 1633 325 1689 teis
363 1633 811 1691 reclinatorium
837 1652 1108 1706 aureum,
1140 1637 1283 1709 quia
1313 1653 1417 1709 per
1478 1637 1591 1693 hoc
1623 1635 1788 1708 quod
1843 1651 1879 1690 a
1908 1657 1949 1715 Β

218 1724 440 1778 sanctis
471 1724 966 1796 praedicatoribus
1009 1725 1206 1782 lucere
1237 1726 1471 1787 dicitur,
1515 1730 1745 1781 mentes
1768 1740 1878 1778 au-

215 1811 510 1872 dientium
542 1812 834 1884 fulgorem
858 1814 1136 1871 claritatis
1167 1816 1227 1870 in
1255 1832 1378 1887 qua
1407 1814 1768 1871 reclinentur
1789 1813 1875 1869 in-

216 1901 483 1956 veniunt.
532 1903 642 1957 Per
684 1903 798 1958 hoc
829 1903 985 1958 enim
1012 1905 1176 1976 quod
1208 1903 1538 1960 luculenter
1565 1908 1624 1959 et
1673 1907 1877 1975 aperte

215 1989 499 2058 audiunt,
515 1990 577 2046 in
593 1991 694 2046 illo
721 1992 881 2063 quod
914 1992 1184 2048 clarescit
1200 1994 1258 2048 in
1275 1993 1452 2048 corde
1472 1993 1872 2065 requiescunt.

215 2077 530 2134 Columnas
562 2095 705 2149 ergo
739 2085 1034 2150 argenteae
1057 2086 1113 2137 et
1133 2082 1576 2137 reclinatorium
1626 2097 1872 2137 aureum

219 2167 446 2220 factum
470 2171 574 2231 est,
598 2167 740 2238 quia
751 2184 858 2240 per
876 2168 1070 2225 lucem
1091 2170 1385 2226 sermonis
1407 2169 1700 2224 invenitur
1715 2169 1874 2240 apud

225 2254 503 2316 animum
527 2255 764 2314 claritas
789 2257 1021 2328 quietis.
1059 2258 1154 2313 Ille
1162 2259 1289 2329 jam
1311 2259 1537 2330 quippe
1563 2257 1747 2328 fulget
1775 2257 1876 2329 qui

225 2341 478 2398 interius
520 2349 783 2400 mentem
815 2345 1072 2416 irradiat,
1129 2353 1192 2401 ut
1226 2363 1332 2419 per
1361 2347 1744 2403 intentionem
1792 2346 1875 2404 ibi

220 2431 582 2501 requiescat,
618 2433 721 2488 ubi
759 2435 1200 2506 praadicationis
1248 2437 1436 2504 gratia
1488 2453 1608 2492 non
1639 2454 1870 2508 qurere-

217 2522 332 2574 tur.
397 2519 510 2577 Sed
561 2521 762 2578 adhuc
815 2524 980 2594 quad
1035 2524 1263 2580 clarum
1317 2525 1645 2581 ostenditur
1690 2526 1869 2595 intus,

211 2605 416 2678 qualis
442 2608 516 2663 sit
540 2624 832 2664 ascensus
875 2612 1168 2682 adjungit,
1217 2629 1352 2668 cum
1383 2614 1595 2669 eodem
1647 2614 1870 2671 ferculo

211 2695 486 2766 protinus
515 2697 718 2753 subdit
750 2715 762 2752 :
801 2722 827 2748 ‹‹
859 2706 1186 2756 Ascensum
1218 2717 1607 2775 purpureum.
1639 2727 1664 2754 ››
1715 2704 1870 2769 Quid

209 2789 296 2838 est
350 2799 648 2840 ascensus
680 2803 1038 2858 purpureus,
1068 2790 1182 2843 nisi
1232 2796 1564 2862 martyrum
1597 2792 1868 2861 sanguis,

205 2877 261 2926 et
288 2873 495 2944 passio
513 2874 924 2946 Redemptoris
950 2878 1133 2932 nostri
1161 2878 1188 2932 ‘I
1215 2879 1364 2943 Quia
1388 2895 1510 2934 non
1527 2880 1870 2937 ascenditur

203 2961 279 3015 ad
309 2961 526 3034 epulas
543 2963 695 3031 vitm,
715 2965 938 3037 nisiper
962 2967 1281 3038 myterium
1297 2969 1601 3040 passionis
1634 2969 1866 3025 Christi.

205 3051 267 3104 Et
293 3049 452 3105 bene
488 3067 774 3108 ascensus
805 3068 1141 3127 purpureus
1157 3056 1453 3112 subditur.
1473 3058 1625 3112 Vera
1643 3058 1868 3130 quippe

203 3152 496 3211 purpura,
525 3141 670 3212 quia
695 3141 768 3197 de
798 3143 1090 3211 sanguine
1119 3144 1364 3213 tingitur
1389 3161 1512 3201 non
1569 3145 1865 3203 immerito

202 3226 258 3282 in
287 3228 492 3285 colore
515 3231 824 3300 sanguinis
847 3232 1096 3288 videtur.
1126 3235 1192 3288 Et
1248 3233 1391 3304 quia
1417 3234 1687 3291 maxima
1717 3235 1868 3291 mul-

204 3317 385 3373 titudo
441 3318 717 3376 ﬁdelium
797 3321 858 3376 in
927 3322 1174 3377 exordio
1248 3323 1548 3378 nascentis
1599 3323 1863 3380 Ecclesiae

203 3423 304 3478 per
331 3409 606 3480 martyrii
637 3411 994 3480 sanguinem
1027 3411 1295 3483 pervenit
1328 3411 1408 3467 ad
1437 3427 1708 3482 regnum.
1743 3417 1862 3470 Rex

207 3501 397 3553 noster
425 3514 757 3554 ascensum
783 3515 1156 3573 purpureum
1188 3500 1320 3556 fecit
1350 3500 1410 3556 in
1445 3500 1686 3572 ferculo,
1718 3504 1863 3575 quia

207 3584 280 3640 ad
310 3586 541 3645 clarum
573 3588 739 3660 quod
770 3590 928 3644 intus
959 3589 1245 3662 aspicitur
1273 3605 1380 3661 per
1415 3590 1859 3649 tribulationem

212 3676 520 3742 sanguinis
541 3679 904 3747 pervenitur.
937 3678 1090 3742 Quid
1121 3694 1262 3748 ergo
1307 3695 1417 3735 nos
1447 3680 1646 3738 miseri
1679 3687 1859 3752 atque

215 3761 293 3815 ab
320 3765 482 3820 omni
511 3765 846 3822 fortitudine
877 3767 1159 3833 destituti,
1192 3768 1338 3839 quid
1370 3772 1556 3826 acturi
1589 3788 1800 3826 sumus
1833 3772 1860 3826 ?

221 3854 361 3906 Ecce
389 3853 447 3908 in
495 3854 605 3910 hoc
659 3856 885 3914 ferculo
939 3856 1236 3913 columnas
1293 3873 1422 3913 esse
1472 3875 1592 3914 non
1647 3877 1858 3932 possu-

218 3955 366 4010 mus,
419 3943 564 4015 quia
605 3944 666 4001 in
713 3945 892 4002 nobis
935 3961 1048 4002 nec
1077 3945 1359 4003 fortitudo
1389 3948 1604 4018 operis,
1637 3964 1745 4003 nec
1766 3949 1856 4004 lu-

209 4047 338 4088 men
366 4035 586 4091 emicat
614 4036 1074 4108 praedicationis.
1111 4037 1568 4094 Recliuatorium
1597 4054 1718 4092 non
1749 4039 1854 4094 ha-

204 4119 428 4186 bemus,
461 4125 611 4197 quia
637 4128 898 4181 necdum
930 4126 1080 4182 sicut
1098 4131 1328 4198 oportet
1359 4142 1465 4198 per
1492 4126 1854 4184 intellectum

204 4211 569 4282 spirituale
603 4217 869 4287 requiem
901 4222 1134 4271 aeterna:
1174 4216 1476 4272 charitatis
1506 4217 1852 4288 aspicimus.

201 4305 488 4359 Ascensus
512 4319 856 4375 purpureus
880 4321 999 4360 non
1033 4322 1266 4373 sumus,
1299 4306 1440 4377 quia
1465 4323 1570 4377 pro
1606 4308 1852 4363 Redem-

1993 386 2481 454 resetmartyres,
2524 399 2626 455 per
2646 386 2944 455 praecepta
2975 383 3275 439 charitatis
3295 383 3354 438 in
3386 385 3647 441 cmlestia

1993 467 2194 525 locum
2219 473 2542 534 constituit,
2574 474 2718 544 quia
2773 479 2829 528 et
2870 473 2972 545 qui
3003 473 3062 527 in
3117 473 3433 528 virtutibus
3485 475 3645 532 intir-

1992 562 2254 627 mantur,
2289 560 2336 615 si
2355 561 2488 632 ipsa
2501 562 2663 618 bona
2683 578 2817 633 quae
2846 565 3098 632 possunt
3127 561 3321 616 facere
3340 579 3479 620 cum
3510 564 3647 618 cha-

1991 647 2158 704 ritate
2189 665 2308 705 non
2340 648 2671 719 negligant,
2699 666 2735 707 a
2769 650 2862 706 Dei
2885 651 3278 706 aedificatione
3308 650 3482 706 alieni
3522 668 3641 710 non

1993 741 2152 792 sunt.
2183 737 2388 794 Omnis
2414 738 2575 794 enim
2605 738 2710 810 qui
2741 739 3088 794 charitatcm
3117 739 3299 795 habet
3318 740 3412 796 Dei
3441 745 3645 812 ctpro-

1990 824 2153 890 ximi,
2186 825 2264 881 ad
2293 827 2448 884 hanc
2505 828 2771 898 requiem
2821 832 2876 884 et
2925 827 3000 884 ad
3052 828 3163 883 has
3203 828 3412 900 epulas
3471 828 3642 885 laetus

1988 915 2291 985 pervenit:
2329 916 2452 970 haec
2489 915 2696 972 omnia
2725 922 3081 974 ornamenta
3111 917 3380 974 Ecclesiae
3421 918 3644 991 praesti-

1988 1004 2053 1058 tit
2083 1005 2348 1059 Christus
2365 1004 2444 1060 ob
2475 1005 2725 1060 nimiam
2747 1005 3096 1062 charitatem
3126 1022 3249 1078 qua
3277 1007 3480 1066 dilexit
3505 1024 3639 1079 nos,

1986 1100 2041 1149 et
2077 1095 2314 1150 tradidit
2342 1095 2729 1167 semetipsum
2756 1111 2866 1167 pro
2898 1095 3093 1152 nobis.

2059 1207 2084 1231 ‹‹
2112 1184 2472 1252 Egredimini
2502 1189 2556 1242 et
2578 1184 2793 1250 videte,
2825 1183 2958 1240 filiae
3001 1184 3388 1253 Hierusalem,
3438 1202 3641 1258 regem

1989 1294 2016 1320 α
2048 1271 2450 1328 Salomonem.
2488 1296 2512 1321 η
2545 1272 2634 1328 Ad
2685 1273 2842 1330 hanc
2890 1274 3090 1345 itaque
3146 1273 3429 1335 laetitiam.
3475 1280 3532 1331 et
3563 1275 3640 1330 ad

1985 1360 2166 1429 hujus
2197 1362 2464 1430 mysterii
2509 1360 2973 1432 contemplanda
3028 1366 3274 1433 secreta,
3321 1378 3443 1418 non
3486 1363 3643 1419 inﬁr-

1987 1463 2121 1516 mae,
2148 1448 2251 1502 sed
2274 1448 2547 1519 perfectas
2579 1449 2793 1504 animae
2827 1453 3250 1520 convocantur,
3280 1466 3412 1522 quae
3461 1449 3518 1506 in
3549 1466 3641 1506 re-

1987 1551 2058 1605 ge
2092 1536 2412 1593 Salomone
2434 1537 2771 1595 dominium
2788 1538 3143 1608 intelligunt,
3163 1539 3386 1611 quibus
3404 1539 3638 1596 dicitur:

1989 1625 2348 1693 Egredimini
2395 1632 2592 1684 mente
2624 1632 2680 1681 et
2721 1633 2858 1684 actu
2908 1628 2982 1684 de
3043 1629 3381 1686 turbulenta
3429 1629 3640 1684 mundi

1986 1715 2462 1784 conversatione,
2515 1721 2579 1773 ut
2655 1734 2857 1786 regem
2935 1718 3180 1774 valeatis
3233 1717 3450 1774 videre.
3485 1742 3512 1769 ‹‹
3575 1721 3638 1776 In

1987 1803 2346 1870 diademate,
2383 1827 2409 1854 ‹‹
2467 1821 2590 1877 quo
2653 1807 2964 1865 coronavit
3019 1824 3157 1864 eum
3206 1815 3395 1864 mater
3443 1825 3573 1864 sua.
3609 1830 3636 1857 ››

1987 1892 2186 1948 Videte
2221 1893 2538 1950 Dominum
2569 1895 2867 1953 Christum
2921 1896 2980 1952 in
3025 1896 3418 1967 humanitate,
3451 1913 3636 1970 quam

1985 1981 2060 2037 de
2091 1982 2316 2050 virgine
2375 1989 2562 2040 matre
2593 1991 2931 2058 susceptam
2977 1987 3037 2041 in
3072 1986 3399 2057 majestatis
3446 1993 3638 2059 pater-

1984 2088 2079 2127 nze
2109 2071 2353 2128 dextera
2415 2073 2739 2132 collocavit.
2776 2097 2803 2124 α
2840 2078 2901 2132 ln
2941 2075 3036 2132 die
3067 2074 3542 2149 desponsationis
3574 2075 3639 2130 il-

1983 2162 2167 2218 lius.»
2198 2168 2286 2220 est
2341 2163 2398 2220 in
2433 2168 2697 2236 tempore
2733 2165 3156 2222 incarnationis
3187 2165 3365 2231 illius,
3409 2181 3532 2239 quo
3557 2165 3636 2222 ad

1982 2252 2390 2324 copulandam
2432 2254 2543 2310 sibi
2577 2254 2900 2311 Ecclesium
2930 2270 3221 2327 sponsam
3253 2271 3324 2310 ex
3361 2255 3636 2325 virginali

1984 2348 2151 2398 utero
2175 2343 2477 2413 processit.
2503 2367 2530 2393 α
2563 2347 2626 2398 Et
2659 2343 2720 2400 in
2759 2343 2854 2401 die
2883 2343 3088 2402 laetitiae
3120 2345 3316 2400 cordis
3345 2345 3492 2415 ejus.
3514 2367 3542 2395 ››
3571 2344 3634 2400 ld

1982 2438 2071 2487 est
2099 2432 2490 2505 redemptoris
2544 2434 2791 2490 humani
2846 2436 3103 2504 generis,
3162 2451 3295 2507 quae
3347 2433 3456 2490 fuit
3507 2433 3634 2490 dies

1981 2522 2186 2578 laetitiae
2237 2522 2484 2579 Christo.
2537 2523 2754 2580 Aliter:
2788 2523 3084 2581 Admonet
3123 2530 3186 2580 ut
3241 2539 3476 2597 semper
3498 2527 3636 2580 ante

1981 2610 2187 2666 oculos
2214 2611 2411 2667 cordis
2440 2612 2703 2670 habeant
2750 2616 2965 2669 sanctae
2996 2612 3207 2669 animae
3244 2628 3446 2682 regem
3478 2611 3638 2668 Salo-

1982 2716 2246 2769 monem,
2278 2701 2392 2756 hoc
2413 2707 2502 2758 est
2539 2703 2857 2774 paciﬁcum
2882 2709 3180 2772 nostrum,
3211 2703 3315 2776 qui
3340 2702 3636 2760 esthris-

1983 2794 2094 2844 tus.
2131 2793 2189 2844 In
2213 2789 2574 2860 diademate,
2599 2793 2657 2849 id
2682 2798 2769 2850 est
2793 2792 2852 2849 in
2881 2792 2984 2848 illa
3001 2792 3210 2865 spinea
3230 2808 3474 2857 corona,
3507 2809 3634 2866 qua

1980 2879 2290 2934 coronavit
2317 2895 2455 2935 eum
2482 2885 2672 2937 mater
2702 2898 2830 2936 sua.
2854 2883 3177 2952 Synagoga
3203 2881 3630 2937 scilicetJudas~

1979 2982 2173 3032 orum,
2209 2985 2277 3022 ex
2328 2985 2450 3040 qua
2483 2970 2817 3024 secundum
2867 2986 3109 3025 carnem
3169 2970 3402 3036 genitus
3456 2972 3626 3029 estin

1978 3055 2073 3110 die
2120 3057 2602 3127 desponsationis
2636 3058 2785 3128 ejus,
2815 3074 2936 3130 quo
2967 3057 3076 3114 sibi
3109 3057 3498 3129 desponsavit
3530 3062 3627 3114 Ec-

1977 3144 2240 3200 clesiam.
2276 3151 2410 3211 Quae
2465 3147 2662 3217 major
2712 3146 2914 3203 laetitia
2955 3163 3088 3201 esse
3143 3146 3335 3216 potuit
3375 3147 3624 3214 Christo,

1975 3250 2159 3306 quam
2195 3251 2334 3291 cum
2365 3251 2470 3307 per
2501 3237 2629 3304 ejus
2682 3235 3029 3308 passionem
3089 3234 3418 3307 redemptio
3470 3237 3626 3294 facta

1973 3329 2064 3380 est
2082 3324 2332 3382 humani
2352 3325 2586 3394 generis
2607 3325 2634 3382 ?

2617 3470 2838 3525 CAPUT
2861 3470 2946 3524 ιν.

2045 3614 2070 3638 ι(
2107 3595 2298 3657 Quam
2338 3593 2589 3663 pulchra
2620 3609 2703 3661 es,
2735 3594 2930 3650 amica
2961 3611 3117 3664 mea,
3145 3610 3332 3666 quam
3373 3595 3625 3669 pulchra

1969 3682 2065 3737 es!
2094 3702 2120 3732 ν
2155 3682 2386 3738 Abrasa
2417 3684 2637 3739 scilicet
2667 3684 2832 3738 omni
2886 3683 3165 3738 vitiorum
3190 3686 3622 3744 consuetudine

1969 3771 2167 3827 carnis
2192 3778 2248 3825 et
2279 3788 2314 3826 a
2359 3772 2687 3828 multorum
2717 3771 2970 3827 deorum
3015 3773 3280 3844 turpium
3314 3774 3495 3841 cultu,
3544 3775 3622 3830 ad

1971 3875 2159 3914 unum
2183 3876 2388 3916 verum
2418 3863 2604 3916 Deum
2643 3877 2945 3916 conversae
2993 3861 3264 3916 Ecclesiae
3317 3862 3622 3930 geminam

1968 3947 2473 4018 pulchritudinem
2501 3948 2728 4004 laudat.
2763 3947 3077 4004 Pulchram
3107 3948 3255 4004 dixit
3274 3947 3618 4021 Ecclesiam,

1967 4041 2024 4094 et
2054 4037 2369 4108 pulchram
2423 4037 2651 4110 repetit,
2708 4037 2852 4109 quia
2880 4037 3035 4094 hanc
3090 4043 3147 4094 et
3200 4038 3619 4110 praedicatione

1966 4133 2023 4182 et
2050 4128 2282 4182 actione
2305 4127 2448 4184 vidit
2471 4144 2599 4184 esse
2615 4127 3004 4184 laudabilem.
3039 4150 3065 4176 ‹‹
3093 4127 3258 4184 Oculi
3283 4129 3365 4186 tui
3395 4129 3618 4186 colum-

1923 4243 1938 4253 -
1964 4217 2201 4273 barum.
2241 4242 2266 4266 ››
2299 4219 2518 4274 Sensus
2549 4217 2652 4284 tui,
2683 4217 2898 4290 inquit,
2933 4216 3331 4290 spiritualium
3356 4225 3499 4276 sunt
3535 4236 3618 4276 re-

1964 4322 2097 4362 rum
2133 4307 2632 4380 c-«mtemplatione
2660 4307 3012 4364 excellentes
3043 4323 3112 4363 ac
3136 4309 3475 4367 verecundi.
3504 4311 3617 4365 Seu

205 4394 358 4458 ptore
403 4397 620 4448 nostro
679 4392 926 4449 fundere
975 4393 1330 4462 sanguinein
1391 4411 1512 4450 non
1559 4396 1849 4453 valemus.
1885 4369 1929 4424 θ
1963 4395 2140 4462 oculi,
2175 4398 2362 4452 sancti
2397 4397 2672 4452 doctores
2720 4397 2902 4451 decus
2951 4396 3158 4467 populi
3189 4397 3612 4469 intelliguntur.

202 4479 342 4542 Quid
372 4497 519 4551 ergo
547 4481 626 4538 de
648 4481 822 4538 nobis
854 4482 1161 4552 agendum
1192 4488 1279 4538 est
1308 4485 1335 4540 ‘2
1363 4499 1498 4554 qua:
1531 4501 1668 4556 spcs
1723 4485 1848 4549 erit,

201 4568 244 4620 si
284 4569 485 4626 nullus
532 4570 614 4626 ad
648 4586 900 4640 regnum
949 4572 1239 4642 pervenit,
1295 4571 1402 4626 nisi
1458 4573 1560 4644 qui
1598 4575 1850 4630 summis

201 4659 475 4725 praeditus
497 4660 818 4718 virtutibus
846 4661 1016 4716 fuerit
1042 4663 1069 4719 ‘?
1093 4661 1205 4716 Sed
1247 4661 1415 4718 adest
1445 4678 1684 4735 quoque
1717 4680 1853 4718 noe-

203 4750 282 4803 tra
334 4749 697 4806 consolatio:
767 4757 1050 4806 Amemus
1105 4750 1462 4821 inquantum
1523 4768 1850 4824 possumus

204 4836 397 4908 Deum,
414 4839 748 4910 diligamus
767 4844 824 4896 et
843 4839 1208 4911 proximum,
1223 4846 1275 4895 et
1297 4840 1473 4896 simul
1494 4857 1736 4914 quoque
1771 4841 1848 4896 ad

203 4923 295 4979 Dei
323 4925 618 4986 ferculum
641 4928 1042 4999 pertinemus:
1079 4927 1218 4998 quia
1246 4930 1396 4984 sicut
1419 4930 1704 5001 scriptum
1737 4933 1845 4995 est,

205 5013 393 5070 media
440 5016 734 5076 charitate
782 5017 1128 5074 constravit.
1188 5017 1374 5074 Habet
1428 5020 1653 5090 quippe
1711 5019 1848 5076 cha-

204 5097 444 5174 ritatem,
475 5111 535 5164 et
560 5104 644 5160 ibi
665 5104 792 5162 sine
821 5103 1010 5164 dubio
1051 5106 1364 5177 praevenis,
1396 5107 1494 5161 nhi
1525 5115 1579 5164 ct
1621 5107 1845 5164 colum-

203 5203 279 5244 na
322 5202 607 5262 argentea
658 5195 919 5264 erigitur.
954 5199 1010 5249 et
1040 5210 1324 5252 ascensus
1370 5213 1708 5270 purpureus
1763 5203 1844 5254 te-

199 5284 398 5338 netur:
443 5300 594 5340 nam
625 5284 768 5356 quia
804 5285 917 5339 hoc
973 5289 1213 5356 propter
1263 5290 1535 5341 nostram
1593 5285 1844 5342 infirmi-

201 5373 366 5426 tatem
446 5373 706 5441 dicitur,
768 5377 969 5445 aperte
1021 5377 1411 5429 monstratur
1505 5389 1642 5427 cum
1730 5374 1844 5429 illic

201 5457 512 5516 subditur:
577 5484 602 5510 «ι
635 5463 817 5517 Media
873 5462 1156 5517 cliaritate
1233 5460 1554 5517 constravit
1602 5467 1844 5533 pmpter

201 5566 226 5594 α
261 5547 414 5606 ﬁlias
448 5550 838 5608 Hierusalem.
883 5574 910 5604 η
965 5551 1133 5609 Filias
1183 5549 1391 5606 dicunt
1421 5565 1544 5604 non
1574 5551 1750 5622 ﬁlios,
1779 5551 1841 5607 id

202 5640 284 5693 est
308 5637 585 5698 inﬁrmos
617 5657 759 5713 :per
786 5640 936 5704 ﬁlios
990 5637 1351 5703 Hierusalem
1406 5638 1837 5704 inﬁrmantium

1966 4507 1992 4532 ιι
2017 4485 2255 4556 Absque
2287 4502 2358 4541 eo
2416 4486 2579 4557 quod
2627 4485 2982 4541 intrinsecus
3013 4484 3221 4540 latet.»
3270 4489 3484 4554 Magna
3530 4490 3617 4538 est

1961 4574 2184 4646 quippe
2209 4574 2395 4638 gloria
2417 4575 2606 4646 aperti
2632 4575 2847 4646 operis,
2882 4572 2986 4628 sed
3015 4572 3192 4641 longe
3227 4571 3614 4642 inoptabilior

1965 4662 2644 4730 telorumretributionis,
2689 4678 2824 4733 quas
2879 4660 3138 4717 necdum
3171 4659 3355 4713 videri
3394 4663 3604 4732 potest.

1963 4773 1989 4800 ι(
2025 4751 2229 4822 (lapilli
2254 4751 2335 4808 tui
2390 4751 2542 4806 sicut
2590 4765 2800 4827 greges
2856 4764 3201 4820 caprarum,
3241 4764 3376 4820 quae
3407 4765 3613 4804 ascen~

1960 4840 2174 4895 derunt
2206 4839 2279 4894 de
2327 4845 2529 4896 monte
2582 4861 2609 4889 «
2637 4838 2879 4896 Galaad.
2909 4860 2937 4889 ››
2969 4839 3226 4895 Possunt
3254 4839 3315 4894 in
3376 4839 3611 4912 capillis

1961 4927 2163 4982 ﬁdeles
2193 4926 2402 4998 populi
2433 4926 2640 4997 accipi,
2672 4927 2775 4999 qui
2797 4926 3131 4983 maximum
3161 4927 3346 4984 decus
3373 4945 3483 4986 sua
3501 4945 3611 4984 nu-

1959 5016 2296 5076 merositate
2324 5015 2592 5090 praebent
2635 5015 2926 5073 Ecclesiae.
2961 5016 3186 5073 Galaad
3217 5033 3465 5076 acervus
3505 5024 3588 5076 tes

1958 5108 2190 5163 limoniz'
2218 5106 2652 5179 interpretatur,
2679 5105 2784 5179 qui
2815 5106 2967 5162 bene
3003 5107 3282 5163 convenit
3325 5108 3607 5165 adunatae

1958 5195 2318 5252 multitudini
2353 5199 2717 5252 sanctorum.
2781 5198 3032 5252 Possunt
3060 5213 3165 5268 per
3195 5197 3443 5269 capillos
3476 5213 3608 5268 spe-

1957 5284 2177 5342 cialiter
2211 5284 2328 5358 ipsi
2383 5284 2486 5358 qui
2516 5301 2588 5340 ex
2619 5284 3068 5341 circumcisione
3101 5284 3481 5342 crediderunt
3508 5285 3600 5340 de-

1956 5374 2211 5442 signari;
2252 5375 2311 5431 hi
2371 5375 2775 5432 accenderunt
2796 5373 2870 5430 de
2920 5379 3121 5430 monte
3164 5375 3411 5444 Galaad,
3460 5374 3607 5446 quia

1954 5479 2058 5532 per
2089 5465 2425 5520 testimonia
2456 5481 2763 5520 sacrarum
2824 5463 3263 5534 Scripturarum
3312 5465 3604 5519 venerunt

1951 5553 2032 5609 ad
2053 5553 2255 5608 tidem.

2024 5663 2051 5688 ‹‹
2083 5643 2296 5698 Dentes
2327 5641 2408 5700 tui
2435 5641 2588 5698 sicut
2611 5657 2820 5713 greges
2847 5648 3178 5709 tonsarum,
3210 5655 3346 5712 qum
3395 5651 3602 5700 ascen-
