4092 6176
434 207 538 261 607

1532 203 1889 260 ANGELOMI
1928 199 2378 258 LUXOVIENSIS
2416 199 2732 261 MONACHI

3743 202 3850 256 608

437 354 464 381 ‹‹
497 330 712 386 derunt
737 326 1083 382 delavacro.
1105 345 1135 377 ›
1159 329 1222 381 ΙΙΙ
1247 328 1474 400 capillis
1497 327 1845 398 fragiliores,
1869 324 2074 382 viden-
2106 329 2152 382 A
2190 330 2282 382 cto
2304 327 2466 384 illata
2485 333 2572 385 est
2588 327 2666 384 ad
2690 327 2842 383 iram
2865 341 3036 381 mens
3053 323 3420 395 accenditur,
3445 323 3654 381 audiat
3680 305 3854 398 quod

434 419 591 475 tibus
618 431 758 472 vero
789 413 1166 486 perfectiores
1197 416 1420 489 quique
1448 421 1913 489 sanctarumque
1934 415 2078 470 Scri-

432 512 746 580 pturarum
778 505 1170 577 expositores,
1203 509 1258 562 et
1287 506 1367 562 ad
1393 507 1714 577 regendam
1757 506 2078 562 Ecclesiam

433 593 558 667 apti
583 592 992 664 designantur,
1016 594 1119 667 qui
1141 594 1292 651 lacte
1321 595 1603 651 doctrina
1634 611 1757 651 non
1786 595 2075 665 indigent,

435 684 694 740 solidum
709 682 912 739 cibum
925 683 1272 740 mandendo
1311 684 1439 741 aliis
1469 685 1836 758 impertiunt.
1854 683 1964 750 Qui
1982 700 2077 739 as-

435 773 762 830 cenderunt
783 771 856 826 de
888 771 1147 841 lavacro,
1182 773 1238 828 id
1273 774 1538 830 estfonte
1571 774 1720 831 sacri
1749 773 2078 846 baptisma-

435 863 524 928 tis,
549 862 653 933 qui
683 867 740 916 et
758 861 914 916 tonsi
944 865 1000 917 et
1018 862 1122 918 loti
1152 869 1308 931 sunt,
1333 864 1447 920 hoc
1469 869 1575 932 est,
1631 863 1839 919 nudati
1896 862 2076 918 rebus

431 950 839 1005 renuntiantes
865 951 1175 1023 saeculo,et
1190 953 1322 1008 vita
1344 953 1588 1010 lavacro
1602 951 1886 1008 mundati.
1909 953 2078 1007 «Om-

433 1061 462 1090 ς
494 1053 602 1093 nes
634 1037 901 1108 gemellis
933 1039 1168 1095 fetibus.
1196 1060 1224 1090 ›
1254 1040 1317 1095 Id
1349 1045 1438 1096 est
1466 1041 1708 1111 gemina
1767 1041 2072 1105 charitate,

431 1125 526 1180 vel
545 1125 664 1181 fide
694 1130 750 1181 et
775 1142 953 1199 opere
974 1127 1232 1184 fecundi.
1269 1151 1297 1180 ¢
1331 1132 1398 1184 Et
1425 1129 1636 1184 sterilis
1660 1145 1782 1185 non
1813 1133 1899 1184 est
1925 1127 2078 1184 inter

433 1237 461 1264 ‹‹
495 1231 596 1271 eas
622 1233 633 1270 :
660 1239 688 1265 »
713 1231 835 1271 non
864 1220 953 1272 est
980 1218 1083 1288 qui
1107 1217 1257 1273 fetus
1272 1218 1417 1274 boni
1439 1218 1635 1290 operis
1660 1234 1784 1274 non
1815 1221 1975 1288 agat.

508 1329 535 1353 ‹‹
557 1306 716 1361 Sicut
743 1305 885 1361 vitta
943 1307 1222 1363 coccinea
1272 1307 1437 1363 labia
1497 1312 1617 1376 tua,
1671 1311 1726 1363 et
1770 1305 2078 1378 eloquium

435 1415 462 1444 ‹‹
496 1398 664 1450 tuum
682 1394 874 1451 dulce.
911 1419 938 1445 n
974 1396 1229 1452 Coccum
1257 1397 1419 1452 color
1445 1401 1534 1453 est
1578 1396 1888 1468 sanguinis
1935 1395 2073 1452 vitta

435 1485 713 1540 coccinea
738 1486 1013 1557 (myrrha
1033 1486 1266 1555 dicitur)
1289 1502 1562 1543 cruorem
1589 1487 1863 1556 designat
1877 1486 2079 1542 beato-

431 1589 568 1628 rum
596 1579 949 1646 martyrum.
984 1575 1082 1631 Vel
1111 1575 1256 1632 vitta
1277 1576 1555 1632 coccinea
1575 1575 1850 1633 doctrina
1874 1576 2080 1632 verita-

2188 415 2402 472 dicitur
2431 435 2492 472 ;«
2521 421 2647 472 Non
2677 431 2917 489 quaras
2949 414 3256 470 ultionem.
3287 429 3398 469 nec
3446 429 3684 470 memor
3733 414 3853 470 eris

2187 504 2414 576 injuriae
2440 505 2662 562 civium
2693 510 2931 561 tuorum
2961 504 3150 575 (Leuit
3177 520 3295 559 xxx.
3320 525 3348 553 »
3377 507 3441 558 In
3471 503 3671 558 carnis
3703 520 3851 560 con-

2188 594 2554 666 cupiscentia
2579 593 3025 650 malesauciata
3055 608 3226 647 mens
3257 591 3628 663 accenditur,
3651 608 3730 649 ne
3762 608 3855 649 se-

2186 688 2407 756 quatur
2442 683 2652 740 oculus
2683 687 2966 754 mentem,
2996 681 3206 738 audiat
3249 681 3417 754 quod
3445 680 3674 737 dictum
3706 687 3800 738 est
3834 699 3852 738 :

2187 794 2215 823 «
2243 772 2352 838 Qui
2378 772 2588 829 viderit
2631 771 2942 827 mulierem
2971 770 3051 827 ad
3100 770 3654 843 concupiscendum
3685 787 3852 840 eam,

2179 862 2311 933 jam
2339 862 2676 918 machatus
2702 865 2791 916 est
2819 876 2955 916 eam
2984 861 3047 915 in
3070 859 3252 916 corde
3284 876 3394 915 suo
3423 859 3665 931 (Matth.
3698 864 3787 928 v.)
3823 884 3853 911 ››

2186 953 2404 1008 Contra
2430 949 2740 1006 inimicum
2769 948 3018 1005 forsitan
3059 948 3319 1021 quisque
3348 948 3622 1004 animum
3666 966 3855 1007 suum

2185 1039 2454 1096 relaxare
2483 1038 2747 1112 disponit
2775 1037 2836 1093 in
2867 1038 3030 1108 odio,
3059 1036 3265 1093 audiat
3287 1037 3455 1109 quod
3504 1037 3623 1093 illic
3661 1039 3854 1112 scrip-

2186 1131 2315 1184 tum
2345 1134 2431 1184 est
2458 1134 2485 1183 ε’
2503 1151 2530 1178 ‹‹
2557 1127 2782 1198 Diligite
2805 1126 3080 1182 inimicos
3107 1131 3333 1182 vestros
3357 1126 3578 1199 (Ibid.),
3607 1150 3636 1176 ››
3681 1133 3740 1184 et
3761 1144 3856 1184 re-

2184 1216 2370 1289 liqua.
2406 1216 2519 1273 Sed
2543 1216 2593 1272 is
2623 1216 2728 1289 qui
2753 1215 2949 1272 aliena
2973 1216 3106 1287 jam
3128 1231 3252 1271 non
3281 1215 3458 1288 rapit,
3485 1214 3686 1272 adhuc
3717 1217 3848 1272 for-

2188 1305 2340 1361 sitan
2369 1305 2707 1361 inordinate
2726 1304 2958 1374 retinet,
2990 1303 3199 1360 audiat
3254 1304 3423 1377 quod
3450 1303 3568 1360 illic
3596 1304 3814 1361 dicitur
3833 1323 3852 1362 :

2189 1415 2218 1444 «
2246 1393 2488 1450 Vendite
2519 1410 2654 1466 qua
2692 1393 3036 1466 possidetis,
3088 1397 3146 1448 et
3199 1393 3339 1449 date
3390 1393 3854 1465 eleemosynam

2191 1483 2352 1556 (Luc.
2383 1486 2506 1552 x11).
2532 1505 2560 1532 ››
2593 1482 2954 1538 lnﬁrmantis
2976 1481 3215 1538 animus
3234 1481 3340 1555 qui
3367 1481 3590 1555 perfrui
3618 1482 3858 1540 deside-

2188 1577 2283 1628 rat
2302 1573 2421 1628 Deo
2449 1570 2631 1626 simul
2651 1575 2706 1627 et
2727 1570 2968 1642 saeculo,
2991 1570 3201 1626 audiat
3227 1571 3394 1642 quod
3410 1570 3525 1627 illic
3556 1571 3853 1644 scriptum

433 1662 505 1717 tis
535 1663 895 1733 intelligitur.
932 1664 1113 1721 Labia
1130 1681 1387 1738 sponsae,
1420 1665 1482 1721 id
1512 1671 1599 1722 est
1626 1665 1922 1733 Ecclesia,
1951 1682 2080 1722 coc—
2108 1683 2151 1739 Β
2193 1664 2280 1716 est
2303 1678 2315 1714 :
2338 1683 2365 1710 ιι
2392 1664 2574 1716 Nemo
2597 1663 2791 1732 potest
2805 1659 3046 1715 duobus
3069 1658 3332 1714 dominis
3356 1659 3578 1715 servire
3600 1661 3846 1728 (Matth.

432 1767 502 1807 co
528 1751 952 1821 assimilantur,
993 1753 1138 1826 quia
1167 1753 1456 1810 Dominici
1479 1754 1789 1824 sanguinis
1820 1755 2080 1826 pretium

429 1857 552 1912 quo
580 1841 890 1914 redempta
923 1848 1007 1898 est
1031 1844 1356 1916 pradicare
1382 1859 1504 1900 non
1534 1850 1744 1915 cessat,
1770 1848 1826 1900 et
1853 1845 1914 1900 in
1931 1861 2080 1917 pra-

431 1929 728 1986 dicatione
755 1931 833 1987 ab
864 1931 1077 1988 ardore
1103 1938 1324 1989 sancta
1355 1933 1658 1990 charitatis
1701 1935 2078 2004 ﬂammescit,

430 2023 488 2073 et
516 2020 818 2076 auditores
847 2037 988 2076 suos
1016 2021 1076 2076 in
1105 2022 1416 2079 dilectione
1445 2023 1547 2078 Dei
1576 2023 1851 2080 ardentes
1881 2023 2074 2079 efﬁcit.

431 2129 459 2155 ‹‹
492 2107 652 2162 Sicut
679 2107 954 2178 fragmen
978 2109 1351 2183 malipunici,
1371 2112 1453 2168 ita
1481 2127 1650 2181 gena
1683 2117 1819 2178 tua,
1849 2112 2078 2185 absque

431 2196 563 2266 «ξξθο
593 2197 760 2269 quod
787 2197 1146 2254 intrinsecus
1171 2199 1331 2256 latet.
1367 2223 1394 2250 ››
1421 2201 1486 2256 In
1509 2201 1675 2272 genis
1696 2201 2075 2269 verecundia,

428 2285 490 2341 in
521 2286 684 2342 malo
710 2287 933 2360 punico
964 2289 1165 2362 passio
1215 2291 1424 2347 Christi
1474 2291 1842 2363 exprimitur.
1896 2292 2081 2348 Habet

427 2389 570 2446 ergo
599 2376 883 2433 ruborem
912 2379 972 2434 in
1009 2379 1176 2448 genis
1210 2396 1436 2451 sponsa
1462 2381 1608 2437 mali
1663 2380 1889 2454 punici,
1939 2398 2078 2437 cum

427 2470 872 2522 sacramentum
905 2468 1226 2524 Dominica
1257 2470 1450 2525 crucis
1479 2469 1676 2526 verbis
1731 2469 1966 2539 fatetur,
2023 2473 2079 2525 et

428 2551 595 2608 factis
624 2554 858 2626 probat.
890 2555 1103 2612 Aliter:
1139 2557 1223 2612 Illi
1251 2558 1412 2613 enim
1430 2557 1642 2614 faciem
1675 2557 1947 2613 Ecclesiae
1969 2558 2074 2613 de-

415 2651 570 2698 ‘cora
586 2642 829 2712 faciunt,
859 2647 981 2716 qui,
1003 2645 1321 2702 comitante
1337 2646 1720 2718 verecundia,
1744 2646 2076 2703 castitatem

431 2736 685 2788 servant.
721 2732 826 2789 Vel
857 2739 1010 2790 certe
1035 2749 1203 2804 gena
1233 2735 1506 2792 Ecclesia
1538 2739 1676 2791 sunt
1707 2735 1894 2792 sancti
1919 2752 2075 2792 mar-

426 2823 608 2893 tyres,
636 2821 741 2894 qui
770 2822 1070 2879 imitantes
1102 2823 1307 2880 Christi
1335 2825 1702 2898 passionem,
1731 2841 1904 2881 roseo
1935 2841 2073 2881 san-

429 2909 627 2979 guinis
655 2911 743 2966 sui
766 2911 925 2968 velut
946 2912 1222 2983 fragmen
1244 2914 1386 2970 mali
1436 2914 1639 2986 punici
1685 2915 1900 2970 decore
1947 2931 2076 2988 per-

427 2995 543 3053 fusi
568 3003 724 3054 sunt.

502 3109 530 3138 ‹‹
565 3087 723 3144 Sicut
747 3088 922 3144 turris
946 3089 1130 3145 David
1164 3090 1383 3147 collum
1401 3095 1593 3159 tuum,
1617 3108 1750 3164 quae
1783 3090 2076 3148 aediﬁcata

429 3179 575 3233 «est
661 3193 802 3233 cum
854 3180 1328 3252 propugnaculis
1375 3178 1573 3236 suis.»
1631 3179 1836 3236 Turris
1887 3181 2076 3236 David

429 3270 638 3323 sancta
669 3267 925 3324 Ecclesia
945 3274 1050 3339 est,
1065 3269 1188 3324 sive
1204 3270 1486 3342 perfectio
1503 3269 1592 3326 vel
1613 3269 1885 3326 doctrina
1909 3286 2078 3326 sanc-

430 3358 647 3420 torum,
679 3372 815 3427 qua
845 3372 968 3412 non
997 3374 1033 3413 a
1061 3374 1144 3426 se,
1173 3358 1278 3414 sed
1307 3374 1344 3414 a
1399 3359 1627 3415 Christo
1685 3363 1792 3414 est.
1845 3359 2077 3415 Collum

428 3442 547 3514 ipsi
573 3447 712 3498 sunt
740 3444 1184 3515 pradicatores,
1215 3463 1478 3518 quorum
1509 3452 1566 3504 et
1594 3447 1929 3504 constantia
1981 3464 2077 3504 ea-

429 3530 569 3586 dem
591 3531 796 3588 civitas
823 3531 999 3590 firma
1029 3539 1136 3604 est,
1169 3540 1225 3590 et
1249 3535 1516 3607 undique
1570 3536 2072 3608 inexpugnabilis.

429 3621 893 3694 Propugnacula
917 3627 1118 3678 autem
1145 3623 1415 3694 ejusdem
1443 3623 1694 3680 civitatis
1750 3625 2077 3696 Scriptura-

428 3727 562 3766 rum
595 3727 902 3768 sacrarum
934 3712 1268 3768 munimina
1300 3717 1455 3781 sunt,
1490 3713 1584 3769 vel
1613 3718 1853 3786 patrum
1882 3730 2079 3786 prece-

428 3800 700 3857 dentium
728 3800 1026 3873 exempla.
1054 3825 1081 3852 «
1107 3803 1251 3859 Mille
1283 3802 1477 3876 clypei
1506 3804 1773 3876 pendent
1803 3819 1875 3859 ex
1930 3821 2019 3860 ea.
2049 3827 2076 3853 »

429 3889 579 3956 Quia
606 3896 753 3962 quot
781 3890 842 3947 in
862 3891 1080 3947 divinis
1111 3891 1275 3948 libris
1304 3897 1607 3966 praecepta
1637 3899 1796 3964 sunt,
1830 3898 1914 3950 tot
1941 3898 2080 3950 sunt

427 3980 613 4033 nostri
638 3981 892 4050 pectoris
920 3981 1274 4043 munimina.
1305 3984 1527 4055 quibus
1558 3992 1771 4040 contra
1826 3984 2076 4040 insidias

430 4077 642 4118 omnes
697 4067 1096 4126 defendimur.
1123 4095 1151 4122 «
1185 4073 1390 4128 Omnis
1420 4079 1727 4129 armatura
1755 4073 2016 4129 fortium.
2050 4095 2078 4125 »

433 4151 637 4207 Omnis
667 4154 975 4216 instructio
1032 4165 1140 4226 est,
1195 4161 1290 4216 vel
1347 4163 1738 4234 operationis,
1794 4162 1888 4217 vel
1935 4162 2077 4218 doc-

430 4237 599 4295 trina
675 4245 946 4314 caelestis,
1012 4263 1118 4320 per
1199 4265 1386 4322 quam
1470 4266 1593 4306 non
1653 4250 1849 4305 solum
1941 4267 2081 4308 eva-

431 4327 652 4394 dimus,
715 4334 823 4388 sed
881 4336 1060 4393 etiam
1108 4354 1482 4411 superamus.
1571 4339 1848 4395 Dicamus
1904 4345 2084 4412 prout

431 4432 594 4492 papa
623 4422 938 4492 Gregorius
970 4439 1126 4481 more
1173 4443 1284 4481 suo
1337 4426 1686 4483 mirabiliter
1732 4427 1980 4485 intonat.
2015 4431 2082 4484 In

432 4509 583 4566 collo
611 4511 828 4568 etenim
873 4518 1076 4584 guttur
1104 4515 1164 4571 in
1198 4519 1430 4585 gutture
1469 4533 1587 4571 vox
1625 4520 1734 4572 est.
1769 4517 1920 4582 Quid
1977 4534 2084 4590 per

431 4600 652 4658 collum
671 4607 890 4660 sancta
907 4605 1192 4670 Ecclesia,
1209 4605 1321 4660 nisi
1335 4621 1507 4660 sacra
1519 4604 1757 4678 eloquio
1769 4606 2086 4677 designan-

431 4694 554 4748 tur?
568 4697 630 4752 In
643 4711 765 4766 qua
780 4693 939 4750 mille
953 4694 1145 4767 clypei
1164 4694 1503 4767 dependere
1522 4701 1934 4752 memorantur
1951 4715 1963 4752 :
1980 4713 2087 4770 per

431 4778 593 4836 hunc
615 4783 943 4852 perfectum
968 4800 1289 4841 numerum
1320 4801 1609 4843 numerus
1632 4786 1948 4843 universus
1988 4803 2085 4842 os-

435 4867 716 4938 tenditur,
735 4872 880 4941 quia
896 4874 1175 4930 universa
1194 4879 1399 4932 nostra
1417 4876 1670 4933 munitio
1692 4877 1751 4932 in
1775 4893 1947 4933 sacro
1964 4877 2086 4933 elo-

434 4953 577 5020 quio
599 4959 954 5014 continetur.
1001 4963 1324 5037 Ibiquippe
1349 4972 1491 5022 sunt
1511 4971 1811 5038 pracepta
1849 4969 1970 5035 Dei,
2005 4963 2088 5022 ibi

434 5041 710 5112 exempla
735 5044 1055 5112 justorum.
1076 5051 1131 5104 Si
1151 5053 1311 5106 enim
1330 5056 1778 5126 torpetanimus
1806 5072 1843 5110 a
1873 5054 2087 5110 Condi-

436 5127 578 5183 toris
625 5146 737 5185 suo
778 5132 1094 5201 desiderio,
1128 5139 1333 5195 audiat
1353 5143 1517 5212 quod
1535 5143 1748 5198 dicitur
1783 5161 1794 5197 :
1823 5162 1852 5194 ‹‹
1877 5143 2090 5212 Diliges

438 5216 757 5274 Dominum
782 5223 968 5276 Deum
1007 5227 1176 5279 tuum
1217 5227 1434 5295 (Exod.
1453 5231 1574 5300 xx),
1595 5252 1623 5280 ››
1654 5235 1711 5285 et
1732 5229 1978 5300 reliqua.
2027 5237 2091 5287 ln

441 5306 578 5362 odio
599 5307 854 5364 fortasse
877 5309 1097 5365 labitur
1117 5315 1396 5384 proximi,
1435 5315 1819 5389 audiatquod
1843 5316 2087 5378 dicitur:

434 5417 462 5444 ‹‹
503 5397 718 5467 Diliges
755 5398 1100 5470 proximum
1153 5405 1324 5456 tuum
1365 5403 1516 5458 sicut
1563 5404 1818 5474 teipsum
1849 5406 2089 5475 (Matth.

434 5488 598 5556 xxn),
634 5509 662 5536 »
692 5490 802 5543 Res
822 5487 1051 5543 alienas
1073 5490 1459 5561 concupiscit.
1511 5491 1717 5547 audiat
1763 5495 1930 5566 quod
1977 5496 2093 5552 illic

437 5575 723 5649 scriptum
744 5583 830 5634 est
856 5595 868 5633 :
899 5598 928 5631 «
961 5582 1089 5634 Non
1141 5581 1536 5652 concupisces
1563 5597 1689 5638 rem
1719 5585 1978 5657 proximi
2011 5591 2095 5661 tui

436 5666 654 5725 \Exod.
683 5668 803 5742 xx).
832 5690 859 5719 »
891 5668 970 5726 De
999 5669 1218 5742 injuria
1251 5686 1387 5743 qua
1413 5687 1449 5729 a
1478 5672 1733 5746 proximi
1764 5690 1867 5732 ore
1896 5675 1991 5732 vel
2003 5675 2091 5734 fa-

2191 1755 2294 1818 vi).
2328 1774 2357 1800 »
2376 1750 2538 1806 Alius
2563 1765 2685 1806 non
2716 1749 2795 1806 ad
2833 1748 3246 1806 necessitatem
3290 1749 3590 1823 stipendii,
3625 1751 3733 1806 sed
3765 1751 3848 1808 ad

2189 1839 2558 1896 voluntatem
2578 1838 2856 1895 desiderii
2881 1855 3165 1911 possessa
3185 1839 3415 1910 retinet,
3442 1839 3646 1897 audiat
3679 1841 3850 1914 quod

2188 1928 2305 1984 illic
2317 1928 2531 1984 dicitur
2555 1945 2568 1982 :
2599 1949 2626 1976 «
2655 1928 2766 1994 Qui
2792 1943 2914 1984 non
2942 1928 3372 1985 renuntiaverit
3396 1929 3681 1985 omnibus
3710 1946 3849 2002 qua

2186 2017 2473 2091 possidet,
2522 2033 2646 2073 non
2675 2021 2870 2089 potest
2925 2032 3052 2072 esse
3100 2033 3273 2073 meus
3316 2018 3847 2092 discipulus;(Luc.

2186 2108 2374 2177 x1v).»
2404 2107 2469 2161 In
2495 2105 2646 2161 collo
2701 2104 2998 2176 Ecclesia,
3056 2106 3117 2161 id
3165 2110 3254 2162 est
3298 2107 3362 2162 in
3415 2108 3568 2164 sacri
3625 2107 3850 2180 eloquii

2187 2195 2632 2268 pradicatione,
2665 2211 2801 2267 qua
2830 2210 2940 2267 pro
2967 2195 3058 2250 sui
3085 2195 3419 2254 munitione
3449 2203 3507 2254 et
3535 2197 3848 2255 altitudine

2187 2285 2334 2342 turri
2361 2283 2551 2341 David
2582 2283 2787 2339 similis
2812 2283 3047 2352 dicitur,
3070 2285 3233 2342 mille
3265 2287 3460 2359 clypei
3481 2287 3849 2360 dependent,

2186 2374 2334 2446 quia
2357 2378 2505 2447 quot
2528 2372 2646 2428 illic
2699 2378 3003 2446 pracepta
3061 2379 3223 2441 sunt,
3257 2380 3340 2432 tot
3375 2377 3553 2433 etiam
3587 2377 3847 2448 pectoris

2186 2463 2375 2519 nostri
2401 2461 2759 2529 munimina,
2789 2462 2870 2518 sic
2881 2467 2942 2518 ut
2960 2462 3188 2519 dictum
3209 2469 3299 2520 est
3319 2483 3330 2520 :
3365 2465 3454 2520 Ad
3478 2465 3838 2520 servandam

2185 2551 2387 2624 itaque
2414 2551 2825 2607 innocentiam
2855 2551 3034 2608 etiam
3064 2552 3188 2608 lasi
3216 2570 3250 2608 a
3286 2553 3555 2625 proximo
3609 2551 3832 2624 perdu-

2185 2656 2318 2697 rare
2349 2641 2411 2696 in
2441 2640 2772 2697 humilitate
2831 2641 3198 2698 festinamus.
3228 2642 3371 2697 Abel
3428 2646 3564 2698 ante
3617 2640 3834 2696 oculos

2183 2729 2402 2797 veniat,
2429 2730 2534 2801 qui
2561 2734 2617 2785 et
2646 2730 2879 2786 occisus
2921 2730 3131 2787 dicitur
3158 2747 3194 2786 a
3234 2730 3432 2797 fratre,
3464 2735 3523 2786 et
3541 2745 3668 2786 non
3691 2727 3844 2799 legi-

2183 2823 2282 2874 tur
2309 2817 2650 2875 reluctatus.
2687 2818 2779 2876 Sic
2808 2819 2882 2874 de
2913 2819 3137 2876 cateris
3176 2824 3520 2876 sanctorum
3550 2818 3845 2892 exemplis

2186 2907 2585 2963 sentiendum.
2614 2907 2762 2974 Quia
2783 2923 2925 2979 ergo
2941 2909 3001 2964 in
3021 2924 3169 2965 voce
3191 2909 3346 2966 sacri
3367 2909 3586 2982 eloquii
3608 2907 3847 2979 cujusli-

2184 2997 2288 3052 bet
2326 2997 2375 3051 si
2433 2996 2762 3069 quarimus
2822 2997 3160 3055 munimina
3216 2999 3450 3055 virtutis
3479 2997 3845 3054 invenimus.

2185 3084 2333 3143 Mille
2355 3084 2552 3158 clypei
2577 3085 2920 3159 dependent
2949 3102 3023 3143 ex
3052 3103 3143 3151 ea,
3167 3088 3367 3144 omnis
3393 3091 3700 3144 armatura
3722 3086 3844 3142 for-

2185 3175 2356 3232 tium.
2379 3178 2525 3231 Ecce
2551 3176 2711 3232 enim
2743 3181 2950 3232 contra
2981 3192 3188 3234 aereas
3227 3181 3575 3250 potestates,
3608 3177 3656 3233 si
3683 3175 3844 3232 festi-

2185 3279 2406 3321 namus
2435 3265 2619 3322 fortes
2646 3265 2893 3323 existere
2915 3266 2976 3321 in
3005 3267 3120 3322 hac
3146 3267 3289 3322 turri
3316 3272 3690 3324 armaturam
3710 3282 3848 3322 nos-

2187 3357 2290 3410 tra
2322 3355 2539 3410 mentis
2586 3355 2950 3416 invenimus,
2983 3360 3049 3411 ut
3076 3360 3142 3411 ut
3171 3356 3309 3412 inde
3340 3361 3639 3429 pracepta
3703 3359 3849 3412 Con-

2186 3441 2413 3510 ditoris,
2445 3441 2584 3498 inde
2617 3459 2912 3499 sumanus
2965 3444 3716 3516 exemplapracedentiu'n
3747 3460 3850 3517 pa-

2186 3535 2366 3600 trum,
2397 3547 2504 3603 per
2532 3548 2720 3605 quam
2745 3538 2953 3590 contra
2976 3533 3357 3591 adversarios
3386 3540 3625 3592 nostros
3677 3535 3849 3590 inex-

2185 3620 2588 3693 pugnabiliter
2603 3638 2931 3679 armemur.
2957 3627 3021 3680 Et
3042 3624 3378 3681 notandum
3394 3625 3538 3697 quia
3555 3625 3852 3680 adiﬁcata

2187 3725 2328 3764 cum
2349 3712 2819 3782 propugnaculis
2841 3713 2963 3768 suis
2992 3713 3224 3769 dicitur.
3249 3714 3354 3770 Hic
3391 3714 3618 3787 quippe
3658 3717 3854 3783 agunt

2186 3799 2644 3870 propugnacula
2670 3801 2837 3872 quod
2867 3800 3085 3874 clypei,
3107 3802 3253 3874 quia
3274 3807 3527 3875 utraque
3568 3817 3854 3875 pugnan-

2189 3892 2307 3943 tem
2319 3887 2616 3944 muniunt.
2637 3889 2750 3946 Sed
2761 3890 2877 3946 hoc
2895 3889 3048 3946 inter
3062 3895 3316 3964 utraque
3331 3891 3535 3958 distat,
3556 3892 3702 3963 quia
3725 3890 3850 3963 cly-

2187 3992 2334 4050 peos
2350 3993 2459 4050 pro
2476 3983 2679 4034 nostro
2697 3978 3030 4035 munimine
3063 3980 3387 4053 ibicunque
3405 3980 3680 4036 volumus
3712 3995 3849 4034 mo-

2187 4083 2422 4134 vemus,
2441 4068 2896 4141 propugnaculo
2908 4073 3111 4124 autem
3123 4069 3362 4126 defendi
3379 4083 3721 4142 possumus,
3735 4067 3847 4123 sed

2189 4155 2304 4210 hoc
2325 4171 2569 4211 movere
2591 4172 2714 4212 non
2735 4172 3079 4230 possumus.
3113 4158 3369 4232 Clypeus
3387 4160 3451 4215 in
3494 4173 3682 4214 manu
3711 4163 3803 4214 est
3828 4161 3846 4212 ξ

2190 4259 2334 4299 nam
2359 4246 2888 4317 propugnaculum
2921 4263 3045 4303 non
3068 4253 3316 4305 tenetur.
3348 4248 3499 4313 Quid
3525 4263 3672 4318 ergo
3701 4247 3857 4304 inter

2192 4335 2653 4406 propugnacula
2679 4344 2737 4391 et
2767 4337 3012 4409 clypeos
3037 4337 3237 4408 distat,
3268 4338 3380 4394 nisi
3397 4338 3567 4411 quod
3585 4339 3649 4394 in
3678 4353 3854 4395 sacro

2195 4422 2432 4495 eloquio
2449 4426 2687 4495 patrum
2700 4426 3167 4498 pracedentium
3191 4433 3246 4484 et
3263 4428 3554 4485 miracula
3571 4428 3854 4500 legimus,

2193 4529 2326 4586 qua
2355 4514 2590 4586 operari
2605 4530 2727 4570 non
2746 4515 3035 4585 valemus,
3055 4523 3110 4574 et
3131 4519 3374 4574 virtutes
3394 4518 3704 4576 bonorum
3719 4535 3860 4592 ope—

2191 4617 2328 4656 rum
2357 4601 2620 4668 odimus,
2645 4604 2867 4676 quibus
2897 4608 3208 4679 operando
3241 4609 3459 4664 muniri
3475 4625 3809 4681 possumus
3827 4609 3858 4664 ‘I

2265 4691 2442 4746 «Duo
2487 4692 2674 4750 ubera
2703 4697 2804 4751 tua
2835 4695 2987 4752 sicut
3039 4697 3160 4753 duo
3216 4698 3448 4753 hinnuli
3490 4715 3726 4772 caprea
3758 4714 3860 4768 ge-

2198 4803 2224 4832 «
2259 4781 2441 4846 melli,
2475 4785 2578 4856 qui
2609 4790 2938 4857 pascuntur
2965 4786 3027 4842 in
3066 4787 3200 4843 liliis
3235 4788 3427 4844 donec
3478 4789 3705 4862 aspiret
3729 4789 3860 4846 dies

2200 4876 2306 4927 «et
2361 4873 2718 4930 inclinentur
2772 4876 3022 4932 umbra.
3061 4899 3089 4927 ››
3145 4881 3270 4933 Duo
3310 4877 3498 4935 ubera
3556 4879 3858 4949 Ecclesia,

2198 4959 2320 5016 duo
2349 4965 2741 5020 Testamenta.
2782 4968 2906 5020 Duo
2957 4966 3210 5030 hinnuli,
3257 4967 3379 5023 duo
3437 4967 3649 5040 populi
3711 4974 3858 5024 sunt

2200 5065 2272 5103 ex
2301 5050 2747 5110 circumcisione
2775 5055 3078 5110 venientes
3100 5057 3519 5126 etgentilitate,
3538 5057 3689 5129 quia
3708 5058 3853 5113 inde

2198 5138 2556 5198 nutriuntur.
2589 5142 2817 5213 Quique
2867 5159 2972 5216 per
3017 5145 3414 5201 humilitatem
3468 5147 3760 5219 parvulos
3800 5164 3861 5204 se

2199 5227 2534 5296 intelligunt
2559 5233 2616 5284 et
2642 5237 3006 5301 peccatores,
3042 5238 3099 5288 et
3129 5251 3268 5290 cum
3289 5235 3577 5291 charitate
3619 5253 3863 5293 curren-

2200 5324 2286 5374 tes
2317 5317 2523 5373 omnia
2579 5319 2792 5374 mundi
2844 5325 3153 5378 transeunt
3211 5323 3544 5381 obstacula.
3578 5326 3693 5391 Qui
3723 5343 3861 5399 pas-

2201 5411 2416 5463 cuntur
2435 5407 2496 5462 in
2520 5406 2674 5474 liliis,
2706 5409 2819 5464 hoc
2876 5415 2963 5466 est
3015 5411 3460 5469 candidissimis
3507 5420 3862 5472 sanctorum

2202 5496 2491 5568 exemplis
2538 5497 2629 5552 vel
2657 5498 2957 5556 doctrinis.
3016 5504 3094 5557 De
3137 5503 3360 5575 quibus
3416 5505 3696 5576 superius
3738 5510 3865 5561 tan-

2202 5585 2410 5659 quam‘
2446 5603 2518 5643 ex
2589 5596 2894 5647 armatura
2973 5591 3214 5649 fortium
3277 5593 3652 5667 disputatum
3711 5595 3861 5666 legi-

2204 5693 2362 5734 mus.
2419 5681 2616 5736 Donec
2673 5682 2893 5753 aspiret
2934 5683 3063 5739 dies
3117 5688 3395 5756 aeternus,
3453 5690 3512 5742 et
3554 5690 3866 5744 transeant
