4092 6176
249 136 350 190 609

246 343 615 418 putavimus.
651 367 679 393 «
716 342 952 398 Vadam
1011 343 1086 398 ad
1127 350 1392 398 montem
1435 343 1696 414 myrrhae
1741 345 1798 396 et
1826 339 1903 394 ad

245 434 458 491 collem
494 433 706 490 thuris.
746 456 776 482 »
801 436 906 488 Per
935 433 1246 505 myrrham
1278 432 1654 489 mortiﬁcatio
1686 430 1900 495 carnis,

243 539 347 596 per
369 523 512 578 thus
539 522 778 578 devotio
808 521 1094 577 orationis
1125 521 1489 595 exprimitur.
1522 520 1704 587 Quasi
1743 519 1900 574 dice-

245 613 334 664 ret
361 623 661 680 sponsus:
690 606 1101 679 Frequentabo
1128 623 1247 668 eos,
1293 611 1350 662 et
1392 607 1490 678 pia
1519 605 1810 678 propitius
1840 603 1902 658 il-

251 696 600 752 lustratione
613 695 958 765 gloriﬁcabo
984 711 1138 767 quos
1171 711 1276 767 per
1305 695 1616 767 passiones
1641 694 1762 749 sive
1775 709 1903 748 ora-

255 785 446 841 tiones
478 785 538 840 in
572 784 878 840 virtutibus
909 785 1196 840 sublimes
1225 800 1357 840 esse
1388 784 1643 839 invenio.
1677 782 1854 838 Aliter
1883 799 1896 837 :

256 875 383 929 Vox
439 879 530 929 est
577 873 1078 945 imperfectorum,
1138 873 1242 946 qui
1300 890 1437 928 cum
1495 872 1572 928 ad
1631 876 1898 927 montem

253 963 512 1035 myrrha:
539 967 595 1018 et
621 962 828 1017 collem
873 962 1059 1017 thuris
1111 961 1465 1030 ascendunt,
1497 961 1746 1034 quando
1777 960 1901 1016 illo-

249 1067 386 1108 rum
407 1051 508 1124 qui
532 1067 640 1124 per
667 1050 1189 1106 mortificationem
1239 1051 1436 1107 carnis
1466 1055 1522 1106 et
1544 1049 1898 1122 purissimas

243 1141 542 1196 orationes
617 1139 998 1213 placuerunt,
1065 1141 1389 1197 imitatores
1461 1155 1588 1194 esse
1661 1138 1895 1194 deside-

241 1235 398 1285 rant.

309 1343 336 1369 «
376 1321 524 1375 Tota
552 1319 810 1392 pulchra
837 1335 922 1389 es,
951 1319 1148 1376 amica
1177 1336 1333 1383 mea,
1377 1325 1434 1376 et
1493 1318 1734 1374 macula
1773 1333 1897 1373 non

236 1427 265 1461 ‹
295 1412 392 1464 est
418 1407 482 1464 in
507 1413 580 1464 te.
618 1430 646 1457 ››
676 1411 796 1464 Hoc
821 1413 913 1464 est
949 1408 1114 1481 quod
1142 1410 1222 1464 ait
1249 1408 1568 1481 Apostolus
1590 1408 1770 1478 (Eph.
1798 1407 1850 1477 v)
1878 1423 1891 1460 :

235 1520 261 1549 «
295 1500 369 1554 Ut
399 1497 709 1554 exhiberet
738 1497 850 1553 sibi
881 1497 1200 1568 gloriosam
1258 1497 1578 1554 Ecclesiam
1622 1512 1745 1552 non
1784 1496 1892 1551 ha-

232 1587 480 1644 bentem
514 1588 820 1644 maculam
857 1611 882 1638 ››
912 1588 1088 1644 malm
1141 1588 1524 1662 operationis,
1560 1610 1588 1637 «
1636 1602 1745 1642 nec
1792 1603 1892 1642 ru-

233 1693 382 1748 gam
414 1701 443 1727 ››
478 1665 862 1751 induplicatze
892 1678 1053 1735 ﬁdei.

305 1790 332 1815 ‹‹
372 1767 521 1822 Veni
559 1767 632 1823 de
666 1767 912 1837 Libano,
940 1783 1164 1840 sponsa
1191 1783 1346 1834 mea,
1379 1766 1509 1822 veni
1537 1766 1612 1822 de
1645 1765 1891 1836 Libano,

234 1878 262 1904 α
296 1856 455 1913 veni.
491 1880 518 1906 «
545 1856 805 1913 Libanus
832 1857 1060 1914 candor
1098 1857 1534 1929 interpretatur,
1560 1856 1622 1912 id
1647 1861 1735 1912 est
1772 1855 1896 1912 ani-

236 1964 344 2003 ma
371 1947 548 2003 bonis
578 1948 812 2004 actibus
843 1948 1184 2014 candidata,
1212 1963 1398 2020 quam
1427 1947 1595 2003 tertio
1623 1947 1896 2003 hortatur

236 2053 500 2110 sponsus
531 2041 594 2092 ut
619 2037 840 2093 veniat.
893 2037 1088 2092 Primo
1119 2037 1446 2092 adveniens
1493 2037 1552 2091 in
1579 2052 1757 2092 carne
1787 2050 1895 2107 per

235 2125 408 2180 bona
437 2141 639 2198 opera,
670 2125 941 2180 secundo
967 2125 1245 2181 absoluta
1261 2140 1438 2180 carne
1455 2124 1534 2179 ad
1563 2124 1894 2196 percipien-

243 2213 394 2270 dam
428 2214 611 2269 vitam
656 2219 963 2285 aeternam,
1012 2215 1184 2269 tertio
1235 2217 1473 2286 recepto
1517 2229 1765 2286 corpore
1818 2212 1895 2268 ad

243 2301 610 2374 perfruenda
653 2307 791 2375 post
819 2303 1311 2358 resurrectionem
1365 2302 1587 2374 gaudia
1614 2301 1890 2375 perfecta.

242 2412 272 2440 «
311 2391 727 2461 Coronaberis,
776 2391 852 2447 de
877 2392 1068 2465 capite
1095 2397 1344 2458 Amana,
1372 2391 1446 2446 de
1477 2391 1693 2447 vertice
1726 2390 1895 2447 Sanir

237 2500 268 2529 «
304 2483 368 2534 et
396 2481 676 2548 Hermon,
706 2480 781 2536 de
836 2480 1134 2536 cubilibus
1163 2480 1424 2547 leonum,
1456 2479 1529 2534 de
1587 2479 1892 2536 montibus

230 2589 261 2616 «
290 2567 648 2640 pardorum.
687 2592 715 2617 »
766 2571 991 2624 Leones
1035 2574 1278 2642 propter
1319 2568 1683 2642 superbiam,
1717 2569 1890 2642 pardi

225 2661 478 2731 propter
497 2657 907 2714 crudelitatem
922 2657 1170 2728 maligni
1194 2659 1460 2731 spiritus,
1478 2659 1774 2716 montium
1793 2676 1888 2716 ve-

225 2763 294 2802 ro
324 2746 572 2803 nomine
595 2747 858 2820 superba
887 2747 1218 2804 inﬁdelium
1255 2747 1458 2813 corda,
1483 2748 1590 2804 ubi
1619 2749 1886 2805 immun-

224 2837 286 2894 di
331 2837 574 2910 spiritus
605 2836 810 2893 sedem
837 2837 1078 2905 habent,
1111 2838 1522 2908 designantur.
1560 2840 1711 2894 Dum
1744 2855 1884 2895 san-

1448 131 1699 186 ENARR.
1734 126 1799 182 ΙΝ
1837 123 2140 181 CANTICA
2173 127 2455 188 CANTIC.

251 256 476 313 umbrae
501 255 637 310 vitae
669 253 1002 327 prmsentis.
1032 257 1098 310 Et
1124 253 1263 310 hinc
1297 255 1426 324 jam
1458 253 1734 328 superius
1781 249 1900 305 dis-
1933 265 1979 318 Α

3561 147 3666 203 610

2086 270 2116 302 ‹
2150 243 2341 316 Quam
2366 255 2628 327 pulchrae
2661 262 2799 313 sunt
2825 275 3106 316 mammas
3140 266 3276 326 tuae,
3312 281 3480 321 soror
3504 284 3662 338 mea,

2014 355 2263 410 sponsa,
2298 366 2326 391 n
2357 348 2416 399 In
2448 362 2852 402 mammarum
2881 349 3144 421 nomine,
3172 354 3358 408 sancti
3388 355 3662 414 doctores

2013 434 2254 500 propter
2275 434 2745 490 consolationem
2776 436 3152 494 infirmorum
3196 445 3253 496 et
3277 444 3663 513 parvulorum

2013 521 2505 577 sustentationem
2531 524 2966 596 exprimuntur.
3000 527 3271 583 Suavitas
3301 531 3503 599 gratiae
3536 534 3663 604 pul-

2013 606 2209 663 chrior
2230 615 2318 665 est
2347 613 2684 669 austeritate
2700 614 2865 684 legis.
2897 638 2923 665 «
2950 619 3016 671 Et
3035 617 3187 673 odor
3214 625 3662 689 unguentorum

2011 712 2038 737 ‹‹
2065 695 2301 748 tuorum
2327 711 2509 767 super
2525 698 2729 754 omnia
2753 705 3078 756 aromata.»
3101 703 3284 758 Fama
3300 705 3664 764 suavissima

2009 779 2229 838 diffusa
2259 801 2366 856 per
2388 786 2596 842 orbem
2631 792 2818 844 totum
2847 791 2987 846 ﬁdei
3014 791 3187 848 latior
3211 799 3319 861 est,
3359 812 3545 869 quam
3569 815 3662 854 ve-

2009 869 2156 925 teris.
2181 871 2347 941 legis,
2379 878 2435 928 et
2461 879 2701 946 patrum
2733 879 2792 932 in
2823 895 2893 934 ea
2923 897 3055 951 quae
3085 881 3145 936 in
3168 883 3294 938 sola
3324 885 3532 942 Judaaa
3560 904 3658 944 co-

2010 963 2544 1028 angustatur.Quid
2574 981 2678 1036 per
2701 973 2993 1037 aromata,
3030 970 3146 1025 nisi
3182 971 3408 1028 Veteris
3460 978 3659 1033 Testa-

2006 1049 2191 1104 menti
2222 1050 2402 1118 dona,
2427 1068 2562 1124 quae
2590 1053 2760 1110 odori
2791 1055 3082 1124 Ecclesiae,
3111 1058 3167 1113 id
3202 1065 3288 1116 est
3314 1064 3513 1130 gratiae
3538 1066 3661 1138 Spi-

2006 1138 2154 1193 ritus
2187 1140 2393 1208 sancti,
2431 1157 2536 1197 seu
2566 1142 2886 1200 virtutibus
2916 1154 3345 1218 comparantur
3387 1153 3660 1224 pulcher-

2006 1228 2192 1284 rimis.
2232 1231 2572 1288 Perseverat
2603 1249 2842 1306 semper
2871 1251 3131 1308 sponsus
3161 1237 3320 1294 vices
3350 1241 3658 1300 reddendo

2009 1316 2297 1388 Ecclesiae,
2323 1318 2474 1376 sicut
2495 1337 2631 1376 eum
2666 1322 2926 1380 Ecclesia
2972 1323 3332 1384 laudaverat
3361 1332 3654 1402 superius.

2007 1405 2146 1462 ldeo
2174 1406 2284 1462 ait:
2315 1426 2345 1459 ‹
2378 1407 2719 1466 Vulnerasti
2747 1427 2850 1468 cor
2895 1430 3121 1484 meum,
3166 1431 3333 1472 soror
3363 1434 3517 1486 mea,
3549 1442 3575 1469 »
3604 1424 3661 1476 et

2005 1494 2255 1567 reliqua.

2079 1607 2105 1634 ‹‹
2139 1587 2329 1640 Favus
2361 1585 2652 1643 distillans
2673 1589 2836 1646 labia
2863 1596 2984 1660 tua,
3019 1609 3264 1666 sponsa.
3302 1617 3329 1646 »
3353 1597 3504 1662 Quid
3551 1615 3660 1672 per

2006 1688 2227 1743 ceram,
2257 1674 2370 1729 nisi
2399 1675 2654 1733 litteram
2680 1679 2707 1734 ‘I
2739 1684 2796 1735 et
2835 1697 2942 1752 per
2969 1681 3106 1749 mel,
3141 1683 3254 1738 nisi
3287 1701 3502 1741 sensus
3539 1687 3657 1760 spi-

2003 1761 2230 1818 ritualis
2253 1765 2278 1818 ?
2305 1765 2409 1820 Mel
2437 1766 2496 1820 in
2525 1782 2660 1822 cera
2686 1773 2773 1824 est
2804 1770 3123 1841 spiritualis
3153 1773 3496 1831 divinorum
3541 1776 3659 1832 elo-

2003 1850 2285 1923 quiorum
2317 1869 2528 1908 sensus
2546 1853 2606 1910 in
2632 1855 2840 1912 littera.
2866 1858 2969 1914 Mel
2996 1876 3193 1916 ceram
3225 1861 3484 1926 distillat,
3513 1865 3658 1938 quia

2003 1939 2359 2012 multiplices
2383 1958 2593 1998 sensus
2619 1960 2772 2016 pene
2801 1946 3045 2016 singulae
3062 1950 3301 2021 pariunt
3331 1955 3652 2012 sententiae.

2007 2028 2189 2084 Labia
2220 2046 2454 2102 sponsae
2500 2038 2639 2088 sunt
2666 2033 2960 2100 doctores,
2994 2038 3097 2110 qui
3124 2039 3482 2098 multifarios
3529 2061 3662 2100 sen-

2004 2134 2106 2172 sus
2131 2119 2316 2174 sacris
2345 2119 2549 2176 litteris
2587 2122 2785 2179 inesse
2811 2125 3105 2197 pandunt.
3140 2151 3166 2177 «
3195 2129 3301 2186 Mel
3341 2136 3398 2186 et
3417 2131 3509 2188 lac
3539 2134 3654 2190 sub

1953 2210 1970 2227 '
2005 2205 2266 2278 «lingua
2296 2212 2420 2264 tua.
2446 2231 2474 2258 »
2506 2213 2570 2266 ln
2621 2209 2771 2268 lacte
2816 2214 3068 2271 eruditio
3120 2217 3534 2291 parvulorum,
3590 2223 3652 2278 in

2003 2296 2175 2352 melle
2207 2295 2414 2354 fortior
2461 2299 2731 2358 doctrina
2769 2302 3167 2375 perfectorum
3197 2307 3484 2378 signatur.
3523 2311 3646 2367 Sub

2000 2384 2227 2455 lingua,
2251 2386 2315 2442 id
2343 2392 2431 2444 est
2458 2388 2519 2444 in
2549 2390 2932 2448 meditatione
2953 2394 3169 2450 cordis.
3188 2400 3314 2452 Non
3335 2403 3425 2454 est
3452 2415 3656 2455 neces-

2001 2490 2066 2530 se
2098 2475 2470 2546 subnectere,
2502 2478 2650 2551 quid
2677 2479 2815 2536 inde
2847 2482 3061 2538 Paulus
3093 2485 3412 2557 Apostolus
3435 2487 3650 2562 loqua-

2002 2567 2126 2619 tur:
2159 2568 2277 2621 «Et
2305 2566 2456 2622 odor
2495 2568 2986 2628 vestimentorum
3031 2577 3274 2631 tuorum
3325 2576 3476 2633 sicut
3501 2579 3653 2634 odor

2001 2671 2032 2705 ‹
2061 2653 2304 2710 thuris.»
2325 2655 2690 2714 Vestimenta
2710 2659 2978 2716 Ecclesiae
3000 2661 3164 2720 bona
3192 2669 3332 2721 sunt
3359 2666 3490 2738 ejus
3512 2683 3652 2740 ope-

1996 2758 2082 2810 ra,
2113 2759 2246 2815 quae
2273 2744 2443 2800 odori
2477 2746 2660 2802 thuris
2718 2757 3184 2822 comparantur:
3243 2754 3386 2826 quia
3437 2762 3653 2814 cuncta

1995 2848 2131 2904 quae
2164 2839 2371 2891 saneta
2399 2851 2509 2908 pro
2556 2838 2807 2894 Domino
2830 2841 2952 2910 agit
2999 2841 3279 2915 Ecclesia,
3310 2846 3650 2904 orationum

223 2926 296 2981 cu
326 2925 754 2999 pradicatores
786 2926 932 2982 tales
958 2926 1036 2981 ad
1065 2927 1251 2983 vitam
1269 2926 1476 2982 salutis
1505 2932 1880 2997 convertunt,
1919 2923 1959 2977 C
1995 2936 2105 2994 pro
2144 2939 2216 2980 ea
2234 2924 2424 2980 vicem
2451 2925 2730 2983 reddunt.
2778 2929 3189 3002 intelliguntur
3235 2935 3452 2991 etenim
3483 2937 3650 2993 vesti-

222 3020 592 3072 coronantur
639 3014 714 3071 de
745 3014 937 3088 capite
978 3019 1036 3071 et
1085 3015 1302 3072 vertice
1351 3016 1671 3084 montium,
1703 3017 1765 3072 id
1795 3022 1884 3074 est

222 3103 604 3178 principibus
629 3104 1011 3178 iniquorum:
1037 3104 1183 3177 quia
1209 3105 1285 3160 de
1306 3104 1514 3160 labore
1537 3107 1879 3162 certaminis

221 3193 432 3250 crescit
469 3209 695 3250 corona
727 3193 946 3266 gloriae.
973 3193 1152 3249 Aliter
1183 3211 1195 3247 :
1243 3193 1528 3264 Libanus,
1562 3199 1626 3250 ut
1653 3193 1880 3251 dictum

221 3288 326 3355 est,
355 3283 714 3340 candz’datio
755 3284 1196 3357 interpretatur.
1249 3281 1369 3337 Nisi
1402 3281 1563 3338 enim
1591 3283 1727 3356 quis
1774 3301 1881 3357 per

221 3371 552 3428 candorem
585 3372 740 3428 sacri
767 3370 1149 3446 baptismatis
1169 3371 1585 3427 remissionem
1607 3378 1880 3445 peccato-

221 3477 352 3516 rum
385 3462 709 3534 acceperit,
734 3461 813 3518 ad
837 3461 1139 3518 Christum
1169 3461 1370 3516 venire
1407 3477 1531 3517 non
1551 3465 1878 3535 potest.Sa-

223 3549 314 3606 nir
332 3551 805 3624 interpretantur
833 3551 994 3607 enim
1045 3553 1330 3608 lucerna:
1381 3555 1634 3621 Amana,
1662 3553 1880 3625 iniqui-

228 3647 349 3696 tas:
382 3643 648 3699 Hermon
678 3658 822 3698 vero
866 3645 1249 3699 consecratio.
1294 3643 1433 3708 Quae
1480 3643 1685 3700 omnia
1731 3644 1878 3699 refe-

233 3735 442 3785 runtur
472 3731 552 3785 ad
574 3732 892 3802 Christum,
917 3731 1021 3804 qui
1048 3748 1202 3804 quos
1239 3737 1375 3804 post
1401 3732 1776 3804 iniquitatem
1806 3733 1876 3788 il-

236 3817 504 3888 luminat,
537 3826 863 3888 consecrat,
897 3822 1186 3894 ipsosque
1241 3827 1508 3879 coronat.
1539 3823 1617 3879 De
1665 3822 1875 3879 cubili-

233 3905 347 3964 bus
369 3909 611 3966 leonum
633 3912 903 3980 veniunt,
934 3911 1040 3984 qui
1070 3910 1144 3966 de
1170 3927 1380 3981 regum
1412 3912 1873 3985 principumque

224 3995 401 4069 hujus
432 3999 637 4056 saeculi
666 3999 950 4056 domibus
981 4000 1059 4056 ad
1089 3999 1269 4056 ﬁdem
1302 4005 1567 4056 currunt.
1602 4003 1681 4056 De
1705 4018 1874 4058 mon-

223 4086 392 4151 tibus,
413 4089 633 4163 inquit,
669 4089 1027 4162 pardorum,
1056 4089 1160 4162 qui
1212 4090 1413 4146 relicta
1471 4089 1722 4146 elatione
1771 4107 1870 4146 su-

218 4178 430 4250 perbiae
460 4179 560 4236 vel
602 4179 978 4236 diversorum
1005 4179 1504 4252 philosophorum
1531 4179 1866 4248 traditione,

217 4267 519 4342 simplices
551 4273 609 4326 et
635 4269 891 4325 humiles
921 4274 1180 4342 pergunt
1203 4269 1281 4324 ad
1311 4268 1625 4325 Christum.

280 4380 308 4408 «
342 4358 689 4416 Vulnerasti
713 4375 814 4415 cor
842 4374 1069 4428 meum,
1099 4373 1269 4414 soror
1293 4373 1448 4430 mea,
1483 4373 1728 4430 sponsa,
1748 4358 1871 4414 vul-

214 4467 240 4496 α
270 4449 493 4506 nerasti
524 4465 630 4505 cor
649 4465 874 4506 meum.
909 4469 936 4497 »
966 4449 1030 4504 In
1070 4446 1480 4504 vulneratione
1507 4447 1704 4503 cordis
1735 4465 1866 4506 ma-

215 4537 460 4607 gnitudo
493 4539 725 4595 amoris
754 4538 965 4594 Christi
990 4538 1052 4593 in
1080 4536 1340 4594 Ecclesia
1364 4536 1725 4607 intelligitur.
1752 4560 1778 4588 ‹‹
1807 4543 1869 4594 ln

217 4647 242 4673 κ
272 4645 391 4685 uno
416 4627 740 4686 oculorum
762 4632 1022 4698 tuorum,
1047 4631 1102 4684 et
1130 4626 1193 4682 in
1222 4642 1344 4682 uno
1375 4626 1534 4682 crine
1564 4627 1698 4683 colli
1726 4627 1867 4684 tui.)

219 4715 274 4770 ld
303 4723 388 4774 est
412 4719 475 4774 in
509 4718 738 4774 unitate
774 4723 981 4774 sancta
1011 4717 1346 4787 doctorum,
1384 4721 1440 4772 et
1467 4716 1528 4772 in
1553 4733 1676 4774 uno
1707 4719 1866 4775 crine

217 4805 340 4862 colli
370 4809 476 4878 tui,
510 4807 576 4864 id
603 4812 691 4866 est
719 4807 780 4863 in
812 4808 1034 4864 unitate
1081 4807 1182 4880 pia
1227 4806 1507 4878 subjectae
1561 4807 1774 4880 plebis,
1805 4807 1867 4864 id

216 4900 296 4952 est
318 4897 600 4954 crinium.
656 4902 830 4954 Item:
881 4901 943 4953 In
996 4897 1096 4953 illo
1146 4897 1348 4971 itaque
1391 4895 1566 4954 oculo
1598 4897 1867 4954 Ecclesiae

217 4983 434 5044 Christo
467 4986 856 5060 complacuit,
884 5003 1008 5061 quo
1035 5002 1157 5042 non
1173 4986 1549 5060 temporalia,
1575 4986 1679 5042 sed
1709 4990 1868 5043 aeter-

220 5085 299 5129 na
323 5079 655 5152 conspexit.
704 5077 868 5135 Unde
923 5076 1271 5134 Psalmista:
1307 5100 1335 5128 ‹‹
1398 5079 1587 5134 Unam
1634 5077 1774 5150 petii
1830 5093 1868 5136 a

223 5161 484 5236 Domino,
513 5167 677 5223 hanc
726 5167 1032 5240 requiram
1060 5185 1073 5223 :
1135 5170 1200 5223 ut
1229 5165 1560 5223 inhabitem
1590 5166 1651 5222 in
1681 5167 1866 5227 domo

219 5250 443 5310 Domini
475 5256 766 5312 omnibus
816 5255 1029 5312 diebus
1058 5256 1192 5314 vitae
1224 5272 1372 5313 meae
1405 5279 1434 5306 ››
1463 5255 1652 5328 (Psal.
1685 5261 1864 5325 xxvx).

215 5361 241 5388 «
272 5343 334 5398 Et
361 5344 423 5399 in
454 5362 582 5402 uno
604 5346 762 5401 crine
789 5345 940 5413 colli,
975 5365 1006 5400 ι
1036 5346 1140 5419 qui
1162 5362 1284 5402 non
1305 5344 1506 5402 ornari
1533 5344 1866 5402 visibilibus

213 5431 456 5503 studuit,
491 5434 600 5490 sed
627 5435 877 5490 aeternis.
935 5437 1074 5501 Quae
1108 5435 1387 5503 Ecclesia,
1443 5449 1614 5489 soror
1656 5433 1865 5490 Christi

211 5521 426 5588 pariter
455 5527 517 5578 et
545 5539 768 5595 sponsa
819 5529 929 5581 est.
973 5527 1205 5596 Sponsa
1252 5522 1473 5577 scilicet
1523 5538 1626 5594 per
1656 5523 1861 5595 ﬁdem,

213 5623 376 5667 soror
396 5627 511 5685 per
529 5611 924 5672 dilectionem.

1993 3017 2198 3070 menta
2229 3013 2498 3071 Ecclesiae
2528 3016 2716 3089 ipsius
2742 3018 3162 3090 praedicatores
3203 3038 3385 3094 puras
3429 3025 3506 3081 ad
3536 3027 3648 3082 Do-

1994 3101 2228 3158 minum
2253 3104 2637 3178 mundasque
2659 3107 2958 3163 mittentes
2987 3110 3308 3167 orationes.

2064 3212 2095 3245 ‹
2127 3193 2343 3248 Hortus
2370 3194 2710 3263 conclusus,
2745 3211 2918 3252 soror
2943 3213 3099 3266 mea,
3133 3215 3382 3273 sponsa,
3430 3201 3639 3258 hortus

1992 3302 2020 3330 «
2053 3283 2392 3352 conclusus,
2419 3283 2562 3356 fons
2587 3283 2919 3356 signatus.»
2955 3287 3237 3360 Superius
3258 3289 3317 3346 in
3349 3291 3642 3364 praefatio-

1989 3385 2065 3426 ne
2098 3372 2448 3428 succinctim
2497 3373 2802 3446 disputare
2830 3375 3227 3434 decrevimus.
3263 3381 3477 3437 Hortus
3505 3398 3644 3438 con-

1991 3460 2193 3516 clusus
2228 3461 2487 3519 Ecclesia
2515 3467 2642 3519 est:
2685 3465 3024 3537 conclusus,
3059 3467 3204 3541 quia
3234 3470 3469 3527 Domini
3509 3487 3644 3544 pro-

1990 3550 2242 3608 tectione
2290 3552 2542 3618 munita,
2576 3553 2637 3610 in
2667 3560 2876 3613 sancta
2904 3558 3172 3615 consistit
3223 3559 3364 3630 ﬁde,
3409 3563 3638 3632 hortus,

1987 3640 2131 3712 quia
2159 3641 2484 3698 multifaria
2534 3644 2930 3716 spiritualium
2962 3663 3214 3720 operum
3247 3652 3519 3722 germina
3553 3653 3639 3723 gi-

1988 3729 2133 3798 gnit,
2167 3730 2284 3785 sive
2308 3737 2552 3804 propter
2579 3733 2732 3788 ﬁlios
2760 3751 2867 3806 per
2900 3736 3272 3808 baptismum
3306 3741 3642 3812 spirituales

1985 3817 2218 3874 dicitur.
2255 3822 2404 3874 Fons
2436 3825 2542 3884 est,
2575 3821 2718 3891 quia
2748 3821 3020 3878 doctrina
3048 3825 3292 3881 salutari
3320 3827 3637 3886 redundat.

1987 3905 2265 3975 Signatus
2296 3906 2510 3963 dicitur
2539 3924 2814 3964 sermone
2845 3909 3005 3965 fidei.

2056 4017 2084 4045 «
2105 3993 2465 4050 Emissiones
2481 3999 2594 4052 tuae
2613 3996 2930 4068 paradisus
2957 3999 3256 4056 malorum
3278 4003 3636 4074 punicorum

1985 4108 2013 4136 ‹‹
2047 4101 2186 4141 cum
2215 4101 2534 4158 pomorum
2556 4087 2866 4145 fructibus.
2895 4111 2922 4138 ››
2936 4092 3042 4145 Per
3060 4090 3463 4162 irrigationem
3484 4095 3638 4151 sacri

1983 4173 2390 4247 baptismatis,
2419 4180 2628 4234 sancta
2659 4177 2919 4235 Ecclesia
2933 4179 3284 4251 paradisum
3309 4199 3382 4240 ex
3413 4200 3474 4240 se
3505 4185 3638 4241 mit-

1900 4277 1944 4331 ι)
1987 4264 2071 4334 tit,
2103 4265 2248 4337 quia
2275 4266 2550 4322 homines
2578 4283 2732 4340 quos
2759 4284 2866 4342 per
2895 4274 3169 4326 sanctum
3222 4279 3465 4342 generat
3493 4274 3636 4348 bap-

1983 4353 2252 4423 tismum,
2295 4355 2374 4412 ad
2421 4356 2716 4414 caelestem
2763 4358 3114 4431 paradisum
3154 4361 3406 4432 dirigere
3451 4365 3632 4437 cupit.

1980 4442 2130 4500 Mala
2152 4445 2375 4516 punica
2405 4445 2597 4502 sancti
2625 4446 2905 4502 dicuntur
2926 4453 3219 4520 martyres
3247 4467 3259 4517 ;
3311 4467 3633 4522 pomorum

1977 4531 2206 4589 fructus
2235 4534 2536 4591 bonorum
2565 4551 2816 4607 operum
2856 4537 3178 4593 suavitates
3202 4538 3629 4606 intelliguntur.

1975 4622 2124 4684 Quia
2150 4639 2294 4680 vero
2315 4639 2436 4679 non
2469 4624 2666 4680 solum
2694 4625 3034 4696 imperium,
3066 4625 3173 4680 sed
3201 4625 3494 4681 adventus
3517 4627 3634 4682 ins-

1974 4715 2078 4783 tat,
2110 4711 2487 4767 festinantius
2503 4714 2631 4783 jam
2662 4713 2798 4768 hinc
2823 4712 3142 4768 sententias
3163 4712 3297 4768 libri
3313 4713 3632 4788 decerpere

1975 4800 2404 4872 disposuimus,
2461 4816 2648 4872 quam
2702 4800 2974 4873 superius
3013 4801 3308 4875 protelare
3357 4805 3635 4878 coepisse—

1973 4905 2130 4956 mus,
2157 4905 2233 4944 ne
2264 4887 2516 4944 modum
2546 4889 2727 4944 libelli
2757 4889 3040 4949 excedere
3067 4892 3426 4964 videremur,
3459 4895 3635 4970 sicuti

1973 4977 2115 5035 fassi
2145 4993 2374 5034 sumus.

2046 5091 2075 5119 α
2108 5071 2338 5142 Cyprus
2369 5083 2508 5124 cum
2536 5068 2752 5139 nardo,
2783 5071 3010 5129 nardus
3031 5089 3171 5130 cum
3200 5089 3400 5143 croco,
3431 5077 3633 5135 ﬁstula

1975 5181 2003 5211 «
2035 5162 2093 5216 et
2121 5159 2597 5216 cinnamomum.
2624 5160 2897 5234 nCyprus
2934 5162 3114 5220 arbor
3143 5165 3479 5222 aromatica
3521 5171 3628 5236 est,

1977 5249 2320 5320 signiﬁcans
2348 5247 2600 5306 caelestis
2623 5250 2822 5320 gratiae
2851 5249 3354 5311 benedictionem.
3393 5256 3627 5312 Nardus

1976 5341 2297 5397 Dominicze
2327 5340 2627 5414 passionis
2657 5345 2867 5414 typum
2888 5345 3065 5399 tenet.
3085 5344 3306 5401 Crocus
3325 5345 3628 5402 charitatis

1976 5430 2268 5487 fervorem
2298 5429 2593 5503 exprimit.
2610 5431 3005 5502 Conjungitur
3021 5448 3242 5504 cyprus
3269 5432 3627 5498 nardo,cum

1979 5521 2186 5577 divina
2216 5521 2405 5590 gratia
2435 5521 2727 5577 confortat
2753 5537 2864 5576 nos
2908 5521 3134 5577 Christo
3167 5523 3448 5594 compati.
3484 5525 3627 5578 Item

1975 5611 2202 5669 nardus
2214 5627 2352 5668 cum
2378 5627 2554 5669 croco
2581 5611 2715 5682 conj
2726 5610 2982 5683 ungitur,
2995 5626 3134 5667 cum
3155 5625 3264 5681 per
3276 5611 3624 5668 charitatem
