4106 6174
428 134 527 193 6H

428 353 485 409 et
513 360 686 409 cassa
708 348 943 411 dicitur,
975 343 1157 401 arbor
1176 348 1507 402 aromatica
1534 348 1641 416 est,
1689 343 1794 400 sed
1820 342 2080 409 modica,

428 442 484 495 et
512 438 651 494 ideo
700 433 962 491 humiles
1000 432 1210 506 spiritu
1253 432 1545 504 designat.
1584 438 1727 489 item
1770 432 2084 487 cinnamoa

426 540 617 594 mum,
649 522 755 597 qui
784 522 1017 595 seipsos
1045 521 1371 595 decipiunt,
1391 521 1607 593 signat,
1637 525 1693 578 et
1720 522 1857 595 ipsa
1886 526 1973 575 est
1993 533 2083 576 ar-

425 617 539 671 bor
560 613 782 681 brevis,
811 611 918 666 sed
957 611 1257 666 odorifera
1302 615 1357 668 et
1386 612 1599 667 dulcis.
1655 612 1745 667 Sic
1775 610 2080 665 humilitas

425 716 714 771 magnam
746 698 929 757 habet
953 696 1117 772 apud
1149 713 1286 756 eum
1320 697 1563 757 laudem
1592 704 1649 756 et
1675 698 2075 756 dulcedinem.

425 816 452 843 «
488 796 634 850 Cum
653 790 944 846 universis
973 788 1148 860 lignis
1179 788 1403 846 Libani.
1432 790 1631 846 nSicut
1651 789 1849 846 fistula
1876 793 1934 845 et
1953 787 2079 845 cin-

424 893 780 936 namomum
813 875 1071 933 humiles
1099 882 1443 934 sanctorum
1474 879 1885 949 cogitationes,
1910 878 1993 933 sic
2024 878 2081 933 et

422 968 584 1039 ligna
618 965 825 1023 Libani
852 966 1141 1022 sublimes
1179 980 1388 1023 eorum
1437 967 1700 1024 actiones
1726 968 2077 1037 designant:

423 1079 450 1107 ‹‹
483 1057 628 1131 quia
658 1066 779 1111 nan
812 1060 1007 1127 potest
1033 1055 1215 1110 arbor
1233 1055 1397 1111 bona
1425 1054 1649 1112 fructus
1675 1056 1868 1111 malos
1885 1056 2081 1111 facere

424 1142 664 1212 (Matth.
683 1143 1112 1216 vmnllyrrha
1138 1148 1193 1199 et
1222 1143 1354 1200 aloe
1382 1156 1520 1199 cum
1553 1143 1839 1199 ommbus
1864 1143 2079 1216 primis

424 1256 448 1287 ι
482 1236 824 1304 unguentis.
871 1254 898 1283 η
932 1233 1165 1306 Myrrha
1186 1238 1241 1289 et
1262 1233 1396 1289 aloe
1410 1233 1654 1289 arbores
1681 1237 1818 1289 sunt
1842 1248 2081 1289 aroma~

421 1324 571 1385 ticaa,
611 1336 745 1395 quae
767 1321 1254 1378 mortiﬁcationes
1277 1322 1557 1377 vitiorum
1588 1324 1645 1378 et
1664 1322 2075 1395 paenitentiam

420 1413 616 1468 carnis
644 1411 1006 1485 exprimunt.
1037 1411 1187 1467 Cum
1207 1411 1490 1467 omnibus
1506 1412 1715 1485 primis
1732 1412 2073 1483 unguentis,

422 1502 485 1557 id
524 1506 611 1557 est
639 1501 1104 1556 charismatibus
1129 1500 1406 1556 virtutum
1437 1500 1977 1556 cxcellentioribus.
2010 1503 2077 1557 Et

1524 122 1882 189 mortem
1931 115 2383 186 LUXOVIENSIS
2421 127 2736 189 nomen:

426 258 637 320 Christi
694 263 949 317 mortem
978 254 1233 312 libenter
1259 254 1640 329 suscipimus.
1675 252 1915 320 Fistula,
1947 262 2080 325 thse
2111 256 2157 309 Α

3737 136 3843 190 ﬁt!

2847 256 3072 312 CAPUT
3107 253 3182 310 V.

2261 363 2291 392 κ
2324 342 2525 399 Veniat
2555 343 2807 399 dilectus
2840 359 3011 399 meus
3042 344 3103 399 in
3156 344 3397 399 hortum
3424 361 3625 412 suum,
3652 349 3715 401 et
3747 360 3849 402 eo-

2189 452 2217 480 α
2251 430 2455 487 medat
2482 430 2740 488 fructum
2770 448 3091 506 pomorum
3119 444 3425 488 suorum.»
3444 434 3509 490 Id
3533 438 3622 490 est
3648 435 3851 492 veniat

2189 519 2455 576 Christus
2486 522 2545 577 in
2574 520 2899 578 Ecclesium
2928 538 3100 578 suam
3109 563 3126 593 ,
3155 527 3211 578 et
3231 522 3512 594 eamipse
3530 529 3849 581 conservet

2191 607 2412 682 ubique
2442 610 2519 665 im
2532 610 2978 681 maculatam,et
2995 608 3073 665 ﬁd
3083 612 3132 665 ei
3159 611 3351 666 fructu
3379 610 3678 679 fecundet,
3693 617 3750 669 et
3780 613 3847 668 li-

2186 696 2399 753 benter
2425 696 2721 771 inspiciat,
2754 702 3174 771 gratanterque
3188 698 3443 771 accipiat
3466 714 3653 771 opera
3675 716 3845 757 sane~

2188 788 2384 841 torum
2410 802 2680 842 suorum.
2708 786 2963 843 «Veniin
2984 787 3224 843 hortum
3251 802 3478 859 meum,
3501 804 3843 855 sorormea,

2186 892 2215 921 ‹‹
2250 888 2495 947 sponsa.
2530 892 2560 933 ἡ
2592 875 2726 930 Haec
2755 891 2871 930 vox
2892 890 3017 930 non
3050 879 3141 931 est
3158 874 3532 948 imperantis,
3556 875 3662 932 sed
3692 877 3844 933 indi-

2184 963 2375 1019 cantis
2411 963 2687 1036 praeteriti
2739 963 3049 1037 temporis.
3080 966 3164 1019 Ac
3194 965 3240 1019 si
3272 964 3525 1020 diceret:
3554 965 3721 1033 Veni,
3755 966 3843 1022 in-

2186 1054 2336 1124 quit,
2377 1051 2705 1125 saapissime
2734 1052 2795 1108 in
2843 1052 3162 1109 Ecclesiam
3194 1068 3395 1109 meam
3447 1058 3505 1110 et
3549 1055 3727 1111 venio
3778 1061 3845 1111 ut

2184 1138 2506 1212 corrigam,
2529 1140 2815 1212 adjuvem
2846 1146 2902 1198 et
2940 1142 3313 1212 conﬁrmem,
3349 1142 3519 1198 sicuti
3560 1145 3840 1217 poposci—

2188 1228 2282 1284 sti.
2307 1250 2333 1277 «
2360 1228 2570 1284 Messui
2596 1230 2907 1301 myrrham
2928 1246 3127 1286 meam
3158 1247 3293 1285 cum
3319 1232 3684 1288 aromatibus
3713 1249 3841 1288 me-

2186 1338 2212 1367 «
2256 1316 2362 1371 is.»
2396 1316 2499 1371 Per
2520 1318 2829 1389 myrrham
2847 1318 3051 1391 passio
3074 1318 3161 1374 vel
3183 1318 3694 1393 mortiﬁcatio,per
3706 1337 3841 1377 aro-

2183 1410 2349 1462 mata
2378 1421 2589 1463 omnes
2608 1406 2851 1463 virtutes
2878 1408 3312 1481 exprimuntur.
3346 1409 3499 1466 Metit
3526 1410 3840 1483 myrrham

2185 1510 2322 1550 cum
2353 1495 2749 1566 aromatibus,
2800 1498 3091 1570 quoniam
3119 1502 3418 1571 martyres
3448 1516 3587 1555 eum
3615 1502 3842 1557 cateris

424 1588 677 1662 pulchra
706 1593 793 1645 est
823 1589 1165 1659 conjunctio
1196 1588 1413 1644 harum
1443 1589 1731 1644 arborum
1779 1605 1917 1644 cum
1965 1604 2074 1645 un-
2108 1605 2153 1659 Β
2182 1583 2381 1640 electis
2411 1585 2487 1640 ad
2518 1585 2922 1643 maturitatem
2953 1586 3334 1659 praemiorum
3358 1588 3651 1660 perducit.
3670 1609 3700 1641 ε
3729 1594 3841 1647 Co-

420 1680 675 1749 guentis,
707 1678 851 1750 quia
880 1679 1027 1733 dum
1063 1692 1308 1733 carnem
1338 1693 1373 1733 a
1401 1677 1648 1734 lascivia
1678 1678 2072 1746 refrenemus,

418 1780 801 1840 consequens
822 1771 911 1822 est
949 1770 1011 1822 ut
1037 1767 1272 1837 majora
1302 1766 1554 1840 Spiritus
1586 1767 1748 1823 dona
1788 1768 2078 1840 percipia-

419 1870 574 1913 mus.

490 1966 521 1995 «
552 1948 705 2002 Fons
757 1946 1090 2008 hortorum,
1127 1948 1349 2019 puteus
1380 1956 1676 2019 aquarum
1719 1945 2071 2016 viventium,

420 2050 451 2085 ‹‹
472 2048 611 2108 quae
639 2032 835 2090 ﬂuunt
890 2035 1118 2108 iuipetu
1147 2035 1228 2090 de
1278 2030 1524 2091 Libano.
1560 2056 1589 2084 »
1622 2037 1953 2108 Utrumque
1986 2039 2075 2091 est

418 2120 698 2193 Ecclesia,
733 2130 789 2181 et
809 2123 945 2181 fons
975 2128 1061 2181 est
1087 2124 1421 2195 hortorum,
1453 2125 1596 2198 quia
1623 2125 1958 2198 spirituales
1990 2126 2075 2195 gi-

417 2215 547 2285 gnit
576 2213 826 2280 fructus,
850 2217 909 2271 et
933 2218 1153 2287 puteus
1177 2226 1475 2287 aquarum
1504 2215 1855 2283 viventium,
1888 2228 2070 2288 prop-

420 2308 509 2359 ter
532 2294 765 2359 occulta
793 2301 1097 2376 mysteria,
1128 2314 1265 2376 quae
1279 2304 1621 2376 sanctisper
1647 2303 2072 2359 revelationem

417 2391 608 2448 sancti
641 2388 893 2464 SpirittIs
946 2389 1089 2447 solis
1119 2391 1493 2464 panduntur.
1525 2398 1835 2465 Aquarum
1874 2394 2073 2448 vivena

414 2481 584 2543 tium,
618 2483 863 2553 propter
888 2479 1127 2552 eloquia
1164 2476 1387 2550 divina,
1409 2492 1551 2554 quas
1568 2481 1645 2536 de
1670 2480 2073 2537 invisibilibus

416 2567 637 2623 divina:
664 2568 869 2637 gratiae
906 2568 1243 2640 procedunt
1298 2568 1609 2624 thesauris.
1656 2570 1798 2634 Quae
1840 2567 2071 2641 impetu

418 2657 614 2713 ﬂuunt
643 2656 717 2713 de
750 2657 995 2720 Libano,
1023 2655 1084 2713 id
1113 2660 1202 2713 est
1225 2657 1307 2713 de
1357 2656 1492 2730 ipsa
1536 2657 1819 2726 Ecclesia,
1847 2673 1985 2730 quae
2013 2662 2071 2716 et

415 2746 675 2803 candida
695 2752 783 2803 est
812 2756 919 2819 per
947 2746 1307 2803 munditiam
1336 2746 1495 2817 ﬁdei,
1528 2751 1583 2802 et
1603 2746 1723 2803 alta
1749 2762 1857 2820 per
1884 2748 2071 2804 virtu-

415 2838 549 2892 tum
576 2833 847 2905 gloriam.
881 2834 1094 2892 Aliter:
1129 2838 1235 2891 Per
1262 2835 1489 2892 fontem
1518 2836 1831 2892 hortorum
1877 2837 2072 2893 Cirris-

414 2929 507 2981 tus
538 2923 900 2995 intelligitur,
956 2924 1211 2995 irrigans
1242 2922 1567 2982 Ecclesiam
1598 2938 1791 2982 suam.
1848 2926 2069 2982 Puteus

414 3022 715 3087 aquarum
745 3013 996 3085 Spiritus
1047 3013 1395 3085 intelligitur
1421 3019 1685 3087 sanctus,
1718 3030 1755 3071 a
1804 3030 1927 3087 quo
1984 3017 2071 3072 di—

412 3107 627 3159 cuntur
658 3102 895 3158 diversa
924 3102 1086 3159 dona
1108 3103 1431 3176 procedere
1455 3120 1469 3159 :
1493 3116 1631 3177 quae
1665 3104 1931 3161 viventes
1963 3120 2069 3161 νου

414 3194 644 3260 cantur,
679 3191 823 3264 quia
851 3204 1011 3264 quos
1047 3192 1279 3264 replent
1335 3193 1602 3249 viventes
1646 3192 1892 3250 faciunt.
1927 3196 2067 3260 Quae

410 3281 606 3337 ﬂuunt
623 3280 703 3336 de
729 3279 974 3344 Libano,
994 3280 1137 3353 quia
1162 3281 1415 3354 Spiritus
1438 3287 1683 3343 sanctus
1713 3297 1751 3338 a
1774 3282 1914 3339 Filio
1933 3298 2073 3356 ριιοα

411 3368 583 3424 cedit.
618 3371 811 3424 Potest
859 3380 966 3441 per
987 3368 1235 3431 fontem,
1266 3369 1372 3441 qui
1402 3374 1607 3441 aperte
1635 3370 1835 3441 currit,
1872 3370 2070 3427 Cirris-

411 3457 778 3527 tusintelligi
807 3456 1143 3512 secundum
1190 3458 1648 3525 humanitatem,
1681 3473 1790 3530 per
1818 3464 2069 3530 puteum

408 3547 516 3619 qui
537 3547 837 3602 occultam
857 3545 1042 3601 habet
1062 3558 1285 3617 aquam
1309 3550 1488 3617 atque
1504 3545 2069 3617 profundissimam,

407 3635 573 3691 idem
594 3636 801 3710 ipsum
828 3633 1167 3691 secundum
1196 3633 1588 3691 divinitatem.
1618 3637 1699 3689 De
1725 3649 1851 3707 quo
1879 3636 2071 3709 impe~

408 3726 473 3780 tu
501 3736 678 3797 aquae
715 3723 931 3793 ﬂuunt,
986 3727 1053 3780 ut
1109 3722 1237 3795 ipse
1288 3722 1351 3779 in
1401 3722 1724 3793 Evangelia
1776 3727 2065 3781 testatur:

408 3835 437 3863 κ
462 3812 575 3879 Qui
600 3813 786 3870 credit
812 3812 875 3868 in
922 3827 1041 3882 me,
1074 3812 1330 3869 ﬂumina
1358 3812 1434 3869 de
1459 3816 1666 3869 ventre
1695 3813 1825 3885 ejus
1877 3813 2071 3871 ﬂuent

406 3916 578 3974 aquae
608 3904 757 3956 vivae
782 3902 975 3973 (Joan.
1007 3901 1133 3970 vn).
1177 3922 1210 3952 ιν

478 4008 507 4037 κ
535 3989 745 4059 Surge,
777 3989 1013 4061 Aquilo,
1071 3994 1129 4045 et
1155 3989 1316 4054 veni,
1342 3993 1575 4061 Auster,
1603 3990 1794 4063 perﬂa
1820 3989 2063 4047 hortum

405 4098 435 4127 α
467 4090 694 4142 meum,
722 4079 780 4132 et
832 4076 1022 4131 ﬂuent
1069 4082 1343 4133 aromata
1382 4077 1560 4134 illius.
1597 4098 1626 4129 ιι
1665 4081 1790 4135 Vox
1835 4083 1926 4135 est
1949 4079 2067 4137 ista

403 4162 640 4235 sponsi:
672 4162 733 4219 in
761 4162 1045 4236 aquilone
1068 4163 1229 4219 enim
1242 4164 1498 4221 adversa
1525 4166 1757 4234 mundi,
1776 4166 1839 4221 in
1858 4171 2065 4224 austro

402 4250 823 4308 blandimenta
848 4250 1261 4321 designantur,
1294 4252 1439 4326 quia
1487 4252 1729 4323 gemina
1757 4267 2063 4326 expugna»

402 4339 563 4395 tione
588 4340 889 4412 probatur
931 4340 1219 4397 Ecclesia.
1277 4343 1483 4413 Surge,
1532 4342 1924 4414 permittentis
1974 4348 2064 4401 est

398 4443 539 4500 vox,
560 4443 699 4485 non
724 4429 1099 4502 imperantis.
1128 4433 1194 4486 In
1217 4430 1612 4500 aromatibus,
1627 4430 1874 4488 virtutes
1889 4448 2063 4489 cons-

401 4516 628 4573 cientise
655 4517 817 4574 miro
837 4517 1025 4574 odore
1054 4516 1361 4590 dispositas
1389 4517 1820 4589 intelliguntur.
1848 4519 2065 4598 Aliter:

399 4610 505 4663 Per
533 4607 903 4682 aquilonem,
932 4607 1043 4681 qui
1068 4607 1259 4664 terter
1282 4622 1417 4664 esse
1472 4607 1727 4680 frigidus
1754 4613 1813 4666 et
1842 4612 2059 4668 terram

399 4697 739 4771 congelare,
773 4712 855 4754 ne
879 4697 1111 4755 fructus
1140 4696 1359 4772 pariat,
1382 4696 1665 4754 diabolus
1689 4697 2059 4771 intelligitur.

398 4786 506 4840 Cui
527 4786 615 4842 ab
634 4787 835 4855 horto,
856 4786 919 4843 id
941 4791 1030 4845 est
1053 4788 1135 4844 ab
1164 4786 1427 4844 Ecclesia
1450 4786 1794 4861 praecipitur
1821 4789 2065 4847 recede—

397 4886 487 4929 ιον
511 4875 619 4928 Per
658 4878 935 4931 suam
979 4892 1143 4941 vero,
1194 4876 1300 4950 qui
1336 4879 1560 4934 ventus
1599 4881 1688 4934 est
1714 4878 1966 4944 calidus,
1997 4882 2061 4937 et

397 4964 619 5017 terram
643 4977 681 5018 a
708 4961 1031 5033 frigoribus
1057 4964 1371 5023 absolvere
1399 4967 1635 5038 dicitur,
1678 4973 1921 5025 canonis
1958 4968 2059 5025 inv

397 5048 641 5107 batur
667 5050 943 5123 Spéritus»
972 5052 1089 5117 Qui
1106 5051 1337 5125 ﬂuido,
1383 5055 1451 5111 id
1485 5061 1574 5113 est
1605 5056 1729 5112 suis
1779 5061 2049 5114 sanctam

395 5138 754 5196 illustrando
779 5139 1103 5197 Ecclesia.
1139 5141 1334 5212 donis,
1358 5143 1499 5203 facit
1523 5145 1689 5203 illam
1707 5145 1773 5201 ὴ
1799 5144 2053 5202 diversis

397 5229 737 5299 gem'mare
760 5228 1107 5287 virtutibus.
1121 5232 1281 5289 Bene
1308 5233 1427 5291 ait:
1452 5251 1485 5289 ς
1508 5236 1713 5304 Surge,
1736 5232 1970 5306 Aquilo,
1992 5239 2057 5293 et

396 5316 555 5387 veni,
602 5322 833 5389 Auster,
879 5337 911 5369 »
954 5322 1013 5377 et
1054 5320 1308 5395 reliqua.
1354 5323 1506 5390 Quia
1552 5322 1839 5379 nimirum
1895 5322 2051 5381 dum

397 5410 669 5463 sanctam
718 5407 1040 5466 Ecclesium
1081 5412 1383 5469 donorum
1440 5426 1687 5467 suorum
1733 5410 2051 5469 virtutibus

400 5494 659 5568 Spiritus
677 5497 949 5554 veritatis
968 5498 1325 5572 impleverit,
1354 5499 1437 5555 ab
1465 5513 1539 5555 ea
1576 5495 1757 5568 longe
1806 5498 2049 5575 lateque

397 5583 1285 5662 “Mopselum
1598 5624 1599 5627 η

2182 1693 2212 1726 α
2242 1673 2618 1731 medifavum
2645 1691 2781 1730 cum
2798 1675 2971 1732 melle
3000 1681 3223 1741 meo,ct
3245 1676 3371 1732 bibi
3402 1677 3606 1734 vinum
3633 1696 3840 1736 meum

2181 1779 2319 1818 cum
2349 1763 2502 1819 lacte
2531 1780 2723 1820 meo.»
2752 1766 2815 1820 In
2846 1765 2988 1821 favo
3020 1771 3081 1821 et
3106 1765 3247 1822 vino
3274 1766 3717 1840 praedicatores,
3774 1769 3837 1824 in

2182 1852 2355 1909 melle
2385 1857 2441 1908 et
2460 1851 2611 1909 lacte
2640 1853 2943 1911 auditores
2968 1854 3395 1926 intelliguntur,
3428 1861 3487 1912 et
3521 1856 3839 1930 utriusque

2179 1940 2449 1997 internus
2472 1942 2659 2013 judex
2689 1948 2778 1999 est
2805 1943 2909 2015 qui
2940 1944 3160 2017 probat
3177 1949 3238 2000 et
3260 1950 3625 2002 remunerat.
3656 1970 3685 1995 σε
3727 1950 3836 2004 Co-

2180 2050 2210 2084 c
2240 2031 2481 2097 medite,
2514 2032 2710 2100 amici,
2734 2037 2791 2089 et
2817 2032 3024 2103 bibite,
3054 2038 3114 2090 et
3158 2034 3567 2102 inebriamini,
3615 2037 3839 2094 charis-

2179 2141 2209 2173 ‹
2243 2120 2396 2177 simi.
2426 2123 2547 2191 Ego
2577 2121 2835 2191 dormio,
2867 2127 2923 2179 et
2952 2139 3056 2179 cor
3088 2139 3292 2182 meum
3312 2124 3536 2196 vigilat.
3561 2127 3725 2183 »νοτ
3746 2133 3841 2184 est

2112 2204 2131 2221 '
2181 2210 2397 2265 Christi
2428 2211 2507 2267 ad
2538 2210 2882 2268 Ecclesiam.
2911 2214 2995 2268 Ac
3020 2213 3069 2269 si
3095 2220 3299 2287 aperte
3324 2214 3514 2272 dicat:
3545 2216 3735 2272 Amici
3752 2217 3840 2273 ta-

2179 2299 2394 2355 ciendo
2422 2315 2556 2373 quas
2581 2301 2883 2374 principio.
2910 2302 3274 2371 Charissimi,
3294 2305 3527 2377 integra
3550 2306 3840 2363 charitate

2134 2403 2138 2407 ‘
2179 2388 2621 2461 amplectende.
2679 2390 2941 2447 Obsecro
2988 2391 3190 2464 itaque
3220 2392 3393 2450 factis
3462 2399 3833 2463 sanctorum,

2179 2476 2354 2550 quasi
2391 2478 2583 2550 epulis
2610 2479 2951 2552 praecipuis,
2989 2482 3319 2553 praecordia
3350 2486 3541 2539 vestra
3578 2482 3823 2556 replete.

2180 2566 2286 2623 Cui
2307 2567 2622 2639 respondit
2639 2567 2934 2624 Ecclesia:
2963 2590 2992 2619 κ
3017 2573 3141 2639 Ego
3156 2570 3392 2627 dormio
3418 2576 3477 2628 et
3502 2588 3601 2627 cor
3613 2582 3825 2628 meum

2178 2654 2403 2725 vigilat,
2430 2676 2459 2705 π
2488 2655 2552 2711 id
2580 2661 2694 2723 est,
2733 2657 3001 2714 donante
3035 2658 3229 2729 gratia
3256 2660 3380 2727 Dei,
3409 2660 3469 2716 in
3494 2676 3645 2733 pace
3672 2675 3837 2733 proe-

2179 2743 2361 2800 sentis
2386 2744 2519 2801 vitae
2540 2760 2680 2801 eum
2701 2745 2852 2802 colo:
2886 2751 2945 2803 et
2966 2760 3091 2821 quo
3121 2749 3495 2821 tranquillius
3527 2750 3609 2807 ab
3634 2751 3835 2806 incur-

2176 2832 2343 2888 sibus
2370 2830 2617 2889 internis
2641 2850 2813 2898 vaco,
2828 2848 2900 2891 eo
2920 2835 3098 2892 altius
3122 2836 3299 2893 video
3320 2838 3725 2910 quambonus
3742 2843 3839 2896 est

2174 2922 2650 2979 Deus.Moraliter
2666 2924 2933 2995 vigilanti
2955 2925 3134 2981 corde
3159 2925 3382 2984 dormit
3411 2928 3567 3000 quis,
3597 2928 3703 3001 qui
3722 2944 3831 3002 per

2176 3011 2291 3068 hoc
2313 3012 2479 3084 quod
2500 3012 2744 3070 interius
2759 3015 3229 3088 contemplando
3247 3016 3830 3091 proﬁcit,abinquie-

2181 3104 2241 3156 to
2268 3100 2410 3157 foris
2437 3117 2618 3174 opere
2639 3102 2911 3174 quiescit.
2921 3103 3038 3161 Sed
3065 3103 3217 3161 inter
3230 3105 3353 3163 haec
3374 3105 3688 3163 sciendum
3717 3112 3826 3175 est,

2175 3189 2322 3261 quia
2335 3189 2611 3262 quandiu
2626 3190 2691 3246 in
2703 3190 2820 3248 hac
2838 3191 3075 3249 mortali
3096 3209 3277 3250 carne
3288 3194 3503 3251 vivitur
3509 3195 3735 3265 ,nullus
3744 3195 3837 3251 ita

2172 3276 2234 3333 in
2251 3277 2773 3351 contemplationis
2790 3279 3004 3335 virtute
3018 3281 3270 3353 proiicit,
3293 3287 3357 3338 ut
3372 3282 3430 3339 in
3444 3282 3578 3355 ipso
3588 3284 3717 3355 iam
3738 3284 3829 3340 in-

2173 3364 2623 3439 circumscripto
2646 3367 2893 3423 luminis
2910 3367 3083 3425 radio
3118 3371 3334 3427 mentis
3358 3370 3567 3428 oculos
3592 3372 3825 3442 inﬁgat.

2173 3458 2374 3526 Neque
2396 3456 2555 3511 enim
2579 3456 2962 3528 omnipotens
2993 3459 3149 3514 Deus
3173 3460 3302 3530 jam
3333 3460 3395 3516 in
3426 3477 3539 3516 sua
3557 3461 3828 3517 claritate

2172 3543 2556 3614 conspicitur,
2586 3544 2691 3600 sed
2722 3545 3016 3617 quiddam
3051 3547 3167 3604 sub
3193 3548 3291 3605 illa
3321 3549 3657 3623 speculatur
3685 3550 3825 3604 ani-

2172 3646 2295 3702 ma,
2312 3630 2475 3687 unde
2510 3632 2699 3689 refota
2726 3634 3019 3706 proﬁciat,
3047 3640 3109 3694 et
3146 3643 3285 3710 post
3317 3638 3395 3696 ad
3424 3638 3665 3695 visionis
3678 3639 3825 3710 ejus

2170 3719 2423 3792 gloriam
2453 3721 2771 3793 pertingat.
2800 3725 2994 3782 Potest
3026 3731 3083 3782 et
3104 3726 3232 3784 haec
3256 3744 3373 3785 vox
3401 3728 3481 3785 ad
3508 3726 3826 3800 apostolos

2168 3808 2449 3880 intelligi:
2477 3824 2511 3865 α
2538 3810 2842 3869 Comedite
2881 3817 2939 3871 et
2967 3814 3169 3872 bibite.
3198 3837 3231 3866 »
3257 3818 3342 3873 Ac
3363 3817 3411 3873 si
3441 3816 3697 3874 diceret:
3735 3818 3836 3876 Sit

2168 3897 2345 3955 nobis
2368 3897 2573 3957 laetitia
2609 3899 2707 3957 vel
2741 3900 2984 3961 refectio
3005 3903 3080 3960 de
3133 3906 3524 3963 conversione
3559 3905 3821 3980 populo-

2168 4002 2325 4057 rum,
2351 3987 2415 4044 in
2451 3992 2713 4047 vestram
2745 3993 3182 4050 transeuntium
3209 3995 3520 4055 unitatem.

2240 4100 2271 4128 ‹‹
2292 4079 2417 4134 Vox
2459 4077 2657 4136 dilecti
2693 4082 2811 4137 mei
2857 4081 3185 4155 pulsantis:
3234 4086 3410 4159 Aperi
3446 4086 3617 4157 mihi,
3647 4102 3817 4144 soror

2168 4187 2196 4215 ‹‹
2224 4181 2383 4235 mea,
2427 4168 2626 4226 amica
2675 4184 2832 4240 mea,
2885 4171 3171 4229 columba
3222 4190 3380 4246 mea,
3427 4174 3835 4235 immaculata

2168 4274 2198 4308 ‹
2230 4270 2386 4311 mea.
2426 4276 2447 4309 ι
2483 4257 2688 4314 Pulsat
2711 4258 3023 4331 Dominus,
3045 4263 3296 4334 quando
3322 4280 3461 4336 quas
3483 4265 3646 4322 bona
3676 4271 3833 4325 sunt

2164 4359 2274 4417 per
2301 4349 2574 4404 sanctam
2603 4347 2777 4404 docet
2825 4348 3185 4408 doctrinam.
3215 4352 3317 4410 Vel
3358 4354 3577 4411 ostium
3616 4355 3826 4414 cordis

2165 4434 2355 4491 nostri
2389 4433 2609 4506 pulsat,
2648 4452 2787 4493 cum
2843 4454 2957 4494 nos
3006 4440 3086 4496 ad
3140 4441 3474 4514 proiectum
3528 4444 3829 4503 virtutum

2165 4522 2400 4579 excitat.
2429 4524 2635 4596 Aperit
2669 4525 2830 4582 enim
2868 4527 3149 4598 Ecclesia,
3181 4547 3319 4587 cum
3370 4532 3589 4590 intima
3612 4533 3831 4591 cordis

2164 4610 2257 4666 sui
2283 4610 2367 4666 illi
2394 4611 2692 4685 patefacit.
2723 4615 2901 4672 Soror
2923 4621 3194 4687 vocatur,
3226 4620 3371 4693 quia
3400 4622 3661 4680 cohaeres
3700 4640 3826 4696 per

2164 4700 2524 4770 sanguinem
2543 4701 2774 4760 Christi.
2807 4705 3034 4778 Amica,
3065 4708 3213 4782 quia
3235 4715 3329 4766 est
3368 4712 3606 4769 arcanis
3651 4712 3829 4770 illius

2161 4789 2407 4847 conscia
2452 4790 2577 4847 sive
2628 4807 2735 4865 per
2781 4794 3185 4866 dilectionem,
3229 4799 3375 4872 quia
3430 4805 3631 4858 servat
3671 4817 3833 4875 quae

2154 4877 2461 4950 iubentur.
2493 4880 2811 4954 Columba,
2838 4884 2983 4958 quia
3031 4886 3279 4960 Spiritus
3330 4891 3522 4948 sancti
3544 4891 3707 4948 dono
3735 4892 3829 4951 il-

2157 4966 2431 5026 lastrata.
2452 4970 2864 5043 Immaculata,
2896 4975 3045 5048 quia
3090 4976 3220 5034 sola
3274 4985 3528 5053 aspectu.
3578 4980 3680 5038 Dei
3719 4981 3829 5041 di-

2158 5072 2301 5128 gna.
2322 5079 2351 5109 ‹‹
2383 5059 2535 5124 Quia
2559 5066 2741 5134 caput
2767 5078 2973 5120 meum
3000 5065 3261 5137 plenum.
3299 5074 3391 5129 est
3419 5087 3580 5145 rore,
3599 5076 3659 5129 et
3677 5071 3829 5131 oin—-

2157 5145 2381 5235 uniuni
2439 5149 2651 5219 capitis
2730 5151 2851 5207 mei
2922 5155 3103 5224 guttis
3160 5160 3457 5219 noctium.
3518 5184 3546 5213 ››
3614 5164 3839 5235 Caput

2154 5234 2387 5307 Christi,
2436 5236 2610 5294 Deus.
2659 5237 2931 5298 Cincinni
2978 5249 3122 5302 sunt
3172 5247 3447 5307 ﬁdelium
3508 5234 3831 5310 collectioo

2151 5339 2281 5383 nes.
2314 5326 2379 5382 In
2402 5342 2537 5384 rore
2558 5332 2617 5386 et
2644 5330 2825 5399 guttis
2854 5333 3145 5409 noctium,
3170 5337 3498 5410 frigescens
3542 5341 3827 5402 charitas

2152 5414 2215 5505 in
2265 5417 2467 5474 multis
2519 5419 2875 5491 ostenditur,
2929 5439 3116 5497 quam
3181 5427 3244 5485 in
3303 5432 3491 5488 Deum
3553 5436 3611 5489 et
3666 5448 3827 5505 pro-

2151 5504 2353 5562 ximos
2412 5508 2636 5567 habere
2690 5510 3049 5573 debuerunt.
3104 5517 3244 5575 ideo
3308 5504 3825 5581 necessariae:-

2153 5594 2293 5654 citat
2357 5598 2644 5657 Dominus
2718 5600 2926 5661 ﬁdeles
2989 5621 3267 5682 quosque
3343 5608 3420 5667 ad
3505 5612 3821 5685 praedica-
