  <div class='ocr_page' id='page_1' title='image "/cluster/home/n/w/nwhite01/storage/ocr_20150623/115/hvd.32044054759790/312.png"; bbox 0 0 4106 6174; ppageno 0'>
   <div class='ocr_carea' id='block_1_1' title="bbox 221 174 321 234">
    <p class='ocr_par' dir='ltr' id='par_1_1' title="bbox 221 174 321 234">
     <span class='ocr_line' id='line_1_1' title="bbox 221 174 321 234; baseline -0.01 0"><span class='ocrx_word' id='word_1_1' title='bbox 221 174 321 234; x_wconf 64' lang='lat' dir='ltr'>dia</span> 
     </span>
    </p>
   </div>
   <div class='ocr_carea' id='block_1_2' title="bbox 1404 153 2431 234">
    <p class='ocr_par' dir='ltr' id='par_1_2' title="bbox 1404 153 2431 234">
     <span class='ocr_line' id='line_1_2' title="bbox 1404 153 2431 234; baseline 0.002 -3"><span class='ocrx_word' id='word_1_2' title='bbox 1404 168 1657 231; x_wconf 70' lang='lat' dir='ltr'>ENARR.</span> <span class='ocrx_word' id='word_1_3' title='bbox 1700 167 1771 228; x_wconf 75' lang='lat' dir='ltr'>1N</span> <span class='ocrx_word' id='word_1_4' title='bbox 1818 165 2116 230; x_wconf 65' lang='lat' dir='ltr'>alich</span> <span class='ocrx_word' id='word_1_5' title='bbox 2151 153 2431 234; x_wconf 60' lang='lat' dir='ltr'>canna</span> 
     </span>
    </p>
   </div>
   <div class='ocr_carea' id='block_1_3' title="bbox 3521 184 3637 243">
    <p class='ocr_par' dir='ltr' id='par_1_3' title="bbox 3521 184 3637 243">
     <span class='ocr_line' id='line_1_3' title="bbox 3521 184 3637 243; baseline 0.009 -2"><span class='ocrx_word' id='word_1_6' title='bbox 3521 184 3637 243; x_wconf 73' lang='grc' dir='ltr'>θη</span> 
     </span>
    </p>
   </div>
   <div class='ocr_carea' id='block_1_4' title="bbox 214 262 3638 380">
    <p class='ocr_par' dir='ltr' id='par_1_4' title="bbox 214 262 3638 380">
     <span class='ocr_line' id='line_1_4' title="bbox 214 262 3638 380; baseline 0.005 -30"><span class='ocrx_word' id='word_1_7' title='bbox 214 296 387 359; x_wconf 66' lang='lat' dir='ltr'>emis</span> <span class='ocrx_word' id='word_1_8' title='bbox 415 294 706 350; x_wconf 80' lang='lat' dir='ltr'>studium.</span> <span class='ocrx_word' id='word_1_9' title='bbox 738 295 847 352; x_wconf 82' lang='lat' dir='ltr'><strong>Cui</strong></span> <span class='ocrx_word' id='word_1_10' title='bbox 868 296 1222 368; x_wconf 72' lang='lat' dir='ltr'>provocanti</span> <span class='ocrx_word' id='word_1_11' title='bbox 1244 262 1331 354; x_wconf 79' lang='lat' dir='ltr'>ad</span> <span class='ocrx_word' id='word_1_12' title='bbox 1349 292 1621 353; x_wconf 80' lang='lat' dir='ltr'>laborem</span> <span class='ocrx_word' id='word_1_13' title='bbox 1653 294 1870 352; x_wconf 79' lang='lat' dir='ltr'>docen~</span> <span class='ocrx_word' id='word_1_14' title='bbox 1898 295 1949 350; x_wconf 67' lang='grc' dir='ltr'><strong>Α</strong></span> <span class='ocrx_word' id='word_1_15' title='bbox 1986 296 2075 353; x_wconf 86' lang='lat' dir='ltr'>sia</span> <span class='ocrx_word' id='word_1_16' title='bbox 2100 298 2415 371; x_wconf 82' lang='lat' dir='ltr'>pessulum</span> <span class='ocrx_word' id='word_1_17' title='bbox 2466 312 2697 372; x_wconf 81' lang='lat' dir='ltr'>sponso</span> <span class='ocrx_word' id='word_1_18' title='bbox 2735 300 3001 374; x_wconf 81' lang='lat' dir='ltr'>aperuit:</span> <span class='ocrx_word' id='word_1_19' title='bbox 3035 303 3179 375; x_wconf 83' lang='lat' dir='ltr'>quia</span> <span class='ocrx_word' id='word_1_20' title='bbox 3226 305 3514 380; x_wconf 85' lang='lat' dir='ltr'>templum</span> <span class='ocrx_word' id='word_1_21' title='bbox 3544 310 3638 366; x_wconf 85' lang='lat' dir='ltr'>sui</span> 
     </span>
    </p>
   </div>
   <div class='ocr_carea' id='block_1_5' title="bbox 214 383 947 456">
    <p class='ocr_par' dir='ltr' id='par_1_5' title="bbox 214 383 947 456">
     <span class='ocr_line' id='line_1_5' title="bbox 214 383 947 456; baseline -0.003 -13"><span class='ocrx_word' id='word_1_22' title='bbox 214 387 277 443; x_wconf 87' lang='lat' dir='ltr'>di</span> <span class='ocrx_word' id='word_1_23' title='bbox 305 383 615 456; x_wconf 82' lang='lat' dir='ltr'>respondit</span> <span class='ocrx_word' id='word_1_24' title='bbox 644 385 947 441; x_wconf 76' lang='lat' dir='ltr'>Ecclesia:</span> 
     </span>
    </p>
   </div>
   <div class='ocr_carea' id='block_1_6' title="bbox 284 472 1876 548">
    <p class='ocr_par' dir='ltr' id='par_1_6' title="bbox 284 472 1876 548">
     <span class='ocr_line' id='line_1_6' title="bbox 284 472 1876 548; baseline 0.002 -22"><span class='ocrx_word' id='word_1_25' title='bbox 284 496 311 526; x_wconf 74' lang='grc' dir='ltr'><strong><em>κ</em></strong></span> <span class='ocrx_word' id='word_1_26' title='bbox 337 472 675 546; x_wconf 82' lang='lat' dir='ltr'>Exspoliavi</span> <span class='ocrx_word' id='word_1_27' title='bbox 728 490 826 529; x_wconf 90' lang='lat' dir='ltr'>me</span> <span class='ocrx_word' id='word_1_28' title='bbox 880 473 1079 531; x_wconf 80' lang='lat' dir='ltr'>tunica</span> <span class='ocrx_word' id='word_1_29' title='bbox 1125 490 1284 546; x_wconf 86' lang='lat' dir='ltr'>mea,</span> <span class='ocrx_word' id='word_1_30' title='bbox 1315 474 1627 548; x_wconf 84' lang='lat' dir='ltr'>quomodo</span> <span class='ocrx_word' id='word_1_31' title='bbox 1656 474 1876 530; x_wconf 86' lang='lat' dir='ltr'>induar</span> 
     </span>
    </p>
   </div>
   <div class='ocr_carea' id='block_1_7' title="bbox 210 560 1877 635">
    <p class='ocr_par' dir='ltr' id='par_1_7' title="bbox 210 560 1877 635">
     <span class='ocr_line' id='line_1_7' title="bbox 210 560 1877 635; baseline -0.002 -13"><span class='ocrx_word' id='word_1_32' title='bbox 210 565 385 622; x_wconf 78' lang='lat' dir='ltr'>illa?»</span> <span class='ocrx_word' id='word_1_33' title='bbox 403 570 489 619; x_wconf 70' lang='lat' dir='ltr'>Ae</span> <span class='ocrx_word' id='word_1_34' title='bbox 516 562 566 619; x_wconf 78' lang='lat' dir='ltr'><strong>si</strong></span> <span class='ocrx_word' id='word_1_35' title='bbox 590 567 793 635; x_wconf 85' lang='lat' dir='ltr'>aperte</span> <span class='ocrx_word' id='word_1_36' title='bbox 814 562 1001 620; x_wconf 86' lang='lat' dir='ltr'>dicat:</span> <span class='ocrx_word' id='word_1_37' title='bbox 1030 562 1271 620; x_wconf 84' lang='lat' dir='ltr'>Deserui</span> <span class='ocrx_word' id='word_1_38' title='bbox 1296 563 1539 634; x_wconf 84' lang='lat' dir='ltr'>negotia</span> <span class='ocrx_word' id='word_1_39' title='bbox 1564 560 1877 620; x_wconf 67' lang='lat' dir='ltr'>saecularia</span> 
     </span>
    </p>
   </div>
   <div class='ocr_carea' id='block_1_8' title="bbox 212 651 1877 726">
    <p class='ocr_par' dir='ltr' id='par_1_8' title="bbox 212 651 1877 726">
     <span class='ocr_line' id='line_1_8' title="bbox 212 651 1877 726; baseline -0.002 -15"><span class='ocrx_word' id='word_1_40' title='bbox 212 654 294 711; x_wconf 87' lang='lat' dir='ltr'>tui</span> <span class='ocrx_word' id='word_1_41' title='bbox 342 667 551 722; x_wconf 79' lang='lat' dir='ltr'>causa,</span> <span class='ocrx_word' id='word_1_42' title='bbox 584 651 896 725; x_wconf 85' lang='lat' dir='ltr'>quomodo</span> <span class='ocrx_word' id='word_1_43' title='bbox 946 657 1211 726; x_wconf 85' lang='lat' dir='ltr'>repetam</span> <span class='ocrx_word' id='word_1_44' title='bbox 1261 652 1407 709; x_wconf 83' lang='lat' dir='ltr'>illa?</span> <span class='ocrx_word' id='word_1_45' title='bbox 1454 675 1483 703; x_wconf 71' lang='grc' dir='ltr'>ι(</span> <span class='ocrx_word' id='word_1_46' title='bbox 1507 653 1645 709; x_wconf 84' lang='lat' dir='ltr'>Lavi</span> <span class='ocrx_word' id='word_1_47' title='bbox 1691 652 1877 726; x_wconf 82' lang='lat' dir='ltr'>pedes</span> 
     </span>
    </p>
   </div>
   <div class='ocr_carea' id='block_1_9' title="bbox 211 741 1879 815">
    <p class='ocr_par' dir='ltr' id='par_1_9' title="bbox 211 741 1879 815">
     <span class='ocr_line' id='line_1_9' title="bbox 211 741 1879 815; baseline -0.004 -12"><span class='ocrx_word' id='word_1_48' title='bbox 211 758 399 809; x_wconf 84' lang='lat' dir='ltr'>meos,</span> <span class='ocrx_word' id='word_1_49' title='bbox 435 742 749 815; x_wconf 81' lang='lat' dir='ltr'>quomodo</span> <span class='ocrx_word' id='word_1_50' title='bbox 797 741 1133 814; x_wconf 77' lang='lat' dir='ltr'>inquinabo</span> <span class='ocrx_word' id='word_1_51' title='bbox 1161 742 1295 799; x_wconf 85' lang='lat' dir='ltr'>illos</span> <span class='ocrx_word' id='word_1_52' title='bbox 1314 743 1343 799; x_wconf 75' lang='lat' dir='ltr'>‘l</span> <span class='ocrx_word' id='word_1_53' title='bbox 1367 766 1395 794; x_wconf 80' lang='grc'><strong>››</strong></span> <span class='ocrx_word' id='word_1_54' title='bbox 1430 741 1494 798; x_wconf 82' lang='lat' dir='ltr'>ld</span> <span class='ocrx_word' id='word_1_55' title='bbox 1521 745 1611 799; x_wconf 84' lang='lat' dir='ltr'>est</span> <span class='ocrx_word' id='word_1_56' title='bbox 1633 742 1761 814; x_wconf 90' lang='lat' dir='ltr'>jam</span> <span class='ocrx_word' id='word_1_57' title='bbox 1790 757 1879 797; x_wconf 79' lang='lat' dir='ltr'>se-</span> 
     </span>
    </p>
   </div>
   <div class='ocr_carea' id='block_1_10' title="bbox 210 830 1879 904">
    <p class='ocr_par' dir='ltr' id='par_1_10' title="bbox 210 830 1879 904">
     <span class='ocr_line' id='line_1_10' title="bbox 210 830 1879 904; baseline -0.004 -12"><span class='ocrx_word' id='word_1_58' title='bbox 210 839 380 893; x_wconf 78' lang='lat' dir='ltr'>cretas</span> <span class='ocrx_word' id='word_1_59' title='bbox 438 830 924 904; x_wconf 84' lang='lat' dir='ltr'>compunctionis</span> <span class='ocrx_word' id='word_1_60' title='bbox 974 831 1217 888; x_wconf 85' lang='lat' dir='ltr'>ﬂetibus</span> <span class='ocrx_word' id='word_1_61' title='bbox 1273 832 1438 888; x_wconf 87' lang='lat' dir='ltr'>ablui</span> <span class='ocrx_word' id='word_1_62' title='bbox 1488 831 1879 903; x_wconf 69' lang='lat' dir='ltr'>cogitationes</span> 
     </span>
    </p>
   </div>
   <div class='ocr_carea' id='block_1_11' title="bbox 208 919 1883 994">
    <p class='ocr_par' dir='ltr' id='par_1_11' title="bbox 208 919 1883 994">
     <span class='ocr_line' id='line_1_11' title="bbox 208 919 1883 994; baseline -0.004 -11"><span class='ocrx_word' id='word_1_63' title='bbox 208 931 500 988; x_wconf 81' lang='lat' dir='ltr'>terrenas,</span> <span class='ocrx_word' id='word_1_64' title='bbox 515 919 831 994; x_wconf 85' lang='lat' dir='ltr'>quomodo</span> <span class='ocrx_word' id='word_1_65' title='bbox 852 920 1065 978; x_wconf 78' lang='lat' dir='ltr'>mundi</span> <span class='ocrx_word' id='word_1_66' title='bbox 1078 920 1583 977; x_wconf 78' lang='lat' dir='ltr'>sordibusiterum</span> <span class='ocrx_word' id='word_1_67' title='bbox 1602 920 1840 994; x_wconf 86' lang='lat' dir='ltr'>polluar</span> <span class='ocrx_word' id='word_1_68' title='bbox 1851 920 1883 976; x_wconf 72' lang='grc' dir='ltr'><strong><em>Ἰ</em></strong></span> 
     </span>
    </p>
   </div>
   <div class='ocr_carea' id='block_1_12' title="bbox 212 1008 1878 1085">
    <p class='ocr_par' dir='ltr' id='par_1_12' title="bbox 212 1008 1878 1085">
     <span class='ocr_line' id='line_1_12' title="bbox 212 1008 1878 1085; baseline -0.002 -15"><span class='ocrx_word' id='word_1_69' title='bbox 212 1015 367 1083; x_wconf 84' lang='lat' dir='ltr'>Quia</span> <span class='ocrx_word' id='word_1_70' title='bbox 417 1010 867 1085; x_wconf 66' lang='lat' dir='ltr'>praedicationis</span> <span class='ocrx_word' id='word_1_71' title='bbox 888 1008 1155 1067; x_wconf 81' lang='lat' dir='ltr'>ofﬁcium</span> <span class='ocrx_word' id='word_1_72' title='bbox 1194 1011 1321 1068; x_wconf 88' lang='lat' dir='ltr'>sine</span> <span class='ocrx_word' id='word_1_73' title='bbox 1346 1011 1743 1083; x_wconf 73' lang='lat' dir='ltr'>occupatione</span> <span class='ocrx_word' id='word_1_74' title='bbox 1769 1026 1878 1066; x_wconf 78' lang='lat' dir='ltr'>sae-</span> 
     </span>
    </p>
   </div>
   <div class='ocr_carea' id='block_1_13' title="bbox 210 1098 1885 1173">
    <p class='ocr_par' dir='ltr' id='par_1_13' title="bbox 210 1098 1885 1173">
     <span class='ocr_line' id='line_1_13' title="bbox 210 1098 1885 1173; baseline -0.004 -13"><span class='ocrx_word' id='word_1_75' title='bbox 210 1102 400 1160; x_wconf 81' lang='lat' dir='ltr'>culari</span> <span class='ocrx_word' id='word_1_76' title='bbox 429 1101 532 1156; x_wconf 80' lang='lat' dir='ltr'>vix</span> <span class='ocrx_word' id='word_1_77' title='bbox 560 1104 760 1173; x_wconf 84' lang='lat' dir='ltr'>potest</span> <span class='ocrx_word' id='word_1_78' title='bbox 786 1114 936 1155; x_wconf 87' lang='lat' dir='ltr'>esse.</span> <span class='ocrx_word' id='word_1_79' title='bbox 972 1099 1189 1155; x_wconf 78' lang='lat' dir='ltr'>Aliter:</span> <span class='ocrx_word' id='word_1_80' title='bbox 1222 1099 1575 1156; x_wconf 79' lang='lat' dir='ltr'>Sacerdotes</span> <span class='ocrx_word' id='word_1_81' title='bbox 1599 1100 1659 1154; x_wconf 88' lang='lat' dir='ltr'>in</span> <span class='ocrx_word' id='word_1_82' title='bbox 1692 1098 1885 1155; x_wconf 88' lang='lat' dir='ltr'>Eccle-</span> 
     </span>
    </p>
   </div>
   <div class='ocr_carea' id='block_1_14' title="bbox 213 1188 1884 1265">
    <p class='ocr_par' dir='ltr' id='par_1_14' title="bbox 213 1188 1884 1265">
     <span class='ocr_line' id='line_1_14' title="bbox 213 1188 1884 1265; baseline -0.004 -16"><span class='ocrx_word' id='word_1_83' title='bbox 213 1196 324 1259; x_wconf 90' lang='lat' dir='ltr'><strong>sia,</strong></span> <span class='ocrx_word' id='word_1_84' title='bbox 342 1192 446 1265; x_wconf 83' lang='lat' dir='ltr'>qui</span> <span class='ocrx_word' id='word_1_85' title='bbox 468 1192 531 1247; x_wconf 79' lang='lat' dir='ltr'>in</span> <span class='ocrx_word' id='word_1_86' title='bbox 556 1191 691 1263; x_wconf 87' lang='lat' dir='ltr'>ipsa</span> <span class='ocrx_word' id='word_1_87' title='bbox 711 1190 1177 1260; x_wconf 76' lang='lat' dir='ltr'>congregatione</span> <span class='ocrx_word' id='word_1_88' title='bbox 1196 1188 1487 1254; x_wconf 85' lang='lat' dir='ltr'>ﬁdelium,</span> <span class='ocrx_word' id='word_1_89' title='bbox 1504 1192 1884 1244; x_wconf 85' lang='lat' dir='ltr'>sacramenta</span> 
     </span>
    </p>
   </div>
   <div class='ocr_carea' id='block_1_15' title="bbox 211 1276 1880 1351">
    <p class='ocr_par' dir='ltr' id='par_1_15' title="bbox 211 1276 1880 1351">
     <span class='ocr_line' id='line_1_15' title="bbox 211 1276 1880 1351; baseline -0.003 -13"><span class='ocrx_word' id='word_1_90' title='bbox 211 1281 472 1339; x_wconf 85' lang='lat' dir='ltr'>visibilia</span> <span class='ocrx_word' id='word_1_91' title='bbox 522 1279 884 1343; x_wconf 74' lang='lat' dir='ltr'>ministrant,</span> <span class='ocrx_word' id='word_1_92' title='bbox 912 1276 1071 1334; x_wconf 85' lang='lat' dir='ltr'>velut</span> <span class='ocrx_word' id='word_1_93' title='bbox 1124 1278 1377 1351; x_wconf 84' lang='lat' dir='ltr'>quidam</span> <span class='ocrx_word' id='word_1_94' title='bbox 1407 1277 1666 1334; x_wconf 79' lang='lat' dir='ltr'>cincinni</span> <span class='ocrx_word' id='word_1_95' title='bbox 1694 1277 1756 1333; x_wconf 85' lang='lat' dir='ltr'>in</span> <span class='ocrx_word' id='word_1_96' title='bbox 1785 1292 1880 1332; x_wconf 88' lang='lat' dir='ltr'>or-</span> 
     </span>
    </p>
   </div>
   <div class='ocr_carea' id='block_1_16' title="bbox 211 1364 1881 1440">
    <p class='ocr_par' dir='ltr' id='par_1_16' title="bbox 211 1364 1881 1440">
     <span class='ocr_line' id='line_1_16' title="bbox 211 1364 1881 1440; baseline -0.004 -12"><span class='ocrx_word' id='word_1_97' title='bbox 211 1374 509 1428; x_wconf 79' lang='lat' dir='ltr'>namento</span> <span class='ocrx_word' id='word_1_98' title='bbox 533 1364 977 1425; x_wconf 80' lang='lat' dir='ltr'>describuntur.</span> <span class='ocrx_word' id='word_1_99' title='bbox 1005 1367 1121 1439; x_wconf 88' lang='lat' dir='ltr'>Sed</span> <span class='ocrx_word' id='word_1_100' title='bbox 1152 1367 1297 1440; x_wconf 85' lang='lat' dir='ltr'>quia</span> <span class='ocrx_word' id='word_1_101' title='bbox 1335 1367 1690 1439; x_wconf 88' lang='lat' dir='ltr'>plerumque</span> <span class='ocrx_word' id='word_1_102' title='bbox 1720 1381 1881 1422; x_wconf 74' lang='lat' dir='ltr'>mor-</span> 
     </span>
    </p>
   </div>
   <div class='ocr_carea' id='block_1_17' title="bbox 210 1455 1885 1529">
    <p class='ocr_par' dir='ltr' id='par_1_17' title="bbox 210 1455 1885 1529">
     <span class='ocr_line' id='line_1_17' title="bbox 210 1455 1885 1529; baseline -0.005 -11"><span class='ocrx_word' id='word_1_103' title='bbox 210 1459 459 1517; x_wconf 76' lang='lat' dir='ltr'>talitatis</span> <span class='ocrx_word' id='word_1_104' title='bbox 512 1458 699 1529; x_wconf 82' lang='lat' dir='ltr'>hujus</span> <span class='ocrx_word' id='word_1_105' title='bbox 756 1457 949 1527; x_wconf 78' lang='lat' dir='ltr'>vicus,</span> <span class='ocrx_word' id='word_1_106' title='bbox 1004 1455 1097 1511; x_wconf 92' lang='lat' dir='ltr'>vel</span> <span class='ocrx_word' id='word_1_107' title='bbox 1160 1455 1548 1513; x_wconf 81' lang='lat' dir='ltr'>tenebrarum</span> <span class='ocrx_word' id='word_1_108' title='bbox 1599 1455 1885 1527; x_wconf 79' lang='lat' dir='ltr'>operibus</span> 
     </span>
    </p>
   </div>
   <div class='ocr_carea' id='block_1_18' title="bbox 209 1543 1878 1617">
    <p class='ocr_par' dir='ltr' id='par_1_18' title="bbox 209 1543 1878 1617">
     <span class='ocr_line' id='line_1_18' title="bbox 209 1543 1878 1617; baseline -0.005 -10"><span class='ocrx_word' id='word_1_109' title='bbox 209 1549 633 1613; x_wconf 82' lang='lat' dir='ltr'>obfuscantur,</span> <span class='ocrx_word' id='word_1_110' title='bbox 704 1544 863 1601; x_wconf 84' lang='lat' dir='ltr'>velut</span> <span class='ocrx_word' id='word_1_111' title='bbox 927 1544 1109 1615; x_wconf 80' lang='lat' dir='ltr'>guttis</span> <span class='ocrx_word' id='word_1_112' title='bbox 1173 1545 1443 1602; x_wconf 80' lang='lat' dir='ltr'><strong>noctium</strong></span> <span class='ocrx_word' id='word_1_113' title='bbox 1502 1543 1878 1617; x_wconf 65' lang='lat' dir='ltr'>prmgravati,</span> 
     </span>
    </p>
   </div>
   <div class='ocr_carea' id='block_1_19' title="bbox 1982 388 3633 468">
    <p class='ocr_par' dir='ltr' id='par_1_19' title="bbox 1982 388 3633 468">
     <span class='ocr_line' id='line_1_19' title="bbox 1982 388 3633 468; baseline 0.008 -27"><span class='ocrx_word' id='word_1_114' title='bbox 1982 388 2237 458; x_wconf 86' lang='lat' dir='ltr'>pectoris</span> <span class='ocrx_word' id='word_1_115' title='bbox 2266 388 2468 444; x_wconf 82' lang='lat' dir='ltr'>divina</span> <span class='ocrx_word' id='word_1_116' title='bbox 2494 389 3350 451; x_wconf 82' lang='lat' dir='ltr'>visitationeetinhabitatione</span> <span class='ocrx_word' id='word_1_117' title='bbox 3378 396 3633 468; x_wconf 83' lang='lat' dir='ltr'>dignum</span> 
     </span>
    </p>
   </div>
   <div class='ocr_carea' id='block_1_20' title="bbox 1984 471 3633 553">
    <p class='ocr_par' dir='ltr' id='par_1_20' title="bbox 1984 471 3633 553">
     <span class='ocr_line' id='line_1_20' title="bbox 1984 471 3633 553; baseline 0.008 -24"><span class='ocrx_word' id='word_1_118' title='bbox 1984 474 2139 532; x_wconf 84' lang='lat' dir='ltr'>facit.</span> <span class='ocrx_word' id='word_1_119' title='bbox 2174 498 2203 525; x_wconf 66' lang='grc' dir='ltr'>ιε</span> <span class='ocrx_word' id='word_1_120' title='bbox 2228 480 2298 533; x_wconf 77' lang='lat' dir='ltr'><strong>At</strong></span> <span class='ocrx_word' id='word_1_121' title='bbox 2324 476 2421 534; x_wconf 87' lang='lat' dir='ltr'>ille</span> <span class='ocrx_word' id='word_1_122' title='bbox 2442 471 2841 535; x_wconf 78' lang='lat' dir='ltr'>declinaverat</span> <span class='ocrx_word' id='word_1_123' title='bbox 2869 485 3049 553; x_wconf 81' lang='lat' dir='ltr'>atque</span> <span class='ocrx_word' id='word_1_124' title='bbox 3077 482 3451 540; x_wconf 75' lang='lat' dir='ltr'>transierat.»</span> <span class='ocrx_word' id='word_1_125' title='bbox 3481 488 3633 551; x_wconf 85' lang='lat' dir='ltr'><strong>Quia</strong></span> 
     </span>
    </p>
   </div>
   <div class='ocr_carea' id='block_1_21' title="bbox 1983 564 3639 640">
    <p class='ocr_par' dir='ltr' id='par_1_21' title="bbox 1983 564 3639 640">
     <span class='ocr_line' id='line_1_21' title="bbox 1983 564 3639 640; baseline 0.007 -21"><span class='ocrx_word' id='word_1_126' title='bbox 1983 564 2133 620; x_wconf 80' lang='lat' dir='ltr'>nulli</span> <span class='ocrx_word' id='word_1_127' title='bbox 2176 565 2239 621; x_wconf 88' lang='lat' dir='ltr'>in</span> <span class='ocrx_word' id='word_1_128' title='bbox 2292 566 2405 622; x_wconf 83' lang='lat' dir='ltr'>hac</span> <span class='ocrx_word' id='word_1_129' title='bbox 2452 566 2572 623; x_wconf 84' lang='lat' dir='ltr'>vita</span> <span class='ocrx_word' id='word_1_130' title='bbox 2621 566 2801 640; x_wconf 85' lang='lat' dir='ltr'>plena</span> <span class='ocrx_word' id='word_1_131' title='bbox 2831 568 2977 625; x_wconf 83' lang='lat' dir='ltr'><strong>visio</strong></span> <span class='ocrx_word' id='word_1_132' title='bbox 3006 570 3135 638; x_wconf 81' lang='lat' dir='ltr'>Dei,</span> <span class='ocrx_word' id='word_1_133' title='bbox 3160 571 3313 627; x_wconf 81' lang='lat' dir='ltr'><strong>sicut</strong></span> <span class='ocrx_word' id='word_1_134' title='bbox 3336 572 3397 628; x_wconf 82' lang='lat' dir='ltr'>in</span> <span class='ocrx_word' id='word_1_135' title='bbox 3435 573 3639 631; x_wconf 84' lang='lat' dir='ltr'>futuro</span> 
     </span>
    </p>
   </div>
   <div class='ocr_carea' id='block_1_22' title="bbox 1985 653 3636 733">
    <p class='ocr_par' dir='ltr' id='par_1_22' title="bbox 1985 653 3636 733">
     <span class='ocr_line' id='line_1_22' title="bbox 1985 653 3636 733; baseline 0.008 -26"><span class='ocrx_word' id='word_1_136' title='bbox 1985 653 2351 718; x_wconf 85' lang='lat' dir='ltr'>conceditur,</span> <span class='ocrx_word' id='word_1_137' title='bbox 2380 654 2514 711; x_wconf 88' lang='lat' dir='ltr'>ideo</span> <span class='ocrx_word' id='word_1_138' title='bbox 2542 657 2790 712; x_wconf 85' lang='lat' dir='ltr'>transire</span> <span class='ocrx_word' id='word_1_139' title='bbox 2820 656 3054 729; x_wconf 86' lang='lat' dir='ltr'>dicitur,</span> <span class='ocrx_word' id='word_1_140' title='bbox 3088 658 3234 733; x_wconf 85' lang='lat' dir='ltr'><strong>quia</strong></span> <span class='ocrx_word' id='word_1_141' title='bbox 3259 660 3321 716; x_wconf 89' lang='lat' dir='ltr'>in</span> <span class='ocrx_word' id='word_1_142' title='bbox 3346 661 3548 719; x_wconf 75' lang='lat' dir='ltr'>futuro</span> <span class='ocrx_word' id='word_1_143' title='bbox 3573 676 3636 720; x_wconf 85' lang='lat' dir='ltr'>se</span> 
     </span>
    </p>
   </div>
   <div class='ocr_carea' id='block_1_23' title="bbox 1984 740 3641 818">
    <p class='ocr_par' dir='ltr' id='par_1_23' title="bbox 1984 740 3641 818">
     <span class='ocr_line' id='line_1_23' title="bbox 1984 740 3641 818; baseline 0.007 -22"><span class='ocrx_word' id='word_1_144' title='bbox 1984 740 2311 798; x_wconf 85' lang='lat' dir='ltr'>videndum</span> <span class='ocrx_word' id='word_1_145' title='bbox 2340 748 2398 799; x_wconf 90' lang='lat' dir='ltr'>ct</span> <span class='ocrx_word' id='word_1_146' title='bbox 2424 744 2853 816; x_wconf 72' lang='lat' dir='ltr'>perimendum</span> <span class='ocrx_word' id='word_1_147' title='bbox 2884 745 3121 818; x_wconf 84' lang='lat' dir='ltr'>plenius</span> <span class='ocrx_word' id='word_1_148' title='bbox 3148 750 3424 806; x_wconf 86' lang='lat' dir='ltr'>ostendit.</span> <span class='ocrx_word' id='word_1_149' title='bbox 3456 753 3641 808; x_wconf 81' lang='lat' dir='ltr'><strong>«Ani-</strong></span> 
     </span>
    </p>
   </div>
   <div class='ocr_carea' id='block_1_24' title="bbox 1987 831 3639 904">
    <p class='ocr_par' dir='ltr' id='par_1_24' title="bbox 1987 831 3639 904">
     <span class='ocr_line' id='line_1_24' title="bbox 1987 831 3639 904; baseline 0.008 -20"><span class='ocrx_word' id='word_1_150' title='bbox 1987 844 2093 885; x_wconf 88' lang='lat' dir='ltr'>ma</span> <span class='ocrx_word' id='word_1_151' title='bbox 2135 845 2275 887; x_wconf 86' lang='lat' dir='ltr'>mea</span> <span class='ocrx_word' id='word_1_152' title='bbox 2317 831 2640 904; x_wconf 75' lang='lat' dir='ltr'>liquefacta</span> <span class='ocrx_word' id='word_1_153' title='bbox 2682 839 2789 901; x_wconf 84' lang='lat' dir='ltr'>est,</span> <span class='ocrx_word' id='word_1_154' title='bbox 2822 838 2888 891; x_wconf 89' lang='lat' dir='ltr'><strong>ut</strong></span> <span class='ocrx_word' id='word_1_155' title='bbox 2938 835 3188 893; x_wconf 84' lang='lat' dir='ltr'>dilectus</span> <span class='ocrx_word' id='word_1_156' title='bbox 3216 837 3459 896; x_wconf 70' lang='lat' dir='ltr'>locutus</span> <span class='ocrx_word' id='word_1_157' title='bbox 3481 846 3639 897; x_wconf 84' lang='lat' dir='ltr'>est.»</span> 
     </span>
    </p>
   </div>
   <div class='ocr_carea' id='block_1_25' title="bbox 1987 921 3633 1002">
    <p class='ocr_par' dir='ltr' id='par_1_25' title="bbox 1987 921 3633 1002">
     <span class='ocr_line' id='line_1_25' title="bbox 1987 921 3633 1002; baseline 0.008 -28"><span class='ocrx_word' id='word_1_158' title='bbox 1987 922 2325 977; x_wconf 84' lang='lat' dir='ltr'>Perseverat</span> <span class='ocrx_word' id='word_1_159' title='bbox 2369 921 2627 978; x_wconf 77' lang='lat' dir='ltr'>Ecclesia</span> <span class='ocrx_word' id='word_1_160' title='bbox 2671 923 2735 978; x_wconf 91' lang='lat' dir='ltr'>in</span> <span class='ocrx_word' id='word_1_161' title='bbox 2782 924 3180 982; x_wconf 73' lang='lat' dir='ltr'>admiratione</span> <span class='ocrx_word' id='word_1_162' title='bbox 3223 928 3317 984; x_wconf 87' lang='lat' dir='ltr'>sui</span> <span class='ocrx_word' id='word_1_163' title='bbox 3352 931 3633 1002; x_wconf 76' lang='lat' dir='ltr'>stuporis.</span> 
     </span>
    </p>
   </div>
   <div class='ocr_carea' id='block_1_26' title="bbox 1988 1010 3636 1092">
    <p class='ocr_par' dir='ltr' id='par_1_26' title="bbox 1988 1010 3636 1092">
     <span class='ocr_line' id='line_1_26' title="bbox 1988 1010 3636 1092; baseline 0.008 -29"><span class='ocrx_word' id='word_1_164' title='bbox 1988 1010 2221 1072; x_wconf 84' lang='lat' dir='ltr'>Quanto</span> <span class='ocrx_word' id='word_1_165' title='bbox 2273 1010 2537 1077; x_wconf 75' lang='lat' dir='ltr'><strong>suavius,</strong></span> <span class='ocrx_word' id='word_1_166' title='bbox 2570 1011 2784 1084; x_wconf 79' lang='lat' dir='ltr'><strong>inquit,</strong></span> <span class='ocrx_word' id='word_1_167' title='bbox 2812 1028 3024 1069; x_wconf 88' lang='lat' dir='ltr'>vocem</span> <span class='ocrx_word' id='word_1_168' title='bbox 3068 1019 3249 1088; x_wconf 82' lang='lat' dir='ltr'>atque</span> <span class='ocrx_word' id='word_1_169' title='bbox 3278 1019 3636 1092; x_wconf 83' lang='lat' dir='ltr'>propinqui-</span> 
     </span>
    </p>
   </div>
   <div class='ocr_carea' id='block_1_27' title="bbox 1987 1098 3639 1182">
    <p class='ocr_par' dir='ltr' id='par_1_27' title="bbox 1987 1098 3639 1182">
     <span class='ocr_line' id='line_1_27' title="bbox 1987 1098 3639 1182; baseline 0.007 -28"><span class='ocrx_word' id='word_1_170' title='bbox 1987 1102 2172 1154; x_wconf 84' lang='lat' dir='ltr'>tatem</span> <span class='ocrx_word' id='word_1_171' title='bbox 2202 1098 2398 1156; x_wconf 81' lang='lat' dir='ltr'>dilecti</span> <span class='ocrx_word' id='word_1_172' title='bbox 2416 1101 2537 1156; x_wconf 88' lang='lat' dir='ltr'>mei</span> <span class='ocrx_word' id='word_1_173' title='bbox 2559 1101 2783 1174; x_wconf 86' lang='lat' dir='ltr'>accepi,</span> <span class='ocrx_word' id='word_1_174' title='bbox 2808 1106 2975 1158; x_wconf 87' lang='lat' dir='ltr'>tanto</span> <span class='ocrx_word' id='word_1_175' title='bbox 3004 1103 3323 1161; x_wconf 81' lang='lat' dir='ltr'>sublimius</span> <span class='ocrx_word' id='word_1_176' title='bbox 3341 1108 3639 1182; x_wconf 80' lang='lat' dir='ltr'><strong>quidquid</strong></span> 
     </span>
    </p>
   </div>
   <div class='ocr_carea' id='block_1_28' title="bbox 1987 1186 3638 1271">
    <p class='ocr_par' dir='ltr' id='par_1_28' title="bbox 1987 1186 3638 1271">
     <span class='ocr_line' id='line_1_28' title="bbox 1987 1186 3638 1271; baseline 0.007 -29"><span class='ocrx_word' id='word_1_177' title='bbox 1987 1186 2050 1242; x_wconf 93' lang='lat' dir='ltr'>in</span> <span class='ocrx_word' id='word_1_178' title='bbox 2081 1203 2178 1244; x_wconf 89' lang='lat' dir='ltr'>me</span> <span class='ocrx_word' id='word_1_179' title='bbox 2197 1194 2323 1245; x_wconf 86' lang='lat' dir='ltr'>erat</span> <span class='ocrx_word' id='word_1_180' title='bbox 2339 1189 2644 1259; x_wconf 77' lang='lat' dir='ltr'>frigidum,</span> <span class='ocrx_word' id='word_1_181' title='bbox 2660 1190 2949 1247; x_wconf 80' lang='lat' dir='ltr'>cbaritate</span> <span class='ocrx_word' id='word_1_182' title='bbox 2970 1192 3235 1263; x_wconf 86' lang='lat' dir='ltr'>incaluit,</span> <span class='ocrx_word' id='word_1_183' title='bbox 3259 1200 3318 1252; x_wconf 77' lang='lat' dir='ltr'>et</span> <span class='ocrx_word' id='word_1_184' title='bbox 3339 1197 3638 1271; x_wconf 81' lang='lat' dir='ltr'>quidquid</span> 
     </span>
    </p>
   </div>
   <div class='ocr_carea' id='block_1_29' title="bbox 1988 1276 3635 1350">
    <p class='ocr_par' dir='ltr' id='par_1_29' title="bbox 1988 1276 3635 1350">
     <span class='ocr_line' id='line_1_29' title="bbox 1988 1276 3635 1350; baseline 0.004 -20"><span class='ocrx_word' id='word_1_185' title='bbox 1988 1276 2273 1346; x_wconf 81' lang='lat' dir='ltr'>rigidum,</span> <span class='ocrx_word' id='word_1_186' title='bbox 2292 1277 2586 1350; x_wconf 83' lang='lat' dir='ltr'>liquefuit.</span> <span class='ocrx_word' id='word_1_187' title='bbox 2618 1302 2645 1330; x_wconf 84' lang='grc'>‹‹</span> <span class='ocrx_word' id='word_1_188' title='bbox 2662 1280 2918 1345; x_wconf 77' lang='lat' dir='ltr'>Quaesivi</span> <span class='ocrx_word' id='word_1_189' title='bbox 2944 1279 3113 1337; x_wconf 80' lang='lat' dir='ltr'>illum</span> <span class='ocrx_word' id='word_1_190' title='bbox 3145 1287 3347 1339; x_wconf 87' lang='lat' dir='ltr'>etnon</span> <span class='ocrx_word' id='word_1_191' title='bbox 3376 1285 3635 1343; x_wconf 77' lang='lat' dir='ltr'>inveni.»</span> 
     </span>
    </p>
   </div>
   <div class='ocr_carea' id='block_1_30' title="bbox 1991 1365 3641 1443">
    <p class='ocr_par' dir='ltr' id='par_1_30' title="bbox 1991 1365 3641 1443">
     <span class='ocr_line' id='line_1_30' title="bbox 1991 1365 3641 1443; baseline 0.007 -22"><span class='ocrx_word' id='word_1_192' title='bbox 1991 1365 2141 1432; x_wconf 87' lang='lat' dir='ltr'>Quia</span> <span class='ocrx_word' id='word_1_193' title='bbox 2167 1367 2399 1424; x_wconf 80' lang='lat' dir='ltr'>donum</span> <span class='ocrx_word' id='word_1_194' title='bbox 2446 1370 2930 1443; x_wconf 85' lang='lat' dir='ltr'>eompunetionis</span> <span class='ocrx_word' id='word_1_195' title='bbox 2965 1375 3023 1428; x_wconf 88' lang='lat' dir='ltr'>et</span> <span class='ocrx_word' id='word_1_196' title='bbox 3044 1372 3389 1431; x_wconf 75' lang='lat' dir='ltr'>dulcedinis</span> <span class='ocrx_word' id='word_1_197' title='bbox 3416 1376 3641 1433; x_wconf 64' lang='lat' dir='ltr'>intima</span> 
     </span>
    </p>
   </div>
   <div class='ocr_carea' id='block_1_31' title="bbox 1988 1456 3643 1525">
    <p class='ocr_par' dir='ltr' id='par_1_31' title="bbox 1988 1456 3643 1525">
     <span class='ocr_line' id='line_1_31' title="bbox 1988 1456 3643 1525; baseline 0.007 -14"><span class='ocrx_word' id='word_1_198' title='bbox 1988 1471 2113 1511; x_wconf 86' lang='lat' dir='ltr'>non</span> <span class='ocrx_word' id='word_1_199' title='bbox 2142 1456 2387 1514; x_wconf 85' lang='lat' dir='ltr'>arbitrio</span> <span class='ocrx_word' id='word_1_200' title='bbox 2415 1462 2504 1515; x_wconf 83' lang='lat' dir='ltr'>est</span> <span class='ocrx_word' id='word_1_201' title='bbox 2530 1459 2778 1525; x_wconf 79' lang='lat' dir='ltr'>volenti,</span> <span class='ocrx_word' id='word_1_202' title='bbox 2796 1461 2905 1517; x_wconf 89' lang='lat' dir='ltr'>sed</span> <span class='ocrx_word' id='word_1_203' title='bbox 2925 1460 2988 1516; x_wconf 82' lang='lat' dir='ltr'>in</span> <span class='ocrx_word' id='word_1_204' title='bbox 3011 1461 3393 1520; x_wconf 84' lang='lat' dir='ltr'>miseratione</span> <span class='ocrx_word' id='word_1_205' title='bbox 3419 1465 3643 1521; x_wconf 70' lang='lat' dir='ltr'>dantis.</span> 
     </span>
    </p>
   </div>
   <div class='ocr_carea' id='block_1_32' title="bbox 1991 1545 3643 1627">
    <p class='ocr_par' dir='ltr' id='par_1_32' title="bbox 1991 1545 3643 1627">
     <span class='ocr_line' id='line_1_32' title="bbox 1991 1545 3643 1627; baseline 0.006 -27"><span class='ocrx_word' id='word_1_206' title='bbox 1991 1545 2130 1601; x_wconf 91' lang='lat' dir='ltr'>Ideo</span> <span class='ocrx_word' id='word_1_207' title='bbox 2158 1562 2282 1602; x_wconf 91' lang='lat' dir='ltr'>non</span> <span class='ocrx_word' id='word_1_208' title='bbox 2313 1563 2549 1620; x_wconf 87' lang='lat' dir='ltr'>semper</span> <span class='ocrx_word' id='word_1_209' title='bbox 2567 1549 2793 1604; x_wconf 86' lang='lat' dir='ltr'>habent</span> <span class='ocrx_word' id='word_1_210' title='bbox 2820 1549 2968 1605; x_wconf 88' lang='lat' dir='ltr'><strong>illud</strong></span> <span class='ocrx_word' id='word_1_211' title='bbox 2998 1552 3329 1623; x_wconf 70' lang='lat' dir='ltr'>aequaliter,</span> <span class='ocrx_word' id='word_1_212' title='bbox 3360 1554 3643 1627; x_wconf 77' lang='lat' dir='ltr'>quianon</span> 
     </span>
    </p>
   </div>
   <div class='ocr_carea' id='block_1_33' title="bbox 209 1632 3640 1716">
    <p class='ocr_par' dir='ltr' id='par_1_33' title="bbox 209 1632 3640 1716">
     <span class='ocr_line' id='line_1_33' title="bbox 209 1632 3640 1716; baseline 0.002 -24"><span class='ocrx_word' id='word_1_213' title='bbox 209 1638 453 1694; x_wconf 82' lang='lat' dir='ltr'>Christo</span> <span class='ocrx_word' id='word_1_214' title='bbox 498 1633 679 1709; x_wconf 73' lang='lat' dir='ltr'>quasi</span> <span class='ocrx_word' id='word_1_215' title='bbox 706 1633 1017 1690; x_wconf 67' lang='lat' dir='ltr'>adhrerere</span> <span class='ocrx_word' id='word_1_216' title='bbox 1044 1632 1339 1689; x_wconf 86' lang='lat' dir='ltr'>videntur.</span> <span class='ocrx_word' id='word_1_217' title='bbox 1368 1632 1486 1688; x_wconf 84' lang='lat' dir='ltr'>Sed</span> <span class='ocrx_word' id='word_1_218' title='bbox 1531 1633 1676 1705; x_wconf 86' lang='lat' dir='ltr'><strong>quia</strong></span> <span class='ocrx_word' id='word_1_219' title='bbox 1718 1647 1881 1687; x_wconf 78' lang='lat' dir='ltr'>eum—</span> <span class='ocrx_word' id='word_1_220' title='bbox 1905 1642 1965 1700; x_wconf 68' lang='grc' dir='ltr'>Β</span> <span class='ocrx_word' id='word_1_221' title='bbox 1990 1635 2074 1691; x_wconf 83' lang='lat' dir='ltr'>ita</span> <span class='ocrx_word' id='word_1_222' title='bbox 2101 1652 2163 1691; x_wconf 89' lang='lat' dir='ltr'>se</span> <span class='ocrx_word' id='word_1_223' title='bbox 2184 1635 2357 1692; x_wconf 76' lang='lat' dir='ltr'>offert</span> <span class='ocrx_word' id='word_1_224' title='bbox 2376 1637 2531 1692; x_wconf 83' lang='lat' dir='ltr'>Deus</span> <span class='ocrx_word' id='word_1_225' title='bbox 2550 1637 2613 1693; x_wconf 84' lang='lat' dir='ltr'>in</span> <span class='ocrx_word' id='word_1_226' title='bbox 2634 1637 2841 1695; x_wconf 75' lang='lat' dir='ltr'>exsilio</span> <span class='ocrx_word' id='word_1_227' title='bbox 2869 1638 3313 1714; x_wconf 70' lang='lat' dir='ltr'>laborantibus,</span> <span class='ocrx_word' id='word_1_228' title='bbox 3330 1643 3640 1716; x_wconf 79' lang='lat' dir='ltr'>quomodo</span> 
     </span>
    </p>
   </div>
   <div class='ocr_carea' id='block_1_34' title="bbox 210 1722 1881 1795">
    <p class='ocr_par' dir='ltr' id='par_1_34' title="bbox 210 1722 1881 1795">
     <span class='ocr_line' id='line_1_34' title="bbox 210 1722 1881 1795; baseline -0.004 -11"><span class='ocrx_word' id='word_1_229' title='bbox 210 1728 359 1784; x_wconf 80' lang='lat' dir='ltr'>dem</span> <span class='ocrx_word' id='word_1_230' title='bbox 391 1725 695 1783; x_wconf 80' lang='lat' dir='ltr'><strong>Christum</strong></span> <span class='ocrx_word' id='word_1_231' title='bbox 736 1737 860 1778; x_wconf 83' lang='lat' dir='ltr'>non</span> <span class='ocrx_word' id='word_1_232' title='bbox 901 1722 1131 1779; x_wconf 81' lang='lat' dir='ltr'>sincere</span> <span class='ocrx_word' id='word_1_233' title='bbox 1154 1722 1533 1790; x_wconf 81' lang='lat' dir='ltr'>annnntiant,</span> <span class='ocrx_word' id='word_1_234' title='bbox 1566 1725 1881 1795; x_wconf 79' lang='lat' dir='ltr'>propterea</span> 
     </span>
    </p>
   </div>
   <div class='ocr_carea' id='block_1_35' title="bbox 210 1811 1882 1890">
    <p class='ocr_par' dir='ltr' id='par_1_35' title="bbox 210 1811 1882 1890">
     <span class='ocr_line' id='line_1_35' title="bbox 210 1811 1882 1890; baseline -0.004 -17"><span class='ocrx_word' id='word_1_235' title='bbox 210 1832 327 1890; x_wconf 77' lang='lat' dir='ltr'>pro</span> <span class='ocrx_word' id='word_1_236' title='bbox 380 1815 604 1872; x_wconf 80' lang='lat' dir='ltr'>talibus</span> <span class='ocrx_word' id='word_1_237' title='bbox 648 1813 1049 1885; x_wconf 80' lang='lat' dir='ltr'>ingemiscens</span> <span class='ocrx_word' id='word_1_238' title='bbox 1103 1812 1509 1885; x_wconf 82' lang='lat' dir='ltr'>subsequitur.</span> <span class='ocrx_word' id='word_1_239' title='bbox 1572 1834 1599 1863; x_wconf 84' lang='lat'><strong>«</strong></span> <span class='ocrx_word' id='word_1_240' title='bbox 1624 1811 1882 1884; x_wconf 83' lang='lat' dir='ltr'>Spoliavi</span> 
     </span>
    </p>
   </div>
   <div class='ocr_carea' id='block_1_36' title="bbox 212 1900 1882 1975">
    <p class='ocr_par' dir='ltr' id='par_1_36' title="bbox 212 1900 1882 1975">
     <span class='ocr_line' id='line_1_36' title="bbox 212 1900 1882 1975; baseline -0.004 -12"><span class='ocrx_word' id='word_1_241' title='bbox 212 1922 311 1964; x_wconf 84' lang='lat' dir='ltr'>me</span> <span class='ocrx_word' id='word_1_242' title='bbox 345 1904 556 1961; x_wconf 80' lang='lat' dir='ltr'>tunica</span> <span class='ocrx_word' id='word_1_243' title='bbox 583 1919 740 1971; x_wconf 84' lang='lat' dir='ltr'>mea,</span> <span class='ocrx_word' id='word_1_244' title='bbox 775 1902 1087 1975; x_wconf 87' lang='lat' dir='ltr'>quomodo</span> <span class='ocrx_word' id='word_1_245' title='bbox 1118 1902 1332 1958; x_wconf 75' lang='lat' dir='ltr'>induar</span> <span class='ocrx_word' id='word_1_246' title='bbox 1351 1900 1498 1958; x_wconf 82' lang='lat' dir='ltr'>illa?</span> <span class='ocrx_word' id='word_1_247' title='bbox 1530 1901 1668 1957; x_wconf 87' lang='lat' dir='ltr'>Lavi</span> <span class='ocrx_word' id='word_1_248' title='bbox 1698 1900 1882 1973; x_wconf 85' lang='lat' dir='ltr'>pedes</span> 
     </span>
    </p>
   </div>
   <div class='ocr_carea' id='block_1_37' title="bbox 212 1990 1884 2067">
    <p class='ocr_par' dir='ltr' id='par_1_37' title="bbox 212 1990 1884 2067">
     <span class='ocr_line' id='line_1_37' title="bbox 212 1990 1884 2067; baseline -0.005 -14"><span class='ocrx_word' id='word_1_249' title='bbox 212 2012 413 2061; x_wconf 82' lang='lat' dir='ltr'>meos,</span> <span class='ocrx_word' id='word_1_250' title='bbox 431 1992 743 2067; x_wconf 81' lang='lat' dir='ltr'>quomodo</span> <span class='ocrx_word' id='word_1_251' title='bbox 770 1991 1110 2065; x_wconf 80' lang='lat' dir='ltr'>inquinabo</span> <span class='ocrx_word' id='word_1_252' title='bbox 1125 1990 1295 2047; x_wconf 81' lang='lat' dir='ltr'>illos?</span> <span class='ocrx_word' id='word_1_253' title='bbox 1310 2011 1345 2042; x_wconf 68' lang='grc' dir='ltr'>»ι</span> <span class='ocrx_word' id='word_1_254' title='bbox 1370 1991 1489 2047; x_wconf 86' lang='lat' dir='ltr'>hoc</span> <span class='ocrx_word' id='word_1_255' title='bbox 1505 1995 1613 2060; x_wconf 83' lang='lat' dir='ltr'>est,</span> <span class='ocrx_word' id='word_1_256' title='bbox 1640 1990 1884 2046; x_wconf 85' lang='lat' dir='ltr'>veniens</span> 
     </span>
    </p>
   </div>
   <div class='ocr_carea' id='block_1_38' title="bbox 213 2079 1884 2153">
    <p class='ocr_par' dir='ltr' id='par_1_38' title="bbox 213 2079 1884 2153">
     <span class='ocr_line' id='line_1_38' title="bbox 213 2079 1884 2153; baseline -0.004 -12"><span class='ocrx_word' id='word_1_257' title='bbox 213 2085 290 2142; x_wconf 79' lang='lat' dir='ltr'>ad</span> <span class='ocrx_word' id='word_1_258' title='bbox 315 2083 516 2140; x_wconf 78' lang='lat' dir='ltr'>ﬁdem</span> <span class='ocrx_word' id='word_1_259' title='bbox 537 2082 667 2153; x_wconf 87' lang='lat' dir='ltr'>jam</span> <span class='ocrx_word' id='word_1_260' title='bbox 704 2084 969 2137; x_wconf 78' lang='lat' dir='ltr'>veterem</span> <span class='ocrx_word' id='word_1_261' title='bbox 993 2080 1305 2137; x_wconf 81' lang='lat' dir='ltr'><strong>hominem</strong></span> <span class='ocrx_word' id='word_1_262' title='bbox 1332 2079 1669 2136; x_wconf 83' lang='lat' dir='ltr'>secundum</span> <span class='ocrx_word' id='word_1_263' title='bbox 1692 2079 1884 2152; x_wconf 73' lang='lat' dir='ltr'>pristi-</span> 
     </span>
    </p>
   </div>
   <div class='ocr_carea' id='block_1_39' title="bbox 212 2167 1887 2241">
    <p class='ocr_par' dir='ltr' id='par_1_39' title="bbox 212 2167 1887 2241">
     <span class='ocr_line' id='line_1_39' title="bbox 212 2167 1887 2241; baseline -0.004 -12"><span class='ocrx_word' id='word_1_264' title='bbox 212 2188 367 2230; x_wconf 76' lang='lat' dir='ltr'>nam</span> <span class='ocrx_word' id='word_1_265' title='bbox 395 2169 915 2227; x_wconf 80' lang='lat' dir='ltr'>conversationem</span> <span class='ocrx_word' id='word_1_266' title='bbox 943 2168 1223 2241; x_wconf 81' lang='lat' dir='ltr'>deposui,</span> <span class='ocrx_word' id='word_1_267' title='bbox 1257 2172 1315 2224; x_wconf 88' lang='lat' dir='ltr'>et</span> <span class='ocrx_word' id='word_1_268' title='bbox 1350 2167 1521 2224; x_wconf 81' lang='lat' dir='ltr'>indui</span> <span class='ocrx_word' id='word_1_269' title='bbox 1547 2183 1794 2233; x_wconf 79' lang='lat' dir='ltr'>novum,</span> <span class='ocrx_word' id='word_1_270' title='bbox 1828 2172 1887 2223; x_wconf 87' lang='lat' dir='ltr'>et</span> 
     </span>
    </p>
   </div>
   <div class='ocr_carea' id='block_1_40' title="bbox 212 2256 1885 2335">
    <p class='ocr_par' dir='ltr' id='par_1_40' title="bbox 212 2256 1885 2335">
     <span class='ocr_line' id='line_1_40' title="bbox 212 2256 1885 2335; baseline -0.005 -18"><span class='ocrx_word' id='word_1_271' title='bbox 212 2263 261 2318; x_wconf 87' lang='lat' dir='ltr'>si</span> <span class='ocrx_word' id='word_1_272' title='bbox 284 2259 446 2335; x_wconf 77' lang='lat' dir='ltr'>quid</span> <span class='ocrx_word' id='word_1_273' title='bbox 473 2259 755 2329; x_wconf 79' lang='lat' dir='ltr'>contagii,</span> <span class='ocrx_word' id='word_1_274' title='bbox 785 2257 938 2315; x_wconf 82' lang='lat' dir='ltr'>dum</span> <span class='ocrx_word' id='word_1_275' title='bbox 990 2258 1053 2313; x_wconf 90' lang='lat' dir='ltr'>in</span> <span class='ocrx_word' id='word_1_276' title='bbox 1083 2257 1331 2313; x_wconf 75' lang='lat' dir='ltr'>terrenis</span> <span class='ocrx_word' id='word_1_277' title='bbox 1361 2256 1759 2328; x_wconf 82' lang='lat' dir='ltr'><strong>ambularem,</strong></span> <span class='ocrx_word' id='word_1_278' title='bbox 1787 2272 1885 2329; x_wconf 85' lang='lat' dir='ltr'>pe-</span> 
     </span>
    </p>
   </div>
   <div class='ocr_carea' id='block_1_41' title="bbox 214 2344 1885 2415">
    <p class='ocr_par' dir='ltr' id='par_1_41' title="bbox 214 2344 1885 2415">
     <span class='ocr_line' id='line_1_41' title="bbox 214 2344 1885 2415; baseline -0.004 -8"><span class='ocrx_word' id='word_1_279' title='bbox 214 2351 405 2407; x_wconf 70' lang='lat' dir='ltr'>dibus</span> <span class='ocrx_word' id='word_1_280' title='bbox 431 2349 603 2405; x_wconf 76' lang='lat' dir='ltr'>meis&#39;</span> <span class='ocrx_word' id='word_1_281' title='bbox 612 2347 883 2415; x_wconf 64' lang='lat' dir='ltr'>aercessit,</span> <span class='ocrx_word' id='word_1_282' title='bbox 919 2345 1149 2405; x_wconf 84' lang='lat' dir='ltr'>Christo</span> <span class='ocrx_word' id='word_1_283' title='bbox 1177 2344 1438 2413; x_wconf 70' lang='lat' dir='ltr'>levante,</span> <span class='ocrx_word' id='word_1_284' title='bbox 1470 2345 1745 2401; x_wconf 84' lang='lat' dir='ltr'>ablutum</span> <span class='ocrx_word' id='word_1_285' title='bbox 1774 2350 1885 2408; x_wconf 84' lang='lat' dir='ltr'>est,</span> 
     </span>
    </p>
   </div>
   <div class='ocr_carea' id='block_1_42' title="bbox 214 2437 1886 2508">
    <p class='ocr_par' dir='ltr' id='par_1_42' title="bbox 214 2437 1886 2508">
     <span class='ocr_line' id='line_1_42' title="bbox 214 2437 1886 2508; baseline -0.004 -11"><span class='ocrx_word' id='word_1_286' title='bbox 214 2445 275 2497; x_wconf 90' lang='lat' dir='ltr'>et</span> <span class='ocrx_word' id='word_1_287' title='bbox 319 2453 497 2496; x_wconf 75' lang='lat' dir='ltr'>nunc</span> <span class='ocrx_word' id='word_1_288' title='bbox 538 2437 847 2494; x_wconf 80' lang='lat' dir='ltr'>ministros</span> <span class='ocrx_word' id='word_1_289' title='bbox 903 2439 1419 2493; x_wconf 71' lang='lat' dir='ltr'>sacramentorum</span> <span class='ocrx_word' id='word_1_290' title='bbox 1460 2450 1570 2508; x_wconf 83' lang='lat' dir='ltr'>per</span> <span class='ocrx_word' id='word_1_291' title='bbox 1595 2450 1753 2507; x_wconf 87' lang='lat' dir='ltr'>quos</span> <span class='ocrx_word' id='word_1_292' title='bbox 1793 2451 1886 2490; x_wconf 86' lang='lat' dir='ltr'>or-</span> 
     </span>
    </p>
   </div>
   <div class='ocr_carea' id='block_1_43' title="bbox 212 2523 1897 2598">
    <p class='ocr_par' dir='ltr' id='par_1_43' title="bbox 212 2523 1897 2598">
     <span class='ocr_line' id='line_1_43' title="bbox 212 2523 1897 2598; baseline -0.005 -11"><span class='ocrx_word' id='word_1_293' title='bbox 212 2529 423 2586; x_wconf 77' lang='lat' dir='ltr'>dinari</span> <span class='ocrx_word' id='word_1_294' title='bbox 467 2527 749 2595; x_wconf 76' lang='lat' dir='ltr'>debeam,</span> <span class='ocrx_word' id='word_1_295' title='bbox 780 2525 1121 2582; x_wconf 74' lang='lat' dir='ltr'>carnalibus</span> <span class='ocrx_word' id='word_1_296' title='bbox 1151 2523 1403 2580; x_wconf 75' lang='lat' dir='ltr'>iniectos</span> <span class='ocrx_word' id='word_1_297' title='bbox 1444 2524 1603 2580; x_wconf 79' lang='lat' dir='ltr'><strong>vitiis</strong></span> <span class='ocrx_word' id='word_1_298' title='bbox 1652 2525 1897 2598; x_wconf 84' lang='lat' dir='ltr'>conspi-</span> 
     </span>
    </p>
   </div>
   <div class='ocr_carea' id='block_1_44' title="bbox 215 2615 1889 2689">
    <p class='ocr_par' dir='ltr' id='par_1_44' title="bbox 215 2615 1889 2689">
     <span class='ocr_line' id='line_1_44' title="bbox 215 2615 1889 2689; baseline -0.004 -14"><span class='ocrx_word' id='word_1_299' title='bbox 215 2619 331 2675; x_wconf 50' lang='lat' dir='ltr'>cio»</span> <span class='ocrx_word' id='word_1_300' title='bbox 360 2615 651 2689; x_wconf 73' lang='lat' dir='ltr'>quuid</span> <span class='ocrx_word' id='word_1_301' title='bbox 674 2631 920 2688; x_wconf 62' lang='lat' dir='ltr'>equum</span> <span class='ocrx_word' id='word_1_302' title='bbox 946 2618 1039 2671; x_wconf 80' lang='lat' dir='ltr'>est</span> <span class='ocrx_word' id='word_1_303' title='bbox 1051 2630 1293 2670; x_wconf 80' lang='lat' dir='ltr'>rursum</span> <span class='ocrx_word' id='word_1_304' title='bbox 1321 2629 1433 2686; x_wconf 84' lang='lat' dir='ltr'>per</span> <span class='ocrx_word' id='word_1_305' title='bbox 1457 2629 1667 2670; x_wconf 81' lang='lat' dir='ltr'>eorum</span> <span class='ocrx_word' id='word_1_306' title='bbox 1692 2629 1889 2670; x_wconf 80' lang='lat' dir='ltr'>exem-</span> 
     </span>
    </p>
   </div>
   <div class='ocr_carea' id='block_1_45' title="bbox 215 2702 1890 2782">
    <p class='ocr_par' dir='ltr' id='par_1_45' title="bbox 215 2702 1890 2782">
     <span class='ocr_line' id='line_1_45' title="bbox 215 2702 1890 2782; baseline -0.002 -19"><span class='ocrx_word' id='word_1_307' title='bbox 215 2708 325 2782; x_wconf 71' lang='lat' dir='ltr'>pla</span> <span class='ocrx_word' id='word_1_308' title='bbox 348 2705 517 2763; x_wconf 77' lang='lat' dir='ltr'>male</span> <span class='ocrx_word' id='word_1_309' title='bbox 556 2703 825 2761; x_wconf 80' lang='lat' dir='ltr'>vivendo</span> <span class='ocrx_word' id='word_1_310' title='bbox 865 2703 1169 2776; x_wconf 81' lang='lat' dir='ltr'>inquinari</span> <span class='ocrx_word' id='word_1_311' title='bbox 1212 2719 1250 2760; x_wconf 74' lang='grc' dir='ltr'>ο.</span> <span class='ocrx_word' id='word_1_312' title='bbox 1277 2702 1539 2776; x_wconf 70' lang='lat' dir='ltr'>pristinis</span> <span class='ocrx_word' id='word_1_313' title='bbox 1568 2718 1667 2759; x_wconf 86' lang='lat' dir='ltr'>me</span> <span class='ocrx_word' id='word_1_314' title='bbox 1696 2704 1890 2776; x_wconf 78' lang='lat' dir='ltr'>patiar</span> 
     </span>
    </p>
   </div>
   <div class='ocr_carea' id='block_1_46' title="bbox 220 2797 450 2856">
    <p class='ocr_par' dir='ltr' id='par_1_46' title="bbox 220 2797 450 2856">
     <span class='ocr_line' id='line_1_46' title="bbox 220 2797 450 2856; baseline -0.013 0"><span class='ocrx_word' id='word_1_315' title='bbox 220 2797 450 2856; x_wconf 70' lang='lat' dir='ltr'>malis?</span> 
     </span>
    </p>
   </div>
   <div class='ocr_carea' id='block_1_47' title="bbox 299 2883 1897 2957">
    <p class='ocr_par' dir='ltr' id='par_1_47' title="bbox 299 2883 1897 2957">
     <span class='ocr_line' id='line_1_47' title="bbox 299 2883 1897 2957; baseline 0.001 -19"><span class='ocrx_word' id='word_1_316' title='bbox 299 2909 335 2938; x_wconf 72' lang='grc' dir='ltr'><strong><em>ο</em></strong></span> <span class='ocrx_word' id='word_1_317' title='bbox 366 2886 627 2943; x_wconf 78' lang='lat' dir='ltr'>Dilectus</span> <span class='ocrx_word' id='word_1_318' title='bbox 651 2900 827 2942; x_wconf 73' lang='lat' dir='ltr'>mem</span> <span class='ocrx_word' id='word_1_319' title='bbox 873 2883 1034 2940; x_wconf 80' lang='lat' dir='ltr'>misit</span> <span class='ocrx_word' id='word_1_320' title='bbox 1075 2899 1329 2940; x_wconf 85' lang='lat' dir='ltr'>manum</span> <span class='ocrx_word' id='word_1_321' title='bbox 1376 2899 1556 2940; x_wconf 85' lang='lat' dir='ltr'>suam</span> <span class='ocrx_word' id='word_1_322' title='bbox 1596 2898 1704 2957; x_wconf 84' lang='lat' dir='ltr'>per</span> <span class='ocrx_word' id='word_1_323' title='bbox 1731 2883 1897 2940; x_wconf 71' lang='lat' dir='ltr'>fora-</span> 
     </span>
    </p>
   </div>
   <div class='ocr_carea' id='block_1_48' title="bbox 1991 1725 2718 1798">
    <p class='ocr_par' dir='ltr' id='par_1_48' title="bbox 1991 1725 2718 1798">
     <span class='ocr_line' id='line_1_48' title="bbox 1991 1725 2718 1798; baseline 0 -17"><span class='ocrx_word' id='word_1_324' title='bbox 1991 1725 2052 1782; x_wconf 85' lang='lat' dir='ltr'><strong>in</strong></span> <span class='ocrx_word' id='word_1_325' title='bbox 2083 1726 2278 1798; x_wconf 79' lang='lat' dir='ltr'>patria</span> <span class='ocrx_word' id='word_1_326' title='bbox 2304 1726 2718 1797; x_wconf 79' lang='lat' dir='ltr'>regnantibus.</span> 
     </span>
    </p>
   </div>
   <div class='ocr_carea' id='block_1_49' title="bbox 2062 1834 3645 1909">
    <p class='ocr_par' dir='ltr' id='par_1_49' title="bbox 2062 1834 3645 1909">
     <span class='ocr_line' id='line_1_49' title="bbox 2062 1834 3645 1909; baseline 0.008 -25"><span class='ocrx_word' id='word_1_327' title='bbox 2062 1854 2092 1884; x_wconf 84' lang='grc'>«</span> <span class='ocrx_word' id='word_1_328' title='bbox 2124 1837 2482 1890; x_wconf 80' lang='lat' dir='ltr'>invenerunt</span> <span class='ocrx_word' id='word_1_329' title='bbox 2523 1848 2620 1889; x_wconf 90' lang='lat' dir='ltr'>me</span> <span class='ocrx_word' id='word_1_330' title='bbox 2650 1834 2929 1891; x_wconf 83' lang='lat' dir='ltr'>custodes</span> <span class='ocrx_word' id='word_1_331' title='bbox 2966 1835 3070 1909; x_wconf 88' lang='lat' dir='ltr'>qui</span> <span class='ocrx_word' id='word_1_332' title='bbox 3096 1837 3471 1896; x_wconf 81' lang='lat' dir='ltr'>circumeunt</span> <span class='ocrx_word' id='word_1_333' title='bbox 3498 1840 3645 1896; x_wconf 75' lang='lat' dir='ltr'>civi-</span> 
     </span>
    </p>
   </div>
   <div class='ocr_carea' id='block_1_50' title="bbox 1991 1926 3644 2003">
    <p class='ocr_par' dir='ltr' id='par_1_50' title="bbox 1991 1926 3644 2003">
     <span class='ocr_line' id='line_1_50' title="bbox 1991 1926 3644 2003; baseline 0.008 -30"><span class='ocrx_word' id='word_1_334' title='bbox 1991 1945 2019 1974; x_wconf 87' lang='grc'>‹‹</span> <span class='ocrx_word' id='word_1_335' title='bbox 2049 1927 2251 1989; x_wconf 83' lang='lat' dir='ltr'>tatem,</span> <span class='ocrx_word' id='word_1_336' title='bbox 2312 1927 2734 1995; x_wconf 82' lang='lat' dir='ltr'>percusserunt</span> <span class='ocrx_word' id='word_1_337' title='bbox 2794 1940 2891 1980; x_wconf 87' lang='lat' dir='ltr'>me</span> <span class='ocrx_word' id='word_1_338' title='bbox 2957 1929 3014 1981; x_wconf 84' lang='lat' dir='ltr'>et</span> <span class='ocrx_word' id='word_1_339' title='bbox 3070 1926 3463 1985; x_wconf 80' lang='lat' dir='ltr'>vulnaverunt</span> <span class='ocrx_word' id='word_1_340' title='bbox 3522 1942 3644 2003; x_wconf 87' lang='lat' dir='ltr'>me,</span> 
     </span>
    </p>
   </div>
   <div class='ocr_carea' id='block_1_51' title="bbox 1991 2010 3644 2083">
    <p class='ocr_par' dir='ltr' id='par_1_51' title="bbox 1991 2010 3644 2083">
     <span class='ocr_line' id='line_1_51' title="bbox 1991 2010 3644 2083; baseline 0.008 -22"><span class='ocrx_word' id='word_1_341' title='bbox 1991 2033 2019 2061; x_wconf 87' lang='grc'>‹‹</span> <span class='ocrx_word' id='word_1_342' title='bbox 2053 2011 2313 2068; x_wconf 84' lang='lat' dir='ltr'>tulerunt</span> <span class='ocrx_word' id='word_1_343' title='bbox 2357 2010 2608 2083; x_wconf 84' lang='lat' dir='ltr'>pallium</span> <span class='ocrx_word' id='word_1_344' title='bbox 2659 2027 2862 2068; x_wconf 87' lang='lat' dir='ltr'><strong>meum</strong></span> <span class='ocrx_word' id='word_1_345' title='bbox 2920 2014 3071 2069; x_wconf 85' lang='lat' dir='ltr'>mihi</span> <span class='ocrx_word' id='word_1_346' title='bbox 3115 2016 3401 2071; x_wconf 82' lang='lat' dir='ltr'>custodes</span> <span class='ocrx_word' id='word_1_347' title='bbox 3440 2032 3644 2074; x_wconf 86' lang='lat' dir='ltr'>muro-</span> 
     </span>
    </p>
   </div>
   <div class='ocr_carea' id='block_1_52' title="bbox 1992 2099 3647 2167">
    <p class='ocr_par' dir='ltr' id='par_1_52' title="bbox 1992 2099 3647 2167">
     <span class='ocr_line' id='line_1_52' title="bbox 1992 2099 3647 2167; baseline 0.005 -15"><span class='ocrx_word' id='word_1_348' title='bbox 1992 2121 2021 2150; x_wconf 84' lang='grc'><strong>‹‹</strong></span> <span class='ocrx_word' id='word_1_349' title='bbox 2053 2114 2210 2154; x_wconf 84' lang='lat' dir='ltr'>rum.</span> <span class='ocrx_word' id='word_1_350' title='bbox 2238 2116 2269 2149; x_wconf 74' lang='grc' dir='ltr'>›ν</span> <span class='ocrx_word' id='word_1_351' title='bbox 2299 2099 2587 2154; x_wconf 80' lang='lat' dir='ltr'>Custodes</span> <span class='ocrx_word' id='word_1_352' title='bbox 2612 2099 2886 2167; x_wconf 81' lang='lat' dir='ltr'>civitatis,</span> <span class='ocrx_word' id='word_1_353' title='bbox 2918 2100 2979 2156; x_wconf 87' lang='lat' dir='ltr'>id</span> <span class='ocrx_word' id='word_1_354' title='bbox 3027 2105 3116 2157; x_wconf 87' lang='lat' dir='ltr'>est</span> <span class='ocrx_word' id='word_1_355' title='bbox 3153 2102 3425 2158; x_wconf 70' lang='lat' dir='ltr'>Ecclesiae</span> <span class='ocrx_word' id='word_1_356' title='bbox 3452 2105 3647 2161; x_wconf 76' lang='lat' dir='ltr'>sancti</span> 
     </span>
    </p>
   </div>
   <div class='ocr_carea' id='block_1_53' title="bbox 1991 2187 3651 2262">
    <p class='ocr_par' dir='ltr' id='par_1_53' title="bbox 1991 2187 3651 2262">
     <span class='ocr_line' id='line_1_53' title="bbox 1991 2187 3651 2262; baseline 0.002 -18"><span class='ocrx_word' id='word_1_357' title='bbox 1991 2189 2271 2244; x_wconf 84' lang='lat' dir='ltr'>doctores</span> <span class='ocrx_word' id='word_1_358' title='bbox 2334 2191 2491 2253; x_wconf 83' lang='lat' dir='ltr'>sunt,</span> <span class='ocrx_word' id='word_1_359' title='bbox 2541 2187 2649 2260; x_wconf 76' lang='lat' dir='ltr'><strong>qui</strong></span> <span class='ocrx_word' id='word_1_360' title='bbox 2699 2188 2907 2245; x_wconf 82' lang='lat' dir='ltr'>sedula</span> <span class='ocrx_word' id='word_1_361' title='bbox 2971 2190 3399 2262; x_wconf 73' lang='lat' dir='ltr'>praedicatione</span> <span class='ocrx_word' id='word_1_362' title='bbox 3461 2193 3651 2249; x_wconf 70' lang='lat' dir='ltr'>circu-r</span> 
     </span>
    </p>
   </div>
   <div class='ocr_carea' id='block_1_54' title="bbox 1992 2276 3649 2351">
    <p class='ocr_par' dir='ltr' id='par_1_54' title="bbox 1992 2276 3649 2351">
     <span class='ocr_line' id='line_1_54' title="bbox 1992 2276 3649 2351; baseline 0.002 -18"><span class='ocrx_word' id='word_1_363' title='bbox 1992 2280 2205 2333; x_wconf 87' lang='lat' dir='ltr'>meunt</span> <span class='ocrx_word' id='word_1_364' title='bbox 2255 2277 2438 2332; x_wconf 85' lang='lat' dir='ltr'>corda</span> <span class='ocrx_word' id='word_1_365' title='bbox 2504 2276 2899 2347; x_wconf 84' lang='lat' dir='ltr'>singulorum,</span> <span class='ocrx_word' id='word_1_366' title='bbox 2958 2282 3015 2334; x_wconf 88' lang='lat' dir='ltr'>et</span> <span class='ocrx_word' id='word_1_367' title='bbox 3080 2279 3329 2351; x_wconf 76' lang='lat' dir='ltr'>spiculis</span> <span class='ocrx_word' id='word_1_368' title='bbox 3387 2280 3649 2337; x_wconf 63' lang='lat' dir='ltr'>calcatis</span> 
     </span>
    </p>
   </div>
   <div class='ocr_carea' id='block_1_55' title="bbox 1993 2364 3648 2436">
    <p class='ocr_par' dir='ltr' id='par_1_55' title="bbox 1993 2364 3648 2436">
     <span class='ocr_line' id='line_1_55' title="bbox 1993 2364 3648 2436; baseline 0.003 -14"><span class='ocrx_word' id='word_1_369' title='bbox 1993 2366 2221 2423; x_wconf 88' lang='lat' dir='ltr'>amoris</span> <span class='ocrx_word' id='word_1_370' title='bbox 2240 2364 2574 2435; x_wconf 76' lang='lat' dir='ltr'>vulnerant,</span> <span class='ocrx_word' id='word_1_371' title='bbox 2606 2369 2665 2421; x_wconf 86' lang='lat' dir='ltr'>et</span> <span class='ocrx_word' id='word_1_372' title='bbox 2704 2370 2769 2421; x_wconf 83' lang='lat' dir='ltr'>ut</span> <span class='ocrx_word' id='word_1_373' title='bbox 2810 2366 3011 2436; x_wconf 86' lang='lat' dir='ltr'>magis</span> <span class='ocrx_word' id='word_1_374' title='bbox 3039 2368 3293 2425; x_wconf 81' lang='lat' dir='ltr'>ardeant</span> <span class='ocrx_word' id='word_1_375' title='bbox 3311 2368 3648 2427; x_wconf 81' lang='lat' dir='ltr'>inﬂamme-</span> 
     </span>
    </p>
   </div>
   <div class='ocr_carea' id='block_1_56' title="bbox 1995 2455 3650 2527">
    <p class='ocr_par' dir='ltr' id='par_1_56' title="bbox 1995 2455 3650 2527">
     <span class='ocr_line' id='line_1_56' title="bbox 1995 2455 3650 2527; baseline 0.003 -17"><span class='ocrx_word' id='word_1_376' title='bbox 1995 2457 2188 2519; x_wconf 80' lang='lat' dir='ltr'><strong>scunt,</strong></span> <span class='ocrx_word' id='word_1_377' title='bbox 2221 2458 2278 2510; x_wconf 86' lang='lat' dir='ltr'>et</span> <span class='ocrx_word' id='word_1_378' title='bbox 2305 2457 2555 2509; x_wconf 72' lang='lat' dir='ltr'>vetustte</span> <span class='ocrx_word' id='word_1_379' title='bbox 2589 2455 3061 2512; x_wconf 72' lang='lat' dir='ltr'>conversationis</span> <span class='ocrx_word' id='word_1_380' title='bbox 3104 2460 3343 2527; x_wconf 79' lang='lat' dir='ltr'>tegmen</span> <span class='ocrx_word' id='word_1_381' title='bbox 3394 2459 3481 2514; x_wconf 80' lang='lat' dir='ltr'>eis</span> <span class='ocrx_word' id='word_1_382' title='bbox 3507 2460 3650 2515; x_wconf 39' lang='lat' dir='ltr'>subs</span> 
     </span>
    </p>
   </div>
   <div class='ocr_carea' id='block_1_57' title="bbox 1996 2543 3653 2615">
    <p class='ocr_par' dir='ltr' id='par_1_57' title="bbox 1996 2543 3653 2615">
     <span class='ocr_line' id='line_1_57' title="bbox 1996 2543 3653 2615; baseline 0.002 -15"><span class='ocrx_word' id='word_1_383' title='bbox 1996 2543 2258 2600; x_wconf 86' lang='lat' dir='ltr'>trahunt.</span> <span class='ocrx_word' id='word_1_384' title='bbox 2292 2544 2551 2597; x_wconf 83' lang='lat' dir='ltr'>Possunt</span> <span class='ocrx_word' id='word_1_385' title='bbox 2597 2546 2654 2597; x_wconf 85' lang='lat' dir='ltr'>et</span> <span class='ocrx_word' id='word_1_386' title='bbox 2690 2558 2799 2615; x_wconf 87' lang='lat' dir='ltr'>per</span> <span class='ocrx_word' id='word_1_387' title='bbox 2828 2544 3110 2600; x_wconf 83' lang='lat' dir='ltr'>custodes</span> <span class='ocrx_word' id='word_1_388' title='bbox 3153 2545 3402 2602; x_wconf 73' lang='lat' dir='ltr'>civitatis</span> <span class='ocrx_word' id='word_1_389' title='bbox 3446 2547 3653 2603; x_wconf 60' lang='lat' dir='ltr'>seaculi</span> 
     </span>
    </p>
   </div>
   <div class='ocr_carea' id='block_1_58' title="bbox 1995 2630 3661 2708">
    <p class='ocr_par' dir='ltr' id='par_1_58' title="bbox 1995 2630 3661 2708">
     <span class='ocr_line' id='line_1_58' title="bbox 1995 2630 3661 2708; baseline 0.002 -20"><span class='ocrx_word' id='word_1_390' title='bbox 1995 2634 2179 2703; x_wconf 83' lang='lat' dir='ltr'><strong>hujus</strong></span> <span class='ocrx_word' id='word_1_391' title='bbox 2219 2630 2464 2700; x_wconf 76' lang='lat' dir='ltr'>intelligi</span> <span class='ocrx_word' id='word_1_392' title='bbox 2512 2635 2857 2704; x_wconf 77' lang='lat' dir='ltr'>potestates,</span> <span class='ocrx_word' id='word_1_393' title='bbox 2887 2632 2996 2705; x_wconf 77' lang='lat' dir='ltr'>qui</span> <span class='ocrx_word' id='word_1_394' title='bbox 3041 2646 3169 2689; x_wconf 81' lang='lat' dir='ltr'>rem</span> <span class='ocrx_word' id='word_1_395' title='bbox 3220 2634 3530 2708; x_wconf 80' lang='lat' dir='ltr'>publicam</span> <span class='ocrx_word' id='word_1_396' title='bbox 3553 2652 3661 2692; x_wconf 75' lang='lat' dir='ltr'>ve-</span> 
     </span>
    </p>
   </div>
   <div class='ocr_carea' id='block_1_59' title="bbox 1996 2720 3654 2794">
    <p class='ocr_par' dir='ltr' id='par_1_59' title="bbox 1996 2720 3654 2794">
     <span class='ocr_line' id='line_1_59' title="bbox 1996 2720 3654 2794; baseline 0.002 -17"><span class='ocrx_word' id='word_1_397' title='bbox 1996 2722 2083 2778; x_wconf 90' lang='lat' dir='ltr'>lut</span> <span class='ocrx_word' id='word_1_398' title='bbox 2142 2720 2481 2794; x_wconf 78' lang='lat' dir='ltr'>quamdam</span> <span class='ocrx_word' id='word_1_399' title='bbox 2542 2720 2837 2778; x_wconf 83' lang='lat' dir='ltr'>civitatem</span> <span class='ocrx_word' id='word_1_400' title='bbox 2897 2732 3107 2793; x_wconf 80' lang='lat' dir='ltr'>regere</span> <span class='ocrx_word' id='word_1_401' title='bbox 3163 2729 3515 2781; x_wconf 80' lang='lat' dir='ltr'>noscuntur.</span> <span class='ocrx_word' id='word_1_402' title='bbox 3585 2725 3654 2782; x_wconf 80' lang='lat' dir='ltr'>lli</span> 
     </span>
    </p>
   </div>
   <div class='ocr_carea' id='block_1_60' title="bbox 2000 2809 3659 2884">
    <p class='ocr_par' dir='ltr' id='par_1_60' title="bbox 2000 2809 3659 2884">
     <span class='ocr_line' id='line_1_60' title="bbox 2000 2809 3659 2884; baseline 0.002 -17"><span class='ocrx_word' id='word_1_403' title='bbox 2000 2811 2159 2867; x_wconf 89' lang='lat' dir='ltr'>enim</span> <span class='ocrx_word' id='word_1_404' title='bbox 2217 2809 2468 2866; x_wconf 88' lang='lat' dir='ltr'>electam</span> <span class='ocrx_word' id='word_1_405' title='bbox 2531 2810 2854 2867; x_wconf 89' lang='lat' dir='ltr'>Ecclesiam</span> <span class='ocrx_word' id='word_1_406' title='bbox 2910 2811 2972 2866; x_wconf 92' lang='lat' dir='ltr'>in</span> <span class='ocrx_word' id='word_1_407' title='bbox 3020 2812 3364 2884; x_wconf 83' lang='lat' dir='ltr'>primordiis</span> <span class='ocrx_word' id='word_1_408' title='bbox 3421 2814 3659 2870; x_wconf 83' lang='lat' dir='ltr'>Christo</span> 
     </span>
    </p>
   </div>
   <div class='ocr_carea' id='block_1_61' title="bbox 2000 2899 3653 2975">
    <p class='ocr_par' dir='ltr' id='par_1_61' title="bbox 2000 2899 3653 2975">
     <span class='ocr_line' id='line_1_61' title="bbox 2000 2899 3653 2975; baseline 0.002 -19"><span class='ocrx_word' id='word_1_409' title='bbox 2000 2900 2340 2956; x_wconf 81' lang='lat' dir='ltr'>credentem</span> <span class='ocrx_word' id='word_1_410' title='bbox 2393 2899 2992 2971; x_wconf 78' lang='lat' dir='ltr'>comprehendentes,</span> <span class='ocrx_word' id='word_1_411' title='bbox 3023 2900 3221 2972; x_wconf 78' lang='lat' dir='ltr'>plagis</span> <span class='ocrx_word' id='word_1_412' title='bbox 3260 2905 3317 2957; x_wconf 90' lang='lat' dir='ltr'>et</span> <span class='ocrx_word' id='word_1_413' title='bbox 3345 2901 3653 2975; x_wconf 78' lang='lat' dir='ltr'>suppliciis</span> 
     </span>
    </p>
   </div>
   <div class='ocr_carea' id='block_1_62' title="bbox 222 2972 3655 3061">
    <p class='ocr_par' dir='ltr' id='par_1_62' title="bbox 222 2972 3655 3061">
     <span class='ocr_line' id='line_1_62' title="bbox 222 2972 3655 3061; baseline 0.001 -19"><span class='ocrx_word' id='word_1_414' title='bbox 222 2991 395 3033; x_wconf 61' lang='lat' dir='ltr'>manv</span> <span class='ocrx_word' id='word_1_415' title='bbox 416 2998 446 3026; x_wconf 73' lang='grc' dir='ltr'><strong><em>υ</em></strong></span> <span class='ocrx_word' id='word_1_416' title='bbox 476 2976 716 3033; x_wconf 61' lang='lat' dir='ltr'>mm</span> <span class='ocrx_word' id='word_1_417' title='bbox 745 2972 973 3046; x_wconf 66' lang='lat' dir='ltr'>(IUlPP9</span> <span class='ocrx_word' id='word_1_418' title='bbox 1001 2988 1177 3028; x_wconf 63' lang='lat' dir='ltr'>suam</span> <span class='ocrx_word' id='word_1_419' title='bbox 1202 2972 1455 3028; x_wconf 50' lang='lat' dir='ltr'>dilectus</span> <span class='ocrx_word' id='word_1_420' title='bbox 1482 2986 1589 3045; x_wconf 53' lang='lat' dir='ltr'>Per</span> <span class='ocrx_word' id='word_1_421' title='bbox 1618 2973 1891 3029; x_wconf 57' lang='lat' dir='ltr'>foramen</span> <span class='ocrx_word' id='word_1_422' title='bbox 1922 2997 1973 3055; x_wconf 73' lang='grc' dir='ltr'>α</span> <span class='ocrx_word' id='word_1_423' title='bbox 2000 2989 2164 3044; x_wconf 88' lang='lat' dir='ltr'>illam</span> <span class='ocrx_word' id='word_1_424' title='bbox 2216 2988 2699 3055; x_wconf 84' lang='lat' dir='ltr'>devastaverunt,</span> <span class='ocrx_word' id='word_1_425' title='bbox 2730 2988 3194 3061; x_wconf 81' lang='lat' dir='ltr'>sacerdotesque</span> <span class='ocrx_word' id='word_1_426' title='bbox 3238 2994 3295 3045; x_wconf 86' lang='lat' dir='ltr'>et</span> <span class='ocrx_word' id='word_1_427' title='bbox 3347 2972 3655 3047; x_wconf 66' lang='lat' dir='ltr'>ministros</span> 
     </span>
    </p>
   </div>
   <div class='ocr_carea' id='block_1_63' title="bbox 224 3061 1894 3134">
    <p class='ocr_par' dir='ltr' id='par_1_63' title="bbox 224 3061 1894 3134">
     <span class='ocr_line' id='line_1_63' title="bbox 224 3061 1894 3134; baseline -0.003 -11"><span class='ocrx_word' id='word_1_428' title='bbox 224 3067 426 3134; x_wconf 80' lang='lat' dir='ltr'>mittit,</span> <span class='ocrx_word' id='word_1_429' title='bbox 455 3080 599 3121; x_wconf 83' lang='lat' dir='ltr'>cum</span> <span class='ocrx_word' id='word_1_430' title='bbox 626 3078 740 3119; x_wconf 89' lang='lat' dir='ltr'>nos</span> <span class='ocrx_word' id='word_1_431' title='bbox 770 3061 1061 3118; x_wconf 81' lang='lat' dir='ltr'>Dominus</span> <span class='ocrx_word' id='word_1_432' title='bbox 1085 3061 1319 3117; x_wconf 84' lang='lat' dir='ltr'>occulta</span> <span class='ocrx_word' id='word_1_433' title='bbox 1345 3061 1713 3117; x_wconf 77' lang='lat' dir='ltr'>invisibiliter</span> <span class='ocrx_word' id='word_1_434' title='bbox 1733 3078 1894 3118; x_wconf 83' lang='lat' dir='ltr'>com-</span> 
     </span>
    </p>
   </div>
   <div class='ocr_carea' id='block_1_64' title="bbox 226 3150 1901 3228">
    <p class='ocr_par' dir='ltr' id='par_1_64' title="bbox 226 3150 1901 3228">
     <span class='ocr_line' id='line_1_64' title="bbox 226 3150 1901 3228; baseline -0.004 -16"><span class='ocrx_word' id='word_1_435' title='bbox 226 3155 556 3228; x_wconf 77' lang='lat' dir='ltr'>punctione</span> <span class='ocrx_word' id='word_1_436' title='bbox 604 3153 687 3210; x_wconf 81' lang='lat' dir='ltr'>ad</span> <span class='ocrx_word' id='word_1_437' title='bbox 735 3167 893 3224; x_wconf 88' lang='lat' dir='ltr'>opus</span> <span class='ocrx_word' id='word_1_438' title='bbox 936 3150 1225 3207; x_wconf 82' lang='lat' dir='ltr'>virtutum</span> <span class='ocrx_word' id='word_1_439' title='bbox 1253 3150 1545 3216; x_wconf 85' lang='lat' dir='ltr'>accendit,</span> <span class='ocrx_word' id='word_1_440' title='bbox 1578 3156 1758 3223; x_wconf 86' lang='lat' dir='ltr'>atque</span> <span class='ocrx_word' id='word_1_441' title='bbox 1787 3165 1901 3223; x_wconf 78' lang='lat' dir='ltr'>per</span> 
     </span>
    </p>
   </div>
   <div class='ocr_carea' id='block_1_65' title="bbox 229 3236 1894 3309">
    <p class='ocr_par' dir='ltr' id='par_1_65' title="bbox 229 3236 1894 3309">
     <span class='ocr_line' id='line_1_65' title="bbox 229 3236 1894 3309; baseline -0.004 -9"><span class='ocrx_word' id='word_1_442' title='bbox 229 3248 469 3300; x_wconf 77' lang='lat' dir='ltr'>arctam</span> <span class='ocrx_word' id='word_1_443' title='bbox 490 3244 549 3296; x_wconf 78' lang='lat' dir='ltr'>et</span> <span class='ocrx_word' id='word_1_444' title='bbox 562 3243 891 3309; x_wconf 80' lang='lat' dir='ltr'>angustam</span> <span class='ocrx_word' id='word_1_445' title='bbox 913 3237 1079 3294; x_wconf 88' lang='lat' dir='ltr'>viam</span> <span class='ocrx_word' id='word_1_446' title='bbox 1105 3236 1187 3293; x_wconf 88' lang='lat' dir='ltr'>ad</span> <span class='ocrx_word' id='word_1_447' title='bbox 1204 3252 1394 3307; x_wconf 82' lang='lat' dir='ltr'>regna</span> <span class='ocrx_word' id='word_1_448' title='bbox 1415 3236 1703 3293; x_wconf 73' lang='lat' dir='ltr'>oculorum</span> <span class='ocrx_word' id='word_1_449' title='bbox 1730 3241 1894 3294; x_wconf 77' lang='lat' dir='ltr'>tran-</span> 
     </span>
    </p>
   </div>
   <div class='ocr_carea' id='block_1_66' title="bbox 237 3326 1895 3401">
    <p class='ocr_par' dir='ltr' id='par_1_66' title="bbox 237 3326 1895 3401">
     <span class='ocr_line' id='line_1_66' title="bbox 237 3326 1895 3401; baseline -0.002 -15"><span class='ocrx_word' id='word_1_450' title='bbox 237 3331 361 3386; x_wconf 75' lang='lat' dir='ltr'>sire</span> <span class='ocrx_word' id='word_1_451' title='bbox 385 3330 589 3399; x_wconf 81' lang='lat' dir='ltr'>docet,</span> <span class='ocrx_word' id='word_1_452' title='bbox 612 3328 909 3401; x_wconf 78' lang='lat' dir='ltr'>nobisque</span> <span class='ocrx_word' id='word_1_453' title='bbox 955 3327 1019 3383; x_wconf 85' lang='lat' dir='ltr'>in</span> <span class='ocrx_word' id='word_1_454' title='bbox 1064 3326 1427 3383; x_wconf 80' lang='lat' dir='ltr'>memoriam</span> <span class='ocrx_word' id='word_1_455' title='bbox 1474 3331 1716 3383; x_wconf 84' lang='lat' dir='ltr'>revocat</span> <span class='ocrx_word' id='word_1_456' title='bbox 1742 3342 1895 3399; x_wconf 77' lang='lat' dir='ltr'>quo-</span> 
     </span>
    </p>
   </div>
   <div class='ocr_carea' id='block_1_67' title="bbox 242 3415 1905 3490">
    <p class='ocr_par' dir='ltr' id='par_1_67' title="bbox 242 3415 1905 3490">
     <span class='ocr_line' id='line_1_67' title="bbox 242 3415 1905 3490; baseline -0.002 -16"><span class='ocrx_word' id='word_1_457' title='bbox 242 3418 441 3474; x_wconf 79' lang='lat' dir='ltr'>modo</span> <span class='ocrx_word' id='word_1_458' title='bbox 485 3422 541 3473; x_wconf 88' lang='lat' dir='ltr'>et</span> <span class='ocrx_word' id='word_1_459' title='bbox 584 3423 803 3490; x_wconf 70' lang='lat' dir='ltr'>quanta</span> <span class='ocrx_word' id='word_1_460' title='bbox 860 3417 936 3473; x_wconf 88' lang='lat' dir='ltr'>de</span> <span class='ocrx_word' id='word_1_461' title='bbox 984 3417 1121 3472; x_wconf 85' lang='lat' dir='ltr'>sinu</span> <span class='ocrx_word' id='word_1_462' title='bbox 1166 3415 1355 3489; x_wconf 79' lang='lat' dir='ltr'>patris</span> <span class='ocrx_word' id='word_1_463' title='bbox 1382 3415 1763 3472; x_wconf 80' lang='lat' dir='ltr'>descendens</span> <span class='ocrx_word' id='word_1_464' title='bbox 1786 3432 1905 3489; x_wconf 82' lang='lat' dir='ltr'>pro</span> 
     </span>
    </p>
   </div>
   <div class='ocr_carea' id='block_1_68' title="bbox 235 3504 1901 3579">
    <p class='ocr_par' dir='ltr' id='par_1_68' title="bbox 235 3504 1901 3579">
     <span class='ocr_line' id='line_1_68' title="bbox 235 3504 1901 3579; baseline -0.002 -14"><span class='ocrx_word' id='word_1_465' title='bbox 235 3507 422 3565; x_wconf 74' lang='lat' dir='ltr'>nobis</span> <span class='ocrx_word' id='word_1_466' title='bbox 451 3510 615 3564; x_wconf 80' lang='lat' dir='ltr'>esset</span> <span class='ocrx_word' id='word_1_467' title='bbox 628 3522 864 3579; x_wconf 79' lang='lat' dir='ltr'>passus.</span> <span class='ocrx_word' id='word_1_468' title='bbox 903 3527 935 3557; x_wconf 72' lang='grc' dir='ltr'>τι</span> <span class='ocrx_word' id='word_1_469' title='bbox 957 3508 1023 3561; x_wconf 83' lang='lat' dir='ltr'>Et</span> <span class='ocrx_word' id='word_1_470' title='bbox 1049 3510 1252 3561; x_wconf 80' lang='lat' dir='ltr'>venter</span> <span class='ocrx_word' id='word_1_471' title='bbox 1280 3520 1455 3561; x_wconf 82' lang='lat' dir='ltr'>mens</span> <span class='ocrx_word' id='word_1_472' title='bbox 1482 3505 1791 3562; x_wconf 84' lang='lat' dir='ltr'>intremuit</span> <span class='ocrx_word' id='word_1_473' title='bbox 1818 3504 1901 3561; x_wconf 89' lang='lat' dir='ltr'>ad</span> 
     </span>
    </p>
   </div>
   <div class='ocr_carea' id='block_1_69' title="bbox 235 3595 1901 3668">
    <p class='ocr_par' dir='ltr' id='par_1_69' title="bbox 235 3595 1901 3668">
     <span class='ocr_line' id='line_1_69' title="bbox 235 3595 1901 3668; baseline -0.003 -12"><span class='ocrx_word' id='word_1_474' title='bbox 235 3602 475 3656; x_wconf 65' lang='lat' dir='ltr'>tacitur:</span> <span class='ocrx_word' id='word_1_475' title='bbox 514 3598 665 3668; x_wconf 62' lang='lat' dir='ltr'>eius.</span> <span class='ocrx_word' id='word_1_476' title='bbox 692 3618 723 3646; x_wconf 70' lang='grc' dir='ltr'>ι)</span> <span class='ocrx_word' id='word_1_477' title='bbox 770 3597 907 3652; x_wconf 64' lang='lat' dir='ltr'>Haec</span> <span class='ocrx_word' id='word_1_478' title='bbox 953 3595 1224 3651; x_wconf 86' lang='lat' dir='ltr'>recolens</span> <span class='ocrx_word' id='word_1_479' title='bbox 1278 3595 1491 3652; x_wconf 83' lang='lat' dir='ltr'>intima</span> <span class='ocrx_word' id='word_1_480' title='bbox 1537 3595 1901 3652; x_wconf 79' lang='lat' dir='ltr'>conscientia</span> 
     </span>
    </p>
   </div>
   <div class='ocr_carea' id='block_1_70' title="bbox 234 3682 1909 3760">
    <p class='ocr_par' dir='ltr' id='par_1_70' title="bbox 234 3682 1909 3760">
     <span class='ocr_line' id='line_1_70' title="bbox 234 3682 1909 3760; baseline -0.002 -18"><span class='ocrx_word' id='word_1_481' title='bbox 234 3701 486 3760; x_wconf 87' lang='lat' dir='ltr'>sponsa,</span> <span class='ocrx_word' id='word_1_482' title='bbox 543 3688 665 3741; x_wconf 88' lang='lat' dir='ltr'>tota</span> <span class='ocrx_word' id='word_1_483' title='bbox 712 3698 1138 3756; x_wconf 82' lang='lat' dir='ltr'>expavescens,</span> <span class='ocrx_word' id='word_1_484' title='bbox 1184 3682 1487 3755; x_wconf 74' lang='lat' dir='ltr'>pigritiam</span> <span class='ocrx_word' id='word_1_485' title='bbox 1541 3682 1757 3754; x_wconf 79' lang='lat' dir='ltr'>quietis</span> <span class='ocrx_word' id='word_1_486' title='bbox 1809 3699 1909 3740; x_wconf 72' lang='lat' dir='ltr'>ae-</span> 
     </span>
    </p>
   </div>
   <div class='ocr_carea' id='block_1_71' title="bbox 243 3771 1901 3845">
    <p class='ocr_par' dir='ltr' id='par_1_71' title="bbox 243 3771 1901 3845">
     <span class='ocr_line' id='line_1_71' title="bbox 243 3771 1901 3845; baseline -0.003 -13"><span class='ocrx_word' id='word_1_487' title='bbox 243 3790 475 3832; x_wconf 73' lang='lat' dir='ltr'>casam</span> <span class='ocrx_word' id='word_1_488' title='bbox 499 3774 576 3831; x_wconf 79' lang='lat' dir='ltr'>ad</span> <span class='ocrx_word' id='word_1_489' title='bbox 606 3773 879 3831; x_wconf 73' lang='lat' dir='ltr'>laborem</span> <span class='ocrx_word' id='word_1_490' title='bbox 909 3771 1352 3845; x_wconf 59' lang='lat' dir='ltr'>pradicationis</span> <span class='ocrx_word' id='word_1_491' title='bbox 1380 3771 1643 3829; x_wconf 79' lang='lat' dir='ltr'>festinat.</span> <span class='ocrx_word' id='word_1_492' title='bbox 1673 3771 1901 3829; x_wconf 67' lang='lat' dir='ltr'>Morali-</span> 
     </span>
    </p>
   </div>
   <div class='ocr_carea' id='block_1_72' title="bbox 242 3860 1907 3934">
    <p class='ocr_par' dir='ltr' id='par_1_72' title="bbox 242 3860 1907 3934">
     <span class='ocr_line' id='line_1_72' title="bbox 242 3860 1907 3934; baseline -0.002 -13"><span class='ocrx_word' id='word_1_493' title='bbox 242 3870 379 3921; x_wconf 78' lang='lat' dir='ltr'>teI:</span> <span class='ocrx_word' id='word_1_494' title='bbox 426 3862 681 3920; x_wconf 79' lang='lat' dir='ltr'>Dilectus</span> <span class='ocrx_word' id='word_1_495' title='bbox 733 3876 989 3918; x_wconf 79' lang='lat' dir='ltr'>manum</span> <span class='ocrx_word' id='word_1_496' title='bbox 1044 3876 1226 3917; x_wconf 80' lang='lat' dir='ltr'>suam</span> <span class='ocrx_word' id='word_1_497' title='bbox 1264 3876 1372 3934; x_wconf 83' lang='lat' dir='ltr'>per</span> <span class='ocrx_word' id='word_1_498' title='bbox 1397 3860 1675 3918; x_wconf 78' lang='lat' dir='ltr'>foramen</span> <span class='ocrx_word' id='word_1_499' title='bbox 1704 3861 1907 3929; x_wconf 79' lang='lat' dir='ltr'>mittit,</span> 
     </span>
    </p>
   </div>
   <div class='ocr_carea' id='block_1_73' title="bbox 243 3948 1913 4027">
    <p class='ocr_par' dir='ltr' id='par_1_73' title="bbox 243 3948 1913 4027">
     <span class='ocr_line' id='line_1_73' title="bbox 243 3948 1913 4027; baseline -0.002 -17"><span class='ocrx_word' id='word_1_500' title='bbox 243 3952 495 4027; x_wconf 74' lang='lat' dir='ltr'>quando</span> <span class='ocrx_word' id='word_1_501' title='bbox 519 3952 740 4010; x_wconf 75' lang='lat' dir='ltr'>virtute</span> <span class='ocrx_word' id='word_1_502' title='bbox 762 3966 877 4007; x_wconf 77' lang='lat' dir='ltr'>sua</span> <span class='ocrx_word' id='word_1_503' title='bbox 902 3948 1199 4007; x_wconf 75' lang='lat' dir='ltr'>Dominus</span> <span class='ocrx_word' id='word_1_504' title='bbox 1214 3952 1487 4005; x_wconf 82' lang='lat' dir='ltr'>nostrum</span> <span class='ocrx_word' id='word_1_505' title='bbox 1504 3949 1774 4005; x_wconf 62' lang='lat' dir='ltr'>animum</span> <span class='ocrx_word' id='word_1_506' title='bbox 1798 3965 1913 4022; x_wconf 78' lang='lat' dir='ltr'>per</span> 
     </span>
    </p>
   </div>
   <div class='ocr_carea' id='block_1_74' title="bbox 239 4036 1913 4112">
    <p class='ocr_par' dir='ltr' id='par_1_74' title="bbox 239 4036 1913 4112">
     <span class='ocr_line' id='line_1_74' title="bbox 239 4036 1913 4112; baseline -0.004 -12"><span class='ocrx_word' id='word_1_507' title='bbox 239 4041 531 4099; x_wconf 81' lang='lat' dir='ltr'>subtilem</span> <span class='ocrx_word' id='word_1_508' title='bbox 576 4038 942 4097; x_wconf 74' lang='lat' dir='ltr'>intellectum</span> <span class='ocrx_word' id='word_1_509' title='bbox 995 4037 1214 4112; x_wconf 78' lang='lat' dir='ltr'>pulsat.</span> <span class='ocrx_word' id='word_1_510' title='bbox 1256 4039 1323 4093; x_wconf 82' lang='lat' dir='ltr'>Et</span> <span class='ocrx_word' id='word_1_511' title='bbox 1370 4040 1577 4093; x_wconf 77' lang='lat' dir='ltr'>venter</span> <span class='ocrx_word' id='word_1_512' title='bbox 1630 4036 1695 4093; x_wconf 91' lang='lat' dir='ltr'>in</span> <span class='ocrx_word' id='word_1_513' title='bbox 1745 4040 1913 4095; x_wconf 86' lang='lat' dir='ltr'>tactu</span> 
     </span>
    </p>
   </div>
   <div class='ocr_carea' id='block_1_75' title="bbox 228 4125 1915 4202">
    <p class='ocr_par' dir='ltr' id='par_1_75' title="bbox 228 4125 1915 4202">
     <span class='ocr_line' id='line_1_75' title="bbox 228 4125 1915 4202; baseline -0.005 -12"><span class='ocrx_word' id='word_1_514' title='bbox 228 4132 393 4190; x_wconf 68' lang='lat' dir='ltr'><strong>ilius</strong></span> <span class='ocrx_word' id='word_1_515' title='bbox 421 4128 859 4195; x_wconf 76' lang='lat' dir='ltr'>eoutremiseit,</span> <span class='ocrx_word' id='word_1_516' title='bbox 884 4128 1031 4202; x_wconf 86' lang='lat' dir='ltr'>quia</span> <span class='ocrx_word' id='word_1_517' title='bbox 1072 4125 1389 4183; x_wconf 79' lang='lat' dir='ltr'>inﬁrmitas</span> <span class='ocrx_word' id='word_1_518' title='bbox 1426 4130 1632 4182; x_wconf 79' lang='lat' dir='ltr'>nostra</span> <span class='ocrx_word' id='word_1_519' title='bbox 1655 4141 1764 4198; x_wconf 75' lang='lat' dir='ltr'>per</span> <span class='ocrx_word' id='word_1_520' title='bbox 1790 4126 1915 4182; x_wconf 82' lang='lat' dir='ltr'>hoc</span> 
     </span>
    </p>
   </div>
   <div class='ocr_carea' id='block_1_76' title="bbox 229 4214 1910 4296">
    <p class='ocr_par' dir='ltr' id='par_1_76' title="bbox 229 4214 1910 4296">
     <span class='ocr_line' id='line_1_76' title="bbox 229 4214 1910 4296; baseline -0.005 -17"><span class='ocrx_word' id='word_1_521' title='bbox 229 4220 408 4296; x_wconf 81' lang='lat' dir='ltr'>quod</span> <span class='ocrx_word' id='word_1_522' title='bbox 439 4219 709 4277; x_wconf 65' lang='lat' dir='ltr'>celestis</span> <span class='ocrx_word' id='word_1_523' title='bbox 746 4216 951 4288; x_wconf 81' lang='lat' dir='ltr'>gaudii</span> <span class='ocrx_word' id='word_1_524' title='bbox 980 4216 1283 4273; x_wconf 33' lang='lat' dir='ltr'>intellectu.</span> <span class='ocrx_word' id='word_1_525' title='bbox 1322 4215 1603 4287; x_wconf 77' lang='lat' dir='ltr'>tangitur,</span> <span class='ocrx_word' id='word_1_526' title='bbox 1634 4214 1769 4289; x_wconf 85' lang='lat' dir='ltr'>ipsa</span> <span class='ocrx_word' id='word_1_527' title='bbox 1798 4231 1910 4272; x_wconf 86' lang='lat' dir='ltr'>sua</span> 
     </span>
    </p>
   </div>
   <div class='ocr_carea' id='block_1_77' title="bbox 226 4304 1907 4378">
    <p class='ocr_par' dir='ltr' id='par_1_77' title="bbox 226 4304 1907 4378">
     <span class='ocr_line' id='line_1_77' title="bbox 226 4304 1907 4378; baseline -0.005 -8"><span class='ocrx_word' id='word_1_528' title='bbox 226 4310 613 4370; x_wconf 74' lang='lat' dir='ltr'>exultatione</span> <span class='ocrx_word' id='word_1_529' title='bbox 653 4307 951 4375; x_wconf 75' lang='lat' dir='ltr'>turbatur,</span> <span class='ocrx_word' id='word_1_530' title='bbox 1000 4310 1059 4363; x_wconf 88' lang='lat' dir='ltr'>et</span> <span class='ocrx_word' id='word_1_531' title='bbox 1110 4305 1179 4362; x_wconf 74' lang='lat' dir='ltr'><strong>ﬁt</strong></span> <span class='ocrx_word' id='word_1_532' title='bbox 1229 4304 1293 4361; x_wconf 90' lang='lat' dir='ltr'>in</span> <span class='ocrx_word' id='word_1_533' title='bbox 1346 4309 1549 4361; x_wconf 87' lang='lat' dir='ltr'>mente</span> <span class='ocrx_word' id='word_1_534' title='bbox 1601 4321 1793 4378; x_wconf 81' lang='lat' dir='ltr'>pavor</span> <span class='ocrx_word' id='word_1_535' title='bbox 1843 4305 1907 4362; x_wconf 88' lang='lat' dir='ltr'>in</span> 
     </span>
    </p>
   </div>
   <div class='ocr_carea' id='block_1_78' title="bbox 2001 3076 3741 3149">
    <p class='ocr_par' dir='ltr' id='par_1_78' title="bbox 2001 3076 3741 3149">
     <span class='ocr_line' id='line_1_78' title="bbox 2001 3076 3741 3149; baseline 0.001 -16"><span class='ocrx_word' id='word_1_536' title='bbox 2001 3078 2157 3133; x_wconf 78' lang='lat' dir='ltr'>illius</span> <span class='ocrx_word' id='word_1_537' title='bbox 2186 3076 2613 3143; x_wconf 84' lang='lat' dir='ltr'>interimentes,</span> <span class='ocrx_word' id='word_1_538' title='bbox 2644 3076 2822 3148; x_wconf 78' lang='lat' dir='ltr'>quasi</span> <span class='ocrx_word' id='word_1_539' title='bbox 2843 3076 3161 3148; x_wconf 75' lang='lat' dir='ltr'>quoddam</span> <span class='ocrx_word' id='word_1_540' title='bbox 3207 3078 3457 3149; x_wconf 78' lang='lat' dir='ltr'>pallium</span> <span class='ocrx_word' id='word_1_541' title='bbox 3483 3090 3665 3135; x_wconf 54' lang='grc' dir='ltr'>ατηεν</span> <span class='ocrx_word' id='word_1_542' title='bbox 3736 3078 3741 3083; x_wconf 73' lang='grc'><strong>’</strong></span> 
     </span>
    </p>
   </div>
   <div class='ocr_carea' id='block_1_79' title="bbox 2003 3162 2619 3221">
    <p class='ocr_par' dir='ltr' id='par_1_79' title="bbox 2003 3162 2619 3221">
     <span class='ocr_line' id='line_1_79' title="bbox 2003 3162 2619 3221; baseline -0.005 0"><span class='ocrx_word' id='word_1_543' title='bbox 2003 3165 2185 3221; x_wconf 89' lang='lat' dir='ltr'>menti</span> <span class='ocrx_word' id='word_1_544' title='bbox 2217 3163 2309 3219; x_wconf 87' lang='lat' dir='ltr'><strong>sui</strong></span> <span class='ocrx_word' id='word_1_545' title='bbox 2342 3162 2619 3218; x_wconf 85' lang='lat' dir='ltr'>tulerunt.</span> 
     </span>
    </p>
   </div>
   <div class='ocr_carea' id='block_1_80' title="bbox 2078 3264 3663 3340">
    <p class='ocr_par' dir='ltr' id='par_1_80' title="bbox 2078 3264 3663 3340">
     <span class='ocr_line' id='line_1_80' title="bbox 2078 3264 3663 3340; baseline 0.005 -21"><span class='ocrx_word' id='word_1_546' title='bbox 2078 3293 2105 3320; x_wconf 82' lang='lat'><strong><em>«</em></strong></span> <span class='ocrx_word' id='word_1_547' title='bbox 2137 3264 2363 3340; x_wconf 87' lang='lat' dir='ltr'>Adjuro</span> <span class='ocrx_word' id='word_1_548' title='bbox 2410 3282 2539 3333; x_wconf 83' lang='lat' dir='ltr'>vos,</span> <span class='ocrx_word' id='word_1_549' title='bbox 2580 3266 2717 3322; x_wconf 71' lang='lat' dir='ltr'>ﬁlim</span> <span class='ocrx_word' id='word_1_550' title='bbox 2774 3266 3163 3340; x_wconf 73' lang='lat' dir='ltr'>Hierusalem,</span> <span class='ocrx_word' id='word_1_551' title='bbox 3215 3266 3266 3325; x_wconf 87' lang='lat' dir='ltr'>si</span> <span class='ocrx_word' id='word_1_552' title='bbox 3315 3269 3663 3327; x_wconf 79' lang='lat' dir='ltr'>inveneritis</span> 
     </span>
    </p>
   </div>
   <div class='ocr_carea' id='block_1_81' title="bbox 2005 3357 3657 3432">
    <p class='ocr_par' dir='ltr' id='par_1_81' title="bbox 2005 3357 3657 3432">
     <span class='ocr_line' id='line_1_81' title="bbox 2005 3357 3657 3432; baseline 0.002 -19"><span class='ocrx_word' id='word_1_553' title='bbox 2005 3385 2032 3413; x_wconf 90' lang='grc'>‹‹</span> <span class='ocrx_word' id='word_1_554' title='bbox 2062 3359 2343 3417; x_wconf 83' lang='lat' dir='ltr'>dilectum</span> <span class='ocrx_word' id='word_1_555' title='bbox 2375 3372 2599 3425; x_wconf 86' lang='lat' dir='ltr'>meum,</span> <span class='ocrx_word' id='word_1_556' title='bbox 2632 3360 2697 3412; x_wconf 85' lang='lat' dir='ltr'>ut</span> <span class='ocrx_word' id='word_1_557' title='bbox 2724 3357 3005 3413; x_wconf 85' lang='lat' dir='ltr'>nuntietis</span> <span class='ocrx_word' id='word_1_558' title='bbox 3035 3357 3088 3413; x_wconf 85' lang='lat' dir='ltr'>ei</span> <span class='ocrx_word' id='word_1_559' title='bbox 3118 3359 3262 3432; x_wconf 88' lang='lat' dir='ltr'>quia</span> <span class='ocrx_word' id='word_1_560' title='bbox 3291 3374 3501 3417; x_wconf 86' lang='lat' dir='ltr'>amore</span> <span class='ocrx_word' id='word_1_561' title='bbox 3526 3360 3657 3417; x_wconf 81' lang='lat' dir='ltr'>lan-</span> 
     </span>
    </p>
   </div>
   <div class='ocr_carea' id='block_1_82' title="bbox 2006 3444 3664 3521">
    <p class='ocr_par' dir='ltr' id='par_1_82' title="bbox 2006 3444 3664 3521">
     <span class='ocr_line' id='line_1_82' title="bbox 2006 3444 3664 3521; baseline 0.002 -20"><span class='ocrx_word' id='word_1_562' title='bbox 2006 3473 2034 3502; x_wconf 88' lang='grc'>‹‹</span> <span class='ocrx_word' id='word_1_563' title='bbox 2067 3460 2242 3521; x_wconf 82' lang='lat' dir='ltr'>gueo.</span> <span class='ocrx_word' id='word_1_564' title='bbox 2269 3469 2297 3498; x_wconf 84' lang='grc'><strong>››</strong></span> <span class='ocrx_word' id='word_1_565' title='bbox 2339 3447 2485 3513; x_wconf 68' lang='lat' dir='ltr'>Qua!</span> <span class='ocrx_word' id='word_1_566' title='bbox 2529 3449 2669 3501; x_wconf 88' lang='lat' dir='ltr'>sunt</span> <span class='ocrx_word' id='word_1_567' title='bbox 2713 3444 2853 3501; x_wconf 70' lang='lat' dir='ltr'><strong>ﬁlias</strong></span> <span class='ocrx_word' id='word_1_568' title='bbox 2900 3445 3290 3517; x_wconf 83' lang='lat' dir='ltr'>Hierusalem,</span> <span class='ocrx_word' id='word_1_569' title='bbox 3319 3448 3535 3504; x_wconf 80' lang='lat' dir='ltr'>crebro</span> <span class='ocrx_word' id='word_1_570' title='bbox 3575 3447 3664 3504; x_wconf 86' lang='lat' dir='ltr'>di-</span> 
     </span>
    </p>
   </div>
   <div class='ocr_carea' id='block_1_83' title="bbox 2006 3532 3667 3608">
    <p class='ocr_par' dir='ltr' id='par_1_83' title="bbox 2006 3532 3667 3608">
     <span class='ocr_line' id='line_1_83' title="bbox 2006 3532 3667 3608; baseline -0.002 -12"><span class='ocrx_word' id='word_1_571' title='bbox 2006 3544 2171 3596; x_wconf 90' lang='lat' dir='ltr'>ctum</span> <span class='ocrx_word' id='word_1_572' title='bbox 2222 3540 2346 3593; x_wconf 87' lang='lat' dir='ltr'>est:</span> <span class='ocrx_word' id='word_1_573' title='bbox 2402 3535 2612 3591; x_wconf 79' lang='lat' dir='ltr'>merito</span> <span class='ocrx_word' id='word_1_574' title='bbox 2667 3532 2913 3605; x_wconf 80' lang='lat' dir='ltr'>languet</span> <span class='ocrx_word' id='word_1_575' title='bbox 2963 3550 3209 3608; x_wconf 88' lang='lat' dir='ltr'>sponsa,</span> <span class='ocrx_word' id='word_1_576' title='bbox 3259 3550 3395 3593; x_wconf 88' lang='lat' dir='ltr'>cum</span> <span class='ocrx_word' id='word_1_577' title='bbox 3461 3536 3667 3607; x_wconf 81' lang='lat' dir='ltr'>gladio</span> 
     </span>
    </p>
   </div>
   <div class='ocr_carea' id='block_1_84' title="bbox 2005 3624 3673 3699">
    <p class='ocr_par' dir='ltr' id='par_1_84' title="bbox 2005 3624 3673 3699">
     <span class='ocr_line' id='line_1_84' title="bbox 2005 3624 3673 3699; baseline -0.002 -13"><span class='ocrx_word' id='word_1_578' title='bbox 2005 3628 2175 3686; x_wconf 84' lang='lat' dir='ltr'>verbi</span> <span class='ocrx_word' id='word_1_579' title='bbox 2222 3624 2323 3684; x_wconf 85' lang='lat' dir='ltr'>Dei</span> <span class='ocrx_word' id='word_1_580' title='bbox 2372 3639 2678 3699; x_wconf 84' lang='lat' dir='ltr'>percussa,</span> <span class='ocrx_word' id='word_1_581' title='bbox 2706 3624 2961 3682; x_wconf 84' lang='lat' dir='ltr'>actionis</span> <span class='ocrx_word' id='word_1_582' title='bbox 3016 3629 3263 3683; x_wconf 68' lang='lat' dir='ltr'>terrenae</span> <span class='ocrx_word' id='word_1_583' title='bbox 3310 3627 3471 3684; x_wconf 74' lang='lat' dir='ltr'>exuit</span> <span class='ocrx_word' id='word_1_584' title='bbox 3520 3626 3673 3684; x_wconf 79' lang='lat' dir='ltr'>ami-</span> 
     </span>
    </p>
   </div>
   <div class='ocr_carea' id='block_1_85' title="bbox 2009 3713 3664 3787">
    <p class='ocr_par' dir='ltr' id='par_1_85' title="bbox 2009 3713 3664 3787">
     <span class='ocr_line' id='line_1_85' title="bbox 2009 3713 3664 3787; baseline -0.002 -12"><span class='ocrx_word' id='word_1_585' title='bbox 2009 3723 2190 3776; x_wconf 88' lang='lat' dir='ltr'>ctum.</span> <span class='ocrx_word' id='word_1_586' title='bbox 2223 3716 2290 3772; x_wconf 83' lang='lat' dir='ltr'>E‘t</span> <span class='ocrx_word' id='word_1_587' title='bbox 2316 3715 2471 3771; x_wconf 84' lang='lat' dir='ltr'>ﬁlias</span> <span class='ocrx_word' id='word_1_588' title='bbox 2500 3713 2890 3783; x_wconf 78' lang='lat' dir='ltr'>Hierusalem,</span> <span class='ocrx_word' id='word_1_589' title='bbox 2921 3714 2984 3771; x_wconf 92' lang='lat' dir='ltr'><strong>id</strong></span> <span class='ocrx_word' id='word_1_590' title='bbox 3014 3720 3103 3771; x_wconf 89' lang='lat' dir='ltr'>est</span> <span class='ocrx_word' id='word_1_591' title='bbox 3128 3717 3247 3772; x_wconf 88' lang='lat' dir='ltr'>Deo</span> <span class='ocrx_word' id='word_1_592' title='bbox 3289 3715 3504 3787; x_wconf 83' lang='lat' dir='ltr'>dignas</span> <span class='ocrx_word' id='word_1_593' title='bbox 3535 3716 3664 3772; x_wconf 89' lang='lat' dir='ltr'>ani-</span> 
     </span>
    </p>
   </div>
   <div class='ocr_carea' id='block_1_86' title="bbox 2011 3802 3671 3877">
    <p class='ocr_par' dir='ltr' id='par_1_86' title="bbox 2011 3802 3671 3877">
     <span class='ocr_line' id='line_1_86' title="bbox 2011 3802 3671 3877; baseline -0.002 -13"><span class='ocrx_word' id='word_1_594' title='bbox 2011 3822 2145 3864; x_wconf 88' lang='lat' dir='ltr'>mas</span> <span class='ocrx_word' id='word_1_595' title='bbox 2202 3802 2458 3877; x_wconf 82' lang='lat' dir='ltr'>adjurat,</span> <span class='ocrx_word' id='word_1_596' title='bbox 2516 3807 2582 3860; x_wconf 91' lang='lat' dir='ltr'><strong>ut</strong></span> <span class='ocrx_word' id='word_1_597' title='bbox 2629 3803 2721 3858; x_wconf 88' lang='lat' dir='ltr'>sui</span> <span class='ocrx_word' id='word_1_598' title='bbox 2776 3803 2998 3860; x_wconf 85' lang='lat' dir='ltr'>amoris</span> <span class='ocrx_word' id='word_1_599' title='bbox 3050 3804 3528 3874; x_wconf 76' lang='lat' dir='ltr'>magnitudinem</span> <span class='ocrx_word' id='word_1_600' title='bbox 3588 3802 3671 3861; x_wconf 87' lang='lat' dir='ltr'>ad.‘</span> 
     </span>
    </p>
   </div>
   <div class='ocr_carea' id='block_1_87' title="bbox 2013 3891 3668 3963">
    <p class='ocr_par' dir='ltr' id='par_1_87' title="bbox 2013 3891 3668 3963">
     <span class='ocr_line' id='line_1_87' title="bbox 2013 3891 3668 3963; baseline -0.002 -13"><span class='ocrx_word' id='word_1_601' title='bbox 2013 3897 2202 3952; x_wconf 90' lang='lat' dir='ltr'>Deum</span> <span class='ocrx_word' id='word_1_602' title='bbox 2252 3893 2531 3959; x_wconf 83' lang='lat' dir='ltr'>referant,</span> <span class='ocrx_word' id='word_1_603' title='bbox 2561 3895 2619 3947; x_wconf 88' lang='lat' dir='ltr'>et</span> <span class='ocrx_word' id='word_1_604' title='bbox 2646 3891 2727 3948; x_wconf 83' lang='lat' dir='ltr'>ad</span> <span class='ocrx_word' id='word_1_605' title='bbox 2766 3892 2897 3962; x_wconf 87' lang='lat' dir='ltr'>ejus</span> <span class='ocrx_word' id='word_1_606' title='bbox 2925 3892 3254 3949; x_wconf 82' lang='lat' dir='ltr'>videndam</span> <span class='ocrx_word' id='word_1_607' title='bbox 3285 3892 3538 3963; x_wconf 81' lang='lat' dir='ltr'>gloriam</span> <span class='ocrx_word' id='word_1_608' title='bbox 3570 3906 3668 3948; x_wconf 86' lang='lat' dir='ltr'>su-</span> 
     </span>
    </p>
   </div>
   <div class='ocr_carea' id='block_1_88' title="bbox 2010 3979 3019 4059">
    <p class='ocr_par' dir='ltr' id='par_1_88' title="bbox 2010 3979 3019 4059">
     <span class='ocr_line' id='line_1_88' title="bbox 2010 3979 3019 4059; baseline -0.006 -18"><span class='ocrx_word' id='word_1_609' title='bbox 2010 3998 2271 4059; x_wconf 88' lang='lat' dir='ltr'>pernum</span> <span class='ocrx_word' id='word_1_610' title='bbox 2296 3981 2408 4038; x_wconf 89' lang='lat' dir='ltr'>sibi</span> <span class='ocrx_word' id='word_1_611' title='bbox 2432 3983 2687 4054; x_wconf 85' lang='lat' dir='ltr'>poscant</span> <span class='ocrx_word' id='word_1_612' title='bbox 2706 3979 3019 4036; x_wconf 81' lang='lat' dir='ltr'>auxilium.</span> 
     </span>
    </p>
   </div>
   <div class='ocr_carea' id='block_1_89' title="bbox 2086 4104 3677 4180">
    <p class='ocr_par' dir='ltr' id='par_1_89' title="bbox 2086 4104 3677 4180">
     <span class='ocr_line' id='line_1_89' title="bbox 2086 4104 3677 4180; baseline 0.002 -19"><span class='ocrx_word' id='word_1_613' title='bbox 2086 4131 2115 4161; x_wconf 81' lang='lat'><strong><em>«</em></strong></span> <span class='ocrx_word' id='word_1_614' title='bbox 2148 4106 2355 4175; x_wconf 81' lang='lat' dir='ltr'>Qualis</span> <span class='ocrx_word' id='word_1_615' title='bbox 2392 4108 2483 4162; x_wconf 84' lang='lat' dir='ltr'>est</span> <span class='ocrx_word' id='word_1_616' title='bbox 2504 4104 2755 4162; x_wconf 89' lang='lat' dir='ltr'>dilectus</span> <span class='ocrx_word' id='word_1_617' title='bbox 2786 4108 2922 4162; x_wconf 88' lang='lat' dir='ltr'>tuus</span> <span class='ocrx_word' id='word_1_618' title='bbox 2965 4121 3038 4162; x_wconf 84' lang='lat' dir='ltr'>ex</span> <span class='ocrx_word' id='word_1_619' title='bbox 3062 4104 3299 4174; x_wconf 88' lang='lat' dir='ltr'>dilecto,</span> <span class='ocrx_word' id='word_1_620' title='bbox 3331 4122 3367 4163; x_wconf 91' lang='grc' dir='ltr'>ο</span> <span class='ocrx_word' id='word_1_621' title='bbox 3398 4106 3677 4180; x_wconf 77' lang='lat' dir='ltr'>pulcher-</span> 
     </span>
    </p>
   </div>
   <div class='ocr_carea' id='block_1_90' title="bbox 2017 4194 3677 4269">
    <p class='ocr_par' dir='ltr' id='par_1_90' title="bbox 2017 4194 3677 4269">
     <span class='ocr_line' id='line_1_90' title="bbox 2017 4194 3677 4269; baseline 0.003 -19"><span class='ocrx_word' id='word_1_622' title='bbox 2017 4221 2045 4251; x_wconf 88' lang='grc'>‹‹</span> <span class='ocrx_word' id='word_1_623' title='bbox 2070 4198 2226 4254; x_wconf 85' lang='lat' dir='ltr'>rima</span> <span class='ocrx_word' id='word_1_624' title='bbox 2240 4195 2586 4259; x_wconf 86' lang='lat' dir='ltr'>mulierum,</span> <span class='ocrx_word' id='word_1_625' title='bbox 2617 4194 2815 4269; x_wconf 88' lang='lat' dir='ltr'>qualis</span> <span class='ocrx_word' id='word_1_626' title='bbox 2844 4200 2933 4251; x_wconf 87' lang='lat' dir='ltr'>est</span> <span class='ocrx_word' id='word_1_627' title='bbox 2946 4195 3196 4252; x_wconf 87' lang='lat' dir='ltr'>dilectus</span> <span class='ocrx_word' id='word_1_628' title='bbox 3225 4200 3364 4252; x_wconf 90' lang='lat' dir='ltr'>tuus</span> <span class='ocrx_word' id='word_1_629' title='bbox 3392 4212 3465 4253; x_wconf 83' lang='lat' dir='ltr'>ex</span> <span class='ocrx_word' id='word_1_630' title='bbox 3494 4196 3677 4255; x_wconf 78' lang='lat' dir='ltr'>dilec-</span> 
     </span>
    </p>
   </div>
   <div class='ocr_carea' id='block_1_91' title="bbox 2019 4282 3677 4360">
    <p class='ocr_par' dir='ltr' id='par_1_91' title="bbox 2019 4282 3677 4360">
     <span class='ocr_line' id='line_1_91' title="bbox 2019 4282 3677 4360; baseline 0.004 -22"><span class='ocrx_word' id='word_1_631' title='bbox 2019 4310 2047 4339; x_wconf 82' lang='grc'>‹‹</span> <span class='ocrx_word' id='word_1_632' title='bbox 2079 4292 2162 4359; x_wconf 88' lang='lat' dir='ltr'>to,</span> <span class='ocrx_word' id='word_1_633' title='bbox 2213 4286 2358 4360; x_wconf 86' lang='lat' dir='ltr'>quia</span> <span class='ocrx_word' id='word_1_634' title='bbox 2411 4285 2495 4342; x_wconf 89' lang='lat' dir='ltr'>sic</span> <span class='ocrx_word' id='word_1_635' title='bbox 2548 4282 2840 4357; x_wconf 85' lang='lat' dir='ltr'>adjurasti</span> <span class='ocrx_word' id='word_1_636' title='bbox 2891 4301 3004 4341; x_wconf 89' lang='lat' dir='ltr'>nos</span> <span class='ocrx_word' id='word_1_637' title='bbox 3030 4284 3102 4340; x_wconf 75' lang='lat'>‘2»</span> <span class='ocrx_word' id='word_1_638' title='bbox 3150 4288 3277 4342; x_wconf 79' lang='lat' dir='ltr'>Vox</span> <span class='ocrx_word' id='word_1_639' title='bbox 3322 4292 3677 4344; x_wconf 83' lang='lat' dir='ltr'>sanctorum</span> 
     </span>
    </p>
   </div>
   <div class='ocr_carea' id='block_1_92' title="bbox 225 4352 3673 4471">
    <p class='ocr_par' dir='ltr' id='par_1_92' title="bbox 225 4352 3673 4471">
     <span class='ocr_line' id='line_1_92' title="bbox 225 4352 3673 4471; baseline -0.005 -22"><span class='ocrx_word' id='word_1_640' title='bbox 225 4352 1059 4471; x_wconf 46' lang='lat' dir='ltr'>.seutit&#39;</span> <span class='ocrx_word' id='word_1_641' title='bbox 1094 4352 1293 4466; x_wconf 62' lang='lat' dir='ltr'>q—uod—</span> <span class='ocrx_word' id='word_1_642' title='bbox 1309 4352 1911 4463; x_wconf 46' lang='lat' dir='ltr'>dre-mles‘ti‘gaudi;</span> <span class='ocrx_word' id='word_1_643' title='bbox 1937 4352 1991 4405; x_wconf 61' lang='grc' dir='ltr'><strong>Β</strong></span> <span class='ocrx_word' id='word_1_644' title='bbox 2019 4352 2482 4471; x_wconf 65' lang='lat' dir='ltr'>praedicatorum</span> <span class='ocrx_word' id='word_1_645' title='bbox 2532 4352 3030 4471; x_wconf 68' lang='lat' dir='ltr'>intarrogantium</span> <span class='ocrx_word' id='word_1_646' title='bbox 3074 4377 3134 4430; x_wconf 90' lang='lat' dir='ltr'>et</span> <span class='ocrx_word' id='word_1_647' title='bbox 3377 4376 3673 4471; x_wconf 64' lang='lat' dir='ltr'>Ecclesia</span> 
     </span>
    </p>
   </div>
   <div class='ocr_carea' id='block_1_93' title="bbox 225 4482 1912 4559">
    <p class='ocr_par' dir='ltr' id='par_1_93' title="bbox 225 4482 1912 4559">
     <span class='ocr_line' id='line_1_93' title="bbox 225 4482 1912 4559; baseline -0.004 -16"><span class='ocrx_word' id='word_1_648' title='bbox 225 4488 480 4559; x_wconf 55' lang='lat' dir='ltr'>diligas,</span> <span class='ocrx_word' id='word_1_649' title='bbox 508 4489 569 4542; x_wconf 82' lang='lat' dir='ltr'>et</span> <span class='ocrx_word' id='word_1_650' title='bbox 608 4483 813 4542; x_wconf 77' lang='lat' dir='ltr'>adhuc</span> <span class='ocrx_word' id='word_1_651' title='bbox 847 4482 1061 4540; x_wconf 77' lang='lat' dir='ltr'>metuit</span> <span class='ocrx_word' id='word_1_652' title='bbox 1112 4497 1191 4539; x_wconf 88' lang='lat' dir='ltr'>ne</span> <span class='ocrx_word' id='word_1_653' title='bbox 1235 4496 1361 4539; x_wconf 91' lang='lat' dir='ltr'>non</span> <span class='ocrx_word' id='word_1_654' title='bbox 1401 4482 1719 4555; x_wconf 85' lang='lat' dir='ltr'>percipiat,</span> <span class='ocrx_word' id='word_1_655' title='bbox 1742 4483 1912 4556; x_wconf 74' lang='lat' dir='ltr'>quod</span> 
     </span>
    </p>
   </div>
   <div class='ocr_carea' id='block_1_94' title="bbox 225 4570 1912 4645">
    <p class='ocr_par' dir='ltr' id='par_1_94' title="bbox 225 4570 1912 4645">
     <span class='ocr_line' id='line_1_94' title="bbox 225 4570 1912 4645; baseline -0.004 -10"><span class='ocrx_word' id='word_1_656' title='bbox 225 4580 330 4636; x_wconf 79' lang='lat' dir='ltr'>vix</span> <span class='ocrx_word' id='word_1_657' title='bbox 382 4574 654 4633; x_wconf 77' lang='lat' dir='ltr'>tenuiter</span> <span class='ocrx_word' id='word_1_658' title='bbox 695 4572 890 4631; x_wconf 82' lang='lat' dir='ltr'>sentit.</span> <span class='ocrx_word' id='word_1_659' title='bbox 917 4570 1072 4640; x_wconf 80' lang='lat' dir='ltr'>Quid</span> <span class='ocrx_word' id='word_1_660' title='bbox 1116 4570 1296 4642; x_wconf 77' lang='lat' dir='ltr'>igitur</span> <span class='ocrx_word' id='word_1_661' title='bbox 1342 4574 1555 4643; x_wconf 83' lang='lat' dir='ltr'>restat,</span> <span class='ocrx_word' id='word_1_662' title='bbox 1578 4570 1701 4629; x_wconf 87' lang='lat' dir='ltr'><strong>nisi</strong></span> <span class='ocrx_word' id='word_1_663' title='bbox 1742 4570 1912 4645; x_wconf 86' lang='lat' dir='ltr'>quod</span> 
     </span>
    </p>
   </div>
   <div class='ocr_carea' id='block_1_95' title="bbox 306 4702 1917 4825">
    <p class='ocr_par' dir='ltr' id='par_1_95' title="bbox 306 4702 1917 4825">
     <span class='ocr_line' id='line_1_95' title="bbox 306 4702 1917 4825; baseline -0.002 -17"><span class='ocrx_word' id='word_1_664' title='bbox 654 4755 725 4809; x_wconf 88' lang='lat' dir='ltr'>ut</span> <span class='ocrx_word' id='word_1_665' title='bbox 746 4749 1045 4825; x_wconf 82' lang='lat' dir='ltr'>aperirem</span> <span class='ocrx_word' id='word_1_666' title='bbox 1070 4748 1285 4807; x_wconf 86' lang='lat' dir='ltr'>dilecto</span> <span class='ocrx_word' id='word_1_667' title='bbox 1311 4764 1487 4806; x_wconf 77' lang='lat' dir='ltr'>meo:</span> <span class='ocrx_word' id='word_1_668' title='bbox 1527 4751 1736 4806; x_wconf 77' lang='lat' dir='ltr'>Manus</span> <span class='ocrx_word' id='word_1_669' title='bbox 1761 4764 1917 4806; x_wconf 70' lang='lat' dir='ltr'>meae</span> 
     </span>
    </p>
   </div>
   <div class='ocr_carea' id='block_1_96' title="bbox 235 4839 1922 4914">
    <p class='ocr_par' dir='ltr' id='par_1_96' title="bbox 235 4839 1922 4914">
     <span class='ocr_line' id='line_1_96' title="bbox 235 4839 1922 4914; baseline -0.005 -11"><span class='ocrx_word' id='word_1_670' title='bbox 235 4866 273 4894; x_wconf 77' lang='grc' dir='ltr'>ιι</span> <span class='ocrx_word' id='word_1_671' title='bbox 294 4843 746 4902; x_wconf 71' lang='lat' dir='ltr'>distillavemmt</span> <span class='ocrx_word' id='word_1_672' title='bbox 771 4840 1105 4914; x_wconf 83' lang='lat' dir='ltr'>myrrham,</span> <span class='ocrx_word' id='word_1_673' title='bbox 1136 4844 1199 4897; x_wconf 86' lang='lat' dir='ltr'>et</span> <span class='ocrx_word' id='word_1_674' title='bbox 1221 4839 1390 4911; x_wconf 80' lang='lat' dir='ltr'>digiti</span> <span class='ocrx_word' id='word_1_675' title='bbox 1412 4840 1532 4896; x_wconf 88' lang='lat' dir='ltr'>mei</span> <span class='ocrx_word' id='word_1_676' title='bbox 1559 4839 1721 4912; x_wconf 76' lang='lat' dir='ltr'>pleni</span> <span class='ocrx_word' id='word_1_677' title='bbox 1750 4854 1922 4912; x_wconf 43' lang='lat' dir='ltr'>myru</span> 
     </span>
    </p>
   </div>
   <div class='ocr_carea' id='block_1_97' title="bbox 236 4930 1923 5005">
    <p class='ocr_par' dir='ltr' id='par_1_97' title="bbox 236 4930 1923 5005">
     <span class='ocr_line' id='line_1_97' title="bbox 236 4930 1923 5005; baseline -0.004 -13"><span class='ocrx_word' id='word_1_678' title='bbox 236 4955 273 4985; x_wconf 71' lang='grc' dir='ltr'>σε</span> <span class='ocrx_word' id='word_1_679' title='bbox 301 4933 434 4991; x_wconf 71' lang='lat' dir='ltr'>the</span> <span class='ocrx_word' id='word_1_680' title='bbox 455 4930 900 5005; x_wconf 69' lang='lat' dir='ltr'>probatissima.</span> <span class='ocrx_word' id='word_1_681' title='bbox 924 4950 955 4979; x_wconf 72' lang='grc' dir='ltr'>ιι</span> <span class='ocrx_word' id='word_1_682' title='bbox 986 4931 1110 4985; x_wconf 76' lang='lat' dir='ltr'>Vox</span> <span class='ocrx_word' id='word_1_683' title='bbox 1138 4933 1228 4985; x_wconf 87' lang='lat' dir='ltr'>est</span> <span class='ocrx_word' id='word_1_684' title='bbox 1263 4944 1527 5002; x_wconf 60' lang='lat' dir='ltr'>sponsas.</span> <span class='ocrx_word' id='word_1_685' title='bbox 1555 4930 1809 5000; x_wconf 78' lang='lat' dir='ltr'>Surgere</span> <span class='ocrx_word' id='word_1_686' title='bbox 1829 4930 1923 4985; x_wconf 80' lang='lat' dir='ltr'>est</span> 
     </span>
    </p>
   </div>
   <div class='ocr_carea' id='block_1_98' title="bbox 232 5016 1927 5091">
    <p class='ocr_par' dir='ltr' id='par_1_98' title="bbox 232 5016 1927 5091">
     <span class='ocr_line' id='line_1_98' title="bbox 232 5016 1927 5091; baseline -0.004 -10"><span class='ocrx_word' id='word_1_687' title='bbox 232 5022 317 5081; x_wconf 80' lang='lat' dir='ltr'>ad</span> <span class='ocrx_word' id='word_1_688' title='bbox 371 5020 691 5081; x_wconf 68' lang='lat' dir='ltr'>Christum.</span> <span class='ocrx_word' id='word_1_689' title='bbox 730 5018 911 5077; x_wconf 82' lang='lat' dir='ltr'>corde</span> <span class='ocrx_word' id='word_1_690' title='bbox 956 5016 1263 5087; x_wconf 84' lang='lat' dir='ltr'>evigilare.</span> <span class='ocrx_word' id='word_1_691' title='bbox 1282 5016 1527 5091; x_wconf 86' lang='lat' dir='ltr'>Aperire</span> <span class='ocrx_word' id='word_1_692' title='bbox 1553 5021 1643 5074; x_wconf 88' lang='lat' dir='ltr'>est</span> <span class='ocrx_word' id='word_1_693' title='bbox 1665 5017 1927 5075; x_wconf 78' lang='lat' dir='ltr'>verbum</span> 
     </span>
    </p>
   </div>
   <div class='ocr_carea' id='block_1_99' title="bbox 231 5106 1923 5187">
    <p class='ocr_par' dir='ltr' id='par_1_99' title="bbox 231 5106 1923 5187">
     <span class='ocr_line' id='line_1_99' title="bbox 231 5106 1923 5187; baseline -0.005 -15"><span class='ocrx_word' id='word_1_694' title='bbox 231 5112 345 5171; x_wconf 76' lang='lat' dir='ltr'>Dei</span> <span class='ocrx_word' id='word_1_695' title='bbox 369 5110 746 5187; x_wconf 55' lang='lat' dir='ltr'>pedicare,</span> <span class='ocrx_word' id='word_1_696' title='bbox 768 5107 864 5164; x_wconf 88' lang='lat' dir='ltr'>vel</span> <span class='ocrx_word' id='word_1_697' title='bbox 904 5122 1129 5180; x_wconf 87' lang='lat' dir='ltr'>puram-</span> <span class='ocrx_word' id='word_1_698' title='bbox 1170 5106 1597 5164; x_wconf 78' lang='lat' dir='ltr'>confusionem</span> <span class='ocrx_word' id='word_1_699' title='bbox 1628 5106 1923 5181; x_wconf 72' lang='lat' dir='ltr'>proferre.</span> 
     </span>
    </p>
   </div>
   <div class='ocr_carea' id='block_1_100' title="bbox 232 5194 1923 5272">
    <p class='ocr_par' dir='ltr' id='par_1_100' title="bbox 232 5194 1923 5272">
     <span class='ocr_line' id='line_1_100' title="bbox 232 5194 1923 5272; baseline -0.003 -13"><span class='ocrx_word' id='word_1_700' title='bbox 232 5204 307 5258; x_wconf 72' lang='lat' dir='ltr'>In</span> <span class='ocrx_word' id='word_1_701' title='bbox 342 5198 651 5259; x_wconf 77' lang='lat' dir='ltr'>manibus</span> <span class='ocrx_word' id='word_1_702' title='bbox 696 5212 907 5272; x_wconf 86' lang='lat' dir='ltr'>opera,</span> <span class='ocrx_word' id='word_1_703' title='bbox 930 5196 997 5252; x_wconf 87' lang='lat' dir='ltr'>in</span> <span class='ocrx_word' id='word_1_704' title='bbox 1047 5194 1246 5266; x_wconf 74' lang='lat' dir='ltr'>digitis</span> <span class='ocrx_word' id='word_1_705' title='bbox 1300 5195 1579 5254; x_wconf 84' lang='lat' dir='ltr'>discretio</span> <span class='ocrx_word' id='word_1_706' title='bbox 1627 5196 1923 5268; x_wconf 79' lang='lat' dir='ltr'>signatur,</span> 
     </span>
    </p>
   </div>
   <div class='ocr_carea' id='block_1_101' title="bbox 233 5284 1927 5363">
    <p class='ocr_par' dir='ltr' id='par_1_101' title="bbox 233 5284 1927 5363">
     <span class='ocr_line' id='line_1_101' title="bbox 233 5284 1927 5363; baseline -0.004 -14"><span class='ocrx_word' id='word_1_707' title='bbox 233 5291 365 5349; x_wconf 75' lang='lat' dir='ltr'>sive</span> <span class='ocrx_word' id='word_1_708' title='bbox 397 5292 728 5363; x_wconf 70' lang='lat' dir='ltr'>martyres.</span> <span class='ocrx_word' id='word_1_709' title='bbox 763 5290 829 5343; x_wconf 80' lang='lat' dir='ltr'>In</span> <span class='ocrx_word' id='word_1_710' title='bbox 853 5284 1104 5359; x_wconf 79' lang='lat' dir='ltr'>myrrha</span> <span class='ocrx_word' id='word_1_711' title='bbox 1133 5285 1511 5343; x_wconf 86' lang='lat' dir='ltr'>mortiﬁcatio</span> <span class='ocrx_word' id='word_1_712' title='bbox 1546 5287 1764 5357; x_wconf 85' lang='lat' dir='ltr'>carnis,</span> <span class='ocrx_word' id='word_1_713' title='bbox 1796 5287 1927 5343; x_wconf 78' lang='lat' dir='ltr'>sive</span> 
     </span>
    </p>
   </div>
   <div class='ocr_carea' id='block_1_102' title="bbox 232 5374 1927 5454">
    <p class='ocr_par' dir='ltr' id='par_1_102' title="bbox 232 5374 1927 5454">
     <span class='ocr_line' id='line_1_102' title="bbox 232 5374 1927 5454; baseline -0.004 -16"><span class='ocrx_word' id='word_1_714' title='bbox 232 5381 592 5454; x_wconf 85' lang='lat' dir='ltr'>passiones.</span> <span class='ocrx_word' id='word_1_715' title='bbox 627 5379 773 5445; x_wconf 57' lang='lat' dir='ltr'>Quae</span> <span class='ocrx_word' id='word_1_716' title='bbox 796 5380 935 5433; x_wconf 86' lang='lat' dir='ltr'>tunc</span> <span class='ocrx_word' id='word_1_717' title='bbox 961 5374 1388 5449; x_wconf 83' lang='lat' dir='ltr'>probatissima</span> <span class='ocrx_word' id='word_1_718' title='bbox 1415 5381 1504 5432; x_wconf 90' lang='lat' dir='ltr'>est</span> <span class='ocrx_word' id='word_1_719' title='bbox 1532 5392 1672 5432; x_wconf 88' lang='lat' dir='ltr'>cum</span> <span class='ocrx_word' id='word_1_720' title='bbox 1693 5376 1927 5433; x_wconf 79' lang='lat' dir='ltr'>solum-</span> 
     </span>
    </p>
   </div>
   <div class='ocr_carea' id='block_1_103' title="bbox 229 5464 1922 5542">
    <p class='ocr_par' dir='ltr' id='par_1_103' title="bbox 229 5464 1922 5542">
     <span class='ocr_line' id='line_1_103' title="bbox 229 5464 1922 5542; baseline -0.004 -13"><span class='ocrx_word' id='word_1_721' title='bbox 229 5470 440 5529; x_wconf 81' lang='lat' dir='ltr'>modo</span> <span class='ocrx_word' id='word_1_722' title='bbox 468 5483 589 5542; x_wconf 85' lang='lat' dir='ltr'>pro</span> <span class='ocrx_word' id='word_1_723' title='bbox 615 5465 902 5541; x_wconf 81' lang='lat' dir='ltr'>charitatc</span> <span class='ocrx_word' id='word_1_724' title='bbox 928 5466 1027 5522; x_wconf 88' lang='lat' dir='ltr'>Dei</span> <span class='ocrx_word' id='word_1_725' title='bbox 1057 5469 1115 5523; x_wconf 89' lang='lat' dir='ltr'>et</span> <span class='ocrx_word' id='word_1_726' title='bbox 1143 5466 1432 5540; x_wconf 71' lang='lat' dir='ltr'>proximi,</span> <span class='ocrx_word' id='word_1_727' title='bbox 1442 5464 1537 5523; x_wconf 73' lang='lat' dir='ltr'>vel</span> <span class='ocrx_word' id='word_1_728' title='bbox 1559 5464 1922 5522; x_wconf 86' lang='lat' dir='ltr'>continentia</span> 
     </span>
    </p>
   </div>
   <div class='ocr_carea' id='block_1_104' title="bbox 233 5554 1009 5630">
    <p class='ocr_par' dir='ltr' id='par_1_104' title="bbox 233 5554 1009 5630">
     <span class='ocr_line' id='line_1_104' title="bbox 233 5554 1009 5630; baseline -0.003 -15"><span class='ocrx_word' id='word_1_729' title='bbox 233 5559 329 5626; x_wconf 79' lang='lat' dir='ltr'>ﬁt,</span> <span class='ocrx_word' id='word_1_730' title='bbox 360 5558 473 5616; x_wconf 75' lang='lat' dir='ltr'>vel</span> <span class='ocrx_word' id='word_1_731' title='bbox 495 5556 814 5630; x_wconf 75' lang='lat' dir='ltr'>passiones</span> <span class='ocrx_word' id='word_1_732' title='bbox 837 5554 1009 5613; x_wconf 84' lang='lat' dir='ltr'>ﬁunt.</span> 
     </span>
    </p>
   </div>
   <div class='ocr_carea' id='block_1_105' title="bbox 310 5643 1923 5720">
    <p class='ocr_par' dir='ltr' id='par_1_105' title="bbox 310 5643 1923 5720">
     <span class='ocr_line' id='line_1_105' title="bbox 310 5643 1923 5720; baseline 0.001 -20"><span class='ocrx_word' id='word_1_733' title='bbox 310 5671 348 5700; x_wconf 75' lang='grc' dir='ltr'>σι</span> <span class='ocrx_word' id='word_1_734' title='bbox 374 5644 867 5707; x_wconf 71' lang='lat' dir='ltr'>Pessulumostil</span> <span class='ocrx_word' id='word_1_735' title='bbox 888 5645 1238 5720; x_wconf 77' lang='lat' dir='ltr'>meiapcrui</span> <span class='ocrx_word' id='word_1_736' title='bbox 1264 5644 1485 5703; x_wconf 73' lang='lat' dir='ltr'>dilecto</span> <span class='ocrx_word' id='word_1_737' title='bbox 1507 5658 1711 5703; x_wconf 62' lang='lat' dir='ltr'>meo.)</span> <span class='ocrx_word' id='word_1_738' title='bbox 1730 5643 1923 5702; x_wconf 72' lang='lat' dir='ltr'>Eccle~</span> 
     </span>
    </p>
   </div>
   <div class='ocr_carea' id='block_1_106' title="bbox 2019 4463 3674 4538">
    <p class='ocr_par' dir='ltr' id='par_1_106' title="bbox 2019 4463 3674 4538">
     <span class='ocr_line' id='line_1_106' title="bbox 2019 4463 3674 4538; baseline -0.002 -16"><span class='ocrx_word' id='word_1_739' title='bbox 2019 4482 2094 4522; x_wconf 85' lang='lat' dir='ltr'>ex</span> <span class='ocrx_word' id='word_1_740' title='bbox 2135 4466 2264 4538; x_wconf 78' lang='lat' dir='ltr'>ejus</span> <span class='ocrx_word' id='word_1_741' title='bbox 2291 4464 2683 4538; x_wconf 89' lang='lat' dir='ltr'>responsione</span> <span class='ocrx_word' id='word_1_742' title='bbox 2712 4463 3161 4536; x_wconf 88' lang='lat' dir='ltr'>inquirentium,</span> <span class='ocrx_word' id='word_1_743' title='bbox 3192 4463 3257 4521; x_wconf 92' lang='lat' dir='ltr'>id</span> <span class='ocrx_word' id='word_1_744' title='bbox 3304 4469 3392 4520; x_wconf 87' lang='lat' dir='ltr'>est</span> <span class='ocrx_word' id='word_1_745' title='bbox 3419 4466 3674 4521; x_wconf 90' lang='lat' dir='ltr'>obsecro</span> 
     </span>
    </p>
   </div>
   <div class='ocr_carea' id='block_1_107' title="bbox 2018 4552 3683 4628">
    <p class='ocr_par' dir='ltr' id='par_1_107' title="bbox 2018 4552 3683 4628">
     <span class='ocr_line' id='line_1_107' title="bbox 2018 4552 3683 4628; baseline -0.004 -16"><span class='ocrx_word' id='word_1_746' title='bbox 2018 4558 2094 4624; x_wconf 87' lang='lat' dir='ltr'>te,</span> <span class='ocrx_word' id='word_1_747' title='bbox 2127 4554 2272 4628; x_wconf 85' lang='lat' dir='ltr'><strong>quia</strong></span> <span class='ocrx_word' id='word_1_748' title='bbox 2300 4554 2382 4610; x_wconf 90' lang='lat' dir='ltr'>sic</span> <span class='ocrx_word' id='word_1_749' title='bbox 2413 4552 2704 4625; x_wconf 86' lang='lat' dir='ltr'>adjurasti</span> <span class='ocrx_word' id='word_1_750' title='bbox 2744 4569 2863 4621; x_wconf 89' lang='lat' dir='ltr'>me,</span> <span class='ocrx_word' id='word_1_751' title='bbox 2892 4557 2959 4609; x_wconf 87' lang='lat' dir='ltr'>ut</span> <span class='ocrx_word' id='word_1_752' title='bbox 2991 4568 3262 4609; x_wconf 87' lang='lat' dir='ltr'>amorem</span> <span class='ocrx_word' id='word_1_753' title='bbox 3292 4568 3416 4626; x_wconf 90' lang='lat' dir='ltr'>quo</span> <span class='ocrx_word' id='word_1_754' title='bbox 3465 4557 3519 4608; x_wconf 90' lang='lat' dir='ltr'>te</span> <span class='ocrx_word' id='word_1_755' title='bbox 3547 4552 3683 4606; x_wconf 80' lang='lat' dir='ltr'>lan-</span> 
     </span>
    </p>
   </div>
   <div class='ocr_carea' id='block_1_108' title="bbox 2020 4639 3681 4716">
    <p class='ocr_par' dir='ltr' id='par_1_108' title="bbox 2020 4639 3681 4716">
     <span class='ocr_line' id='line_1_108' title="bbox 2020 4639 3681 4716; baseline -0.003 -16"><span class='ocrx_word' id='word_1_756' title='bbox 2020 4659 2301 4716; x_wconf 86' lang='lat' dir='ltr'>guescere</span> <span class='ocrx_word' id='word_1_757' title='bbox 2330 4642 2478 4699; x_wconf 86' lang='lat' dir='ltr'>dicis</span> <span class='ocrx_word' id='word_1_758' title='bbox 2507 4642 2656 4698; x_wconf 83' lang='lat' dir='ltr'>mihi</span> <span class='ocrx_word' id='word_1_759' title='bbox 2684 4641 2993 4705; x_wconf 69' lang='lat' dir='ltr'>ostendas,</span> <span class='ocrx_word' id='word_1_760' title='bbox 3016 4646 3073 4697; x_wconf 87' lang='lat' dir='ltr'>et</span> <span class='ocrx_word' id='word_1_761' title='bbox 3092 4640 3290 4713; x_wconf 84' lang='lat' dir='ltr'>qualis</span> <span class='ocrx_word' id='word_1_762' title='bbox 3314 4641 3391 4696; x_wconf 91' lang='lat' dir='ltr'>sit</span> <span class='ocrx_word' id='word_1_763' title='bbox 3410 4639 3681 4696; x_wconf 82' lang='lat' dir='ltr'>delectus</span> 
     </span>
    </p>
   </div>
   <div class='ocr_carea' id='block_1_109' title="bbox 2019 4730 3683 4800">
    <p class='ocr_par' dir='ltr' id='par_1_109' title="bbox 2019 4730 3683 4800">
     <span class='ocr_line' id='line_1_109' title="bbox 2019 4730 3683 4800; baseline -0.002 -10"><span class='ocrx_word' id='word_1_764' title='bbox 2019 4750 2092 4791; x_wconf 85' lang='lat' dir='ltr'>ex</span> <span class='ocrx_word' id='word_1_765' title='bbox 2122 4732 2356 4800; x_wconf 90' lang='lat' dir='ltr'>dilecto,</span> <span class='ocrx_word' id='word_1_766' title='bbox 2388 4731 2451 4787; x_wconf 93' lang='lat' dir='ltr'>id</span> <span class='ocrx_word' id='word_1_767' title='bbox 2493 4736 2581 4787; x_wconf 87' lang='lat' dir='ltr'>est</span> <span class='ocrx_word' id='word_1_768' title='bbox 2631 4730 2805 4786; x_wconf 87' lang='lat' dir='ltr'>Filius</span> <span class='ocrx_word' id='word_1_769' title='bbox 2844 4746 2918 4786; x_wconf 79' lang='lat' dir='ltr'>ex</span> <span class='ocrx_word' id='word_1_770' title='bbox 2942 4733 3131 4798; x_wconf 88' lang='lat' dir='ltr'>Patre,</span> <span class='ocrx_word' id='word_1_771' title='bbox 3165 4732 3318 4785; x_wconf 89' lang='lat' dir='ltr'>Deus</span> <span class='ocrx_word' id='word_1_772' title='bbox 3346 4744 3420 4786; x_wconf 84' lang='lat' dir='ltr'>ex</span> <span class='ocrx_word' id='word_1_773' title='bbox 3447 4733 3588 4796; x_wconf 86' lang='lat' dir='ltr'>Deo,</span> <span class='ocrx_word' id='word_1_774' title='bbox 3620 4732 3683 4787; x_wconf 85' lang='lat' dir='ltr'>et</span> 
     </span>
    </p>
   </div>
   <div class='ocr_carea' id='block_1_110' title="bbox 2020 4818 3681 4893">
    <p class='ocr_par' dir='ltr' id='par_1_110' title="bbox 2020 4818 3681 4893">
     <span class='ocr_line' id='line_1_110' title="bbox 2020 4818 3681 4893; baseline -0.002 -14"><span class='ocrx_word' id='word_1_775' title='bbox 2020 4839 2097 4879; x_wconf 81' lang='lat' dir='ltr'>ex</span> <span class='ocrx_word' id='word_1_776' title='bbox 2120 4838 2192 4879; x_wconf 89' lang='lat' dir='ltr'>ea</span> <span class='ocrx_word' id='word_1_777' title='bbox 2229 4837 2357 4893; x_wconf 86' lang='lat' dir='ltr'>qua</span> <span class='ocrx_word' id='word_1_778' title='bbox 2381 4819 2573 4892; x_wconf 90' lang='lat' dir='ltr'>possit</span> <span class='ocrx_word' id='word_1_779' title='bbox 2608 4824 2777 4892; x_wconf 88' lang='lat' dir='ltr'>parte</span> <span class='ocrx_word' id='word_1_780' title='bbox 2808 4818 2977 4889; x_wconf 84' lang='lat' dir='ltr'>diligi</span> <span class='ocrx_word' id='word_1_781' title='bbox 3003 4823 3061 4875; x_wconf 89' lang='lat' dir='ltr'>et</span> <span class='ocrx_word' id='word_1_782' title='bbox 3095 4835 3223 4875; x_wconf 90' lang='lat' dir='ltr'>non</span> <span class='ocrx_word' id='word_1_783' title='bbox 3243 4819 3460 4884; x_wconf 86' lang='lat' dir='ltr'>timeri,</span> <span class='ocrx_word' id='word_1_784' title='bbox 3488 4818 3681 4876; x_wconf 86' lang='lat' dir='ltr'>mani-</span> 
     </span>
    </p>
   </div>
   <div class='ocr_carea' id='block_1_111' title="bbox 2020 4906 3682 4981">
    <p class='ocr_par' dir='ltr' id='par_1_111' title="bbox 2020 4906 3682 4981">
     <span class='ocr_line' id='line_1_111' title="bbox 2020 4906 3682 4981; baseline -0.002 -13"><span class='ocrx_word' id='word_1_785' title='bbox 2020 4911 2200 4968; x_wconf 89' lang='lat' dir='ltr'>festes</span> <span class='ocrx_word' id='word_1_786' title='bbox 2238 4925 2251 4963; x_wconf 90' lang='lat'><strong>:</strong></span> <span class='ocrx_word' id='word_1_787' title='bbox 2301 4907 2592 4981; x_wconf 88' lang='lat' dir='ltr'>quoniam</span> <span class='ocrx_word' id='word_1_788' title='bbox 2639 4928 2669 4959; x_wconf 70' lang='lat' dir='ltr'><strong>u</strong></span> <span class='ocrx_word' id='word_1_789' title='bbox 2702 4906 2965 4981; x_wconf 87' lang='lat' dir='ltr'>perfecta</span> <span class='ocrx_word' id='word_1_790' title='bbox 3009 4906 3270 4965; x_wconf 79' lang='lat' dir='ltr'>Charitas</span> <span class='ocrx_word' id='word_1_791' title='bbox 3312 4907 3474 4965; x_wconf 86' lang='lat' dir='ltr'>foras</span> <span class='ocrx_word' id='word_1_792' title='bbox 3503 4907 3682 4965; x_wconf 84' lang='lat' dir='ltr'>mittit</span> 
     </span>
    </p>
   </div>
   <div class='ocr_carea' id='block_1_112' title="bbox 2022 5000 2377 5058">
    <p class='ocr_par' dir='ltr' id='par_1_112' title="bbox 2022 5000 2377 5058">
     <span class='ocr_line' id='line_1_112' title="bbox 2022 5000 2377 5058; baseline -0.014 0"><span class='ocrx_word' id='word_1_793' title='bbox 2022 5000 2318 5058; x_wconf 75' lang='lat' dir='ltr'>timorem.</span> <span class='ocrx_word' id='word_1_794' title='bbox 2349 5020 2377 5047; x_wconf 75' lang='lat' dir='ltr'>n</span> 
     </span>
    </p>
   </div>
   <div class='ocr_carea' id='block_1_113' title="bbox 2094 5101 3691 5173">
    <p class='ocr_par' dir='ltr' id='par_1_113' title="bbox 2094 5101 3691 5173">
     <span class='ocr_line' id='line_1_113' title="bbox 2094 5101 3691 5173; baseline 0.002 -14"><span class='ocrx_word' id='word_1_795' title='bbox 2094 5128 2125 5159; x_wconf 72' lang='grc' dir='ltr'><strong><em>α</em></strong></span> <span class='ocrx_word' id='word_1_796' title='bbox 2158 5104 2415 5161; x_wconf 81' lang='lat' dir='ltr'>Dilectus</span> <span class='ocrx_word' id='word_1_797' title='bbox 2442 5119 2615 5160; x_wconf 87' lang='lat' dir='ltr'>meus</span> <span class='ocrx_word' id='word_1_798' title='bbox 2637 5101 3434 5173; x_wconf 80' lang='lat' dir='ltr'>candidus,etrubicundus,</span> <span class='ocrx_word' id='word_1_799' title='bbox 3458 5103 3691 5162; x_wconf 78' lang='lat' dir='ltr'>electus</span> 
     </span>
    </p>
   </div>
   <div class='ocr_carea' id='block_1_114' title="bbox 2026 5192 3691 5265">
    <p class='ocr_par' dir='ltr' id='par_1_114' title="bbox 2026 5192 3691 5265">
     <span class='ocr_line' id='line_1_114' title="bbox 2026 5192 3691 5265; baseline 0.001 -16"><span class='ocrx_word' id='word_1_800' title='bbox 2026 5218 2056 5249; x_wconf 84' lang='grc'>‹‹</span> <span class='ocrx_word' id='word_1_801' title='bbox 2082 5212 2159 5253; x_wconf 74' lang='lat' dir='ltr'>ex</span> <span class='ocrx_word' id='word_1_802' title='bbox 2183 5194 2467 5252; x_wconf 83' lang='lat' dir='ltr'>millibus.</span> <span class='ocrx_word' id='word_1_803' title='bbox 2492 5213 2522 5244; x_wconf 85' lang='grc'><strong>››</strong></span> <span class='ocrx_word' id='word_1_804' title='bbox 2565 5192 2819 5250; x_wconf 79' lang='lat' dir='ltr'>Dilectus</span> <span class='ocrx_word' id='word_1_805' title='bbox 2860 5193 3154 5265; x_wconf 66' lang='lat' dir='ltr'>Ecclesiae,</span> <span class='ocrx_word' id='word_1_806' title='bbox 3186 5193 3455 5251; x_wconf 77' lang='lat' dir='ltr'>Christus</span> <span class='ocrx_word' id='word_1_807' title='bbox 3481 5193 3691 5251; x_wconf 64' lang='lat' dir='ltr'>candiv</span> 
     </span>
    </p>
   </div>
   <div class='ocr_carea' id='block_1_115' title="bbox 2025 5281 3684 5357">
    <p class='ocr_par' dir='ltr' id='par_1_115' title="bbox 2025 5281 3684 5357">
     <span class='ocr_line' id='line_1_115' title="bbox 2025 5281 3684 5357; baseline -0.002 -15"><span class='ocrx_word' id='word_1_808' title='bbox 2025 5285 2146 5342; x_wconf 89' lang='lat' dir='ltr'>dus</span> <span class='ocrx_word' id='word_1_809' title='bbox 2174 5289 2282 5355; x_wconf 87' lang='lat' dir='ltr'>est,</span> <span class='ocrx_word' id='word_1_810' title='bbox 2312 5283 2458 5357; x_wconf 76' lang='lat' dir='ltr'>quia</span> <span class='ocrx_word' id='word_1_811' title='bbox 2485 5281 2613 5339; x_wconf 82' lang='lat' dir='ltr'><strong>sine</strong></span> <span class='ocrx_word' id='word_1_812' title='bbox 2642 5286 2909 5355; x_wconf 87' lang='lat' dir='ltr'>peccato.</span> <span class='ocrx_word' id='word_1_813' title='bbox 2938 5283 3156 5340; x_wconf 86' lang='lat' dir='ltr'>Aliter:</span> <span class='ocrx_word' id='word_1_814' title='bbox 3199 5282 3503 5340; x_wconf 81' lang='lat' dir='ltr'>Candidus</span> <span class='ocrx_word' id='word_1_815' title='bbox 3540 5282 3684 5339; x_wconf 82' lang='lat' dir='ltr'>dici-</span> 
     </span>
    </p>
   </div>
   <div class='ocr_carea' id='block_1_116' title="bbox 2026 5370 3687 5447">
    <p class='ocr_par' dir='ltr' id='par_1_116' title="bbox 2026 5370 3687 5447">
     <span class='ocr_line' id='line_1_116' title="bbox 2026 5370 3687 5447; baseline -0.003 -16"><span class='ocrx_word' id='word_1_816' title='bbox 2026 5379 2144 5447; x_wconf 88' lang='lat' dir='ltr'>tur,</span> <span class='ocrx_word' id='word_1_817' title='bbox 2166 5372 2502 5431; x_wconf 88' lang='lat' dir='ltr'>secundum</span> <span class='ocrx_word' id='word_1_818' title='bbox 2530 5371 2592 5427; x_wconf 92' lang='lat' dir='ltr'>id</span> <span class='ocrx_word' id='word_1_819' title='bbox 2612 5371 2780 5445; x_wconf 90' lang='lat' dir='ltr'>quod</span> <span class='ocrx_word' id='word_1_820' title='bbox 2805 5372 2910 5428; x_wconf 83' lang='lat' dir='ltr'>«in</span> <span class='ocrx_word' id='word_1_821' title='bbox 2935 5370 3229 5445; x_wconf 89' lang='lat' dir='ltr'>principio</span> <span class='ocrx_word' id='word_1_822' title='bbox 3257 5375 3382 5428; x_wconf 87' lang='lat' dir='ltr'>erat</span> <span class='ocrx_word' id='word_1_823' title='bbox 3401 5371 3652 5427; x_wconf 85' lang='lat' dir='ltr'>Verbum</span> <span class='ocrx_word' id='word_1_824' title='bbox 3665 5408 3687 5438; x_wconf 64' lang='grc' dir='ltr'>ν</span> 
     </span>
    </p>
   </div>
   <div class='ocr_carea' id='block_1_117' title="bbox 2028 5458 3685 5533">
    <p class='ocr_par' dir='ltr' id='par_1_117' title="bbox 2028 5458 3685 5533">
     <span class='ocr_line' id='line_1_117' title="bbox 2028 5458 3685 5533; baseline -0.005 -13"><span class='ocrx_word' id='word_1_825' title='bbox 2028 5468 2085 5520; x_wconf 87' lang='lat' dir='ltr'>et</span> <span class='ocrx_word' id='word_1_826' title='bbox 2100 5460 2366 5518; x_wconf 89' lang='lat' dir='ltr'>Verbum</span> <span class='ocrx_word' id='word_1_827' title='bbox 2396 5464 2522 5518; x_wconf 87' lang='lat' dir='ltr'>erat</span> <span class='ocrx_word' id='word_1_828' title='bbox 2536 5460 2700 5533; x_wconf 85' lang='lat' dir='ltr'>apud</span> <span class='ocrx_word' id='word_1_829' title='bbox 2727 5461 2938 5529; x_wconf 90' lang='lat' dir='ltr'>Deum,</span> <span class='ocrx_word' id='word_1_830' title='bbox 2958 5463 3015 5517; x_wconf 89' lang='lat' dir='ltr'>et</span> <span class='ocrx_word' id='word_1_831' title='bbox 3040 5460 3194 5515; x_wconf 89' lang='lat' dir='ltr'>Deus</span> <span class='ocrx_word' id='word_1_832' title='bbox 3215 5463 3343 5517; x_wconf 90' lang='lat' dir='ltr'>erat</span> <span class='ocrx_word' id='word_1_833' title='bbox 3362 5458 3685 5515; x_wconf 79' lang='lat' dir='ltr'>Verbum.»</span> 
     </span>
    </p>
   </div>
   <div class='ocr_carea' id='block_1_118' title="bbox 2027 5547 3692 5624">
    <p class='ocr_par' dir='ltr' id='par_1_118' title="bbox 2027 5547 3692 5624">
     <span class='ocr_line' id='line_1_118' title="bbox 2027 5547 3692 5624; baseline -0.005 -15"><span class='ocrx_word' id='word_1_834' title='bbox 2027 5551 2435 5621; x_wconf 74' lang='lat' dir='ltr'>Rubicundus,</span> <span class='ocrx_word' id='word_1_835' title='bbox 2457 5554 2602 5624; x_wconf 87' lang='lat' dir='ltr'>quia</span> <span class='ocrx_word' id='word_1_836' title='bbox 2631 5550 2924 5609; x_wconf 75' lang='lat' dir='ltr'>«Verbum</span> <span class='ocrx_word' id='word_1_837' title='bbox 2958 5565 3099 5606; x_wconf 83' lang='lat' dir='ltr'>caro</span> <span class='ocrx_word' id='word_1_838' title='bbox 3122 5548 3353 5606; x_wconf 75' lang='lat' dir='ltr'>factum</span> <span class='ocrx_word' id='word_1_839' title='bbox 3376 5551 3472 5604; x_wconf 84' lang='lat' dir='ltr'>est</span> <span class='ocrx_word' id='word_1_840' title='bbox 3495 5551 3552 5603; x_wconf 88' lang='lat' dir='ltr'>et</span> <span class='ocrx_word' id='word_1_841' title='bbox 3579 5547 3692 5601; x_wconf 54' lang='lat' dir='ltr'>har</span> 
     </span>
    </p>
   </div>
   <div class='ocr_carea' id='block_1_119' title="bbox 2032 5632 3692 5710">
    <p class='ocr_par' dir='ltr' id='par_1_119' title="bbox 2032 5632 3692 5710">
     <span class='ocr_line' id='line_1_119' title="bbox 2032 5632 3692 5710; baseline -0.005 -12"><span class='ocrx_word' id='word_1_842' title='bbox 2032 5640 2244 5701; x_wconf 83' lang='lat' dir='ltr'>bitavit</span> <span class='ocrx_word' id='word_1_843' title='bbox 2264 5641 2328 5698; x_wconf 84' lang='lat' dir='ltr'>in</span> <span class='ocrx_word' id='word_1_844' title='bbox 2354 5640 2589 5699; x_wconf 74' lang='lat' dir='ltr'>nobis.»</span> <span class='ocrx_word' id='word_1_845' title='bbox 2619 5640 2723 5699; x_wconf 81' lang='lat' dir='ltr'>Vel</span> <span class='ocrx_word' id='word_1_846' title='bbox 2746 5638 3043 5699; x_wconf 74' lang='lat' dir='ltr'>candidus</span> <span class='ocrx_word' id='word_1_847' title='bbox 3065 5638 3135 5696; x_wconf 63' lang='lat' dir='ltr'>in</span> <span class='ocrx_word' id='word_1_848' title='bbox 3156 5632 3692 5710; x_wconf 59' lang='lat' dir='ltr'>virginitateaubip</span> 
     </span>
    </p>
   </div>
  </div>
