4106 6174
467 137 569 190 615

1567 121 1922 178 ANGELOMI
1962 115 2409 173 LUXOVIENSIS
2447 119 2762 181 MONACHI

3775 121 3879 176 616

465 256 702 314 cundus
731 256 790 310 in
823 250 1114 320 sanguine
1139 244 1463 320 passionis.
1488 243 1719 300 Electus
1745 259 1816 298 ex
1833 241 2114 311 millibus,
2153 243 2201 296 A
2231 240 2465 313 operari
2507 258 2629 300 non
2659 242 2958 304 desinunt,
2986 240 3092 314 qui
3139 239 3220 297 ad
3257 255 3435 296 omne
3463 255 3620 313 opus
3647 239 3883 296 bonum

466 347 609 420 quia
640 343 801 400 solus
833 338 1124 394 mediator
1152 335 1248 391 Dei
1281 339 1336 389 et
1361 334 1700 390 hominum.

541 458 567 483 ‹‹
602 434 792 502 Caput
835 429 964 499 ejus
1007 443 1224 483 aurum
1268 425 1640 496 optimum.»
1691 426 1881 494 Caput
1911 419 2117 476 Christi

469 526 640 578 Deus.
678 519 836 575 Sicut
857 519 1007 572 inter
1037 513 1277 570 metalla
1307 512 1453 568 nihil
1483 511 1695 569 melius
1719 527 1888 581 auro,
1910 510 1991 566 ita
2005 525 2116 565 nec

463 612 522 668 in
541 609 822 667 creaturis
843 607 1179 680 quidquam
1205 602 1655 676 comparabitur
1675 601 1953 667 Creatori,
1973 599 2116 671 quia

467 702 628 758 solus
652 701 850 756 bonus
881 701 968 752 est
993 700 1048 752 et
1075 697 1362 768 optimus.
1392 717 1419 744 «
1442 696 1639 750 Coma:
1666 693 1796 764 ejus
1818 691 1969 747 sicut
1994 690 2113 746 ela-

466 817 493 841 «
525 797 595 848 tae
627 786 1193 862 palmarum.‘nigraa
1219 784 1389 857 quasi
1415 800 1646 839 corvus.
1677 806 1703 831 »
1737 785 1930 838 Coma;
1954 778 2113 836 Chri-

464 883 537 938 sti
565 885 810 936 catervae
839 881 980 932 sunt
1021 881 1385 941 sanctorum,
1413 891 1548 947 quae
1584 877 1698 928 Deo
1729 871 1890 926 ﬁdeli
1914 869 2110 925 famu-

462 972 586 1027 latu
609 969 934 1025 adhaerent.
966 967 1140 1021 Elates
1173 963 1409 1037 palmae,
1429 965 1600 1033 juxta
1630 961 1776 1017 illud
1805 959 2067 1032 Apostoli
2095 976 2107 1013 :

466 1083 494 1111 ‹‹
528 1057 909 1115 Conversatio
963 1059 1170 1110 nostra
1227 1054 1288 1110 in
1341 1053 1504 1108 caelis
1559 1057 1646 1107 est
1699 1051 1888 1117 (Phil.
1922 1050 2045 1120 III):
2083 1070 2110 1097 »

460 1149 650 1218 Nigrae
700 1150 940 1219 propter
989 1143 1439 1216 despectionem
1489 1140 1651 1213 apud
1689 1139 1984 1206 homines,
2019 1137 2112 1192 vel

459 1239 603 1311 quia
633 1240 973 1310 peccatores
1019 1250 1080 1289 se
1109 1250 1240 1289 esse
1281 1235 1590 1288 testantur.
1621 1230 1878 1284 Possunt
1905 1232 1961 1282 et
1989 1227 2110 1284 ela-

460 1332 533 1384 tre
563 1327 642 1383 ob
663 1325 1004 1382 victoriam:
1033 1323 1219 1392 nigrae
1246 1322 1324 1377 ob
1352 1336 1670 1393 pressuras
1700 1317 1842 1374 dici:
1879 1315 2110 1372 Lauda-

457 1418 542 1474 vit
570 1433 830 1490 sponsus
850 1413 1353 1488 pulchritudinem
1384 1427 1644 1485 sponsaa,
1668 1409 1889 1465 idcirco
1917 1407 2112 1464 reddit

461 1523 684 1580 sponsa
705 1507 860 1561 vices
891 1508 948 1560 et
971 1503 1180 1568 laudat
1199 1519 1358 1558 eum.

2229 329 2308 383 ob
2363 346 2530 401 spem
2590 331 2757 402 regni
2815 330 3105 386 crelorum
3163 344 3402 401 semper
3446 328 3793 402 persistunt,
3826 333 3886 386 et

2225 419 2488 491 prompti
2519 425 2657 475 sunt
2685 419 2763 476 ad
2789 418 3244 492 perficiendum.

2297 510 2552 564 «Venter
2602 508 2759 564 illius
2811 509 3134 578 eburneus,
3167 507 3478 564 distinctus
3509 507 3880 580 sapphiris.»

2225 599 2433 652 Venter
2453 613 2593 668 ergo
2609 597 2803 654 dilecti
2822 598 3201 669 fragilitatem
3227 596 3614 653 humanitatis
3630 596 3683 667 ej
3695 613 3764 652 us
3781 595 3883 652 de-

2225 685 2440 754 signat.
2461 687 2635 750 Ebur,
2660 687 2938 744 decorem
2969 686 3288 754 castitatis;
3323 685 3666 758 sapphirus,
3691 679 3881 740 subli-

2221 777 2489 831 mitatem
2519 777 2803 832 virtutum
2834 776 3182 833 caelestium.
3209 775 3524 831 Distinctus
3553 773 3880 846 sapphiris,

2221 864 2364 937 quia
2393 865 2610 937 partim
2642 866 2912 922 humana
2956 865 3243 937 fragilitas
3281 863 3496 928 esurie.
3529 866 3878 934 tentatione,

2222 953 2590 1024 fatigatione,
2618 959 2840 1010 morte:
2874 954 3092 1026 partim
3140 953 3344 1009 divina
3375 951 3664 1008 celsitudo
3695 952 3880 1008 mira-

2221 1042 2388 1112 culis,
2417 1043 2847 1098 resurrectione
2892 1048 2949 1098 et
2985 1041 3352 1099 ascensionis
3380 1041 3569 1112 gloria
3593 1041 3874 1113 intelligi-

2222 1134 2332 1187 tur.
2365 1134 2617 1187 Possunt
2646 1148 2752 1204 per
2794 1136 3059 1188 ventrem
3088 1131 3149 1188 hi
3177 1130 3239 1186 in
3269 1147 3518 1204 corpore
3550 1130 3764 1188 Christi
3794 1131 3883 1187 in-

2221 1220 2420 1291 telligi,
2452 1221 2557 1293 qui
2613 1221 2919 1278 credentes
2975 1221 3036 1276 in
3093 1219 3210 1276 ﬁde
3261 1220 3492 1276 bonum
3535 1221 3880 1293 parturiunt

2219 1327 2392 1383 opus.
2425 1311 2774 1381 lntelligitur
2803 1317 3004 1368 venter
3032 1311 3352 1381 eburneus,
3385 1311 3519 1367 fons
3549 1313 3699 1367 sacri
3719 1311 3879 1385 bap-

2220 1400 2488 1467 tismatis,
2543 1401 2637 1456 vel
2699 1401 3017 1468 eburneus,
3068 1406 3310 1474 propter
3362 1402 3876 1473 perseverantiam

2219 1490 2528 1558 castitatis,
2552 1507 2624 1546 ex
2651 1507 2772 1564 quo
2805 1506 3017 1547 omnes
3050 1490 3358 1546 credentes
3388 1490 3449 1546 in
3474 1489 3592 1546 ﬁde
3607 1506 3874 1547 nascun-

530 1620 558 1648 «
588 1598 752 1655 Oculi
781 1597 911 1667 ejus
942 1597 1093 1652 sicut
1124 1593 1418 1651 columba:
1448 1608 1627 1666 super
1653 1590 1878 1646 rivulos
1918 1604 2108 1662 aqua-
2137 1594 2201 1648 ΒΔ
2219 1583 2331 1649 tur,
2359 1583 2415 1635 et
2443 1584 2827 1652 perseverant
2851 1580 2911 1635 in
2941 1581 3208 1636 castitate
3232 1579 3372 1635 fidei
3401 1584 3458 1636 et
3482 1580 3724 1636 mentis.

461 1710 491 1738 «
517 1703 719 1744 rum.»
753 1686 815 1742 Id
859 1691 949 1742 est
979 1685 1164 1741 sancti
1193 1684 1466 1739 doctores
1522 1697 1628 1754 per
1657 1696 1810 1753 quos
1849 1679 2110 1735 Ecclesia

457 1777 620 1833 videt
647 1793 782 1849 quae
809 1780 969 1832 recta
1012 1779 1181 1830 sunt:
1221 1773 1330 1838 Qui
1355 1772 1509 1828 bene
1539 1770 1835 1828 columbae
1867 1773 2108 1842 propter

459 1866 894 1935 simplicitatem
943 1870 998 1921 el
1031 1863 1436 1919 innocentiam
1470 1865 1917 1933 comparantur,
1950 1863 2006 1914 et
2034 1857 2106 1914 ri-

456 1956 610 2011 vulis
652 1971 950 2028 aquarum
981 1958 1224 2026 prOpter
1263 1952 1627 2007 charismata
1655 1949 1880 2005 divina.
1914 1971 1941 1997 «
1969 1950 2105 2013 Quae

458 2067 486 2094 «
512 2044 663 2100 lacte
695 2049 836 2099 sunt
863 2043 1014 2110 lotae,
1047 2047 1104 2098 et
1145 2041 1404 2097 resident
1444 2041 1615 2112 juxta
1640 2039 1865 2094 fluenta
1890 2037 2106 2110 plenis-

457 2156 485 2183 ‹‹
514 2133 687 2188 sima.
712 2151 742 2185 ›
776 2136 944 2188 Lacte
985 2131 1137 2187 lotas
1166 2131 1328 2197 dicit,
1352 2129 1414 2185 id
1440 2133 1526 2185 est
1546 2129 1735 2201 gratia
1755 2127 2107 2182 dulcissima

451 2222 798 2293 mundatas,
829 2221 953 2276 sive
983 2237 1089 2293 per
1108 2220 1480 2292 baptismum
1502 2218 1870 2291 puriﬁcatas.
1904 2216 2105 2272 Fluen-

451 2316 512 2368 ta
539 2311 886 2385 plenissima
913 2309 1186 2365 omnium
1225 2309 1524 2364 donorum
1571 2305 1971 2379 spiritualium
2019 2309 2108 2361 est

452 2399 847 2458 abundantia.
871 2401 1076 2454 Potest
1103 2397 1162 2453 in
1187 2397 1395 2453 rivulis
1419 2396 1633 2452 veteris
1651 2395 1796 2466 legis
1827 2393 2101 2464 eruditio,

451 2493 509 2546 et
544 2489 607 2544 in
653 2487 890 2544 ﬂuentis
919 2486 1265 2559 plenissima
1296 2485 1575 2558 perfectio
1605 2475 1960 2551 evangelicae
1993 2482 2100 2537 do-

452 2579 653 2635 ctrinae
717 2578 1039 2648 designari,
1097 2577 1241 2649 quia
1301 2575 1490 2631 sancti
1540 2573 1959 2646 praedicatores
2024 2572 2100 2627 de

448 2667 742 2725 thesauris
791 2666 914 2723 suis
962 2665 1271 2740 proferunt
1317 2680 1477 2720 nova
1529 2666 1585 2718 et
1623 2666 1823 2718 vetera
1856 2661 2094 2732 (Matth.

447 2760 595 2824 xm).

521 2869 549 2896 ‹‹
582 2849 754 2902 Genae
786 2845 940 2900 illius
971 2845 1122 2900 sicut
1150 2841 1364 2899 areolae
1391 2845 1752 2908 aromatum,
1785 2838 2030 2896 consitae
2061 2854 2098 2894 a

449 2958 478 2985 «
507 2934 939 3008 pigmentariis.
969 2956 996 2983 ››
1049 2937 1111 2988 ln
1163 2933 1331 3003 genis
1387 2930 1708 2986 Salvatoris
1751 2928 1934 2984 nostri
1967 2928 2096 2999 ejus
2135 2955 2176 3011 ρ

444 3025 718 3082 modesta
779 3024 988 3097 pietas,
1049 3021 1225 3078 simul
1279 3025 1336 3078 et
1390 3020 1668 3076 severitas
1725 3017 2093 3092 exprimitur.

445 3115 671 3170 Areolaa
724 3116 1063 3169 aromatum
1112 3111 1358 3166 virtutes
1409 3114 1465 3166 et
1517 3108 1775 3165 dulcedo
1833 3112 1890 3162 et
1935 3106 2098 3163 fama

443 3203 642 3274 gloriae
674 3203 802 3274 ejus
828 3201 1196 3271 designatur.
1233 3199 1482 3257 Consitre
1514 3215 1547 3254 a
1569 3195 2002 3270 pigmentariis,
2033 3194 2096 3249 id

442 3298 534 3350 est
563 3293 892 3366 prophetis,
925 3291 1231 3364 apostolis,
1265 3291 1463 3346 futura
1508 3286 1936 3344 incarnationis
1967 3287 2096 3357 ejus

442 3398 682 3452 arcana,
715 3387 772 3437 et
817 3381 971 3436 illius
1010 3380 1166 3435 facta
1211 3382 1546 3433 narrantes.
1585 3377 1795 3432 Aliter:
1854 3375 2011 3430 Sicut
2033 3374 2095 3428 in

440 3471 628 3527 oculis
659 3469 933 3542 apostoli,
961 3468 1042 3523 ita
1088 3468 1147 3521 in
1205 3466 1372 3537 genis
1404 3466 1559 3520 illius
1593 3463 1861 3519 Ecclesiae
1891 3461 2097 3517 intelli-

441 3565 681 3631 guntur,
712 3574 847 3631 quas
901 3556 978 3612 ab
1021 3553 1306 3626 apostolis
1353 3553 1414 3608 in
1462 3551 1803 3624 primordiis
1834 3550 2097 3606 credide-

440 3653 598 3718 runt,
626 3653 681 3704 et
709 3663 781 3702 ex
807 3649 1018 3700 sancta
1065 3640 1515 3697 conversatione
1549 3639 1628 3695 ad
1656 3639 1888 3694 donum
1917 3639 2094 3695 virtu-

438 3741 568 3793 tum
615 3735 774 3793 velut
814 3732 1013 3790 areola
1058 3735 1400 3786 aromatum
1453 3746 1525 3786 ex
1571 3745 1632 3784 se
1663 3729 2089 3801 perduxerunt,

439 3843 573 3899 quae
614 3842 649 3882 a
696 3824 809 3897 piis
849 3821 1070 3877 scilicet
1099 3818 1592 3894 praedicatoribus
1626 3819 1888 3888 consitae,
1916 3819 1976 3874 id
2006 3823 2094 3874 est

440 3916 684 3971 eruditae
735 3917 891 3980 sunt,
925 3934 952 3960 «
977 3910 1162 3967 Labia
1183 3909 1338 3965 illius
1371 3908 1492 3966 lilia
1538 3908 1884 3965 distillantia
1931 3925 2091 3982 myr-

436 4005 611 4060 rham
640 4002 922 4075 primam.
948 4025 975 4052 »
1006 4000 1190 4058 Labia
1237 3999 1392 4055 illius
1424 3999 1610 4055 verba
1642 3999 1947 4056 doctrinae.
1983 4001 2089 4054 La-

435 4091 558 4158 bia,
622 4090 766 4163 quia
831 4089 1093 4146 claritate
1159 4087 1416 4146 caelestis
1483 4087 1652 4158 regni
1714 4088 2084 4160 promittunt.

437 4179 784 4235 Distillantia
813 4180 1124 4252 myrrham
1155 4178 1434 4250 primam,
1467 4177 1612 4251 quia
1641 4193 1747 4250 per
1777 4182 2085 4248 contemp-

437 4272 564 4326 tum
597 4269 972 4343 voluptatum
1001 4267 1388 4342 praesentium
1432 4267 1510 4323 ad
1542 4267 1698 4323 hanc
1736 4266 2083 4339 pervenien-

435 4358 585 4415 dum
615 4375 746 4415 esse
777 4359 1125 4432 praedicant.
1159 4357 1374 4413 Aliter:
1409 4355 1593 4412 Labia
1643 4355 1850 4412 Christi
1879 4355 2085 4412 docto-

434 4466 528 4508 res
569 4455 709 4508 sunt
754 4450 929 4518 illius,
961 4453 1161 4506 mente
1209 4448 1302 4504 vel
1353 4449 1532 4504 etiam
1579 4463 1759 4503 carne
1802 4446 2084 4516 virgines.

435 4543 503 4597 Et
529 4541 590 4596 in
617 4541 732 4598 hoc
761 4540 1104 4614 passionem
1155 4543 1212 4595 et
1239 4541 1495 4594 mortem
1541 4535 1728 4608 ipsius
1757 4535 2085 4608 praedican-

434 4634 539 4699 tes,
572 4635 638 4687 ut
664 4647 774 4704 pro
803 4630 902 4686 illo
932 4629 1037 4703 qui
1065 4644 1175 4702 pro
1223 4627 1398 4686 nobis
1427 4630 1700 4682 mortuus
1729 4629 1818 4682 est
1845 4640 1967 4681 non
1997 4641 2084 4682 re-

433 4736 716 4777 cusemus
743 4721 1042 4794 suscipere
1063 4723 1336 4775 mortem.

505 4832 534 4859 ‹‹
562 4813 768 4866 Manus
822 4809 978 4864 illius
1034 4807 1335 4865 tornatiles
1395 4821 1664 4876 aureae,»
1719 4809 1826 4862 etc.
1879 4807 2084 4862 Manus

432 4912 616 4971 opera
645 4903 784 4953 sunt
811 4898 987 4967 illius,
1011 4899 1154 4970 quia
1183 4915 1318 4971 quae
1339 4896 1537 4953 verbis
1566 4897 1770 4953 docuit
1791 4896 1961 4953 factis
1979 4898 2085 4953 im-

429 4985 961 5060 plevit.Tornatiles
983 5002 1200 5057 aurem,
1222 4987 1367 5058 quia
1381 4986 1443 5042 in
1465 5003 1526 5043 se
1547 5003 1790 5043 omnem
1811 4987 2083 5056 regulam

425 5074 666 5147 justitiae
708 5078 928 5144 tenent,
957 5078 1023 5130 ut
1049 5074 1176 5147 ipse
1202 5074 1379 5131 dicit:
1414 5099 1440 5128 ς
1464 5075 1555 5133 Sic
1581 5077 1742 5132 enim
1771 5075 1942 5130 decet
1968 5089 2080 5129 nos

429 5164 680 5238 implere
719 5180 963 5221 omnem
999 5165 1289 5242 justitiam
1327 5167 1567 5238 (Matth.
1597 5168 1738 5238 m).»
1767 5169 1972 5220 Aureae
1997 5163 2083 5219 di-

430 5260 666 5321 cuntur,
683 5256 826 5330 quia
847 5256 1054 5312 omnia
1074 5273 1208 5329 quae
1229 5257 1288 5312 in
1311 5257 1555 5314 homine
1580 5256 1777 5325 gessit,
1803 5254 2078 5312 divinita-

429 5347 501 5404 tis
528 5347 714 5418 gloria
741 5347 1025 5420 implevit.
1049 5348 1240 5404 Plenae
1267 5348 1629 5421 hyacinthis,
1660 5345 1764 5416 qui
1796 5345 1874 5400 ad
1905 5361 2077 5416 spem

426 5452 538 5494 nos
569 5437 898 5495 caelestium
926 5444 1106 5513 atque
1130 5455 1399 5496 amorem
1421 5437 1653 5497 excitat,
1671 5434 1812 5505 quia
1834 5435 2078 5507 hyacin-

427 5528 563 5584 thus
593 5529 831 5585 aetherei
879 5528 1093 5585 coloris
1133 5543 1376 5600 gemma
1406 5529 1510 5580 est.
1537 5525 1988 5582 Possuntetiam
2014 5526 2073 5581 in

425 5617 710 5677 manibus
723 5616 936 5676 Christi
960 5617 1043 5674 illi
1065 5614 1360 5689 deputari,
1377 5611 1481 5685 qui
1501 5627 1574 5669 ea
1597 5628 1733 5686 quae
1753 5613 1917 5674 bona
1938 5619 2076 5673 sunt

2292 1692 2320 1717 ‹‹
2351 1670 2534 1724 Crura
2571 1669 2726 1724 illius
2757 1668 3051 1724 columnae
3083 1685 3459 1740 marmoreis,
3489 1685 3626 1741 quae
3650 1668 3873 1726 funda-

2217 1780 2245 1808 ‹‹
2274 1762 2345 1814 tae
2377 1763 2516 1814 sunt
2545 1775 2725 1831 super
2757 1758 2934 1814 bases
2964 1774 3198 1815 aureas.
3219 1781 3248 1809 »
3294 1761 3545 1815 Crurum
3571 1758 3866 1815 vocabulo

2213 1847 2423 1904 itinera
2453 1848 2877 1904 incarnationis
2925 1848 3138 1904 Christi
3168 1848 3566 1916 insinuantur,
3599 1865 3740 1921 quae
3771 1865 3867 1906 co-

2212 1935 2435 1992 lumnis
2463 1937 2815 1993 marmoreis
2846 1941 3088 2010 propter
3111 1937 3452 1992 ﬁrmitatem
3484 1941 3540 1994 et
3563 1937 3866 1994 rectitudi-

2215 2041 2351 2082 nem
2372 2032 2820 2098 comparantur.
2845 2029 2985 2092 Quae
3015 2025 3276 2083 fundatae
3309 2031 3450 2083 sunt
3478 2043 3659 2100 super
3687 2027 3866 2084 bases

2212 2132 2445 2183 aureas,
2474 2116 2619 2188 quia
2653 2115 2949 2188 quidquid
2975 2132 3082 2188 per
3105 2132 3267 2185 eum,
3296 2115 3391 2172 vel
3420 2115 3496 2172 de
3526 2131 3597 2172 eo
3627 2121 3865 2187 gestum

2211 2209 2318 2276 est,
2349 2205 2554 2261 omnia
2583 2204 2798 2260 divinae
2827 2204 3242 2278 promissionis
3267 2204 3515 2261 consilio
3553 2211 3690 2262 ante
3723 2210 3867 2262 tem-

2211 2311 2361 2368 pora
2405 2295 2715 2351 saecularia
2751 2295 3046 2369 disposita
3084 2301 3240 2352 sunt.
3271 2295 3481 2352 Aliter:
3509 2297 3697 2352 Crura
3729 2313 3865 2370 quae

2210 2390 2400 2442 totum
2427 2401 2644 2458 corpus
2673 2385 2967 2456 bajulant,
2996 2385 3077 2441 illi
3108 2391 3246 2442 sunt
3273 2386 3378 2458 qui
3407 2385 3633 2442 donum
3665 2386 3862 2441 Eccle-

2208 2475 2329 2542 siae,
2362 2475 2521 2531 velut
2565 2475 2795 2532 donum
2842 2475 3136 2531 columnae
3169 2477 3476 2532 sustinent.
3509 2475 3767 2548 Denique
3793 2482 3854 2532 et

2205 2564 2266 2620 in
2322 2563 2710 2621 tabernaculo
2759 2569 2816 2620 et
2851 2565 2913 2620 in
2967 2565 3189 2638 templo
3238 2565 3523 2622 columnae
3555 2567 3852 2635 argenteae

2204 2654 2508 2710 fabricatas
2566 2660 2724 2726 sunt,
2773 2655 2834 2710 in
2883 2655 3316 2725 significatione
3374 2656 3704 2721 doctorum,
3749 2653 3861 2727 qui

2205 2745 2495 2802 fabricam
2546 2746 2814 2802 Ecclesiae
2849 2751 3201 2804 sustentant.
3237 2746 3488 2804 Fundati
3540 2761 3720 2819 super
3746 2744 3860 2802 ba-

2205 2851 2300 2890 ses
2331 2850 2569 2902 aureas,
2603 2835 2718 2891 hoc
2748 2840 2835 2892 est
2871 2835 3332 2908 praecedentium
3373 2839 3614 2907 patrum
3644 2833 3864 2907 praedi-

2205 2923 2523 2991 cationem,
2567 2928 2624 2980 et
2652 2940 2758 2996 per
2798 2924 2983 2980 libros
3028 2924 3174 2995 legis
3224 2929 3280 2980 et
3329 2923 3633 2994 Evangelii
3678 2923 3862 2980 robo.

2204 3014 2334 3071 rati.
2370 3015 2658 3088 «Species
2689 3015 2818 3086 ejus
2848 3018 2912 3070 ut
2942 3014 3166 3071 Libani.
3198 3038 3226 3065 ››
3278 3017 3346 3071 Ut
3392 3014 3652 3071 Libanus
3692 3013 3863 3069 celsi-

2206 3103 2410 3160 tudine
2450 3108 2507 3160 et
2535 3103 2723 3174 gratia
2753 3103 3041 3159 arborum
3090 3103 3238 3160 alios
3281 3107 3536 3171 montes,
3569 3103 3651 3159 sic
3690 3101 3863 3158 nimi-

2204 3210 2342 3250 rum
2369 3194 2658 3250 Dominus
2690 3193 2953 3251 Christus
2978 3209 3190 3250 omnes
3220 3198 3460 3250 sanctos
3503 3193 3862 3248 meritorum

2205 3284 2574 3351 celsitudine,
2603 3289 2658 3340 et
2683 3283 2874 3354 gratia
2904 3283 3189 3339 virtutum
3220 3282 3536 3339 antecellit.
3571 3305 3600 3332 u
3628 3281 3861 3338 Electus

2203 3377 2270 3428 ut
2320 3372 2606 3428 cedrus.»
2660 3373 2819 3430 Sicut
2861 3371 3076 3428 cedrus
3121 3371 3270 3427 alias
3315 3371 3561 3428 arbores
3610 3386 3746 3443 quae
3795 3369 3862 3426 in

2205 3462 2427 3518 Libano
2470 3467 2802 3518 nascuntur
2831 3465 3072 3534 superat
3099 3461 3384 3531 dignitate
3433 3477 3563 3528 sua,
3589 3459 3672 3516 ita
3699 3459 3861 3516 Chri-

2204 3558 2330 3609 stus
2372 3568 2582 3608 omnes
2628 3551 2732 3624 qui
2779 3552 2840 3607 in
2892 3552 3152 3609 Ecclesia
3183 3553 3260 3608 ad
3289 3552 3473 3608 vitam
3499 3551 3858 3620 nascuntur,

2202 3659 2314 3699 sua
2342 3643 2711 3698 transcendit
2740 3642 2949 3712 gloria.

2275 3755 2302 3782 ‹‹
2333 3735 2540 3788 Guttur
2586 3732 2741 3788 illius
2787 3733 3235 3800 suavissimum,
3268 3737 3324 3790 et
3371 3736 3524 3790 totus
3551 3729 3862 3787 desidera-

2202 3845 2230 3872 «
2258 3822 2413 3877 bilis.
2441 3844 2470 3871 »
2503 3822 2564 3878 In
2601 3827 2836 3893 gutture
2885 3823 3119 3880 interna
3155 3822 3411 3880 dulcedo
3440 3821 3759 3878 verborum
3783 3820 3858 3876 il-

2197 3911 2312 3967 lius
2343 3917 2729 3980 memoratur,
2761 3928 2949 3985 quam
2992 3912 3097 3985 qui
3123 3914 3279 3986 sapit
3317 3927 3440 3968 non
3469 3911 3674 3968 esurit.
3711 3909 3857 3966 Pos-

2199 4007 2337 4060 sunt
2365 4008 2423 4059 et
2451 4003 2510 4058 in
2537 4007 2770 4074 gutture
2792 4003 2872 4058 illi
2901 4003 3143 4074 intelligi
3181 4005 3289 4076 qui
3327 4001 3616 4076 mysteria
3641 4000 3850 4056 Christi

2197 4098 2526 4168 exponunt,
2559 4099 2614 4150 et
2661 4094 2723 4149 in
2771 4093 2901 4164 lege
2950 4093 3138 4166 ipsius
3166 4093 3432 4166 quotidie
3463 4092 3848 4156 meditantur,

2196 4184 2302 4256 qui
2328 4183 2579 4239 verbum
2621 4183 3060 4255 praedicationis
3099 4199 3172 4239 ex
3215 4199 3316 4239 ore
3364 4182 3750 4255 depromunt.
3785 4182 3857 4236 Et

2198 4277 2353 4329 totus
2373 4271 2785 4327 desiderabilis
2811 4289 2822 4327 :
2849 4274 2891 4328 0
2911 4273 3117 4341 homo,
3145 4272 3291 4346 quid
3308 4271 3566 4345 amplius
3587 4269 3811 4344 quaeris
3828 4270 3859 4327 ?

2195 4365 2373 4417 Totus
2423 4359 2858 4432 desiderabilis,
2891 4361 3035 4434 quia
3063 4365 3221 4418 totus
3267 4363 3422 4418 Deus
3465 4365 3523 4418 et
3559 4364 3720 4416 totus
3747 4359 3858 4416 ho-

2198 4467 2296 4508 mo
2347 4454 2458 4515 est,
2507 4450 2569 4506 in
2614 4467 2796 4522 quem
2844 4451 3186 4508 desiderant
3241 4450 3440 4523 angeli
3484 4449 3854 4524 prospicere.

2194 4540 2349 4596 Deus
2386 4540 2448 4596 in
2476 4541 2787 4611 majestate
2817 4541 3028 4609 Patris,
3059 4541 3242 4598 homo
3271 4542 3333 4597 in
3356 4539 3694 4611 virginitate
3723 4555 3858 4597 ma-

2191 4629 2327 4686 tris:
2357 4630 2419 4685 in
2448 4628 2548 4684 illa
2577 4629 2837 4696 Creator,
2867 4629 2930 4686 in
2957 4629 3073 4686 hac
3100 4629 3386 4688 Salvator.
3413 4651 3441 4680 «
3465 4627 3620 4685 Talis
3643 4633 3733 4684 est
3759 4627 3859 4684 di-

2193 4717 2440 4774 «lectus
2497 4733 2688 4787 meus,
2743 4722 2800 4775 et
2855 4718 2982 4792 ipse
3038 4723 3127 4776 est
3181 4718 3412 4775 amicus
3461 4733 3653 4786 meus,
3712 4716 3858 4774 ﬁlia:

2193 4830 2221 4858 «
2257 4807 2648 4864 Hierusalem.
2678 4830 2706 4858 »
2773 4808 3139 4866 Gratulando
3227 4807 3532 4865 exsultans
3584 4807 3864 4880 loquitur

2191 4898 2451 4954 Ecclesia
2492 4902 2736 4971 propter
2771 4897 3336 4966 reconciliationem,
3369 4902 3425 4954 et
3451 4897 3697 4968 cognita
3724 4913 3862 4971 my-

2191 4989 2372 5044 steria
2420 4988 2513 5042 sui
2557 4989 2786 5061 sponsi,
2836 5004 2907 5044 ac
2949 4989 2998 5043 si
3057 4987 3504 5060 gratulabunda
3558 4986 3740 5054 dicat,
3803 4993 3862 5044 et

2189 5076 2541 5132 familiarius
2625 5077 2880 5133 effecta:
2951 5079 3190 5143 Quanto
3256 5078 3529 5135 devotius
3589 5076 3860 5150 quisque

2189 5165 2378 5237 diligit
2435 5169 2641 5234 Deum,
2697 5171 2859 5223 tanto
2926 5167 3276 5226 familiarius
3345 5169 3526 5226 habet
3579 5168 3858 5225 amicum

2188 5270 2349 5327 eum,
2393 5258 2449 5311 et
2499 5254 2678 5311 talem
2729 5271 2970 5312 necesse
3015 5261 3124 5326 est,
3172 5259 3383 5331 inquit,
3436 5261 3502 5314 ut
3544 5256 3859 5328 intelligas

2188 5360 2349 5416 eum,
2379 5344 2430 5400 si
2458 5344 2549 5400 vis
2579 5344 2746 5400 illum
2773 5345 2996 5403 habere
3020 5347 3286 5404 amicum
3317 5351 3507 5403 tuum.

2257 5455 2287 5487 ‹
2315 5437 2443 5500 Quo
2489 5435 2635 5491 abiit
2662 5434 2912 5492 dilectus
2940 5441 3096 5504 tuus,
3128 5454 3164 5493 o
3189 5436 3596 5510 pulcherrima
3627 5434 3857 5492 mulie-

2188 5548 2214 5576 ‹‹
2248 5541 2403 5593 rum,
2430 5542 2554 5598 quo
2581 5526 2901 5584 declinavit
2928 5527 3178 5585 dilectus
3206 5529 3388 5585 tuus?
3419 5531 3852 5600 thuaeremus

2185 5638 2213 5666 «
2245 5631 2384 5672 eum
2408 5620 2664 5675 tecum.»
2692 5620 2824 5676 Haec
2845 5635 2962 5678 vox
2977 5617 3561 5678 adolescentularum
3595 5621 3851 5690 estquae
