4092 6176
229 194 324 248 617

1419 180 1675 238 ENARB.
1717 176 1786 231 ΙΝ
1827 169 2124 228 CANTICA
2164 169 2436 226 CANTIC.

3578 176 3645 229 l8

225 301 550 386 loquuntur
569 309 650 366 ad
688 325 995 382 sponsam.
1025 311 1132 363 Pro
1161 306 1376 362 decore
1405 305 1566 361 enim
1592 298 1874 360 carminis
1911 298 1960 350 Α
1991 307 2100 386 per
2123 291 2260 365 ipsa
2277 294 2406 386 jam
2437 294 2659 352 amoris
2689 295 2781 351 sui
2827 294 3120 386 desideria
3172 295 3400 386 angelis
3438 295 3645 356 similis

232 385 532 458 variantur
559 415 836 473 personae
862 395 1261 470 loquentium,
1301 395 1404 450 sed
1434 398 1635 450 tamen
1671 385 1880 447 Christi

230 489 572 558 Ecclesiam,
595 505 731 560 quae
758 485 1053 542 vocabulo
1076 499 1315 556 sponsae
1343 481 1712 555 exprimitur,
1731 476 1880 533 desi-

231 583 369 649 gnat
409 577 541 632 haec
597 574 1000 648 pulcherrima
1055 571 1397 628 mulierum.
1431 569 1694 626 Pulchrae
1745 567 1883 621 sunt

235 665 482 735 singulae
514 670 858 720 sanctorum
894 662 1176 728 ecclesiae,
1212 661 1320 715 sed
1353 657 1754 733 pulcherrima
1796 656 1884 710 est

237 755 586 811 universitas
617 753 789 810 totius
831 756 1050 808 sanctae
1083 749 1354 806 Ecclesia:
1404 764 1512 822 per
1557 750 1748 804 totum
1791 758 1883 799 or-

242 843 398 899 bem.
431 843 632 899 Aliter:
659 846 827 898 Recte
848 840 1008 896 enim
1042 844 1252 896 sancta
1282 836 1542 894 Ecclesia
1562 831 1885 908 pulcherri-

244 947 341 987 ma
379 931 696 986 mulierum
725 929 1078 1003 appellatur,
1114 927 1219 1000 qui
1249 927 1416 998 virgo
1446 930 1502 982 et
1542 924 1888 994 incorrupta

244 1025 348 1087 est,
394 1022 488 1076 cui
513 1019 827 1093 Apostolus
867 1019 1142 1091 loquens,
1176 1017 1286 1073 ait:
1319 1039 1346 1066 «
1383 1013 1687 1086 Despondi
1727 1012 1888 1066 enim

241 1125 341 1164 vos
376 1108 474 1163 uni
501 1108 628 1163 viro
652 1107 946 1177 virginem
988 1111 1218 1163 castam
1237 1103 1514 1161 exhibere
1547 1101 1776 1158 Christo
1805 1099 1892 1170 (II

240 1197 372 1254 Cor.
402 1199 503 1269 χι).
533 1219 561 1246 κ
595 1197 882 1253 Dicuntur
904 1197 1105 1269 itaque
1126 1195 1404 1251 mulieres
1433 1192 1640 1267 plebes
1666 1188 1894 1246 haereti-

236 1303 440 1342 corum
471 1286 838 1352 Judaeorum,
870 1286 1462 1359 hypocritarumque,
1482 1281 1589 1338 sed
1613 1282 1894 1351 corrupta

234 1375 347 1431 ﬁde
365 1381 423 1431 et
439 1375 760 1449 opere.Sed
783 1375 909 1431 sola
933 1375 1190 1431 Ecclesia
1207 1390 1328 1430 non
1349 1373 1543 1428 solum
1569 1370 1731 1426 fonte
1746 1369 1894 1441 bap-

238 1466 495 1521 tismatis
528 1470 585 1521 et
618 1465 896 1522 varietate
925 1467 1209 1521 virtutum
1244 1461 1644 1536 pulcherrima
1663 1456 1898 1526 est,sed

238 1555 355 1610 ﬁde
390 1560 448 1611 et
477 1571 679 1628 opere,
713 1571 837 1611 non
883 1555 1116 1612 habens
1155 1553 1456 1611 maculam
1503 1555 1608 1608 aut
1657 1564 1894 1619 rugam.

1992 379 2246 438 dicatur.
2275 384 2418 449 Quae
2448 389 2676 456 quanto
2709 387 2826 440 Deo
2858 383 3134 440 amabilis
3181 383 3450 454 efﬁcitur,
3482 389 3648 443 tanto

1992 469 2116 540 agit
2149 475 2213 526 ut
2258 472 2539 544 malignis
2573 473 2877 547 spiritibus
2918 472 3191 528 terribilis
3235 471 3360 529 ﬁat.
3390 473 3650 539 Qualiter

1992 563 2195 616 autem
2219 561 2292 616 sit
2323 562 2614 628 terribilis,
2637 562 2955 634 subjuucta
2977 562 3426 634 comparatione
3451 567 3649 620 osten-

1991 647 2174 719 ditur,
2208 649 2269 705 id
2291 654 2464 706 estut
2493 656 2824 707 castrorum
2856 651 3014 707 acies
3047 656 3187 707 tunc
3235 651 3510 707 hostibus
3543 656 3654 709 ter-

1991 735 2178 792 ribilis
2205 743 2314 808 est,
2339 739 2586 812 quando
2614 739 2694 796 ita
2717 741 2888 796 fuerit
2914 741 3246 813 constipata
3277 756 3347 796 ac
3377 740 3649 809 densata,

1993 825 2137 881 utin
2159 825 2326 883 nullo
2347 827 2482 883 loco
2511 827 2840 901 interrupta
2868 828 3160 885 videatur.
3179 832 3327 885 Nam
3358 829 3406 884 si
3435 829 3518 885 ita
3536 830 3652 913 dis:

1993 915 2257 988 ponitur,
2290 920 2354 972 ut
2382 915 2550 972 locus
2593 934 2821 974 vacuus
2855 934 2960 990 per
2985 935 3165 991 quem
3197 918 3384 992 possit
3421 919 3652 991 ingredl

1997 1003 2346 1076 dimittatur,
2376 1005 2642 1078 profecto
2694 1006 2822 1078 jam
2879 1006 3002 1061 suis
3059 1007 3330 1062 hostibus
3380 1008 3653 1064 terribilis

1998 1108 2124 1148 non
2153 1097 2260 1150 est.
2294 1096 2362 1149 Et
2383 1109 2496 1150 nos
2529 1110 2672 1164 ergo
2723 1111 2860 1150 cum
2907 1099 3112 1151 contra
3161 1095 3459 1166 malignos
3488 1097 3654 1171 spiri-

2001 1181 2176 1238 tualis
2203 1183 2542 1240 certaminis
2572 1183 2760 1240 aciem
2809 1184 3113 1257 ponimus,
3143 1201 3524 1259 summopere
3548 1203 3653 1243 ne-

2002 1286 2165 1327 cesse
2204 1277 2291 1329 est
2329 1277 2394 1328 ut
2439 1288 2545 1346 per
2597 1273 2942 1330 charitatem
2994 1289 3230 1346 semper
3282 1275 3430 1330 uniti
3477 1281 3656 1348 atque

2004 1362 2348 1430 constructi,
2377 1367 2768 1437 etnunquam
2816 1363 3125 1437 interrupti
3155 1380 3262 1437 per
3294 1364 3657 1421 discordiam

2003 1450 2415 1508 inveniamur:
2447 1452 2591 1525 quia
2643 1453 2924 1526 quaelibet
2969 1454 3030 1509 in
3082 1453 3256 1510 nobis
3285 1453 3449 1510 bona
3476 1471 3660 1528 opera

2005 1539 2242 1607 fuerint,
2270 1540 2318 1595 si
2369 1540 2624 1597 charitas
2680 1541 2874 1598 desit?
2916 1545 3021 1597 Per
3050 1542 3281 1598 malum
3323 1543 3658 1607 discordiae.

233 1644 414 1700 Aiunt
445 1627 607 1700 enim
635 1643 1092 1701 adolescentulae
1120 1663 1133 1700 :
1160 1645 1289 1709 Qua
1312 1640 1632 1698 declinavit
1649 1637 1899 1694 dilectus
1940 1657 1980 1710 Β
2006 1627 2175 1684 locus
2199 1630 2463 1702 aperitur
2487 1629 2548 1686 in
2578 1631 2724 1702 acie,
2759 1631 2916 1687 unde
2948 1631 3020 1687 ad
3055 1631 3388 1688 feriendum
3414 1649 3526 1689 nos
3565 1649 3661 1690 va-

235 1734 418 1789 tuus?
448 1749 784 1806 quaeremus
816 1750 954 1790 eum
979 1738 1196 1796 tecum,
1229 1732 1290 1788 id
1320 1736 1408 1788 est
1433 1730 1538 1804 qui
1569 1726 1898 1801 aliquando

239 1822 543 1896 corporali
575 1822 770 1895 specie
799 1822 858 1878 in
885 1827 1036 1879 terra
1067 1826 1332 1878 versatus
1370 1823 1476 1887 est,
1509 1818 1606 1874 dic
1645 1832 1769 1889 quo
1798 1815 1899 1871 de-

237 1911 487 1968 clinavit
517 1911 632 1980 ille,
661 1916 727 1967 ut
752 1911 919 1968 illum
940 1927 1268 1985 sequamur
1295 1914 1512 1967 tecum.

893 2110 1117 2165 CAPUT
1152 2108 1243 2162 Vl.

319 2288 349 2314 «
389 2265 646 2321 Dilectus
675 2281 845 2321 meus
890 2264 1197 2320 descendit
1228 2264 1288 2319 in
1321 2263 1564 2319 hortum
1606 2276 1783 2316 suum
1823 2257 1900 2315 ad

248 2374 279 2402 ‹‹
324 2351 590 2407 areolam
612 2357 971 2423 aromatum,
996 2373 1026 2402 »
1057 2357 1115 2408 et
1137 2351 1384 2424 reliqua.
1415 2349 1592 2414 Quasi
1620 2347 1896 2404 dixisset:

243 2439 373 2494 Illic
423 2441 714 2512 ascendit,
747 2442 900 2499 unde
955 2441 1278 2498 descendit.
1321 2444 1386 2495 In
1431 2439 1692 2506 hortum,
1723 2436 1783 2492 id
1815 2439 1901 2492 est

239 2528 583 2586 Ecclesiam
613 2547 812 2600 suam,
845 2536 908 2586 ut
935 2546 1070 2586 eam
1116 2530 1276 2586 fonte
1321 2528 1524 2598 gratiae
1555 2543 1696 2596 suae,
1722 2524 1900 2599 quasi

239 2615 519 2672 areolam
549 2623 890 2675 aromatum
929 2619 1216 2688 irrigaret,
1245 2621 1309 2672 ut
1336 2616 1619 2671 virtutum
1651 2611 1902 2668 ﬂoribus

239 2709 626 2776 germinaret.
647 2707 855 2764 Aliter:
881 2708 1135 2763 Dilectus
1165 2705 1459 2772 Ecclesiae,
1494 2703 1777 2772 Christus,
1795 2699 1901 2755 de-

238 2795 479 2851 scendit
501 2795 564 2851 in
591 2796 832 2852 hortum
855 2812 1056 2866 suum,
1090 2795 1334 2868 quando
1356 2792 1616 2849 visitavit
1638 2790 1902 2864 priorem

235 2881 545 2955 populum
575 2899 772 2939 suum.
787 2883 1062 2939 Areolam
1092 2882 1376 2940 aromatis
1400 2882 1596 2955 ipsam
1629 2882 1904 2935 sanctam

2005 1716 2126 1773 leat
2165 1717 2351 1774 hostis
2381 1719 2620 1776 intrare.
2669 1719 2963 1792 Antiquus
2993 1737 3135 1777 vero
3188 1721 3464 1778 inimicus
3492 1723 3662 1780 casti-

2007 1809 2191 1863 tatem
2230 1807 2292 1862 in
2320 1805 2496 1863 nobis
2528 1809 2578 1863 si
2632 1808 2758 1865 sine
2808 1809 3094 1867 charitate
3125 1810 3301 1867 fuerit
3324 1828 3447 1868 non
3477 1811 3661 1882 timet,

2007 1893 2152 1967 quia
2179 1894 2310 1967 ipse
2339 1911 2450 1952 nec
2480 1912 2658 1952 carne
2689 1898 2997 1970 premitur,
3031 1904 3096 1955 ut
3118 1901 3179 1954 in
3209 1900 3339 1971 ejus
3359 1900 3662 1958 luxuriam

2007 1982 2834 2042 dissolvatur.Abstinentiam
2861 2002 2984 2042 non
3006 1987 3190 2057 timet,
3221 1989 3509 2062 quiaipse
3529 1989 3665 2046 cibo

2005 2087 2128 2129 non
2172 2071 2372 2139 utitur,
2403 2074 2509 2146 qui
2537 2076 2886 2134 necessitate
2932 2077 3199 2150 corporis
3232 2093 3356 2134 non
3399 2083 3662 2148 urgetur.

2006 2160 2456 2218 Distributiones
2484 2167 2851 2221 terrenarum
2883 2182 3082 2221 rerum
3105 2181 3226 2221 non
3261 2166 3442 2234 timet,
3477 2165 3525 2221 si
3550 2166 3666 2222 eis-

2005 2248 2143 2306 dem
2175 2265 2360 2322 opera
2391 2251 2693 2308 charitatis
2714 2252 2931 2322 desint,
2965 2254 3109 2326 quia
3137 2253 3482 2310 divitiarum
3525 2255 3670 2311 sub-

2007 2337 2172 2394 sidiis
2200 2354 2312 2395 nec
2341 2339 2471 2413 ipse
2494 2347 2646 2411 eget.
2677 2342 2857 2399 Valde
2885 2343 3000 2398 hoc
3028 2343 3090 2398 in
3120 2343 3295 2399 nobis
3318 2344 3668 2401 charitatem

2007 2443 2234 2496 veram,
2266 2427 2328 2484 id
2354 2433 2443 2485 est
2471 2445 2742 2486 amorem
2763 2431 3052 2488 humilem
3083 2449 3266 2505 quem
3294 2433 3470 2489 nobis
3498 2433 3669 2489 vicis-

2011 2516 2126 2572 sim
2150 2517 2559 2590 impendimus
2587 2519 2768 2576 timet.
2805 2523 2870 2576 Et
2890 2521 3066 2576 nimis
3091 2521 3425 2578 concordiae
3447 2529 3667 2580 nostra;

2008 2604 2250 2677 invidet,
2282 2605 2428 2678 quia
2446 2607 2603 2663 hanc
2622 2623 2734 2664 nos
2765 2608 3044 2665 timemus
3060 2609 3120 2665 in
3145 2615 3300 2666 terra
3323 2627 3510 2684 quam
3541 2611 3669 2685 ipse

2009 2694 2220 2750 nolens
2274 2699 2472 2753 tenere
2524 2697 2722 2753 amisit
2771 2698 2833 2754 in
2881 2698 3051 2756 coelo.
3087 2703 3237 2756 Bene
3268 2717 3411 2772 ergo
3459 2701 3674 2758 dicitur

2013 2783 2384 2854 terribilis,et
2423 2785 2682 2859 reliqua:
2736 2787 2878 2860 quia
2925 2788 3247 2846 electorum
3293 2791 3672 2847 multitudine

2014 2888 2085 2929 eo
2107 2872 2355 2943 maligni
2382 2874 2623 2946 spiritus
2664 2877 3107 2948 pertimescunt,
3133 2895 3255 2952 quo
3283 2897 3387 2937 eos
3407 2897 3514 2955 per
3539 2881 3675 2938 cha-

234 2971 493 3027 Mariam
517 2971 828 3044 virginem,
853 2971 927 3028 de
951 2988 1075 3044 qua
1099 2971 1434 3028 secundum
1464 2984 1706 3026 carnem
1727 2970 1906 3023 natus
1940 3006 1980 3062 ϐ
2014 2961 2201 3018 ritatis
2230 2962 2618 3021 concordiam
2647 2965 2851 3022 unitos
2882 2972 3092 3024 contra
3117 2983 3179 3023 se
3202 2972 3259 3025 et
3279 2969 3674 3039 conglobatos

234 3065 344 3131 est,
373 3059 557 3116 dicit:
584 3083 611 3108 ‹‹
640 3063 708 3116 Ut
735 3065 1016 3133 pascatur
1039 3060 1101 3117 in
1129 3060 1338 3130 hortis,
1367 3063 1423 3115 et
1441 3058 1564 3114 lilia
1585 3055 1845 3126 colligat.
1875 3075 1904 3104 »

235 3149 301 3204 Id
331 3153 448 3212 est,
474 3154 542 3204 ut
571 3153 776 3219 regnet
801 3150 863 3205 in
894 3149 1172 3220 gentibus
1203 3165 1308 3204 seu
1335 3149 1395 3204 in
1420 3144 1696 3202 Ecclesiis
1720 3142 1910 3200 delec-

242 3241 419 3306 tetur,
454 3242 524 3293 ut
552 3253 624 3293 ex
655 3238 738 3293 eis
767 3237 1028 3307 virgines
1058 3252 1333 3311 quasque
1354 3235 1447 3292 vel
1469 3237 1714 3290 sanctos
1744 3248 1910 3288 assu-

240 3331 389 3382 mat.
442 3325 660 3381 Aliter:
711 3348 738 3375 «
771 3329 842 3383 Ut
865 3326 1234 3399 pascaturin
1278 3324 1465 3380 hortis
1494 3327 1551 3378 et
1591 3321 1714 3378 lilia
1752 3319 1910 3377 colli-

243 3420 405 3485 gat.»
437 3415 710 3472 Pascitur
729 3415 789 3471 in
826 3416 1034 3483 hortis,
1067 3415 1214 3470 dum
1235 3413 1350 3487 piis
1379 3417 1723 3469 sanctorum
1743 3409 1909 3467 labo-

241 3503 415 3560 ribus
445 3503 795 3560 delectatur.
849 3503 991 3560 Lilia
1034 3502 1276 3572 colligit,
1317 3501 1465 3557 dum
1496 3500 1575 3558 ad
1624 3499 1910 3572 perfecto-

245 3607 387 3648 rum
418 3593 771 3648 meritorum
798 3592 1123 3648 candorem
1149 3590 1561 3666 pervenientes
1590 3589 1669 3646 ad
1703 3587 1909 3646 caeles-

246 3682 335 3737 tia
360 3698 556 3752 regna
579 3681 873 3754 perducit.

338 3844 368 3871 (ι
397 3824 526 3893 Ego
569 3821 774 3880 dilecto
825 3839 963 3879 meo
993 3827 1050 3879 et
1103 3822 1352 3878 dilectus
1383 3837 1554 3878 meus
1600 3821 1765 3890 mihi,
1807 3819 1914 3894 qui

265 3932 296 3960 α
335 3911 598 3985 pascitur
621 3912 772 3969 inter
799 3912 940 3969 lilia.
968 3934 995 3963 ιι
1045 3912 1179 3968 Haec
1229 3911 1492 3984 loquitur
1544 3911 1804 3967 Ecclesia
1842 3926 1916 3965 ex

256 3999 484 4058 ﬁducia
506 4003 726 4059 amoris
754 4001 866 4058 sui.
890 4005 1010 4072 Ego
1037 4001 1251 4058 dilecto
1281 4017 1416 4057 meo
1445 4001 1648 4056 locum
1676 3999 1913 4054 habita-

251 4090 433 4147 tionis
466 4108 745 4166 praeparo
786 4093 848 4147 in
879 4107 996 4156 me,
1028 4096 1086 4148 et
1120 4091 1248 4164 ipse
1288 4091 1435 4147 mihi
1466 4088 1630 4163 apud
1671 4104 1756 4143 se.
1797 4090 1918 4156 Ego

245 4195 514 4252 regnum
548 4181 723 4250 illius,
765 4186 822 4238 et
845 4181 973 4255 ipse
1010 4197 1115 4237 rex
1144 4197 1336 4236 meus.
1367 4183 1490 4250 Ego
1521 4193 1738 4251 corpus
1767 4177 1919 4248 ejus,

245 4275 302 4326 et
320 4271 457 4345 ipse
486 4276 674 4345 caput
697 4287 934 4328 meum:
966 4271 1070 4344 qui
1098 4285 1334 4342 semper
1361 4269 1512 4325 inter
1542 4270 1749 4323 sancta
1768 4265 1920 4322 desi-

245 4359 417 4418 deria
444 4367 760 4418 castarum
790 4362 1102 4429 mentium,
1135 4361 1255 4417 sive
1285 4375 1606 4433 corporum
1634 4356 1919 4431 pascitur,

243 4451 306 4508 id
332 4457 426 4509 est
457 4451 814 4509 delectatur.
849 4455 1142 4509 Hactenus
1159 4454 1380 4507 sancta
1406 4448 1680 4506 Ecclesiae
1704 4464 1819 4505 vox
1837 4451 1924 4504 est

245 4542 590 4614 quaerentis
621 4558 691 4599 ac
717 4541 1039 4605 laudantis,
1089 4556 1252 4597 nunc
1281 4538 1429 4612 quid
1472 4539 1762 4613 qumsitus
1800 4554 1925 4595 res-

243 4633 553 4703 pondeat,
583 4631 963 4688 subinfertur.

321 4782 352 4809 ‹‹
384 4757 656 4816 Pulchra
679 4773 763 4826 es,
796 4755 992 4812 amica
1013 4769 1174 4825 mea,
1208 4753 1411 4810 suavis
1438 4757 1497 4810 et
1531 4753 1751 4810 decora
1780 4753 1936 4810 sicut

252 4871 280 4898 α
321 4847 730 4914 Hierusalem,
781 4843 1057 4902 terribilis
1107 4846 1172 4899 ut
1214 4847 1554 4900 castrorum
1592 4843 1749 4900 acies
1778 4841 1937 4898 ordi-

253 4959 282 4987 ιι
325 4944 546 4995 nata.»
563 4936 821 4992 Pulchra
842 4951 925 5002 es,
952 4937 1161 4990 sancta
1182 4932 1461 5003 Ecclesia,
1474 4948 1582 5006 per
1605 4930 1935 5004 justitiam:

255 5029 482 5099 amica,
536 5027 684 5099 quia
714 5040 951 5097 semper
980 5023 1254 5096 paciﬁca,
1285 5022 1431 5095 quia
1459 5021 1618 5078 enim
1662 5021 1939 5078 Hierusa-

258 5114 385 5170 lem
412 5117 589 5186 pacis
619 5115 766 5172 visio
796 5114 1234 5186 interpretatur,
1275 5111 1368 5182 cuj
1379 5127 1448 5166 us
1475 5110 1717 5168 nomine
1743 5109 1940 5184 patria

263 5205 526 5263 caelestis
561 5202 932 5278 exprimitur.
963 5204 1178 5258 Sancta
1230 5199 1491 5256 Ecclesia
1516 5198 1716 5258 suavis
1746 5204 1804 5256 et
1840 5199 1941 5256 de-

257 5311 404 5352 cora
429 5300 504 5352 ut
549 5292 910 5351 Hierusalem
952 5290 1189 5362 dicitur,
1221 5290 1366 5364 quia
1394 5289 1523 5361 ejus
1551 5289 1676 5346 vita
1702 5293 1760 5345 et
1782 5290 1940 5347 desi-

255 5385 511 5441 derium
543 5382 757 5439 visioni
777 5381 909 5453 jam
940 5379 1105 5453 pacis
1134 5379 1360 5435 intimae
1385 5380 1836 5450 comparantur,
1875 5381 1943 5434 ut

255 5474 320 5530 in
351 5491 431 5532 eo
463 5473 641 5546 quod
669 5476 976 5529 auctorem
1004 5486 1184 5528 suum
1212 5469 1420 5539 diligit,
1449 5467 1616 5540 quod
1646 5467 1774 5538 ejus
1806 5485 1943 5542 spe-

2016 3051 2334 3124 aspiciunt.
2876 3112 2880 3117 ,

2091 3163 2119 3190 ‹‹
2150 3142 2364 3199 Averte
2391 3143 2598 3200 oculos
2628 3149 2761 3199 tuos
2799 3160 2835 3200 a
2881 3161 2998 3212 me,
3032 3145 3135 3217 qui
3163 3146 3277 3219 ipsi
3306 3163 3403 3204 me
3434 3147 3675 3204 avolare

2017 3255 2046 3284 «
2078 3231 2365 3288 fecerunt.
2393 3255 2423 3282 »
2461 3232 2526 3288 Id
2547 3238 2634 3290 est
2660 3233 2847 3289 oculis
2875 3234 3090 3291 mentis
3115 3239 3228 3291 tuae
3260 3236 3383 3293 noli
3409 3253 3676 3310 quaerere

2014 3320 2076 3377 in
2115 3324 2232 3378 tute
2261 3322 2786 3395 perregrinationis
2806 3323 3011 3380 itinere
3035 3339 3130 3380 me
3170 3325 3425 3399 perfecte
3457 3343 3679 3399 cogno-

2018 3426 2201 3479 scere,
2235 3410 2403 3484 quod
2461 3410 2587 3468 ﬁeri
2617 3427 2739 3468 non
2786 3418 2998 3485 potest,
3035 3413 3180 3487 quia
3222 3431 3346 3488 quo
3393 3417 3677 3474 intentius

2015 3517 2114 3557 me
2136 3515 2461 3570 agnoscere
2485 3501 2804 3575 quaeris,ea
2821 3503 3036 3559 certius
3054 3521 3149 3561 me
3172 3505 3682 3579 incomprehensi-

2018 3588 2202 3646 bilem
2235 3606 2364 3646 esse
2389 3590 2685 3661 intelligis.
2709 3595 2776 3648 Et
2800 3608 2874 3648 ne
2895 3609 3131 3666 quteras
3161 3595 3221 3650 in
3243 3595 3341 3652 via
3361 3596 3679 3668 praemium

2019 3679 2186 3752 quod
2207 3679 2311 3735 tibi
2339 3680 2402 3736 in
2432 3680 2627 3752 patria
2656 3687 3008 3738 reservatur.
3031 3683 3209 3739 Aliter
3237 3700 3379 3740 vero
3412 3686 3683 3764 sentitur,

2022 3783 2093 3825 ac
2119 3767 2169 3824 si
2197 3768 2446 3824 diceret:
2475 3770 2683 3824 Nonne
2710 3771 3021 3842 semperin
3054 3788 3302 3845 corpore
3323 3775 3688 3844 conSpicien-

2023 3856 2172 3912 dum
2199 3855 2494 3928 requiras,
2520 3873 2704 3928 quem
2726 3873 2964 3929 semper
2992 3875 3100 3930 per
3125 3859 3308 3915 ﬁdem
3323 3860 3538 3915 melius
3568 3878 3689 3917 cer-

2024 3945 2120 4001 nis
2141 3945 2170 4001 ?
2199 3943 2425 4001 Idcirco
2465 3945 2684 4000 etenim
2721 3945 2782 4001 in
2815 3945 3033 4002 caelum
3063 3947 3328 4016 ascendi,
3358 3953 3422 4004 ut
3452 3965 3690 4023 semper

2024 4034 2130 4092 tibi
2160 4033 2365 4091 localis
2393 4050 2746 4108 appaream.
2775 4058 2804 4086 «
2837 4036 3042 4109 Capilli
3072 4037 3154 4094 tui
3186 4038 3336 4094 sicut
3366 4055 3576 4112 greges
3597 4057 3680 4099 ca-

2012 4147 2056 4180 ,‹
2102 4141 2372 4198 prarum,
2404 4141 2542 4198 qute
2592 4126 2994 4184 ascenderunt
3037 4128 3111 4185 de
3141 4134 3343 4186 monte
3373 4132 3617 4189 Galaad.
3661 4155 3691 4184 ››

2029 4215 2141 4281 Qui
2170 4214 2446 4271 versiculi
2475 4215 2640 4289 prius
2665 4217 2921 4289 expositi
2954 4223 3111 4282 sunt,
3146 4218 3251 4274 sed
3280 4221 3552 4293 repetitio
3599 4222 3694 4279 ﬁr-

2029 4306 2250 4363 mitatis
2279 4306 2573 4364 indicium
2597 4312 2704 4365 est.
2734 4312 2795 4364 In
2818 4307 3046 4380 capillis
3068 4309 3298 4383 populi,
3322 4310 3383 4367 in
3414 4312 3696 4370 dentibus

2028 4394 2325 4463 doctores,
2355 4396 2417 4452 in
2465 4413 2537 4468 ge
2553 4396 2743 4454 mellis
2773 4397 2991 4453 fetibus
3049 4404 3351 4472 praecepta
3393 4401 3697 4458 charitatis

2029 4484 2457 4558 intelliguntur.

2110 4594 2142 4630 ‹
2168 4576 2330 4633 Sicut
2357 4579 2560 4632 cortex
2588 4575 2732 4632 mali
2761 4575 2982 4646 Punici,
3009 4575 3091 4631 sic
3121 4591 3288 4646 genae
3318 4580 3434 4631 tuae
3466 4575 3698 4650 absque

2041 4687 2071 4716 ι(
2112 4664 2298 4722 oculis
2324 4665 2457 4720 tuis.
2489 4685 2519 4714 »
2545 4666 2718 4721 Genua
2745 4664 3016 4720 Ecclesia:
3043 4662 3379 4737 spirituales
3429 4668 3569 4720 sunt
3595 4681 3703 4738 pa-

2044 4759 2183 4821 tres,
2214 4759 2281 4809 ut
2310 4753 2586 4825 superius
2629 4752 2912 4820 diximus,
2946 4753 3051 4826 qui
3079 4752 3397 4810 virtutibus
3428 4758 3564 4811 sunt
3594 4754 3703 4811 mi-

2043 4842 2263 4900 rabiles
2293 4846 2351 4898 et
2373 4841 2644 4898 moribus
2673 4841 3066 4914 venerabiles,
3117 4847 3176 4900 et
3203 4843 3265 4899 in
3289 4843 3496 4901 Christi
3527 4862 3702 4905 cruce

2047 4931 2287 5004 gloriari
2330 4946 2454 4986 non
2504 4930 2950 4988 erubescentes.
2984 4935 3050 4990 Et
3098 4933 3228 4990 haec
3283 4951 3510 5006 magna
3566 4942 3706 4995 sunt

2045 5020 2218 5080 valde
2260 5036 2396 5094 quae
2424 5019 2703 5076 videntur
2728 5019 2790 5077 in
2815 5037 2908 5092 ea,
2941 5023 3047 5080 sed
3076 5024 3267 5081 multo
3311 5025 3546 5097 majora
3568 5043 3706 5100 quea

2046 5128 2172 5171 non
2201 5111 2496 5179 videntur,
2547 5113 2603 5167 et
2657 5110 2721 5167 in
2765 5111 3036 5170 futurum
3086 5119 3488 5173 reservantur.
3535 5117 3708 5174 Unde

2048 5201 2384 5276 Propheta:
2412 5222 2441 5250 ‹‹
2466 5199 2671 5257 Omnis
2696 5200 2886 5272 gloria
2917 5202 3047 5274 ejus
3075 5203 3212 5261 ﬁlia:
3238 5205 3394 5276 regis
3425 5205 3505 5262 ab
3525 5204 3705 5262 intus.

2049 5293 2242 5362 (Psal.
2273 5300 2452 5363 XLIV).
2479 5312 2507 5341 »

2124 5402 2152 5432 ‹‹
2205 5381 2526 5452 Sexaginta
2574 5385 2713 5438 sunt
2749 5380 2992 5451 reginae,
3042 5385 3100 5438 et
3143 5383 3446 5454 octoginta
3494 5399 3711 5440 concu-

2053 5490 2082 5518 α
2122 5469 2301 5541 binae,
2333 5475 2391 5527 et
2438 5468 3020 5527 adolescentularum
3049 5486 3174 5526 non
3219 5475 3308 5528 est
3357 5488 3648 5528 numerus
3681 5492 3712 5522 ιο

256 5567 420 5622 ciem
451 5563 660 5626 videre
699 5561 1087 5634 concupiscit,
1121 5561 1195 5616 de
1247 5575 1369 5631 quo
1422 5556 1706 5628 scriptum
1764 5563 1851 5615 est
1889 5560 1949 5631 (Ι
2052 5559 2288 5627 Reginae
2353 5564 2492 5616 sunt
2560 5577 2695 5633 quae
2767 5575 2972 5616 amore
3041 5561 3266 5632 sponsi,
3335 5566 3392 5617 et
3457 5560 3711 5616 caelestis

263 5653 498 5721 Petr.1)
527 5670 544 5707 :
584 5670 614 5704 ‹
644 5652 711 5706 In
745 5667 926 5722 quem
980 5648 1326 5706 desiderant
1378 5644 1577 5716 angeli
1604 5647 1942 5719 prospicere

576 5744 818 5798 Ρλτιιοι..
859 5741 1009 5796 CXV.

2029 5646 2297 5721 «preemii
2346 5646 2562 5705 intuitu
2597 5664 2705 5721 per
2744 5648 3233 5722 praedicationem
3261 5648 3520 5705 veritatis
3567 5651 3622 5702 et
3650 5645 3713 5702 ﬁ-

3359 5739 3429 5790 20
