4092 6176
446 217 549 271 619

1548 194 1912 255 Anguem
1945 188 2410 269 auannnsis.
2442 189 2755 248 manu:

447 338 563 405 dei,
592 340 650 393 et
695 333 845 390 sacri
874 326 1250 401 baptismatis
1280 325 1523 391 fontem,
1568 320 1851 377 sobolem.
1881 320 2100 375 interno
2131 316 2179 368 A
2210 315 2530 384 designari:
2559 316 2621 370 in
2637 328 2759 386 quo
2781 310 2894 366 sub
2913 272 3174 379 tegmine
3193 308 3397 405 litterae
3417 307 3589 405 velut
3608 290 3885 405 sub-cer.

446 428 572 497 regi
624 420 990 495 spiritualem
1045 420 1349 487 generant.
1384 414 1661 469 Senarius
1704 424 1992 465 numerus
2025 405 2103 461 ad

446 512 871 589 perfectionem
903 506 1211 580 praesentis
1260 505 1397 560 vitae
1425 502 1695 576 pertinet,
1729 502 1972 589 propter
2001 511 2105 551 sex

447 587 577 657 dies
591 600 659 655 in
683 597 906 671 quibus
934 595 1079 651 licet
1095 593 1260 649 bona
1289 590 1543 665 operari.
1568 587 1932 646 Concuhinas
1966 599 2103 640 vero

450 688 748 762 siuiplices
777 686 839 742 in
862 683 1118 740 Ecclesia
1143 682 1500 752 signiﬁcant,
1541 677 1645 750 qui
1672 678 1950 747 suscepto
1979 688 2107 728 vers

450 779 515 837 bi
544 776 790 843 semine,
824 790 949 829 non
976 771 1331 845 spiritaliter,
1362 768 1468 824 sed
1494 766 1808 823 carnaliter
1841 762 2103 834 sapiunt,

453 869 575 924 sive
611 865 714 939 qui
741 864 965 920 carnali
997 859 1382 919 solummodo
1430 854 1885 931 quodammodo
1912 852 2105 910 Chris-

454 961 589 1014 tum-
627 952 1015 1027 prmdicando
1044 950 1135 1007 vel
1180 947 1555 1023 baptizando
1592 946 1829 1002 docent.
1864 942 2106 998 Adoles-

454 1044 704 1103 centulaa
733 1047 874 1099 sunt
901 1043 1118 1099 animae
1148 1055 1342 1112 nuper
1373 1038 1431 1094 in
1467 1036 1693 1094 Christo
1718 1038 2108 1103 renatae,qua-

452 1151 591 1192 rum
622 1148 866 1189 summa
911 1136 1153 1205 propter
1182 1126 1623 1185 multitudinem
1653 1124 1865 1178 civium
1902 1121 2107 1176 cccles-

455 1224 604 1280 tium
626 1236 949 1278 numerum
972 1216 1350 1276 transcendit.
1380 1220 1631 1271 Possunt
1656 1215 1858 1283 itaque
1880 1212 1940 1265 in
1971 1210 2112 1264 ado-

454 1310 796 1369 kscentulis
826 1309 909 1364 illi
965 1307 1229 1377 intelligi,
1277 1306 1380 1378 qui
1436 1319 1670 1375 semper
1726 1318 1861 1375 qum
1903 1304 2112 1355 sancta

459 1406 605 1457 sunt
628 1399 837 1457 audire
885 1398 1152 1470 cupiunt,
1184 1411 1305 1452 non
1357 1400 1555 1451 tamen
1589 1391 1791 1448 audita
1829 1388 2111 1462 operibus

456 1490 704 1563 implere
735 1494 1032 1559 satagunt.

516 1603 562 1629 .‹‹
596 1583 726 1637 Una
754 1584 849 1635 est
873 1575 1159 1633 columba
1197 1590 1351 1639 mea,
1384 1572 1644 1645 perfecta
1682 1585 1846 1635 mea;
1881 1583 2004 1625 una
2028 1572 2114 1623 est

2211 407 2321 462 tice
2353 404 2673 477 spiritualis
2695 402 2836 458 latet
2865 417 3100 466 sensus,
3134 418 3166 452 ‹
3200 402 3269 454 Ut
3296 398 3658 470 inspicerem
3692 398 3741 452 si
3773 398 3884 454 ﬂo-

2212 495 2477 551 ruissent
2512 494 2720 559 vineae,
2754 510 2784 544 ›
2816 491 2875 545 id
2915 497 3022 556 est,
3052 489 3098 544 si
3130 488 3301 561 plebs
3318 487 3523 543 ﬁdelis
3575 488 3639 543 in
3676 489 3885 544 studio

2212 586 2498 641 virtutum
2528 582 2843 639 ﬂoruisset.
2877 603 2904 630 «
2934 584 3000 635 Et
3046 579 3490 650 germinassent
3510 578 3675 635 mala
3705 578 3886 633 Puni-

2214 690 2303 731 ca.
2337 693 2368 726 ›
2403 674 2458 729 Si
2488 672 2635 745 quid
2683 671 2760 727 ad
2820 669 3159 741 exemplum
3211 669 3533 723 ominicse
3572 668 3883 740 passionis

2215 762 2533 836 praeparati
2562 766 2771 817 essent
2795 776 2972 814 suum
3003 758 3252 813 fundere
3278 758 3657 827 sanguinem.

2288 874 2316 903 κ
2347 852 2601 908 Νθεοὶνὶε
2635 850 2842 905 anima
2885 865 3022 904 mea
3068 847 3447 903 conturbavit
3503 864 3600 902 me
3632 854 3887 921 propter

2219 964 2249 993 ‹‹
2286 941 2615 1015 quadrigas
2645 937 3107 994 Amminadab.»
3134 939 3259 992 Vox
3291 938 3649 1009 Synagogae:
3688 940 3884 993 Nesci-

2220 1032 2274 1086 vi
2302 1032 2464 1087 dona
2517 1030 2716 1101 gratiae
2748 1027 3069 1101 spiritualis
3100 1028 3161 1083 in
3214 1032 3267 1082 te
3295 1043 3430 1083 esse
3486 1044 3737 1100 sponsa,
3774 1029 3881 1084 sed

2219 1121 2423 1176 anima
2446 1136 2583 1175 mea
2613 1118 2990 1174 conturbavit
3020 1134 3133 1182 me,
3186 1121 3431 1189 propter
3460 1118 3881 1175 inductionem

2219 1210 2362 1266 Novi
2397 1209 2757 1265 Te‘stamenti
2815 1212 2872 1263 et
2900 1206 3266 1277 Evangelicaa
3291 1204 3621 1278 quadrigae.
3653 1209 3885 1265 Ammi-

2219 1299 2420 1355 nadab
2482 1298 2706 1371 quippe
2760 1296 3177 1367 interpretatur
3219 1296 3436 1365 populi
3488 1299 3604 1353 mei
3629 1304 3883 1366 sponta-

2220 1397 2385 1453 ηεαδ,
2403 1388 2463 1443 id
2490 1392 2579 1443 est
2608 1387 2891 1453 Christus,
2914 1385 3020 1458 qui
3039 1399 3149 1456 per
3177 1389 3367 1440 totum
3388 1386 3624 1444 vehitur
3641 1386 3880 1446 orbem.

2222 1478 2325 1535 Cui
2358 1476 2619 1533 Ecclesia
2643 1474 3016 1531 consolando
3044 1489 3185 1529 mox
3215 1475 3525 1545 respondit
3537 1493 3562 1530 τ’

2294 1590 2321 1617 (ι
2356 1569 2683 1631 Revertere,
2717 1570 3024 1633 revertere,
3059 1563 3418 1632 Sunamitis;
3447 1571 3763 1634 revertere,
3795 1585 3883 1625 re-

461 1689 493 1725 ‹
530 1668 706 1725 matri
745 1683 888 1735 suae,
920 1666 1106 1722 electa
1158 1663 1457 1733 genitricis
1512 1677 1654 1715 suae.
1688 1682 1719 1707 ››
1769 1662 1984 1715 Sancta
2024 1658 2109 1712 vi-
2141 1671 2183 1724 Β
2223 1679 2251 1707 α
2291 1661 2531 1723 vertere,
2563 1660 2628 1711 ut
2654 1655 2996 1710 intueamur
3044 1656 3114 1707 te.
3151 1674 3180 1702 »
3228 1652 3290 1708 ld
3336 1658 3447 1723 est,
3480 1654 3604 1711 Noli
3642 1657 3885 1714 turbata

460 1758 670 1815 delicat
700 1756 956 1812 Ecclesia
986 1752 1340 1810 universalis
1370 1768 1474 1823 per
1509 1755 1700 1805 totum
1733 1748 1940 1803 orbem
1990 1763 2115 1802 una

461 1852 553 1903 est
594 1846 768 1901 matri
821 1860 966 1914 suae,
988 1842 1049 1897 id
1078 1846 1166 1897 est
1212 1839 1435 1896 caelesti
1461 1836 1813 1907 Jerusalem,
1862 1853 1999 1909 (1W8
2028 1840 2116 1891 est

459 1938 654 1991 mater
678 1934 950 1990 omnium
976 1935 1276 1994 nostrum,
1310 1928 1467 1984 unde
1500 1927 1583 1982 ad
1606 1943 1718 1982 nos
1745 1926 1936 1996 gratia
1987 1924 2114 1998 Spi-

458 2025 608 2079 ritus
636 2022 825 2079 sancti
879 2019 1189 2077 descendit
1216 2033 1322 2090 per
1351 2032 1537 2090 quam
1568 2015 1863 2071 renascim
1875 2030 1943 2069 ur
1975 2018 2112 2085 Deo_

461 2115 589 2169 Una
611 2127 755 2167 vero
786 2110 1017 2175 dicitur,
1050 2108 1213 2181 quia,
1259 2107 1523 2178 expulsis
1569 2105 1796 2159 cunctis
1822 2103 2113 2175 reprobis,

458 2201 592 2274 ipsa
638 2198 1062 2256 tantummodo
1120 2196 1443 2252 socialiitur
1472 2194 1720 2248 Christo.
1768 2214 1796 2242 ‹‹
1828 2192 2119 2247 Viderunt

459 2312 491 2342 «
517 2306 653 2347 eam
682 2288 818 2344 ﬁliae
850 2289 991 2345 Sion
1006 2290 1062 2343 et
1091 2285 1501 2342 beatissimam
1530 2282 2004 2355 praedicaverunt
2030 2298 2116 2337 re-

460 2401 489 2432 «
523 2382 698 2449 ginta,
726 2384 784 2435 et
837 2376 1190 2434 concubinae
1243 2374 1643 2430 laudaverunt
1694 2388 1849 2427 eam.
1884 2394 1912 2421 ››
1954 2374 2115 2437 Quas

456 2471 625 2541 prius
675 2467 824 2523 dixit
879 2464 1374 2532 adolescentulas,
1407 2478 1568 2517 nunc
1607 2461 1760 2517 filias
1819 2461 2112 2516 nominat.

460 2558 697 2626 Reginis
727 2561 785 2610 et
820 2554 1171 2610 concubinae
1202 2552 1360 2607 idem
1384 2558 1521 2605 sunt
1544 2567 1679 2621 ([tltB
1710 2555 1765 2604 et
1787 2554 1944 2618 ante,
1977 2566 2113 2621 qua:

460 2632 1059 2701 omnes'catholicam
1088 2640 1339 2697 laudant
1372 2640 1709 2693 Ecclesiam.

533 2755 561 2785 «
595 2734 734 2799 Quae
763 2736 849 2787 est
876 2731 990 2786 ista
1034 2746 1169 2802 quae
1200 2729 1470 2784 ascendit
1499 2728 1673 2798 quasi
1713 2743 1932 2781 aurora
1980 2743 2117 2783 con-

461 2845 491 2875 «
533 2837 805 2892 surgens,
838 2819 1091 2892 pulchra
1122 2823 1184 2874 ut
1206 2817 1368 2884 luna,
1401 2817 1583 2871 (-lcctu
1608 2824 1667 2869 ut
1700 2818 1806 2875 sol.
1842 2818 2114 2871 terribilis

461 2932 494 2968 ι
529 2917 597 2968 ut
626 2916 961 2969 castrorum
988 2908 1144 2964 acies
1172 2907 1492 2963 ordinata?
1525 2927 1552 2953 ››
1585 2908 1699 2959 Vox
1748 2913 1838 2959 est
1862 2906 1972 2961 ista
2008 2910 2112 2978 Sy-

457 3016 712 3071 nagogm
761 2997 1111 3055 admirantis
1165 2995 1667 3069 pulchritudinem
1718 2996 1984 3050 Ecclesue
2042 3012 2184 3073 exc

458 3089 759 3161 gentibus,
786 3103 857 3143 eo
885 3086 1049 3159 quod
1073 3086 1199 3140 sine
1220 3085 1459 3155 judiciis
1477 3083 1621 3151 legis
1644 3089 1699 3139 et
1724 3084 2114 3140 instructions

456 3179 888 3252 prophetarum
917 3175 998 3230 ad
1020 3173 1502 3247 praedicationem
1539 3173 1833 3241 Evangelii
1864 3179 1984 3228 tam
2021 3191 2112 3228 su-

453 3267 579 3325 bito
622 3270 788 3325 tanta
830 3264 1190 3339 perfectione
1245 3263 1529 3319 virtutum
1586 3265 1926 3327 exaraverit,
1964 3263 2115 3319 sicut

454 3356 730 3428 superius
757 3353 1052 3410 admirata
1065 3353 1195 3423 jam
1226 3351 1433 3406 fuerat.
1464 3352 1557 3406 Ait
1586 3367 1849 3423 namque
1874 3368 1885 3404 :
1924 3374 1951 3399 ‹‹
1971 3353 2113 3416 Quae

454 3449 544 3501 est
568 3445 681 3499 ista
709 3457 845 3513 quae
900 3439 1165 3496 ascendit
1214 3439 1365 3493 sicut
1393 3456 1613 3494 aurora
1655 3454 2048 3507 consurgens,
2082 3462 2111 3490 »

454 3535 563 3587 etc.
611 3528 984 3598 Progreditur
1021 3526 1280 3581 Ecclesia
1331 3528 1501 3597 quasi
1546 3544 1780 3589 aurora,
1813 3528 1953 3599 quia
1979 3529 2109 3599 jam

453 3618 579 3674 veri
618 3617 861 3673 luminis
889 3616 950 3671 in
977 3630 1048 3671 ea
1073 3613 1163 3668 sol
1214 3620 1378 3668 ortus
1408 3616 1634 3669 mundo
1664 3622 1797 3685 post
1829 3617 2108 3672 tenebras

451 3706 647 3775 longas
675 3704 1025 3775 ignorantiae
1074 3706 1463 3768 monstratur,
1496 3702 1589 3757 vel
1616 3704 1885 3775 .quand'o
1933 3704 2108 3761 relin-

451 3810 645 3868 quens
675 3800 812 3868 post
839 3812 904 3849 se
958 3791 1339 3849 tenebrarum
1387 3806 1572 3864 opera
1601 3798 1760 3848 caste
1814 3798 1870 3848 et
1912 3793 2107 3849 sobrie

452 3884 615 3955 vivit,
643 3889 700 3941 et
728 3883 806 3953 ad
844 3882 1169 3956 perfectum
1224 3880 1384 3937 diem
1432 3880 1651 3937 tendit:
1688 3903 1716 3932 ‹‹
1750 3881 1999 3947 Pulchra
2045 3887 2108 3939 ut

451 3972 655 4044 luna,»
679 3973 824 4044 quia
843 3988 881 4028 a
909 3972 1033 4028 sole
1057 3970 1299 4041 justitiae
1319 3970 1632 4035 illustrata,
1660 3976 1895 4027 noctem
1928 3988 2105 4027 mun-

453 4062 515 4119 di
543 4061 859 4119 illuminat.
892 4081 922 4114 α
948 4061 1142 4117 Electa
1171 4065 1233 4116 ut
1264 4060 1373 4129 sol,
1407 4082 1436 4109 »
1461 4061 1604 4133 quia
1653 4061 1982 4130 imaginem
2014 4061 2108 4116 sui

454 4150 795 4207 Conditoris
818 4150 880 4207 in
934 4151 1100 4206 omni
1149 4150 1400 4221 justitiaa‘
1440 4150 1750 4207 sanctitate
1785 4156 1842 4205 et
1866 4152 2107 4208 veritate

454 4242 671 4311 portat.
703 4238 912 4296 Aliter:
941 4261 969 4289 «
994 4238 1248 4295 Pulchra
1282 4237 1527 4305 utluna,
1547 4257 1577 4290 ι
1608 4254 1715 4310 per
1743 4239 2017 4295 virtutem
2048 4241 2109 4295 in

453 4326 731 4400 praesenti
758 4327 976 4383 saeculo
1005 4332 1061 4382 et
1088 4326 1389 4383 decorem.
1415 4325 1646 4381 «Electa
1674 4330 1737 4381 ut
1762 4326 1907 4396 sol,»
1930 4328 1990 4383 in
2015 4329 2107 4384 fu-

455 4419 591 4475 tura
606 4415 995 4475 beatitudine.
1029 4415 1127 4470 Vel
1156 4438 1185 4465 «
1203 4414 1455 4487 pulchra
1487 4419 1549 4470 ut
1575 4414 1777 4482 luna,»
1806 4416 1869 4471 in
1899 4419 2108 4489 conju-

454 4505 643 4577 gatis:
676 4505 914 4561 «electa
942 4508 1007 4561 ut
1037 4504 1145 4574 sol,
1179 4524 1209 4558 »
1233 4504 1295 4559 in
1326 4503 1656 4574 virginibus
1680 4521 1693 4558 :
1716 4506 1989 4562 terribilis
2011 4524 2109 4564 ae-

451 4595 568 4655 reis
596 4594 1011 4668 potestatibus,
1042 4600 1103 4651 et
1125 4610 1232 4668 per
1262 4598 1617 4666 potestatem
1647 4593 1875 4663 ligandi
1906 4600 1963 4652 et
1992 4598 2112 4653 sol-

452 4687 651 4743 vendi.
685 4687 968 4745 Ordinata
992 4685 1055 4742 in
1088 4685 1310 4742 unitate
1338 4682 1497 4754 ﬁdei,
1527 4684 1675 4757 spei,
1697 4690 1756 4742 et
1785 4686 2110 4757 charitatis,

453 4780 509 4832 et
532 4778 595 4833 in
625 4778 1049 4848 mysteriorum
1081 4775 1501 4848 dispositione.

524 4887 553 4915 ‹‹
587 4868 878 4923 Descendi
896 4868 961 4923 in
986 4868 1228 4923 hortum
1258 4883 1505 4937 nucum,
1535 4868 1611 4922 ut!
1629 4865 1897 4924 viderem
1930 4885 2115 4943 poma

454 4973 486 5007 κ
524 4953 910 5011 convallium.
934 4977 965 5004 ››
996 4957 1215 5011 Hortus
1235 4956 1455 5013 etenim
1484 4971 1711 5011 nucum
1737 4962 1825 5013 est
1854 4956 2116 5013 Ecclesia

451 5054 740 5112 presens,
770 5040 877 5097 ubi
913 5046 1153 5099 nOstras
1182 5044 1577 5099 conscientias
1624 5044 1972 5100 alterutrum
2000 5045 2113 5099 mi-

450 5127 615 5187 nime
665 5128 957 5192 videmus,
991 5129 1098 5184 sed
1145 5130 1333 5187 fracta
1370 5148 1477 5203 per
1524 5132 1911 5187 tentationem
1964 5136 2116 5190 testa

453 5217 650 5277 carnis
680 5216 776 5274 vel
819 5217 1112 5290 corporis,
1144 5218 1467 5291 apparebit
1488 5220 1734 5275 internae
1777 5219 2109 5276 dulcedinis

453 5311 874 5377 gustus.Poma
894 5306 1199 5374 convallis,
1215 5307 1440 5363 fructus
1469 5307 1852 5363 humilitatis:
1872 5308 2114 5367 dascen-

449 5396 538 5455 dit
560 5396 722 5453 enim
752 5402 961 5457 sancta.
989 5395 1250 5454 Ecclesia
1296 5411 1403 5467 per
1431 5395 1708 5451 doctores
1754 5401 2019 5465 sanctos,
2047 5403 2114 5456 ut

449 5484 651 5545 videat
672 5486 777 5560 qui
828 5484 1144 5559 proﬁciant
1196 5484 1276 5541 ad
1303 5484 1531 5539 fructus
1572 5481 1892 5555 bonorum,
1932 5484 2111 5557 quive

448 5576 650 5637 adhuc
698 5575 1007 5646 indigeant
1059 5575 1345 5632 doctrinm
1401 5572 1764 5642 irrigatione.
1816 5578 2005 5632 Potest
2054 5579 2127 5633 et:

447 5668 655 5729 hortus
684 5683 911 5727 nucum
944 5683 1141 5726 canon
1172 5665 1320 5723 Novi
1369 5679 1441 5721 ac
1492 5663 1719 5721 Veteris
1750 5665 2106 5725 ’l‘cstamenti

2221 1763 2372 1813 esse,
2407 1745 2511 1802 sed
2540 1749 2830 1800 revertere
2877 1743 2955 1798 ad
2985 1742 3387 1811 cognitionem
3417 1744 3500 1798 tui
3530 1745 3882 1819 Redempto-

2220 1837 2321 1908 ris,
2352 1835 2457 1908 qui
2484 1834 2587 1890 tibi
2615 1834 2812 1906 potius
2841 1832 2901 1886 in
2956 1830 3267 1904 prophetis
3311 1837 3366 1886 et
3392 1831 3521 1904 lege
3546 1837 3880 1906 promissus

2225 1932 2329 1982 est.
2357 1927 2664 1981 Revertere
2690 1922 2942 1996 puritate
2962 1920 3121 1987 ﬁdei,
3149 1926 3443 1977 revertere
3470 1939 3723 1996 operum
3755 1942 3884 1998 per-

2224 2015 2492 2071 fectione.
2519 2015 2561 2070 0
2588 2010 2953 2081 Sunamittis,
2988 2009 3047 2065 id
3070 2014 3157 2065 est
3182 2010 3437 2082 captiva.
3464 2012 3592 2082 jam
3614 2030 3649 2069 a
3679 2015 3886 2071 vincu-

2223 2104 2281 2160 lo
2302 2103 2964 2159 inﬁdelitatisrevcrtene
2996 2098 3071 2157 ad
3106 2103 3273 2157 tuum
3300 2099 3785 2175 Redemptorem,
3821 2112 3887 2163 ut

2227 2193 2468 2250 salvcris
2508 2191 2520 2246 l

2865 2331 3092 2389 CAPUT
3122 2332 3234 2388 νη.

2296 2485 2323 2512 ‹‹
2357 2460 2509 2527 Quid
2534 2458 2762 2514 videbis
2794 2459 2854 2513 in
2880 2458 3203 2526 Sunamite,
3234 2458 3345 2513 nisi
3370 2464 3692 2515 castrorum
3721 2462 3873 2517 cho-

2224 2569 2253 2604 ‹
2293 2551 2435 2606 ros?
2465 2566 2495 2600 ›
2526 2549 2647 2603 Hoc
2676 2552 2801 2603 est:
2836 2550 2918 2603 'l‘u
2949 2545 3125 2602 doles
3176 2548 3548 2618 Synagogam
3598 2547 3865 2604 obdura-

2222 2645 2368 2706 tam,
2396 2652 2584 2710 prope
2605 2641 2693 2692 est
2721 2642 2959 2708 tempus
2981 2636 3140 2709 quod
3167 2637 3375 2690 choros
3392 2636 3743 2692 bellantium
3765 2636 3873 2694 ad-

2222 2744 2431 2784 versus
2465 2726 2761 2795 malignOs
2793 2726 3054 2797 spiritus,
3084 2729 3137 2780 et
3171 2724 3544 2780 laudantium
3588 2729 3783 2782 Deum
3812 2727 3878 2783 in

2223 2832 2296 2872 ea
2322 2815 2571 2871 videbis.
2610 2818 2804 2870 Potest
2833 2819 2889 2870 et
2919 2814 3089 2870 aliter
3114 2812 3355 2883 intelligi
3384 2816 3626 2871 nescivi.
3659 2816 3881 2874 Anima

2224 2921 2361 2962 mea
2391 2904 2765 2961 conturbavit
2791 2921 2906 2971 me,
2936 2908 3180 2976 propter
3207 2902 3535 2976 quadrigas
3568 2907 3879 2972 Ammina—

2224 2996 2363 3051 dab.
2397 2993 2549 3061 Quid
2577 2993 2825 3049 nescivit
2855 2994 3138 3060 Christus,
3163 2993 3275 3047 nisi
3301 2995 3658 3064 peceatum?
3690 2996 3883 3051 Nesci-

2226 3085 2307 3140 vit
2353 3084 2483 3140 illus
2531 3083 2710 3139 etiam
2764 3081 2985 3155 quibus
3037 3082 3097 3137 in
3149 3081 3378 3152 judicio
3431 3081 3700 3138 dicturus
3749 3088 3880 3141 est:

2226 3196 2253 3225 «
2306 3177 2517 3245 Amen,
2549 3172 2685 3228 dico
2736 3171 2931 3238 vobis,
2983 3171 3185 3226 nescio
3226 3186 3332 3227 vos
3383 3172 3624 3236 (Matth.
3653 3175 3817 3246 xxv).
3856 3197 3883 3222 η

2226 3263 2556 3332 Quadrigas
2586 3259 3008 3323 Amminadab,
3037 3259 3437 3329 evangelistas
3466 3259 3627 3329 dicit,
3658 3263 3885 3318 Ammi-

2220 3352 2427 3407 nadab
2455 3351 2679 3424 quippe
2722 3349 3142 3421 interpretatur
3161 3351 3378 3419 populi
3402 3357 3788 3419 spontaneus,
3824 3351 3884 3407 id

2222 3448 2308 3496 est
2334 3441 2503 3514 plebs
2526 3440 2792 3495 Ecclesiae
2815 3438 3025 3494 ﬁdelis.
3054 3439 3376 3496 Sunamitis
3408 3439 3519 3496 ista
3549 3440 3880 3497 Ecclesiam

2221 3530 2534 3597 signiﬁcat,
2590 3528 2761 3599 cujus
2814 3532 3072 3598 ﬁguram
3123 3529 3448 3585 Sunamitis
3490 3528 3589 3584 illa
3630 3532 3690 3586 in
3729 3530 3884 3587 libro

2222 3623 2447 3688 Regum
2479 3619 2748 3687 gestavit.
2794 3619 2901 3684 Qui
2934 3619 3014 3674 ab
3042 3620 3157 3674 hoc
3186 3620 3290 3691 qui
3344 3619 3550 3675 Christi
3585 3606 3887 3689 sanguine

2218 3708 2554 3775 decoratur,
2586 3707 2869 3763 coccinea
2899 3707 2961 3762 in
2986 3709 3196 3779 Latino
3219 3713 3394 3765 sonat
3422 3709 3517 3764 cui
3542 3709 3888 3782 frequenter

2217 3814 2253 3853 a
2285 3797 2506 3852 sanctis
2536 3796 3030 3869 praedicatoribus
3068 3796 3285 3853 dicitur
3314 3819 3341 3846 ‹‹
3375 3800 3723 3855 Revertere:
3760 3823 3789 3851 »
3823 3799 3887 3856 ut

2217 3885 2449 3943 etiamsi
2492 3901 2598 3959 per
2628 3884 2883 3944 adversa
2929 3885 3263 3959 deliquerit,
3292 3885 3358 3942 in
3387 3886 3876 3959 desperationem

2215 3990 2338 4030 non
2382 3973 2636 4043 decidat,
2691 3974 2795 4031 sed
2849 3991 2885 4030 a
2938 3973 3230 4047 peccandi
3278 3975 3707 4033 consuetudine
3739 3994 3885 4034 cum

2218 4080 2322 4137 spe
2352 4063 2735 4133 indulgentiae
2784 4061 3110 4135 resipiscat.
3165 4084 3195 4112 «
3226 4065 3419 4127 Quam
3467 4063 3693 4138 pulchri
3735 4069 3882 4121 sunt

2222 4168 2459 4223 gressus
2488 4153 2569 4207 tui
2625 4152 2687 4208 in
2740 4151 3178 4220 calceamentis,
3223 4174 3250 4205 ς
3304 4152 3428 4210 ﬁlia
3478 4152 3819 4227 principisl
3855 4176 3886 4207 »

2222 4245 2388 4296 Nunc
2409 4240 2618 4297 laudes
2650 4240 2917 4297 Ecclesiae
2944 4241 3021 4297 ab
3054 4241 3184 4315 ipso
3215 4258 3437 4315 sponso
3475 4242 3888 4316 proferuntur,

2223 4334 2277 4386 et
2307 4328 2501 4402 primo
2534 4346 2785 4403 operum
2813 4330 3252 4401 constantia,.et
3275 4330 3655 4388 mortiﬁcatio
3680 4332 3894 4408 volup.

2223 4423 2412 4474 tatum
2432 4417 2756 4474 laudantur
2785 4421 2844 4475 in
2871 4436 2942 4475 ea
2963 4436 3150 4493 quam
3179 4425 3238 4477 et
3264 4420 3451 4478 ﬁliam
3480 4420 3792 4494 principis,
3828 4421 3891 4479 id

2224 4512 2310 4563 est
2341 4507 2570 4575 Christi,
2602 4507 2682 4562 ob
2704 4508 2961 4579 gratiam
2988 4509 3371 4582 baptismatis
3403 4515 3460 4567 et
3506 4509 3889 4569 nobilitatem

2222 4596 2508 4652 virtutum
2544 4584 2839 4652 nominat.
2872 4619 2899 4646 ‹‹
2930 4599 3227 4654 Juncturse
3276 4598 3575 4657 femorum
3640 4605 3891 4658 tuorum

2224 4708 2251 4736 ‹‹
2281 4686 2432 4742 sicut
2460 4685 2705 4742 monilia
2724 4703 2859 4759 qum
2887 4686 3181 4743 fabricata
3204 4693 3341 4744 sunt
3362 4704 3550 4744 manu
3571 4688 3818 4745 artiﬁcis
3835 4738 3840 4743 .
3860 4713 3889 4741 »

2224 4776 2490 4832 Duorum
2505 4775 2828 4832 concordia
2848 4776 3470 4849 populorumspeciali
3496 4777 3667 4849 prole
3683 4778 3893 4836 fecun-

2223 4864 2518 4937 dantium,
2548 4866 2610 4921 in
2647 4866 2930 4937 junctum
2980 4865 3282 4922 femorum
3340 4866 3713 4938 designatur,
3750 4885 3891 4943 quae

2225 4955 2647 5014 sicut'monilia
2693 4955 2981 5013 fabricata
3025 4960 3167 5012 sunt
3194 4972 3385 5013 manu
3414 4957 3679 5022 artificis,
3710 4958 3778 5014 id
3805 4964 3894 5016 est

2222 5045 2509 5101 ineﬂ‘abili
2530 5045 2799 5115 largitate
2833 5045 3166 5103 Conditoris
3193 5047 3415 5103 nostri:
3467 5046 3529 5103 in
3553 5047 3894 5106 monilibus

2220 5134 2386 5190 bona
2407 5148 2591 5207 qpera
2619 5135 3055 5207 exprimuntur.

2294 5243 2321 5271 «
2356 5221 2678 5277 Umbilicus
2697 5228 2833 5279 tuus
2847 5224 3000 5281 sicut
3024 5229 3215 5281 crater
3233 5225 3544 5298 tornatilis,
3562 5240 3893 5300 nunquam

2227 5329 2247 5363 I
2273 5310 2548 5384 indigens
2577 5313 2828 5385 poculis.
2856 5336 2887 5365 »
2940 5314 3262 5373 Umbilicus
3293 5320 3431 5372 tuus
3461 5314 3756 5386 fragilitas
3787 5333 3895 5375 no-

2220 5406 2355 5457 stree
2380 5401 2759 5459 inﬁrmitatis.
2783 5403 2989 5460 Crater
3006 5405 3070 5461 ﬁt
3087 5405 3394 5472 tornatilis,
3419 5420 3559 5462 cum
3577 5407 3893 5464 conscien-

2221 5490 2300 5546 tia
2325 5490 2696 5548 mortalitatis
2722 5496 2937 5550 nostrae
2974 5494 3286 5566 admoniti,
3319 5494 3567 5551 calicem
3598 5495 3892 5553 salutaris

2219 5577 2381 5633 verbi
2408 5585 2688 5652 prompta
2718 5585 2914 5639 mente
2944 5582 3266 5655 propinare
3288 5582 3804 5653 satagimuthem
3828 5585 3892 5642 in

2218 5666 2503 5725 umbilico
2523 5670 2935 5741 intelliguntur
2954 5672 3057 5744 qui
3079 5688 3201 5729 non
3229 5672 3644 5746 extremo,sed
3668 5672 3733 5729 in
3760 5689 3892 5731 me-
