4106 6174
158 168 261 224 62]

1356 136 1605 231 tamen.
1650 177 1717 230 IN
1757 171 2066 235 σατιοΑ
2105 179 2373 237 CANTIC.

3474 146 3583 247 οη

154 290 258 348 dio
292 290 566 348 Ecclesiae
622 308 873 367 corpore
913 301 1384 356 commorantur.
1418 302 1483 355 In
1528 299 1622 353 his
1670 315 1812 363 ergo
1840 302 1888 359 Α
1927 301 2174 358 Canales
2198 302 2530 376 ρωποι-ἀίει
2560 306 2700 360 sunt
2722 308 3090 376 sanctorum,
3112 306 3174 364 in
3203 309 3426 380 quibus
3454 311 3579 369 alli-

154 379 538 452 repcriuntur
566 398 702 454 quae
735 389 871 439 sunt
899 402 1039 440 vasa
1071 385 1269 442 utilia:
1307 387 1367 442 in
1399 404 1468 443 co
1502 387 1812 456 tornatilis,

154 469 301 542 quia
358 462 438 525 ad
490 462 894 529 obediendum
943 474 1032 529 vel
1075 475 1151 531 ad
1184 492 1363 533 omne
1402 493 1554 550 opus
1585 477 1816 533 bonum

155 575 399 632 semper
425 559 643 631 parati.
676 561 739 616 In
784 579 853 617 co
894 579 1208 636 nunquam
1254 565 1532 635 indigens
1564 566 1812 639 poculis.

152 653 458 723 quantum
514 648 703 705 sancti
746 650 994 724 Spiritus
1046 655 1237 725 gratia
1284 671 1355 711 ex
1413 662 1532 712 toto
1588 656 1814 727 repleti.

156 761 179 788 α
218 729 443 820 Venter
472 740 608 793 tuus
634 738 784 795 sicut
812 758 1061 798 acervus
1093 743 1273 800 tricici
1306 744 1558 801 vallatus
1598 744 1750 801 liliis.
1787 766 1815 794 »

155 820 220 882 Hi
253 844 524 899 namque
553 828 656 900 qui
700 845 937 901 semper
985 839 1331 890 sanctarum
1380 834 1817 907 Scripturarum

156 910 447 971 alimenta
495 917 849 991 percipiunt,
896 926 951 975 et
980 937 1049 977 ca
1079 939 1214 995 quae
1246 927 1384 978 sunt
1411 922 1696 979 salutaria
1725 924 1815 979 in-

154 1004 247 1062 fra
278 1018 341 1062 se
369 1009 720 1077 congerunt,
754 1016 931 1080 atque
962 1006 1089 1066 aliis
1129 1011 1463 1067 doctrinam
1493 1029 1665 1068 suam
1718 1030 1816 1068 vc-

154 1099 243 1164 [ut
259 1094 533 1150 triticum
565 1102 879 1166 erogantes
910 1099 1236 1169 praedicare
1272 1117 1394 1156 non
1425 1100 1724 1170 desinunt,
1759 1102 1817 1157 in

156 1184 351 1239 ventri
390 1183 861 1251 similitudinem,
910 1185 1291 1259 deputantur.
1338 1194 1597 1245 Accrvus
1653 1189 1820 1245 tritici

155 1272 415 1328 vallatus
444 1270 580 1327 liliis
606 1278 711 1339 est,
742 1290 879 1329 cum
908 1274 1281 1332 abundantia
1302 1277 1445 1333 boni
1467 1279 1662 1351 operis
1691 1280 1819 1335 sola

153 1366 463 1436 perpetuae
486 1359 637 1418 lucis
669 1378 775 1435 spe
802 1363 1113 1432 colligitur.
1153 1370 1216 1422 In
1262 1372 1461 1424 ventre
1505 1370 1818 1439 memoria,

152 1453 213 1507 in
240 1451 435 1507 tritico
467 1451 874 1525 multiplicatio
898 1450 1038 1510 boni
1061 1455 1276 1528 operis,
1307 1456 1366 1512 in
1396 1456 1529 1513 liliis
1563 1458 1811 1515 castitas

159 1541 287 1614 spei
314 1541 695 1613 exprimitur.

1925 394 2140 458 gantur
2189 391 2331 448 tales
2377 392 2783 462 cogitationes.
2818 393 2998 451 Aliter
3030 414 3043 452 :
3076 396 3266 469 Caput
3307 400 3580 457 Ecclesia

1924 477 2209 543 Christus,
2241 498 2363 554 quo
2420 482 2734 539 sublimius
2774 482 2922 539 nihil
2975 489 3080 540 est.
3132 486 3320 542 Coma
3364 490 3579 561 capitis

1924 568 2343 626 eminentiores
2396 572 2621 645 quique
2678 572 2888 640 sancti,
2919 572 3079 631 beati
3108 575 3327 633 scilicet
3358 583 3584 652 marty-

1926 672 2038 724 res,
2076 659 2430 716 consimilati
2462 676 2748 733 purpura.
2781 661 3083 734 regalibus
3130 667 3500 724 ornamentis
3524 670 3583 725 et

1926 744 2287 803 salutaribus
2309 749 2570 820 copulati
2598 750 2901 808 doctrinis.

1998 857 2024 884 «
2069 836 2259 898 Quam
2289 838 2519 908 puchra
2548 854 2611 895 es
2642 844 2700 895 et
2722 841 2960 908 decora,
2978 842 3334 900 charissima
3358 843 3420 902 in
3440 845 3582 903 deli-

1926 944 1954 972 «
1996 922 2118 979 ciis.
2147 945 2174 973 »
2203 924 2454 982 Pulchra
2475 926 2690 984 dicitur
2718 928 2998 998 Ecclesia,
3029 931 3149 987 ﬁde
3169 937 3228 988 et
3250 950 3451 1006 opere.
3476 938 3585 992 De-

1925 1026 2066 1066 cora
2090 1014 2460 1069 ornamentis
2486 1016 2792 1072 virtutum.
2808 1017 3173 1075 Charissima
3193 1036 3299 1092 per
3320 1020 3582 1080 dilectio-

1924 1115 2122 1155 nem.«
2140 1105 2198 1156 In
2223 1102 2504 1170 deliciis,»
2524 1104 2584 1159 id
2601 1109 2690 1161 est
2708 1104 2769 1159 in
2794 1105 3204 1178 spiritualibus
3235 1109 3576 1169 virtutibus.

1998 1211 2025 1237 ‹‹
2071 1190 2304 1247 Statura
2328 1197 2429 1248 tua
2453 1192 2782 1249 assimilata
2806 1199 2899 1250 est
2922 1194 3162 1267 palmae,
3186 1201 3242 1252 et
3270 1198 3453 1255 ubera
3477 1204 3583 1258 tua

1927 1300 1954 1327 ‹‹
1996 1276 2200 1333 botris.
2230 1302 2257 1329 »
2290 1280 2349 1335 Id
2386 1285 2474 1337 est
2500 1282 2792 1339 rectitudo
2821 1282 3000 1340 bonas
3021 1285 3408 1357 operationis,
3431 1304 3585 1345 sem—

1926 1381 2031 1437 per
2061 1367 2138 1422 ad
2166 1368 2477 1426 victoriam
2502 1370 2704 1427 tendit.
2751 1372 3039 1429 Uberibus
3080 1374 3356 1431 doctores
3386 1376 3584 1434 Eccle-

1928 1455 2051 1525 siae,
2082 1462 2322 1530 propter
2350 1459 2442 1515 lac
2472 1460 2681 1532 primm
2723 1461 3073 1519 eruditionis
3122 1471 3579 1538 comparantur,

1926 1550 1984 1600 et
2009 1546 2198 1602 bolris
2228 1555 2564 1621 aequantur,
2594 1555 2840 1624 propter
2882 1553 3174 1626 mysteria
3217 1554 3583 1613 dulcissima:

227 1652 255 1679 ‹‹
299 1630 432 1686 Duo
460 1630 648 1688 ubera
690 1634 814 1701 tua,
848 1632 999 1688 sicut
1041 1631 1162 1689 duo
1194 1634 1426 1691 hinnuli
1452 1636 1685 1706 gemelli
1719 1653 1816 1692 ca-
1850 1656 1888 1712 Β
1926 1635 2285 1692 aeternitatis.

160 1744 187 1769 ‹‹
229 1736 418 1794 prere.
453 1738 482 1772 »
519 1723 596 1776 De
620 1716 736 1776 hoc
770 1739 947 1777 versu
978 1722 1203 1779 dictum
1257 1729 1345 1779 est
1387 1726 1679 1798 superius,
1713 1726 1818 1782 seri

159 1809 431 1883 repetitio
463 1804 759 1866 firmitatis
786 1801 1071 1867 indicium
1102 1818 1207 1869 est.
1244 1815 1369 1870 Duo
1397 1814 1585 1872 ubera
1610 1815 1815 1872 docto-

156 1912 247 1956 res
279 1904 422 1956 sunt
453 1900 762 1973 utriusque
790 1894 1013 1974 populi.
1052 1898 1289 1959 tlinuuli
1307 1905 1539 1975 gemelli
1575 1911 1820 1979 propter

163 2006 342 2046 unam
371 1990 761 2047 concordiam
796 2010 808 2046 :
839 1992 980 2049 item
1012 1986 1132 2048 duo
1172 1992 1361 2050 ubera
1392 1994 1662 2051 Ecclesiae
1694 1996 1817 2052 duo

160 2083 296 2135 sunt
325 2080 703 2135 Testamenta
732 2077 971 2136 duobus
1002 2081 1238 2155 populis
1287 2099 1359 2138 ex
1407 2083 1651 2139 traduce
1679 2099 1816 2157 pec-

161 2168 274 2223 cati
304 2165 681 2223 venientibus
708 2172 1006 2240 coaptata.
1055 2166 1118 2225 Hi
1150 2166 1309 2226 enim
1373 2176 1659 2243 tanquam
1690 2172 1817 2227 hin-

160 2255 285 2312 nuli
338 2258 397 2312 in
449 2256 679 2313 Christo
722 2264 1119 2314 renascuntur
1144 2265 1323 2333 atque
1354 2276 1427 2317 ex
1455 2259 1548 2317 his
1577 2260 1819 2318 duobus

158 2344 547 2403 Testamentls
574 2344 666 2403 lac
699 2346 1003 2420 sapientiae
1038 2354 1334 2421 sugentes.

232 2450 263 2489 α
304 2432 533 2492 Collum
563 2441 735 2493 tuum
768 2438 917 2495 sicut
947 2438 1123 2494 turris
1169 2438 1456 2497 eburnea.
1492 2461 1520 2489 ››
1552 2440 1617 2497 In
1666 2441 1819 2498 collo

161 2521 439 2581 doctores
480 2526 891 2596 designantur,
940 2529 1044 2600 qui
1094 2528 1236 2584 turri
1268 2528 1547 2585 eburneae
1577 2536 1821 2604 propter

160 2612 502 2672 ﬁrmitatem
548 2620 606 2671 et
651 2608 1159 2689 pulchritudinem
1192 2625 1637 2693 comparantur,
1676 2622 1821 2693 quia

163 2704 377 2760 civitati
413 2694 512 2761 Dei
566 2704 752 2760 robur
803 2706 1083 2778 praestant
1127 2711 1183 2763 et
1223 2707 1427 2764 decus.
1460 2712 1653 2765 Potest
1677 2715 1734 2765 ct
1758 2710 1819 2765 in

161 2794 316 2850 collo
375 2790 585 2851 notitia
635 2811 946 2851 sacrarum
1006 2797 1443 2870 Scripturarum
1493 2799 1817 2869 designari,

160 2892 300 2957 quia
329 2880 549 2940 idcirco
598 2885 775 2940 turris
823 2882 1089 2942 eburnea
1145 2884 1501 2961 appellatur,
1534 2889 1678 2961 quia
1716 2890 1817 2963 qui

161 2968 346 3030 verbo
377 2972 477 3030 Dei
501 2970 804 3043 insistunt,
833 2975 1184 3047 quotidiano
1239 2976 1503 3049 profectu
1533 2994 1639 3050 per
1672 2979 1815 3032 nito-

162 3070 285 3121 rem
311 3064 555 3136 justitire
582 3064 645 3120 in
697 3063 1025 3121 excelsiora
1081 3066 1424 3138 proficiunt.
1456 3089 1484 3117 κ
1517 3068 1679 3124 Oculi
1738 3068 1819 3123 tzii

166 3177 193 3203 ‹‹
232 3154 387 3209 sicut
427 3153 670 3226 piscinae
723 3153 785 3209 in
844 3154 1133 3223 Hesebon,
1165 3171 1301 3227 quas
1350 3160 1489 3211 sunt
1543 3157 1605 3212 in
1651 3163 1824 3229 porta

164 3263 193 3292 κ
232 3236 373 3297 ﬁlia:
396 3232 811 3298 multitudinis.
843 3263 871 3291 ››
896 3242 1057 3298 Oculi
1091 3238 1360 3298 Ecclesiae
1382 3244 1655 3299 doctores
1687 3250 1826 3301 sunt

166 3334 417 3402 propter
438 3328 892 3401 providentiam,
926 3331 1076 3386 sicut
1105 3330 1325 3388 collum
1353 3338 1595 3405 propter
1643 3334 1825 3390 nutri-

171 3424 473 3475 mentum.
544 3418 608 3474 Et
672 3422 820 3476 recte
878 3419 1123 3494 piscina:
1182 3427 1633 3495 comparantur,
1681 3422 1824 3496 quia

165 3504 402 3564 ﬂuenta
459 3504 736 3563 doctrinas
783 3509 909 3564 suis
960 3508 1336 3565 auditoribus
1388 3508 1652 3583 praebere
1702 3528 1823 3567 non

167 3598 425 3653 cessant.
453 3595 721 3653 Hesebon
754 3598 1061 3669 cingulum
1088 3601 1358 3655 maeroris
1384 3600 1821 3672 interpretatur,

168 3687 308 3758 quia
336 3687 525 3742 sanati
556 3695 667 3759 pro
698 3694 858 3744 Vana
881 3686 1083 3744 ltetitia
1108 3688 1327 3758 carnis,
1367 3684 1607 3759 cingulo
1640 3688 1822 3745 absti-

167 3774 381 3830 nentia?
431 3775 944 3846 constringuntur.
1008 3779 1074 3832 Et
1120 3776 1275 3833 bene
1327 3776 1390 3832 in
1447 3777 1633 3851 portis
1686 3776 1823 3834 tiliae

170 3860 585 3930 multitudinis,
608 3864 689 3920 ob
717 3864 1156 3922 abundantiam
1180 3864 1546 3939 populorum
1574 3883 1822 3924 concur-

169 3951 422 4009 rentium
449 3961 561 4026 per
604 3958 846 4027 portam
889 3954 1030 4011 ﬁdei
1055 3955 1117 4011 in
1150 3953 1497 4035 Ecclesiam.
1528 3958 1720 4011 Potest
1769 3960 1827 4012 et

166 4046 270 4115 per
298 4046 534 4115 portam
567 4043 833 4100 Christus
888 4042 1153 4115 intelligi.
1188 4066 1216 4095 ‹‹
1245 4047 1441 4101 Nasus
1500 4046 1635 4101 tuus
1675 4045 1826 4102 sicut

166 4132 335 4188 turris
379 4132 611 4189 Libani.
650 4156 676 4182 ››
712 4135 776 4189 In
804 4148 950 4190 naso
1002 4133 1171 4191 verbi
1209 4134 1310 4190 Dei
1360 4133 1821 4209 dispensatores,

165 4232 344 4277 causa
372 4214 754 4278 discretiOnis
779 4221 1195 4294 designantur,
1228 4221 1335 4295 qui
1382 4222 1631 4280 odorem
1658 4224 1825 4295 justi-

166 4310 252 4365 tiie
277 4311 387 4385 qui
433 4315 525 4367 est
552 4310 616 4367 in
649 4311 875 4368 Christo
922 4312 1337 4386 percipientes,
1362 4312 1483 4367 suis
1512 4313 1824 4386 porrigunt

167 4399 561 4469 auditoribus,
586 4400 766 4474 atque
795 4398 1094 4459 intellectu
1109 4392 1479 4457 discretionis
1502 4398 1651 4459 inter
1679 4402 1822 4458 odo'

169 4496 291 4546 rem
320 4491 615 4546 virtutum
644 4494 702 4546 et
722 4486 1003 4547 vitiorum
1058 4486 1276 4547 fetores
1331 4507 1403 4547 ex
1448 4490 1567 4547 alto
1610 4491 1827 4548 discer-

169 4582 337 4637 nunt.
366 4578 548 4636 Turri
576 4578 1002 4648 assimilantur,
1029 4578 1134 4654 qui
1162 4596 1270 4656 per
1298 4576 1654 4653 sapientiam
1685 4579 1827 4637 emi-

170 4669 595 4725 nentissimum
636 4658 839 4726 locum
887 4670 1089 4749 tenent
1123 4669 1187 4726 in
1238 4668 1515 4727 Ecclesia.
1570 4673 1711 4737 Quae
1741 4687 1829 4726 re-

170 4754 350 4827 spicit
383 4758 596 4810 contra
644 4755 1025 4823 Damascum,
1050 4754 1113 4810 id
1168 4758 1255 4810 est
1310 4754 1727 4825 sanguinarios
1776 4759 1833 4812 et

169 4841 423 4913 turpius,
455 4843 597 4915 quia
640 4842 968 4901 Damascus
1020 4844 1373 4914 sanguinem
1407 4843 1604 4901 bibens
1650 4844 1829 4901 inter-

168 4929 469 5000 pretatur,
511 4928 803 4999 signiﬁcat
856 4929 1129 4987 carnales
1181 4932 1235 4984 et
1284 4928 1573 5001 crudeles,
1625 4933 1831 4986 contra

169 5032 333 5089 quos
361 5019 550 5075 sancti
578 5019 854 5076 ductores
883 5020 943 5076 in
999 5019 1145 5077 turri
1177 5014 1402 5088 Libani,
1433 5020 1497 5077 id
1525 5025 1613 5077 est
1641 5019 1829 5077 ﬁrmi-

173 5110 288 5164 tate
317 5108 597 5165 Ecclesiae
622 5120 861 5183 seraper
884 5110 1154 5181 vigilant.

246 5208 277 5245 α
315 5199 507 5273 Caput
532 5203 708 5256 tuum
739 5204 804 5255 ut
829 5200 1153 5266 Carmelus,
1186 5204 1243 5258 et
1277 5217 1465 5257 comae
1509 5200 1718 5274 capitis
1748 5198 1835 5257 tui

176 5305 205 5334 α
245 5287 394 5346 sicut
421 5298 702 5363 purpura
729 5290 887 5360 regis
916 5289 1119 5348 vincta
1138 5291 1474 5347 canalibus.
1499 5312 1527 5341 »
1550 5290 1615 5346 ln
1638 5290 1833 5363 capite

174 5384 365 5445 mens,
395 5378 460 5435 in
487 5377 682 5435 comis
705 5379 1094 5450 COgitationes
1131 5380 1527 5450 designantur
1556 5398 1569 5432 :
1600 5383 1657 5435 et
1686 5380 1837 5435 sicut

174 5467 363 5538 capite
392 5468 676 5533 menbra,
695 5468 777 5525 ita
806 5472 1003 5525 mente
1029 5468 1417 5539 cogitationes
1437 5470 1744 5537 reguntur,
1772 5470 1836 5523 ut

172 5554 232 5610 in
247 5558 627 5623 Carmelo,id
648 5562 735 5614 est
763 5556 1125 5616 sublimitate
1150 5560 1437 5615 virtutum
1468 5562 1525 5614 et
1552 5558 1835 5631 passione

177 5644 381 5704 Christi
395 5664 539 5722 quae
557 5647 805 5704 nomine
821 5660 1104 5721 purpurea
1122 5644 1487 5721 exprimitur,
1506 5652 1834 5705 versentur.

1853 4363 1900 4421 Β

1998 1747 2026 1774 α
2070 1724 2194 1781 Dixi
2229 1742 2241 1781 :
2276 1728 2611 1786 Ascendam
2667 1729 2728 1786 in
2781 1730 3073 1803 palmam,
3126 1733 3584 1806 apprehendam

1926 1835 1954 1863 «
1997 1812 2226 1870 fructus
2258 1816 2410 1887 ejus.
2446 1839 2474 1868 n
2506 1822 2654 1891 Apte
2706 1819 2867 1875 enim
2914 1820 3411 1879 victoriosissima
3436 1838 3585 1881 crux

1926 1900 2142 1974 palma:
2187 1911 2592 1977 comparatur,
2622 1907 2683 1964 in
2732 1925 2922 1980 quam
2952 1909 3218 1966 Christus
3247 1911 3581 1970 ascendens

1924 1992 2321 2063 apprehendit
2370 1994 2630 2052 fructum
2680 1996 2829 2067 ejus.
2865 1996 2950 2054 Illi
3005 1997 3166 2054 enim
3207 1999 3269 2055 in
3308 2000 3582 2072 palmam

1925 2082 2261 2139 ascendunt
2288 2084 2391 2156 qui
2435 2084 2495 2140 in
2546 2100 2720 2142 cruce
2750 2086 2959 2142 Christi
2984 2087 3322 2159 proﬁciunt.
3357 2092 3435 2145 De
3456 2105 3582 2163 quo

1923 2170 2245 2242 Apostolus
2296 2172 2418 2229 ait:
2448 2194 2475 2224 α
2509 2173 2616 2239 Qui
2666 2175 2827 2231 enim
2876 2179 3018 2232 sunt
3057 2175 3289 2244 Christi,
3336 2192 3583 2236 carnem

1925 2275 2101 2316 suam
2149 2260 2571 2320 cruciﬁxerunt
2608 2274 2747 2320 cum
2799 2263 2955 2321 vitiis
2983 2268 3042 2321 et
3083 2265 3583 2339 concﬂpiscentiis

1925 2348 2080 2419 (Gal.
2118 2348 2190 2421 v).
2224 2370 2252 2400 ι»
2283 2382 2349 2391 -
2371 2372 2399 2403 ‹‹
2425 2354 2491 2408 Et
2514 2356 2688 2409 erunt
2718 2352 2907 2410 ubera
2957 2357 3062 2410 tua
3111 2354 3265 2413 sicut
3307 2354 3467 2412 botri
3504 2354 3588 2412 vi-

1930 2459 1956 2485 «
1996 2452 2189 2509 neas,»
2202 2438 2262 2494 id
2282 2440 2545 2497 estdona
2565 2441 2970 2514 quaelargitus
3009 2446 3099 2499 est
3126 2446 3351 2500 sancta
3384 2443 3585 2501 Eccle-

1927 2525 2051 2596 siae,
2080 2542 2215 2598 quae
2246 2544 2319 2583 ex
2350 2527 2447 2584 illo
2478 2533 2746 2602 tempore
2769 2530 2977 2587 botros
3001 2530 3187 2588 vinem
3208 2532 3584 2602 germinavit,

1926 2612 1988 2669 id
2018 2618 2107 2670 est
2135 2621 2374 2672 sanctos
2394 2616 2691 2689 doctores,
2718 2618 2825 2691 qui
2844 2619 3079 2690 majore
3099 2619 3345 2677 scientia
3367 2624 3427 2676 et
3454 2635 3590 2691 gra-

1927 2703 2007 2758 tia
2033 2709 2172 2775 post
2199 2720 2438 2761 crucem
2455 2709 2512 2761 et
2530 2708 3028 2765 resurrectionem
3050 2708 3373 2766 Salvatoris
3398 2708 3591 2767 abun-

1927 2792 2179 2849 dabant.
2212 2795 2471 2852 Possunt
2498 2800 2556 2852 et
2596 2795 2787 2853 ubera
2832 2796 3260 2870 praedicatores
3313 2798 3591 2856 Ecclesia

1928 2881 2033 2953 qui
2063 2890 2443 2940 renascentes
2467 2883 2529 2942 in
2550 2884 2669 2942 ﬁde
2690 2886 2979 2955 nutriunt,
3011 2886 3277 2959 intelligi.
3298 2909 3327 2938 ι(
3352 2890 3419 2944 Et
3439 2888 3593 2945 odor

1851 3006 1893 3067 ς
1933 2996 1955 3018 ‹‹
2004 2972 2121 3026 oris
2153 2972 2479 3029 sicutodor
2506 2973 3072 3067 malormn._Guttur
3100 2980 3272 3032 tuum
3318 2976 3471 3033 sicut
3510 2977 3593 3035 vi-

1933 3079 1963 3112 ‹
2003 3076 2149 3115 num
2199 3062 2496 3133 optimum
2520 3063 2599 3120 ad
2629 3062 2988 3135 potandum.
3028 3085 3057 3115 η
3086 3068 3149 3121 In
3207 3068 3443 3134 gutture
3470 3080 3592 3122 vox

1931 3150 2239 3222 praesentis
2274 3150 2582 3217 doctrinas,
2606 3150 2670 3206 in
2701 3152 2884 3208 odore
2912 3151 3081 3212 fama
3126 3151 3394 3209 absentis
3437 3152 3595 3209 desi-

1931 3242 2165 3307 gnatur.
2198 3241 2264 3293 Et
2290 3238 2425 3294 ideo
2480 3238 2624 3296 vino
2654 3238 2755 3296 illa
2783 3244 3026 3313 prepter
3066 3241 3447 3311 ﬂagrantiam
3476 3241 3595 3300 vir-

1933 3330 2148 3387 tutum.
2177 3326 2306 3381 haec
2330 3327 2528 3399 malis,
2560 3333 2807 3401 propter
2837 3329 3193 3386 suavitatem
3219 3330 3486 3387 absentis
3505 3331 3593 3390 ιι-

1931 3433 2068 3484 mae,
2087 3422 2518 3488 comparantur
2539 3434 2552 3473 :
2573 3439 2602 3468 κ
2623 3418 2881 3488 Dignum
2906 3418 3121 3476 dilecto
3146 3430 3303 3476 meo.
3326 3442 3355 3470 ››
3376 3421 3595 3494 Rapuit

1931 3504 2089 3559 enim
2123 3521 2344 3577 sponsa
2374 3505 2628 3563 verbum
2654 3522 2728 3563 ex
2758 3522 2861 3563 ore
2893 3507 3121 3580 sponsi,
3144 3508 3289 3582 quia
3324 3506 3420 3565 ille
3450 3509 3593 3566 vino

1931 3594 2159 3666 optimo
2190 3610 2325 3650 eam
2356 3596 2747 3668 comparavit,
2780 3600 2839 3652 et
2868 3596 3141 3666 subjecit.
3196 3598 3456 3668 Dignum
3506 3598 3595 3655 d1—

1929 3682 2081 3739 lecto
2106 3699 2263 3753 meo,
2295 3683 2359 3739 id
2383 3688 2476 3740 est
2506 3688 2672 3742 tanta
2723 3690 2812 3742 est
2863 3685 3203 3746 sublimitas
3228 3686 3593 3757 “angelica

1931 3771 2393 3844 praedicationis,
2422 3777 2486 3829 ut
2534 3774 2662 3845 ipse
2715 3774 2966 3830 d.-lectus
3008 3791 3183 3830 meus
3229 3776 3460 3847 primus
3484 3784 3593 3847 per

1931 3860 2407 3917 incarnationem
2438 3876 2760 3933 apparens,
2794 3861 3027 3921 mundo
3051 3863 3162 3919 iter
3189 3863 3424 3919 caeleste
3446 3876 3592 3935 apei-

1932 3950 2048 4006 ruit
2076 3967 2088 4004 :
2122 3954 2380 4022 possunt
2408 3950 2470 4004 in
2503 3954 2739 4018 gutture
2772 3950 2849 4006 illi
2877 3950 3124 4021 intelligi
3148 3952 3253 4024 qui
3281 3966 3390 4025 per
3412 3962 3595 4009 evan-

1936 4038 2190 4108 gelicam
2248 4038 2736 4111 praedicationem
2799 4039 2984 4097 corda
3051 4040 3398 4097 auditorum
3463 4042 3592 4098 ine-

1932 4128 2133 4185 briant
2163 4144 2176 4182 :
2210 4127 2371 4184 unde
2397 4128 2662 4184 Christus
2692 4132 2951 4202 potatur,
2980 4144 3122 4185 cum
3149 4144 3221 4186 ex
3247 4146 3317 4186 ea
3348 4126 3596 4189 Chistia~

1935 4219 2047 4284 nis,
2084 4218 2190 4290 qui
2220 4217 2499 4275 membra
2521 4217 2710 4290 ipsius
2759 4223 2917 4286 sunt,
2949 4219 3411 4293 incomparabili
3461 4220 3595 4277 (ιω.

1937 4306 2145 4361 cedine
2179 4307 2491 4363 satiantur.
2519 4328 2549 4357 «
2581 4307 2901 4380 Labiisque
2929 4311 2985 4364 et
3015 4308 3297 4366 dentibus
3325 4309 3481 4366 illius
3512 4302 3595 4366 ad

1936 4395 2390 4465 ruminandum,
2422 4410 2453 4450 ›
2485 4396 2549 4452 id
2578 4401 2668 4453 est
2696 4396 2982 4470 apostolis
3006 4402 3063 4454 et
3095 4398 3592 4470 prmdicaturibus

1935 4485 2157 4557 quibus
2183 4486 2447 4543 maxime
2474 4485 2637 4543 dedit
2667 4486 2744 4542 ad
2778 4486 3213 4543 meditandum.

2008 4596 2036 4624 «
2078 4577 2200 4643 Ego
2230 4575 2443 4631 dilecto
2469 4591 2626 4644 meo,
2656 4594 2685 4624 »
2716 4579 2774 4632 et
2801 4590 2926 4631 non
2955 4574 3122 4631 alteri
3147 4575 3242 4630 cui
3268 4578 3458 4630 totam
3487 4589 3593 4630 cu-

1936 4678 2068 4718 ram
2098 4662 2393 4719 servitutis
2427 4668 2483 4719 et
2510 4662 2841 4720 dilectionis
2885 4662 3191 4736 impendo.
3228 4684 3256 4713 «
3290 4666 3355 4719 Et
3384 4662 3463 4719 ad
3493 4678 3592 4718 me

1939 4774 1967 4803 ‹‹
2009 4752 2316 4807 conversio
2373 4751 2529 4823 ejus,
2562 4774 2591 4803 ι»
2622 4752 2685 4808 id
2738 4757 2845 4819 est,
2889 4766 2987 4809 me
3044 4752 3237 4808 solam
3292 4751 3501 4823 diligit,
3533 4756 3594 4809 et

1938 4842 2187 4912 adjuvat
2239 4858 2355 4909 me,
2391 4852 2467 4897 ne
2520 4840 2797 4898 deﬁciam
2853 4841 2915 4896 in
2954 4840 3072 4897 via.
3107 4842 3210 4898 Cui
3257 4841 3475 4899 dilecto
3518 4852 3595 4899 ex

1936 4947 2081 4987 vero
2114 4930 2382 4987 Ecclesia:
2435 4946 2545 5004 per
2572 4929 2948 4987 Psalmistam
2978 4929 3195 4987 dicitur
3229 4946 3243 4986 :
3273 4951 3303 4980 «
3335 4930 3600 4987 Adhmsit

1940 5019 2147 5076 anima
2192 5035 2330 5076 mea
2377 5024 2514 5093 post
2565 5024 2644 5093 te,
2701 5036 2798 5076 me
2864 5020 3127 5093 suscepit
3183 5020 3431 5078 dextera
3492 5024 3603 5078 tua

1943 5111 2127 5181 (.Psal.
2162 5110 2319 5182 Lm).
2344 5132 2373 5161 ››

2014 5220 2043 5257 ς(
2086 5200 2245 5268 Veni,
2278 5199 2488 5257 dilecte
2516 5199 2620 5268 mi,
2652 5200 3036 5272 egrediamur
3063 5200 3127 5257 in
3174 5214 3409 5272 agrum,
3442 5215 3604 5257 com:

1944 5312 1973 5342 «
2013 5306 2318 5347 moremur
2346 5290 2407 5347 in
2436 5290 2589 5347 villis
2618 5309 2631 5359 ;
2678 5307 2858 5347 mane
2890 5305 3215 5361 surgamus
3258 5288 3336 5347 ad
3366 5289 3601 5360 vineas,

1945 5401 1973 5431 ‹‹
2014 5379 2330 5437 videamus
2355 5380 2404 5436 si
2424 5380 2625 5437 ﬂoruit
2645 5381 2838 5441 vinea,
2866 5380 2914 5436 si
2942 5380 3120 5438 ﬂores
3144 5380 3376 5437 fructus
3404 5382 3606 5452 partus

1946 5491 1974 5520 ‹‹
2015 5470 2193 5537 riunt,
2209 5470 2256 5525 si
2276 5468 2608 5527 ﬂoruerunt
2623 5469 2784 5527 mala
2799 5469 3078 5525 Punica.»
3092 5468 3242 5535 Quia
3257 5468 3603 5524 nullatenus

1949 5557 2323 5624 Ecclesia,vel
2345 5558 2425 5614 ad
2438 5558 2665 5615 bonum
2688 5556 3066 5631 operandam
3087 5556 3450 5626 egrediendo
3470 5570 3608 5629 proa

1948 5646 2177 5717 cedere,
2190 5646 2287 5704 vel
2300 5646 2361 5703 in
2373 5649 2649 5705 exercitio
2658 5648 2835 5705 bonas
2847 5647 3213 5721 operationis
3226 5642 3605 5718 persistendd
