4106 6174
494 215 598 267 623
1582 190 1938 250 ANGELOMI
1976 178 2442 240 LUXOVIENSIS
2479 179 2788 235 MONACHI
3786 177 3896 230 62’s

497 330 879 397 commorari,
895 325 991 383 vel
1014 323 1224 380 saltem
1249 320 1326 376 ad
1347 317 1723 392 propositum
1743 314 1895 368 bene
1925 303 2142 378 agendi
2174 305 2222 358 Α
2252 300 2529 397 Ecclesia,
2552 305 2689 372 post
2713 299 3128 397 ascensionem
3158 299 3227 397 in
3251 301 3370 397 toto
3395 296 3625 397 mundo
3654 295 3902 397 dilatata

497 385 945 486 ass-urgerva
963 408 1197 465 animos
1219 385 1561 461 auditorum
1584 413 1830 454 suorum
1847 399 2142 468 quantum
2254 389 2382 456 fuit,
2427 395 2484 445 et
2529 389 2886 486 venerabilis
2931 388 3162 445 effecta.
3193 389 3358 444 Prius
3410 387 3635 443 dictum
3659 385 3901 486 fuerat,

497 475 856 582 profecerint
881 500 1213 556 discernere
1239 493 1473 559 sufﬁcit,
1493 490 1608 546 nisi
1629 488 1728 544 Dei
1759 485 1952 557 gratia
1979 480 2148 550 adju-
2257 501 2285 529 «
2329 481 2509 534 Notus
2559 478 2618 534 in
2666 478 2870 534 Judaea
2916 481 3090 543 Deus,
3121 501 3148 527 »
3171 493 3334 533 nunc
3381 481 3582 532 autem
3640 475 3904 531 dicitur:

498 567 561 654 ta
589 592 694 668 qui
719 590 904 647 dixit:
941 611 968 638 «
998 589 1142 641 Ecce
1172 599 1283 654 ego
1329 580 1644 637 vobiscum
1694 592 1830 632 sum
1862 569 2145 629 omnibus
2259 590 2287 618 ‹‹
2330 567 2598 624 Exaltare
2651 584 2831 640 super
2880 567 3083 631 caelos,
3120 571 3291 635 Deus,
3321 571 3378 624 et
3426 582 3605 638 super
3660 579 3912 663 omnem

500 652 736 748 diebus,
762 692 953 750 usque
975 673 1053 730 ad
1083 652 1662 728 consummationem
1681 662 1881 720 smculi
1908 655 2146 750 (Matth.
2259 663 2476 750 terram
2521 658 2710 750 gloria
2737 661 2856 750 tua.
2891 679 2919 708 »
2950 659 3148 714 Potest
3177 662 3237 750 et
3258 655 3713 750 aliterintelligi.
3745 652 3918 750 ﬁngit

502 743 733 842 xxvm),
781 791 806 817 »
855 743 1176 837 Egreditur
1240 761 1502 816 Christus
1573 773 1711 813 cum
1777 750 2034 810 Ecclesia
2090 745 2152 801 in
2259 748 2447 804 ubera
2475 748 2683 805 matris
2715 747 2997 818 Christus,
3026 765 3182 842 _cum
3224 747 3483 804 historiis
3527 745 3737 842 priscae
3760 743 3915 842 legis

488 835 741 933 agrum,
770 835 1016 930 quando
1045 869 1152 926 per
1175 854 1412 907 sanctos
1451 849 1723 905 doctores
1752 842 2152 933 visitat‘mun—
2263 838 2630 933 Christianus
2659 838 2921 911 populus
2951 837 3227 933 reﬁcitur.
3262 841 3501 894 Matrem
3551 835 3777 933 quippe
3811 837 3917 933 Ec:

506 923 674 1008 dum.
709 923 1125 1005 Coinmoratur
1152 942 1214 997 in
1259 939 1432 1007 villis,
1460 954 1566 1011 per
1616 935 1799 990 ﬁdem
1846 929 2068 986 scilicet
2095 925 2155 980 in
2265 928 2481 998 clesiae,
2509 928 2570 983 id
2600 933 2688 984 est
2711 944 2928 1001 corpus
2960 927 3163 984 Christi
3189 929 3514 1000 Synagoga
3541 925 3773 995 dicunt,
3824 923 3922 979 cui

507 1039 749 1116 populis
794 1053 866 1093 ex
916 1032 1193 1105 gentibus
1243 1027 1643 1091 credentibus,
1689 1024 2158 1116 circumquaque
2266 1017 2326 1116 in
2358 1016 2688 1116 primordio
2738 1017 2975 1116 eloquia
3015 1017 3240 1116 divina"
3261 1016 3483 1116 credita
3541 1019 3700 1116 sunt,
3725 1018 3786 1069 et
3814 1012 3922 1086 qui

511 1105 955 1186 11111118181118118
987 1119 1293 1189 consurgit
1320 1117 1398 1173 ad
1424 1116 1650 1181 vineas,
1684 1117 1749 1168 ut
1777 1109 1993 1166 animee
2024 1119 2160 1177 quae
2269 1107 2331 1163 in
2379 1108 2567 1162 Veteri
2619 1106 3000 1162 Testamento
3048 1105 3162 1161 sub
3204 1106 3400 1176 ﬁgura
3451 1105 3780 1175 tegebatur,
3816 1118 3927 1175 per

511 1234 620 1293 per
669 1214 853 1271 ﬁdem
898 1212 1026 1282 jam
1082 1210 1427 1264 meruerunt
1483 1201 1699 1271 colligi,
1737 1200 1798 1255 in
1853 1191 2162 1293 matutinis
2271 1195 2658 1266 Evangelium
2687 1196 2749 1251 in
2779 1212 2938 1252 novo
2968 1197 3031 1252 in
3058 1196 3296 1252 veritate
3324 1196 3630 1268 reperitur.

515 1280 816 1363 Christum
871 1280 1264 1357 resurrexisse
1312 1295 1698 1364 cognoscant,
1725 1304 1836 1344 nec
1889 1284 2044 1340 ultra
2089 1280 2164 1337 de
2345 1308 2372 1336 ‹‹
2413 1286 2876 1359 Apprehendam
2908 1291 2982 1359 te,
3015 1306 3044 1339 »
3089 1285 3151 1341 id
3193 1290 3280 1342 est
3325 1289 3606 1358 prompta
3655 1300 3723 1340 ac
3754 1282 3930 1339 ﬁdeli

518 1396 609 1452 sui
652 1391 917 1464 corporis
957 1385 1386 1444 resurrectione
1435 1381 1724 1438 dubitent.
1773 1375 2094 1432 Videamus
2119 1369 2166 1425 Si
2275 1375 2590 1432 devotione
2619 1375 2954 1432 venientem
2991 1374 3302 1448 accipiam.
3335 1396 3362 1423 ‹‹
3396 1377 3464 1430 Et
3508 1373 3730 1429 ducam
3763 1376 3823 1428 te
3870 1372 3931 1427 in

515 1460 814 1541 ﬂoruisset
839 1480 1037 1547 vinea,
1059 1475 1110 1531 si
1138 1473 1392 1531 Ecclesia
1419 1472 1595 1528 ﬂores
1623 1468 1740 1523 ﬁde
1771 1472 1828 1522 et
1855 1460 2164 1538 parturiat,
2278 1489 2305 1516 «
2347 1465 2598 1522 domum
2622 1465 2828 1522 matris
2859 1483 3026 1522 meae.
3057 1489 3084 1515 »
3118 1469 3357 1521 Peracta
3387 1464 3582 1521 carnis
3614 1464 3934 1536 dispensa-

520 1574 571 1629 si
598 1575 774 1628 ﬂores
802 1570 1028 1625 fructus
1052 1563 1409 1639 parturiunt,
1443 1560 1505 1616 id
1533 1563 1621 1614 est
1649 1557 1697 1613 si
1748 1554 1936 1610 sancti
1963 1549 2169 1639 ﬁdeles
2279 1556 2458 1625 tione,
2504 1555 2852 1611 redeuntem
2905 1555 3055 1611 laetis
3104 1555 3325 1611 ducam
3371 1553 3700 1609 luminibus
3725 1553 3790 1608 in
3821 1553 3926 1608 do-

519 1661 687 1734 quod
739 1657 916 1716 corde
963 1637 1343 1710 crediderunt
1388 1665 1488 1704 ore
1529 1643 1938 1734 pronuntiant.
1979 1639 2036 1696 Si
2065 1637 2171 1734 ﬂo-
2200 1657 2245 1710 Β
2281 1661 2447 1701 mum
2492 1643 2718 1711 matris,
2749 1643 2811 1698 id
2839 1647 2928 1734 est
2955 1643 3208 1699 caelestis
3233 1642 3797 1734 Hierusalempqum
3847 1644 3934 1696 est

521 1725 769 1808 ruerunt
797 1745 960 1802 mala
989 1742 1233 1806 Punica,
1267 1739 1315 1795 si
1362 1737 1444 1793 illi
1482 1736 1587 1809 qui
1629 1735 1690 1790 in
1722 1731 1950 1790 Christo
1981 1725 2169 1784 credi-
2281 1741 2472 1792 mater
2499 1740 2722 1792 nostra.
2759 1757 2786 1783 ‹‹
2812 1733 2896 1790 Ibi
2926 1750 3024 1790 me
3053 1733 3317 1802 docebis,
3353 1756 3380 1784 ››
3409 1733 3472 1789 id
3501 1736 3590 1788 est
3624 1732 3809 1788 facies
3837 1747 3932 1786 me

523 1841 740 1897 derunt
764 1837 825 1892 in
857 1837 1023 1890 tanta
1049 1829 1362 1887 dilectione
1393 1824 1732 1900 proﬁciunt,
1763 1825 1824 1877 ut
1852 1819 2031 1876 etiam
2061 1830 2172 1889 pro
2279 1825 2514 1900 potiora
2566 1841 2806 1898 sperare
2837 1824 3020 1894 dona,
3046 1841 3230 1897 quam
3279 1824 3339 1880 in
3389 1823 3516 1894 lege
3559 1822 3930 1879 habuissem.

524 1929 656 2002 ipso
696 1923 889 1982 occidi
917 1921 1297 1978 delectentur.
1343 1916 1440 1971 His
1475 1914 1633 1970 enim
1667 1909 1918 2002 singulis
1947 1919 2176 2002 sponsa
2283 1939 2308 1966 α
2354 1919 2420 1972 Et
2446 1915 2605 1971 dabo
2650 1915 2754 1970 tibi
2793 1913 3079 1987 poculum
3123 1930 3195 1970 ex
3236 1913 3375 1969 vino
3407 1913 3668 1983 condito,
3701 1933 3728 1965 ,
3752 1913 3816 1968 id
3847 1915 3936 1967 est

525 1992 723 2073 (iilecti
771 2013 886 2069 δοῖ
914 2007 1323 2084 PGenitenﬁam
1381 2002 1610 2076 (Ιυεθνίῐο
1645 2024 1671 2050 “
1719 1999 1805 2056 lbi
1858 1997 1962 2053 tibi
2013 1992 2176 2084 dabo
2282 2004 2607 2061 ferventem
2639 2019 2906 2060 amorem
2941 2004 3116 2060 variis
3141 2004 3423 2059 virtutum
3455 2003 3776 2076 pigmentis
3796 2002 3936 2059 odo-

527 2129 556 2156 «
597 2105 786 2160 ubera
813 2083 1054 2169 mea,id
1085 2101 1176 2154 est
1222 2093 1613 2168 parvulorum
1661 2104 1936 2146 meorum
1977 2083 2177 2158 Ρωάθθ
2285 2100 2483 2151 ratum
2525 2094 2619 2150 vel
2667 2101 2969 2150 ornatum.
3003 2116 3032 2143 «
3063 2097 3128 2149 Et
3156 2098 3424 2149 mustum
3472 2094 3769 2150 malorum
3801 2110 3932 2166 gra-

526 2211 735 2268 gogos.
771 2191 922 2259 Quia
952 2191 1012 2246 in
1038 2188 1130 2244 his
1160 2185 1442 2243 omnibus
1468 2181 1791 2258 proﬁciunt
1819 2177 2008 2234 sancti
2035 2176 2177 2268 decf
2287 2189 2568 2240 natorum
2598 2198 2892 2249 meorum,
2923 2204 2950 2231 »
2982 2182 3044 2238 id
3068 2187 3154 2238 est
3180 2182 3577 2252 gloriosorum
3602 2189 3935 2255 martyrum

525 2263 703 2351 tores,
726 2283 787 2339 in
816 2281 931 2338 hac
973 2281 1182 2335 sancta
1229 2272 1602 2331 confessione
1648 2268 2037 2326 sociabuntur
2074 2263 2180 2320 tibi

513 2373 802 2430 doctores
832 2369 969 2427 mei.
998 2371 1066 2424 Et
1092 2365 1235 2440 quia
1264 2363 1457 2438 parati
1486 2364 1625 2418 sunt
1647 2365 1713 2416 ut
1735 2359 2041 2432 patiantur
2070 2369 2179 2427 pro

529 2470 606 2530 te,
637 2461 980 2532 regnabunt
1009 2455 1174 2529 apud
1199 2461 1273 2512 te.

603 2577 631 2604 ‹‹
672 2551 1078 2619 Mandragorte
1109 2545 1403 2601 dederunt
1424 2543 1670 2599 odorem
1704 2555 1880 2595 suum
1907 2537 1968 2592 in
1995 2533 2182 2609 portis

534 2667 563 2694 «
603 2637 840 2697 nostris.
875 2659 902 2688 »
924 2633 1332 2702 Mandragorae
1363 2631 1485 2687 duo
1517 2634 1656 2685 sunt
1684 2642 1924 2697 genera,
1943 2639 2181 2680 mascu-

531 2731 626 2787 lus
671 2732 728 2784 et
779 2724 1020 2782 femina.
1070 2721 1312 2778 Femina
1356 2719 1562 2784 rubea,
1619 2714 1922 2772 masculus
1965 2713 2180 2769 albus:

532 2819 799 2889 utrisque
842 2829 967 2870 una
1008 2811 1095 2868 vis
1138 2810 1217 2866 ad
1271 2808 1730 2864 medicamenta.
1779 2803 2182 2872 Mandragorae

534 2907 727 2975 dictae,
759 2919 831 2960 eo
857 2901 1023 2976 quod
1052 2899 1315 2956 habeant
1344 2896 1506 2953 mala
1530 2891 1959 2962 suaveolentia,
1980 2891 2040 2946 in
2063 2906 2187 2945 ma-

2289 2278 2636 2330 sanctorum
2683 2273 3075 2346 triumphum,
3108 2272 3212 2346 qui
3261 2273 3696 2329 ferventissima
3743 2272 3937 2329 chari-

2288 2367 2406 2419 tate
2449 2379 2556 2436 per
2606 2362 2828 2419 ferrum
2878 2363 3281 2436 ﬂammasque
3323 2362 3401 2420 ad
3435 2368 3488 2419 te
3536 2363 3780 2419 transire
3808 2377 3938 2417 non

2289 2451 2586 2508 dubitant.
2620 2452 2840 2508 Aliter:
2882 2452 3050 2508 Ducit
3094 2452 3354 2509 Ecclesia
3397 2451 3685 2508 Christum
3729 2451 3789 2505 in
3816 2450 3933 2506 do-

2291 2557 2460 2596 mum
2510 2540 2717 2596 matris
2767 2540 3018 2597 cmlestis
3071 2540 3453 2607 Hierusalem,
3502 2538 3745 2612 quando
3786 2555 3936 2594 cum

2291 2628 2575 2686 omnibus
2596 2629 2772 2685 bonis
2800 2646 2934 2702 quze
2963 2647 3070 2702 per
3099 2646 3272 2686 suam
3324 2628 3565 2701 gratiam
3612 2631 3941 2683 consecuta

2292 2723 2398 2786 est,
2440 2719 2617 2774 etiam
2672 2719 2804 2792 ipsa
2859 2720 3103 2792 perduci
3131 2725 3408 2777 meretur.
3443 2719 3642 2792 Ibique
3673 2718 3938 2784 docetur,

2293 2830 2322 2858 ‹‹
2367 2813 2428 2864 ut
2451 2809 2579 2879 jam
2609 2824 2731 2864 non
2759 2809 2820 2864 in
2852 2809 3168 2881 aenigmate
3197 2826 3304 2883 per
3345 2809 3610 2882 specula,
3644 2808 3750 2864 sed
3797 2808 3942 2864 facie

2294 2897 2373 2953 ad
2395 2899 2609 2953 faciem
2638 2897 2853 2964 videat,
2881 2917 2910 2950 ›
2932 2899 3178 2971 quando
3199 2902 3460 2972 optimos
3484 2903 3540 2955 et
3568 2897 3942 2954 dulcissimos

537 2993 913 3066 εηίίιιάίηθω
938 2989 1102 3058 mali.
1127 2987 1287 3043 unde
1317 2991 1374 3043 εἴ
1393 3001 1527 3042 eam
1552 2981 1738 3038 Latini
1761 2980 1991 3036 malum
2021 2985 2186 3070 terra?
2215 3016 2257 3070 ο
2292 2986 2602 3060 protulerit
2630 2988 2983 3060 martyrium
3015 2988 3260 3056 fructus,
3292 2989 3453 3045 velut
3503 2993 3771 3044 mustum
3818 3003 3942 3043 ma-

534 3087 754 3141 vocant
782 3101 794 3138 :
818 3082 976 3138 hanc
1006 3083 1197 3152 poeta:
1225 3076 1645 3150 ἀνθροπόμορφον
1676 3071 2000 3144 appellant,
2023 3067 2189 3142 quod

2309 3093 2490 3132 orum
2522 3083 2934 3147 granatorum.

534 3173 760 3231 habeat
801 3169 1061 3226 radicem
1108 3167 1368 3223 formam
1421 3161 1681 3219 hominis
1713 3159 2186 3225 assimilantem;

536 3278 674 3335 quae
704 3264 880 3316 datur
913 3258 974 3312 in
1004 3256 1146 3311 vino
1171 3254 1250 3310 ad
1278 3251 1633 3319 bibendum,
1665 3265 1925 3322 quorum
1972 3262 2190 3319 corpus

536 3353 782 3424 prOpter
812 3362 1019 3403 curam
1050 3342 1381 3415 secandum
1413 3345 1518 3406 est,
1537 3344 1600 3395 ut
1630 3337 1892 3410 soporati
1921 3336 2191 3392 dolorem

537 3453 663 3492 non
690 3435 965 3492 sentiant.
997 3430 1405 3499 Mandragorae
1429 3431 1673 3500 propter
1693 3424 2051 3481 multimoda
2071 3439 2192 3479 me-

540 3525 915 3582 dicaminum
964 3535 1184 3590 genera
1229 3522 1572 3572 sanctorum
1612 3513 1925 3568 virtutibus
1955 3527 2195 3584 compa-

541 3619 770 3681 rantur,
797 3625 932 3684 quze
977 3623 1138 3663 more
1169 3605 1542 3661 medicorum
1571 3602 1649 3658 ad
1677 3601 1930 3656 salutem
1960 3600 2194 3656 anima-

539 3720 679 3762 rum
710 3717 747 3757 a
777 3699 1058 3756 vitiorum
1079 3694 1520 3752 inﬁrmitatibus
1541 3695 1845 3758 sanentur,
1873 3690 2196 3746 ostendun-

543 3797 659 3850 tur.
689 3794 872 3846 Portae
898 3786 1170 3845 Ecclesia:
1199 3785 1475 3840 doctores
1501 3786 1642 3838 sunt
1671 3780 1881 3843 sancti,
1912 3784 1967 3835 et
1991 3779 2052 3834 in
2081 3779 2193 3834 hu-

540 3878 809 3952 jusmodi
855 3876 1041 3950 portis
1097 3873 1518 3943 mandragorae
1566 3871 1714 3926 dant
1758 3868 2028 3936 odorem,
2055 3884 2194 3923 cum

545 3967 882 4039 spirituales
913 3964 1138 4036 quique
1169 3979 1241 4018 ex
1285 3979 1345 4017 se
1390 3961 1668 4017 virtutum
1721 3959 1988 4031 palmam
2017 3957 2194 4026 longe

543 4055 783 4124 lateque
814 4054 1124 4123 spargunt.
1159 4071 1186 4098 ‹‹
1221 4049 1436 4104 Omnia
1467 4064 1673 4121 poma,
1706 4063 1865 4103 nova
1891 4052 1947 4102 et
1971 4051 2193 4111 vetera,

549 4163 577 4192 ‹‹
619 4139 816 4195 dilecti
867 4138 972 4209 mi,
1001 4136 1230 4192 servavi
1259 4136 1386 4192 tibi.
1421 4160 1448 4185 ››
1481 4140 1662 4192 Poma
1690 4152 1850 4191 nova
1891 4139 1947 4190 et
1976 4138 2194 4191 vetera.

545 4232 847 4303 praecepta
873 4227 994 4283 sive
1025 4225 1327 4298 promissa
1362 4229 1500 4279 sunt
1554 4223 1694 4278 Novi
1747 4223 2100 4280 Testamenti
2143 4228 2200 4279 et

547 4316 789 4384 Veteris,
815 4332 951 4390 quas
981 4315 1188 4371 omnia
1219 4313 1296 4370 ad
1318 4313 1450 4384 ejus
1483 4311 1735 4381 gratiam
1788 4311 1963 4368 refert
2011 4312 2200 4368 Eccle-

550 4406 657 4474 sia,
687 4405 810 4462 sive
836 4409 1034 4461 Patres
1059 4403 1202 4460 Novi
1238 4401 1586 4458 'i‘estamenti
1612 4405 1669 4456 et
1697 4401 1913 4456 Veteris
1942 4407 2201 4475 possunt

548 4495 813 4568 intelligi,
839 4495 984 4568 quia
1010 4509 1130 4550 una
1153 4491 1488 4564 eademque
1521 4489 1778 4546 Ecclesia
1807 4495 1914 4546 est.

1181 4636 1404 4692 CAPUT
1442 4636 1576 4690 Vill.

625 4788 654 4816 ‹‹
693 4764 833 4830 Quis
865 4762 1015 4819 mihi
1045 4761 1149 4818 dat
1167 4761 1412 4816 fratrem
1440 4774 1646 4815 meum
1678 4764 1990 4830 sugentem
2020 4761 2208 4818 ubera

553 4876 582 4904 ‹‹
622 4854 799 4908 mea?
825 4874 852 4900 »
875 4854 999 4906 Vox
1023 4850 1138 4906 ista
1168 4853 1259 4905 est
1288 4847 1672 4919 antiquorum
1702 4849 1973 4906 vivorum
1999 4855 2208 4924 optan-

552 4941 702 4996 tium
732 4938 1061 4994 adventum
1091 4937 1303 4993 Christi
1340 4937 1402 4992 in
1445 4953 1624 4993 carne
1655 4942 1712 4994 et
1740 4938 1905 4996 illum
1935 4939 1994 4995 in
2025 4942 2209 5012 Syna-

552 5042 711 5100 goga
747 5025 915 5081 nasci
963 5040 1035 5080 ac
1065 5024 1294 5090 nutriri,
1323 5025 1495 5094 juxta
1519 5026 1802 5083 humanae
1852 5028 2207 5084 conditionis

551 5120 853 5172 naturam.
889 5135 917 5162 «
950 5115 1019 5169 Ut
1074 5112 1375 5168 inveniam
1433 5117 1486 5168 te
1538 5114 1680 5172 foris
1727 5119 1783 5170 et
1812 5115 2140 5172 deosculer.
2174 5136 2204 5169 ι

551 5208 715 5261 Intus
754 5207 880 5258 erat
925 5200 1196 5271 dilectus,
1227 5201 1375 5256 dum
1414 5225 1442 5252 ‹‹
1483 5203 1545 5259 111
1577 5203 1869 5276 principio
1923 5207 2049 5259 erat
2079 5207 2211 5261 Ver-

550 5293 724 5364 bum,
758 5313 785 5340 «
817 5290 980 5363 foris,
1012 5291 1160 5347 dum
1194 5313 1221 5340 ‹‹
1262 5291 1517 5348 verbum
1571 5308 1711 5348 caro
1761 5291 1985 5347 factum
2037 5299 2142 5350 est.
2176 5315 2206 5348 »

555 5405 583 5436 ‹‹
627 5386 693 5439 Et
722 5381 1053 5449 deosculer,
1083 5405 1109 5431 »
1136 5381 1284 5437 facie
1315 5382 1394 5438 ad
1420 5381 1656 5450 faciem,
1689 5386 1746 5436 et
1773 5396 1875 5437 ore
1919 5383 1997 5438 ad
2029 5399 2098 5440 os
2124 5384 2207 5441 lo-

553 5487 729 5546 quar.
772 5473 851 5527 De
878 5487 1001 5544 quo
1023 5471 1229 5527 osculo
1255 5470 1317 5526 in
1347 5469 1591 5525 exordio
1617 5469 1753 5525 libri
1782 5471 1922 5528 satis
1955 5473 2210 5534 arbitror

553 5562 804 5619 dictum.
833 5583 860 5610 «
892 5564 959 5617 Et
978 5561 1105 5632 jam
1151 5575 1248 5615 me
1290 5573 1470 5613 nemo
1520 5557 1830 5631 despiciat.
1861 5586 1887 5613 »
1921 5569 2067 5622 Ante
2097 5566 2204 5622 ad-

552 5657 800 5710 ventum
829 5650 1043 5708 Christi
1069 5649 1227 5705 intra
1249 5647 1560 5714 angustias
1587 5648 1806 5708 Iudaeae
1837 5657 2067 5713 tantum
2099 5656 2205 5713 fuit

2371 3191 2398 3217 ‹‹
2441 3171 2612 3224 Laeva
2641 3168 2770 3238 ejus
2797 3169 2909 3224 sub
2967 3169 3160 3241 capite
3208 3185 3363 3233 meo,
3397 3173 3454 3224 et
3495 3169 3739 3225 dextera
3792 3169 3944 3225 illius

2300 3281 2327 3307 «
2370 3257 2811 3330 amplexabitur
2839 3275 2953 3314 me.
2978 3281 3006 3308 »
3030 3259 3092 3314 In
3116 3258 3270 3314 laeva
3293 3259 3723 3315 incarnationis
3743 3257 3948 3314 Christi

2299 3346 2501 3412 dona;
2529 3347 2588 3402 in
2628 3346 2892 3418 dextera,
2920 3347 3118 3404 futura
3163 3352 3509 3404 sanctorum
3555 3365 3694 3404 cum
3726 3348 3949 3404 Christo

2303 3437 2527 3506 gaudia
2571 3437 3004 3509 exprimuntur.
3055 3437 3154 3494 Vel
3200 3438 3260 3494 in
3309 3438 3458 3494 laeva
3505 3454 3772 3510 praesens
3812 3438 3950 3506 vita,

2302 3540 2486 3595 quam
2521 3525 2714 3581 sancti
2758 3526 2872 3582 sub
2900 3527 3116 3583 mentis
3167 3527 3358 3600 capite
3402 3532 3649 3600 ponunt,
3683 3527 3834 3598 quia
3862 3526 3955 3582 de-

2305 3614 2580 3686 spiciunt.
2618 3619 2681 3670 1n
2736 3615 2981 3673 dextera
3026 3616 3354 3678 beatitudo.
3386 3633 3566 3691 quam
3625 3615 3824 3671 sancti
3881 3615 3956 3671 ob

2303 3703 2556 3759 nimium
2579 3703 2942 3760 desiderium
2984 3707 3506 3779 amplexabuntur.
3528 3707 3608 3761 De
3632 3705 3751 3760 hoc
3777 3718 3956 3762 versu

2305 3793 2578 3866 superius
2601 3795 2778 3850 latius
2809 3795 3172 3868 abundeque
3193 3797 3565 3870 disputatum
3595 3800 3704 3851 est.

2377 3905 2404 3933 ‹‹
2448 3885 2590 3948 Quae
2635 3888 2725 3940 est
2762 3885 2876 3940 ista
2907 3901 3041 3957 quae
3069 3886 3338 3942 ascendit
3365 3886 3439 3941 de
3470 3885 3704 3942 deserto
3733 3884 3955 3940 deliciis

2308 3993 2336 4020 «
2379 3971 2674 4028 afﬂuens?
2707 3996 2734 4023 »
2762 3972 2983 4029 Verum
3014 3977 3071 4029 et
3095 3974 3235 4030 hinc
3255 3975 3382 4046 jam
3408 3974 3817 4044 disseruimus,
3851 3973 3954 4029 sed

2304 4062 2448 4134 quia
2472 4063 2740 4135 repetitio
2761 4079 3063 4130 versuum,
3077 4063 3391 4134 ﬁrmitatis,
3407 4070 3471 4121 ut
3497 4082 3656 4138 saepe
3675 4064 3954 4131 diximus,

2307 4150 2594 4207 indicium
2625 4157 2733 4220 est,
2762 4167 2924 4208 nunc
2951 4157 3270 4224 tangamus
3298 4154 3571 4211 breviter.
3603 4154 3734 4209 Vox
3771 4154 3958 4227 Syna-

2309 4253 2479 4308 gogas
2505 4239 2598 4294 vel
2628 4239 2932 4312 prophetae
2963 4241 3335 4309 admirantis,
3363 4242 3673 4315 quomodo
3709 4242 3960 4298 Ecclesia

2312 4327 2386 4384 de
2417 4329 2651 4384 deserto
2683 4329 3023 4401 gentilitatis
3050 4331 3113 4386 in
3145 4333 3351 4405 sponsi
3389 4331 3590 4388 subito
3647 4333 3960 4405 amplexus

2313 4418 2679 4474 ascendisset
2707 4436 2719 4472 :
2753 4419 2848 4474 cui
2876 4436 2984 4492 per
3011 4421 3372 4494 prophetam
3401 4422 3652 4478 dicitur:
3691 4446 3720 4472 ››
3759 4426 3869 4480 Pro
3897 4437 3961 4478 eo

2313 4508 2479 4580 quod
2504 4507 2665 4562 fuisti
2685 4507 2984 4576 derelicta,
3013 4515 3068 4567 et
3097 4511 3236 4568 odio
3256 4512 3464 4568 habita
3489 4514 3632 4583 (Isa.
3662 4515 3785 4583 ωε),
3814 4518 3961 4569 »ϐία

2315 4598 2381 4651 Et
2404 4595 2464 4652 in
2488 4595 2724 4669 psalmo
2759 4615 2771 4652 :
2807 4600 3160 4656 Erraverunt
3189 4601 3250 4656 in
3281 4601 3600 4657 solitudine
3627 4602 3690 4657 in
3717 4602 3965 4675 111811110-

2315 4701 2382 4741 so
2414 4686 2662 4757 (Psalm.
2696 4690 2831 4755 cvi).
2868 4711 2895 4738 »
2931 4688 3157 4745 Deliciis
3186 4688 3461 4761 afﬂuens,
3491 4691 3554 4746 id
3575 4695 3662 4747 est
3691 4692 3966 4748 omnium

2313 4775 2613 4831 donorum
2669 4775 3128 4848 pulchritudine.
3185 4779 3392 4836 Innixa
3448 4798 3630 4854 super
3681 4781 3965 4839 dilectum

2315 4881 2541 4921 meum.
2589 4888 2618 4915 »
2666 4865 2814 4930 Quia
2869 4867 3075 4924 omnia
3125 4884 3262 4940 quae
3322 4869 3527 4938 habet,
3583 4870 3661 4927 ad
3713 4874 3967 4941 gratiam

2312 4953 2505 5026 ipsius
2554 4954 2729 5010 refert
2771 4955 3027 5012 stabilita
3062 4957 3125 5012 in
3155 4973 3226 5014 eo
3267 4958 3409 5028 ﬁde,
3444 4976 3549 5032 spe
3574 4963 3632 5016 et
3659 4960 3964 5018 charitate.

2313 5059 2496 5114 quem
2522 5042 2668 5097 mihi
2690 5043 2801 5098 soli
2847 5045 3338 5104 committendam
3363 5049 3708 5105 credebant.
3725 5071 3754 5098 «
3789 5047 3969 5108 Susci-

2314 5129 2432 5185 tavi
2460 5134 2512 5185 te
2559 5129 2672 5186 sub
2702 5131 2917 5188 arbore
2955 5133 3140 5190 malo.
3183 5159 3211 5185 »
3243 5138 3568 5210 Respondit
3605 5154 3843 5211 sponsa
3870 5152 3966 5210 pro

2318 5218 2659 5289 Synagoga.
2689 5223 2822 5292 Ipse
2854 5238 3117 5294 sponsus
3147 5225 3262 5281 sub
3307 5227 3521 5283 arbore
3550 5229 3746 5284 crucis
3778 5245 3817 5284 a
3852 5243 3967 5301 per-

2315 5311 2498 5379 petua
2525 5312 2715 5365 morte
2743 5309 2988 5368 liberavi
3021 5317 3096 5385 te,
3146 5319 3211 5370 ut
3262 5316 3568 5390 apostolos
3610 5321 3668 5373 et
3731 5322 3968 5374 caeteros

2317 5395 2535 5453 electos
2563 5413 2635 5453 ex
2664 5397 2888 5455 Iudaea.
2913 5423 2940 5450 «
2972 5401 3057 5457 lbi
3086 5409 3368 5476 corrupta
3395 5409 3483 5460 est
3509 5408 3703 5461 mater
3735 5410 3863 5470 tua,
3897 5399 3971 5458 ibi

2318 5506 2346 5534 «
2386 5485 2608 5543 violata
2657 5493 2748 5544 est
2793 5491 3044 5560 genitrix
3088 5495 3210 5548 tua.
3256 5515 3284 5542 »
3319 5492 3382 5548 ld
3430 5497 3539 5563 est,
3583 5494 3790 5564 major
3839 5508 3971 5567 pars

2314 5572 2506 5644 plebis
2535 5575 2829 5634 Christum
2860 5579 3140 5651 negando
3187 5586 3244 5637 et
3287 5581 3615 5638 Barrabam
3670 5582 3969 5653 eligendo.

2311 5661 2388 5719 ad
2419 5679 2657 5721 crucem
2679 5669 3078 5739 reparobatet.
