4092 6176
242 123 347 178 625

1449 115 1699 172 ENARR.
1742 113 1809 168 IN
1850 110 2152 174 CANTICA
2192 121 2458 179 CANTIC.

3555 121 3659 178 626

320 268 348 297 «ι
389 247 543 300 Pone
569 257 664 298 me
697 246 761 298 ut
791 241 1171 312 signaculum
1193 257 1372 314 super
1399 256 1500 297 cor
1524 243 1714 304 tuum,
1749 241 1806 294 et
1826 235 1899 292 si-
1933 239 1980 291 Α
2011 262 2041 289 ‹‹
2083 243 2218 299 cula
2247 250 2546 316 argentea.
2581 269 2608 296 ››
2639 250 2720 302 Ac
2753 247 2801 302 si
2831 246 3083 303 diceret:
3129 247 3184 304 Si
3216 247 3447 320 aliquos
3477 245 3661 303 habet

244 358 274 384 ‹‹
317 338 414 390 cut
444 331 825 403 signaculum
848 347 1030 403 super
1059 330 1371 386 brachium
1405 335 1592 386 tuum.
1629 350 1655 377 ››
1693 326 1901 395 Signa-

241 425 446 492 culum
477 424 536 478 in
558 421 810 478 brachio
832 420 924 476 vel
940 419 1146 492 digito,
1169 419 1249 475 ob
1280 418 1637 475 memoriam
1664 415 1904 472 cuilibet

241 514 325 570 rei
348 513 641 582 ligamus.
681 514 782 566 Per
825 533 852 560 ‹‹
884 525 1005 577 cor,
1040 532 1069 559 ›>
1117 509 1419 579 cogitatio,
1463 512 1518 564 et
1547 523 1654 580 per
1695 529 1721 555 «
1764 504 1901 560 bra-

245 602 474 667 chium,
512 623 539 649 ›ι
571 599 836 672 operatio
863 597 1229 666 designatur.
1265 596 1326 666 _Id
1359 601 1447 652 est
1473 613 1484 650 :
1545 594 1600 651 Si
1631 609 1728 649 me
1757 592 1902 647 velis

242 690 474 747 habere
503 705 816 762 sponsum,
847 686 1008 742 intus
1037 687 1109 742 sit
1137 687 1397 742 charitas
1441 684 1558 739 ﬁde
1590 699 1713 738 non
1741 682 1900 750 ﬁcta,

249 782 310 834 et
325 777 469 834 foris
490 775 753 850 operatio
768 774 1065 842 devota,et
1081 773 1162 829 sic
1173 772 1456 845 respicies
1477 770 1659 826 ﬁdem
1677 783 1902 836 meam,

253 873 321 924 ut
335 883 470 923 eam
495 863 939 921 immaculatam
956 861 1279 918 custodias.
1296 864 1361 917 Et
1380 859 1522 932 quia
1542 874 1648 932 per
1663 872 1904 914 crucem

253 972 456 1012 meam
489 953 861 1023 signaculum
915 951 1212 1024 accepisti,
1263 951 1611 1006 thesaurum
1657 945 1903 1018 justitize

249 1061 437 1118 quem
459 1044 519 1100 in
551 1048 606 1099 te
633 1041 872 1109 contuli,
905 1057 941 1096 a
981 1040 1144 1096 nullo
1186 1040 1312 1096 fure
1338 1037 1555 1094 auferri
1601 1036 1905 1108 pertimes-

248 1150 374 1197 cas,
399 1138 462 1188 ut
487 1139 607 1188 tam
638 1131 994 1201 cogitatione
1021 1146 1207 1203 quam
1238 1129 1418 1184 etiam
1449 1126 1792 1200 operatione
1825 1123 1904 1180 ad

248 1222 395 1279 illud
424 1222 668 1292 signum
691 1235 987 1288 recurras,
1020 1225 1076 1274 et
1103 1218 1252 1274 sicut
1279 1233 1390 1287 ego
1413 1222 1466 1272 te
1495 1216 1794 1271 intantum
1818 1211 1905 1268 di-

250 1313 385 1379 lexi,
410 1317 474 1367 ut
501 1311 658 1366 mori
682 1309 1006 1365 voluissem
1031 1324 1141 1381 pro
1161 1306 1331 1376 te,ita
1360 1304 1690 1362 econtrario
1716 1301 1906 1358 sancti

252 1405 340 1462 tui
368 1407 624 1459 mortem
655 1416 779 1456 non
808 1403 1083 1455 recusent
1110 1413 1219 1471 pro
1245 1413 1361 1453 me.
1395 1419 1422 1446 ‹‹
1453 1394 1603 1462 Quia
1630 1392 1794 1450 fortis
1821 1395 1910 1448 est

255 1514 287 1546 ‹
321 1498 384 1548 ut
405 1507 569 1547 mors
594 1489 850 1556 dilectio,
874 1489 1027 1543 dura
1056 1488 1205 1544 sicut
1229 1485 1495 1542 infernus
1521 1481 1842 1540 temulatio.
1878 1503 1907 1530 »

2010 331 2072 386 in
2100 348 2162 388 se
2186 333 2361 391 fortes
2387 335 2448 391 in
2476 335 2616 402 ﬁde,
2639 335 2730 391 vel
2761 335 2955 392 claros
2983 335 3244 406 ingenio,
3277 335 3369 390 vel
3400 336 3661 408 philoso-

2010 420 2152 492 phia
2181 421 2521 490 instructos,
2571 424 2870 480 addamus
2913 423 3026 479 illis
3069 423 3527 497 propugnacula
3565 440 3659 479 ar-

2010 515 2242 580 gentea,
2263 511 2325 567 id
2355 517 2446 569 est
2476 513 2786 568 scientiam
2825 513 3165 568 divinarum
3207 513 3658 585 scripturarum,

2011 602 2074 652 ut
2104 615 2174 654 eo
2207 600 2434 656 facilius
2457 602 2689 674 possint
2714 607 3023 674 protegere
3052 601 3324 657 inﬁrmos
3363 605 3542 673 atque
3573 601 3660 656 in-

2010 686 2238 744 doctos.
2271 713 2297 737 a
2326 690 2383 744 Si
2406 690 2624 746 ostium
2655 696 2762 758 est,
2789 690 3250 762 compingamus
3270 689 3417 746 illud
3443 689 3662 746 tabulis

2012 796 2042 829 ‹
2082 777 2356 833 cedrinis.
2393 801 2419 826 ››
2471 779 2533 834 Id
2575 784 2685 845 est,
2717 780 2764 834 si
2790 779 2905 834 sint
2955 779 3274 852 simplices,
3307 783 3508 834 tamen
3552 779 3661 834 do-

2011 864 2185 921 cendi
2216 867 2414 922 studio
2445 867 2760 933 inhiantes,
2793 873 2849 924 et
2876 868 3038 924 velut
3081 870 3301 924 ostium
3329 868 3495 940 quod
3524 883 3663 940 ape-

2012 955 2158 1011 ritur
2182 961 2240 1012 et
2267 957 2582 1026 clauditur,
2613 980 2638 1005 «
2673 961 2911 1030 tempus
2941 958 3177 1013 tacendi
3199 957 3290 1012 vel
3313 957 3601 1030 loquendi
3633 979 3660 1006 »

2013 1044 2377 1114 intelligunt:
2410 1061 2822 1119 proponamus
2841 1045 2952 1100 illis
2984 1046 3251 1118 priorum
3273 1046 3549 1118 exempla
3564 1048 3664 1116 ju-

2014 1136 2265 1201 storum,
2293 1151 2414 1206 quo
2443 1135 2656 1190 certius
2691 1139 2748 1191 et
2786 1134 3083 1191 etﬁcacius
3117 1134 3374 1190 docendi
3398 1134 3664 1191 ofﬁcium

2012 1222 2260 1295 implere
2278 1223 2524 1295 possint.
2545 1223 2715 1281 Cedri
2732 1223 2974 1280 virtutes
2991 1228 3358 1293 sanctorum,
3377 1230 3433 1280 et
3447 1224 3664 1280 tabqu

2014 1311 2389 1368 latitudinem
2417 1313 2737 1383 designant
2766 1312 3088 1369 charitatis.
3132 1315 3198 1368 Et
3225 1317 3289 1368 ut
3317 1329 3455 1368 cum
3483 1316 3668 1385 Apos-

2017 1400 2138 1456 tolo
2168 1401 2363 1457 dicere
2407 1401 2681 1458 valeant:
2718 1402 2910 1458 «Mihi
2958 1405 3159 1457 autem
3203 1400 3358 1456 absit
3407 1401 3666 1470 gloriari,

2018 1489 2132 1544 nisi
2160 1489 2221 1544 in
2249 1505 2422 1546 cruce
2445 1490 2679 1546 Domini
2711 1491 2895 1547 nostri
2945 1493 3082 1546 Jesu
3116 1489 3326 1546 Christi
3350 1505 3457 1562 per
3486 1506 3668 1562 quem

255 1581 446 1637 Fortis
473 1583 560 1635 est
593 1593 780 1650 usque
822 1575 899 1632 ad
929 1580 1183 1632 mortem
1230 1573 1465 1630 dilectio
1494 1587 1631 1628 mea
1659 1571 1719 1624 in
1751 1573 1827 1632 te,
1871 1583 1908 1623 o
1940 1597 1980 1652 Β
2020 1578 2166 1634 mihi
2197 1579 2464 1635 mundus
2503 1578 2819 1635 cruciﬁxus
2843 1585 2953 1649 est,
3002 1585 3061 1636 ει
3089 1596 3200 1650 ego
3243 1579 3476 1635 mundo
3507 1580 3668 1646 (Gaz,

257 1674 603 1743 Synagoga,
639 1667 745 1723 sed
773 1671 875 1723 tua
903 1664 1203 1721 aemulatio
1232 1663 1386 1719 dura
1411 1661 1472 1717 in
1500 1677 1596 1716 me
1627 1658 1736 1715 fuit
1760 1657 1912 1713 sicut

254 1759 561 1815 infernus:
597 1757 702 1813 sed
727 1759 890 1811 verte
931 1753 1373 1810 aemulationem
1420 1751 1482 1806 in
1509 1747 1909 1815 dilectionem,

254 1853 318 1904 et
347 1850 462 1903 eris
494 1845 638 1902 mihi
664 1860 907 1918 sponsa,
932 1847 989 1899 et
1017 1858 1206 1912 soror,
1239 1846 1296 1897 et
1337 1840 1553 1896 amica.
1600 1861 1627 1888 ‹‹
1662 1840 1914 1908 Lampa-

255 1961 285 1987 ‹‹
332 1938 437 1993 des
458 1936 608 2007 ejus,
639 1933 954 2006 lampades
1000 1931 1177 2002 ignis,
1227 1936 1404 2004 atque
1447 1929 1856 1984 ﬂammarum.
1884 1947 1913 1974 »

253 2024 598 2082 Dilectionis
618 2021 930 2095 lampades
951 2021 1138 2077 corda
1153 2031 1292 2076 sunt
1310 2018 1598 2084 ﬁdelium,
1613 2017 1674 2072 in
1689 2014 1913 2088 quibus

255 2114 524 2172 charitas
549 2111 864 2180 inhabitat,
885 2125 1121 2181 semper
1138 2107 1458 2180 splendida
1487 2111 1545 2162 et
1570 2105 1756 2160 nitore
1777 2103 1915 2159 cha-

257 2203 455 2259 ritatis
483 2199 708 2256 munda
740 2204 920 2271 atque
946 2198 1082 2268 igne
1112 2197 1361 2269 Spiritus
1408 2193 1600 2251 sancti
1630 2191 1916 2257 ardentia,

265 2292 778 2360 ﬂammarumque
803 2286 978 2342 bonae
1005 2284 1366 2358 operationis
1408 2281 1689 2339 enitentia
1719 2279 1916 2350 globo.

345 2399 376 2432 ‹
414 2385 598 2452 Aquae
627 2376 824 2432 multa:
854 2391 976 2432 non
1015 2378 1338 2448 potuerunt
1365 2371 1706 2441 extinguere
1728 2367 1920 2425 chari-

259 2491 290 2519 ‹‹
341 2471 546 2534 tatem,
575 2481 686 2522 nec
709 2464 964 2521 ﬂumina
992 2463 1250 2520 obruent
1297 2462 1481 2518 illam.
1507 2480 1536 2513 ›
1566 2463 1768 2531 Aquas
1790 2472 1919 2512 mu-

254 2557 376 2614 ltas
391 2560 448 2611 et
476 2554 748 2621 ﬂumina,
777 2553 1165 2610 tentationum
1187 2550 1327 2607 dicit
1350 2551 1644 2619 incursus,
1669 2561 1805 2621 qua:
1835 2545 1918 2601 vi-

256 2644 506 2702 sibiliter
547 2659 654 2700 seu
696 2642 1066 2698 invisibiliter
1117 2641 1349 2697 animas
1405 2639 1674 2695 ﬁdelium
1716 2637 1917 2710 impu-

256 2740 470 2807 gnant,
501 2733 724 2806 quibus
755 2731 1012 2788 charitas
1041 2747 1164 2787 non
1195 2729 1366 2786 cedit.
1401 2752 1427 2779 «
1465 2729 1520 2786 Si
1551 2726 1782 2784 dederit
1809 2727 1917 2781 ho-

257 2851 292 2878 ι(
338 2843 436 2883 mo
460 2841 705 2882 omnem
727 2821 1125 2880 substantiam
1151 2821 1370 2877 domus
1393 2837 1516 2876 suae
1533 2835 1642 2892 pro
1658 2818 1922 2874 dilectio-

258 2941 292 2968 «
337 2933 432 2988 ne,
463 2915 635 2989 quasi
663 2914 809 2970 nihil
846 2911 1178 2984 despicient
1219 2927 1374 2967 eam.
1405 2932 1433 2960 »
1486 2910 1646 2967 Sicut
1668 2923 1804 2963 vero
1834 2911 1922 2961 to-
1950 2949 1990 3002 Ο

258 3010 381 3066 tius
411 3005 752 3063 substantiae
783 3003 1016 3060 divitias
1048 3018 1157 3076 pro
1187 3001 1516 3057 dilectionis
1546 2998 1758 3054 Christi
1789 3012 1915 3052 ma-

261 3097 574 3169 gnitudine
596 3095 831 3163 dantes,
857 3092 1031 3166 quasi
1058 3091 1204 3148 nihil
1234 3089 1646 3162 despiciebant
1673 3103 1834 3155 eum,
1858 3085 1919 3142 id

262 3193 355 3244 est
382 3185 700 3242 mundum.
724 3183 851 3239 Alio
876 3198 1018 3238 vero
1039 3179 1223 3236 modo
1249 3195 1320 3234 ex
1347 3175 1756 3250 superioribus
1781 3191 1920 3247 pen-

262 3277 369 3334 det
395 3275 696 3332 sententiae
721 3288 954 3329 sensus.
1008 3273 1156 3328 Cum
1183 3269 1345 3324 enim
1381 3267 1642 3331 dixisset,
1687 3285 1713 3315 «
1744 3279 1918 3336 aqua:

263 3366 470 3424 multae
498 3389 526 3416 »
557 3364 652 3420 vel
676 3363 928 3419 ﬂumina
957 3383 984 3410 ‹‹
1031 3374 1155 3415 non
1185 3359 1508 3430 potuerunt
1545 3354 1918 3422 exstinguere

264 3456 641 3523 charitatem,
676 3475 703 3502 »
727 3449 1071 3522 subjunxit:
1107 3467 1137 3500 ‹
1166 3447 1223 3504 Si
1253 3445 1482 3502 dederit
1509 3458 1751 3500 omnem
1783 3441 1920 3498 sub-

266 3544 551 3600 stantiam
581 3544 802 3598 domus
827 3555 972 3605 suae,
1005 3561 1033 3587 ››
1087 3541 1220 3607 etc.,
1263 3539 1326 3591 ut
1371 3533 1508 3589 illuc
1557 3531 1920 3604 intelligatur

265 3632 439 3706 quod
485 3631 803 3705 Apostolus
835 3629 950 3685 ait:
1005 3649 1032 3675 ‹‹
1068 3629 1131 3681 Et
1169 3625 1216 3680 si
1263 3622 1618 3679 distribuero
1650 3622 1710 3676 in
1749 3621 1917 3676 cibos

264 3737 610 3796 pauperum
631 3735 841 3776 omnes
871 3715 1179 3773 facultates
1208 3729 1394 3778 meas,
1437 3715 1492 3767 et
1522 3711 1568 3766 si
1616 3709 1916 3766 tradidero

273 3826 502 3882 corpus
528 3825 718 3864 meum
747 3809 827 3864 ita
870 3810 935 3862 ut
990 3803 1259 3872 ardeam,
1313 3801 1661 3858 charitatem
1715 3805 1916 3855 autem

273 3906 406 3958 non
429 3899 697 3966 habeam,
729 3895 877 3952 nihil
907 3894 1055 3950 mihi
1083 3892 1326 3966 prodest
1355 3891 1435 3960 ((I
1461 3891 1599 3946 Cor.
1627 3889 1726 3960 x1).
1762 3909 1790 3937 ››

348 4013 377 4040 ιι
407 3991 582 4046 Soror
624 4004 760 4044 mea
805 3982 1058 4059 parvula
1105 3986 1211 4051 est,
1235 3985 1292 4037 et
1337 3979 1516 4036 ubera
1552 3993 1674 4034 non
1713 3976 1914 4032 habet.

264 4105 296 4130 «ι
343 4079 496 4146 Quid
541 4078 829 4134 faciemus
859 4072 1047 4129 sorori
1072 4075 1309 4132 nostrae,
1345 4069 1407 4125 in
1432 4067 1527 4123 die
1552 4064 1800 4140 quando
1831 4063 1916 4120 al-

264 4194 296 4222 ‹‹
336 4167 644 4242 loquenda
685 4165 814 4222 est?

261 4258 548 4332 gentibus
603 4262 873 4328 tempora
919 4251 1212 4321 designat,
1272 4247 1562 4321 quoniam
1617 4243 1814 4301 adhuc
1863 4247 1920 4298 et

262 4364 458 4423 parva
505 4347 612 4402 fuit
661 4359 933 4408 numero,
967 4346 1022 4398 et
1063 4340 1264 4396 minus
1317 4337 1535 4392 idonea
1589 4333 1916 4407 praedicare

258 4420 544 4506 verbum,
571 4441 638 4491 ut
663 4431 984 4507 Apostolus
1008 4429 1304 4502 loquitur:
1336 4449 1364 4474 «
1397 4429 1524 4481 Non
1548 4423 1717 4498 potui
1752 4420 1920 4495 loqui

260 4528 440 4585 vobis
466 4525 646 4600 quasi
671 4521 1055 4597 spiritalibus,
1081 4517 1188 4574 sed
1215 4515 1388 4590 quasi
1409 4513 1770 4580 carnalibus,
1794 4517 1921 4568 tan-

264 4635 455 4692 quam
487 4613 753 4689 parvulis
777 4613 838 4667 in
881 4610 1130 4678 Christo,
1179 4607 1272 4662 lac
1318 4610 1528 4678 potum
1576 4603 1744 4692 vobis
1780 4601 1919 4657 dedi

264 4691 390 4764 non
424 4720 628 4762 escam
658 4703 716 4775 (Ῑ
742 4703 878 4758 Cor.
899 4700 1002 4770 ιιι).
1024 4720 1051 4747 ››
1075 4695 1256 4763 Quasi
1275 4711 1391 4750 vox
1421 4693 1629 4766 sponsi
1659 4691 1749 4748 vel
1778 4707 1920 4764 apo-

265 4797 583 4861 stolorum,
618 4792 692 4848 de
716 4792 852 4864 ipsa
881 4788 958 4844 ad
988 4789 1372 4859 Synagogam
1403 4784 1673 4839 dixisset:
1713 4804 1740 4831 α
1770 4779 1921 4842 Quid

266 4910 298 4936 α
342 4885 631 4942 faciemus
661 4880 849 4938 sorori
871 4881 1112 4942 nostrae,
1131 4876 1192 4931 in
1221 4873 1316 4929 die
1337 4872 1584 4945 quando
1614 4871 1923 4942 alloquen-

270 4999 302 5026 ιι
346 4975 429 5030 da
452 4973 584 5030 est?
617 4995 645 5021 n
677 4977 757 5026 Ac
787 4969 836 5023 si
865 4970 1066 5040 aperte
1095 4963 1255 5020 dicat
1279 4980 1290 5017 :
1340 4963 1532 5018 Parva
1559 4959 1806 5034 quidem
1834 4961 1926 5014 est

270 5063 535 5120 Ecclesia
560 5062 849 5132 gentium,
881 5061 938 5112 et
963 5071 1072 5112 nec
1105 5055 1205 5109 Dei
1233 5051 1398 5108 verbi
1425 5050 1780 5124 mysterium
1807 5048 1925 5104 suf-

275 5152 406 5209 ﬁcit
425 5151 635 5207 subire.
661 5149 816 5215 Quid
846 5161 988 5216 ergo
1017 5143 1123 5201 tibi
1152 5142 1404 5210 videtur,
1439 5157 1475 5197 o
1505 5143 1826 5213 Synagoga
1851 5138 1927 5194 de

267 5257 477 5299 sorore
506 5244 715 5297 nostra
735 5231 1349 5306 faciendum,quando
1367 5229 1731 5305 alloquenda
1759 5235 1848 5287 est
1867 5228 1928 5285 id

266 5337 365 5390 est
393 5346 499 5404 per
520 5328 687 5384 verbi
718 5326 1068 5399 mysterium
1097 5321 1375 5378 ducenda
1401 5322 1460 5377 in
1487 5321 1667 5376 ﬁdem
1689 5322 1716 5376 ?
1747 5322 1931 5391 Syna-

266 5437 434 5493 goga
466 5422 718 5484 tacente,
744 5417 875 5488 ipse
897 5429 1175 5488 sponsus,
1193 5412 1318 5468 sive
1343 5410 1598 5484 apostoli
1627 5408 1775 5482 quid
1801 5408 1930 5466 ﬁeri

265 5511 515 5576 debeat,
548 5505 878 5580 respondit.

342 5624 372 5653 ‹‹
410 5599 468 5657 Si
486 5612 703 5654 murus
719 5599 826 5664 est,
845 5591 1210 5650 wdiﬁcemus
1229 5604 1410 5661 super
1434 5603 1569 5644 eam
1590 5603 1933 5661 propugna-

863 4187 891 4213 »
936 4162 1131 4218 Prima
1175 4159 1477 4216 nascentis
1519 4154 1796 4211 Ecclesiae
1843 4153 1918 4209 de
1949 4173 1976 4192 -

2020 1669 2117 1740 γι).
2151 1692 2178 1718 ››
2205 1668 2295 1724 Ad
2325 1669 2452 1724 haec
2482 1684 2746 1740 namque
2773 1669 2907 1741 ipsa
2935 1669 3243 1740 respondit
3270 1668 3560 1726 Ecclesia:

2095 1804 2124 1837 ‹
2166 1787 2286 1854 Ego
2318 1801 2546 1848 murus,
2577 1790 2635 1841 et
2662 1785 2848 1841 ubera
2878 1801 3014 1842 mea
3043 1786 3194 1841 sicut
3217 1786 3414 1854 turris,
3440 1802 3513 1841 ex
3551 1798 3674 1857 quo

2025 1897 2052 1922 ‹‹
2095 1875 2251 1930 facta
2280 1879 2420 1930 sunt
2465 1890 2671 1930 coram
2699 1879 2751 1930 te
2795 1879 2969 1946 quasi
3016 1891 3232 1948 pacem
3280 1876 3604 1948 reperiens.
3642 1896 3670 1923 η

2026 1968 2148 2034 Ego
2176 1963 2251 2018 de
2289 1963 2435 2018 vivis
2485 1968 2802 2036 compacta
2829 1981 2962 2019 sum
3008 1964 3312 2037 lapidibus
3357 1970 3414 2021 et
3443 1964 3674 2034 glutino

2025 2052 2328 2110 charitatis
2359 2052 2642 2118 adunata,
2670 2057 2728 2108 et
2764 2069 2944 2125 super
2968 2053 3429 2110 fundamentum
3457 2053 3675 2108 immo-

2026 2142 2144 2198 bile
2174 2141 2488 2208 aadiﬁcata,
2521 2145 2577 2197 et
2599 2141 2874 2198 doctores
2899 2142 3016 2198 mei
3046 2142 3348 2198 fortissimi
3373 2141 3536 2197 velut
3560 2145 3676 2197 tur-

2026 2231 2128 2301 ris,
2160 2231 2264 2304 qui
2293 2233 2350 2286 et
2378 2229 2661 2303 parvulos
2688 2230 2910 2286 nutrire
2952 2231 3165 2298 sciunt,
3193 2236 3250 2287 et
3278 2231 3483 2287 omnia
3507 2229 3678 2286 mali-

2029 2336 2147 2391 gna
2177 2317 2470 2391 expellere
2494 2337 2506 2386 ;
2539 2322 2598 2374 et
2637 2319 2852 2375 accidit
2878 2319 3026 2375 mihi
3055 2335 3129 2376 ex
3152 2335 3224 2375 eo
3249 2325 3516 2393 tempore
3555 2335 3679 2392 quo

2029 2409 2293 2465 Christus
2322 2423 2418 2463 me
2447 2407 2861 2475 reconciliavit,
2880 2423 3092 2480 pacem
3114 2424 3221 2481 per
3247 2425 3385 2465 eum
3414 2407 3676 2480 reperiri.

2101 2555 2128 2580 ‹‹
2171 2531 2354 2587 Vinea
2381 2529 2490 2586 fuit
2517 2528 2768 2604 paciﬁco
2797 2529 2859 2586 in
2905 2545 2976 2586 ea
3005 2547 3140 2604 quae
3169 2530 3352 2587 habet
3395 2529 3680 2603 populus,

2030 2643 2058 2670 ι(
2099 2619 2342 2677 tradidit
2370 2635 2506 2676 eam
2533 2618 2902 2676 custodibus.
2921 2642 2948 2669 »
2983 2622 3061 2676 De
3081 2635 3204 2694 quo
3233 2619 3554 2693 Apostolus
3578 2617 3678 2674 ait:

2031 2731 2062 2764 ‹
2103 2715 2232 2783 Ipse
2280 2713 2372 2765 est
2411 2724 2532 2783 pax
2579 2713 2805 2776 nostra,
2856 2709 2958 2782 qui
2999 2709 3134 2766 fecit
3181 2715 3432 2783 utraque
3491 2725 3682 2765 unum

2032 2823 2060 2850 ‹‹
2099 2799 2317 2870 Ephes.
2352 2800 2435 2870 ιι).
2468 2818 2493 2850 ι
2514 2801 2578 2854 Et
2606 2798 2682 2855 de
2710 2814 2832 2871 quo
2863 2800 3191 2872 propheta:
3227 2822 3253 2851 ‹‹
3279 2799 3682 2872 Multiplicabi-

2031 2894 2126 2945 tur
2155 2889 2285 2959 ejus
2317 2887 2722 2961 imperium,et
2749 2887 2916 2960 pacis
2946 2903 3069 2944 non
3099 2889 3206 2944 erit
3229 2888 3368 2944 ﬁnis
3399 2890 3680 2959 (lsa.1x).»

2031 2978 2232 3044 Vinea,
2263 2977 2323 3033 id
2355 2981 2444 3032 est
2464 2975 2755 3032 catholica
2795 2977 3075 3045 Ecclesia,
3116 2977 3311 3033 fructu
3359 2977 3682 3032 abundans

2029 3067 2168 3122 ﬁdei
2194 3067 2302 3122 fuit
2331 3065 2605 3140 paciﬁco,
2637 3065 2702 3120 id
2729 3069 2818 3121 est
2851 3065 3078 3122 Christo
3107 3065 3213 3137 qui
3244 3065 3448 3121 omnia
3471 3064 3679 3138 paciﬁ-

2029 3156 2186 3212 cavit
2215 3157 2274 3212 in
2301 3155 2463 3212 caelis
2494 3159 2551 3210 et
2578 3154 2638 3210 in
2668 3155 2855 3220 terris,
2878 3155 2938 3209 in
2969 3170 3041 3210 ea
3069 3154 3530 3224 congregatione
3557 3168 3683 3226 qua

2029 3245 2250 3301 multos
2280 3243 2536 3318 populos
2566 3243 2829 3317 possidet
2878 3259 2951 3299 ex
2984 3247 3102 3300 toto
3145 3243 3310 3313 orbe,
3341 3257 3464 3298 non
3499 3242 3560 3298 in
3587 3244 3682 3298 Ju-

2028 3335 2162 3391 daza
2192 3332 2673 3404 solum,tradidit
2702 3349 2837 3390 eam
2889 3332 3266 3404 custodibus,
3317 3331 3422 3388 sed
3465 3337 3522 3388 et
3547 3347 3682 3405 pro-

2027 3425 2221 3498 phetis
2243 3424 2337 3480 vel
2369 3423 2657 3496 apostolis
2708 3423 2827 3480 sive
2866 3422 3224 3494 evangelicis
3275 3421 3678 3493 dogmatibus,

2027 3513 2118 3570 vel
2149 3513 2432 3583 angelicis
2479 3512 2889 3584 dignitatibus.
2925 3536 2951 3562 «
3007 3512 3108 3568 Vir
3137 3511 3308 3569 aﬂ‘ert
3345 3529 3455 3585 pro
3485 3511 3682 3567 fructu

2029 3604 2158 3674 ejus
2184 3602 2340 3658 mille
2373 3608 2707 3672 argenteos.
2739 3626 2766 3652 »
2798 3603 2863 3659 Id
2897 3607 2983 3659 est
3033 3603 3296 3658 Christus
3328 3601 3681 3673 appendens

2027 3708 2281 3762 regnum
2319 3691 2609 3748 calorum
2652 3708 2762 3764 pro
2805 3692 3027 3748 sanctis
3076 3691 3386 3762 laboribus
3417 3690 3510 3745 vel
3535 3690 3684 3746 elee-

2028 3781 2301 3854 moysnis
2327 3782 2477 3852 ejus.
2509 3782 2707 3836 Potest
2726 3786 2783 3836 et
2811 3779 2979 3835 aliter
3007 3780 3285 3849 intelligi:
3330 3803 3356 3826 ‹‹
3393 3778 3486 3833 Vir
3510 3779 3682 3834 affert

2026 3887 2136 3943 pro
2167 3871 2360 3925 fructu
2386 3870 2518 3940 ejus
2548 3868 2708 3924 mille
2734 3872 3072 3937 argenteos,
3106 3889 3133 3916 ››
3165 3867 3225 3922 id
3255 3871 3346 3922 est
3375 3881 3483 3937 pro
3511 3865 3679 3920 retri-

2026 3959 2270 4015 butione
2299 3962 2540 4014 zeterna.
2561 3957 2746 4028 Hujus
2765 3956 2952 4011 vineae
2982 3957 3072 4011 vir
3095 3956 3266 4012 affert
3293 3954 3450 4010 mille
3473 3969 3681 4025 argen-

2027 4054 2174 4119 teos,
2205 4046 2264 4102 id
2294 4051 2382 4104 est
2409 4061 2520 4120 pro
2540 4045 2931 4118 acquisitione
2957 4044 3211 4102 caelestis
3239 4045 3426 4115 regni,
3459 4044 3562 4118 qui
3593 4047 3682 4101 est

2029 4137 2254 4194 fructus
2292 4135 2487 4208 violae,
2521 4139 2736 4192 cuncta
2775 4151 2912 4209 quae
2963 4134 3206 4191 mundis
3236 4134 3488 4208 reliquit.
3523 4134 3679 4191 Mile-

2029 4227 2232 4284 uarius
2280 4242 2569 4283 numerus
2610 4241 2722 4298 pro
2768 4225 3125 4298 perfectione
3168 4225 3455 4297 accipitur
3499 4223 3676 4293 illius,

1946 4301 1989 4356 υ
2030 4316 2132 4390 qui
2163 4315 2369 4372 omnia
2397 4315 2653 4388 reliquit.
2676 4315 2839 4371 Unde
2866 4318 2924 4370 et
2951 4315 3214 4383 argentei
3244 4329 3354 4387 pro
3383 4314 3550 4370 omni
3579 4329 3681 4385 pe-

2029 4405 2206 4462 cunia
2235 4405 2628 4478 accipiuntur.

2101 4544 2130 4572 ‹‹
2172 4521 2360 4577 Vinea
2389 4537 2528 4577 mea
2563 4536 2769 4576 coram
2796 4535 2891 4575 me
2916 4522 3020 4575 est.
3055 4541 3083 4567 »
3112 4521 3234 4574 Vox
3275 4517 3502 4590 sponsi,
3533 4516 3679 4587 quia

2027 4615 2168 4685 post
2195 4609 2687 4666 resurrectionem
2717 4608 2981 4664 futuram
2999 4607 3186 4663 sancti
3201 4621 3411 4662 omnes
3442 4618 3680 4675 semper

2031 4716 2168 4756 cum
2201 4699 2452 4755 Domino
2477 4703 2670 4767 erunt,
2717 4697 2870 4752 sicut
2896 4697 3022 4768 ipse
3071 4695 3186 4750 ait:
3224 4717 3250 4744 ‹‹
3292 4693 3453 4765 Volo,
3485 4693 3677 4760 Pater,

2031 4793 2095 4845 ut
2123 4787 2223 4842 ubi
2252 4802 2364 4855 ego
2392 4803 2528 4842 sum
2559 4790 2616 4841 et
2636 4785 2716 4841 illi
2743 4785 2859 4840 sint
2887 4801 3125 4840 mecum
3148 4784 3456 4854 (Joan.1).»
3480 4781 3678 4854 Aliter,

2033 4894 2102 4935 ac
2133 4875 2181 4932 si
2213 4875 2432 4931 diceret
2449 4891 2741 4948 sponsus:
2765 4877 2981 4930 Verum
3005 4875 3112 4930 etsi
3142 4879 3197 4931 te
3218 4873 3350 4930 aliis
3371 4890 3682 4932 commen-

2032 4967 2170 5023 dem
2185 4963 2555 5035 custodibus,
2568 4967 2769 5020 tamen
2781 4967 2834 5019 te
2848 4979 3084 5038 semper
3098 4965 3296 5021 habeo
3312 4964 3372 5020 in
3385 4981 3521 5021 mea
3537 4982 3686 5038 prae-

2035 5053 2242 5122 sentia,
2276 5053 2486 5109 videns
2516 5057 2573 5110 et
2617 5069 3009 5110 remunerans
3048 5053 3270 5111 laboris
3306 5054 3366 5110 in
3397 5054 3683 5110 omnibus

2035 5143 2473 5200 devotionem.«
2497 5143 2642 5201 Mille
2659 5143 2743 5199 tui
2768 5143 3060 5217 paciﬁci.»
3084 5166 3111 5192 «
3135 5143 3280 5201 Mille
3303 5144 3444 5210 tui,»
3464 5143 3684 5200 subau-

2036 5233 2196 5289 ditur
2223 5232 2699 5304 argentei.Quasi
2725 5233 2991 5288 dixisset:
3018 5233 3128 5298 Qui
3157 5249 3361 5290 amore
3383 5249 3519 5288 meo
3545 5247 3689 5288 cun-

2040 5327 2132 5379 sta
2161 5339 2272 5379 sua
2292 5322 2550 5391 dimittit,
2573 5323 2632 5378 in
2662 5338 2810 5396 pace
2833 5321 3054 5378 habere
3075 5326 3312 5378 servata
3339 5324 3684 5391 cognoscat,

2038 5411 2386 5482 signiﬁcans
2401 5412 2792 5486 simpliciores
2808 5413 2869 5468 in
2892 5410 3146 5466 Ecclesia
3159 5409 3261 5483 qui
3282 5425 3526 5466 omnem
3549 5409 3688 5464 sub-

2037 5501 2320 5556 stantiam
2337 5497 2668 5558 millenario
2694 5501 2991 5572 signatam
3009 5514 3261 5555 numero
3278 5513 3387 5570 pro
3404 5497 3686 5552 charitate

2039 5587 2140 5644 Dei
2168 5589 2473 5645 amittunt:
2521 5614 2548 5640 ‹‹
2582 5593 2649 5646 Et
2679 5589 2916 5645 ducenti
2945 5587 3038 5643 his
3071 5585 3414 5643 custodiunt
3462 5583 3685 5638 fructus
