4092 6176
434 104 541 159 027
1024 97 1380 155 ANGELOMI
1417 93 1871 151 LUXOVIENSIS
1917 82 2233 149 MONACHI
2272 88 2529 148 ENABR.
2568 88 2639 149 ΙΝ
2679 94 2979 150 CANTICA
3021 92 3288 148 CANTIC.
3742 80 3881 152 H628

439 245 473 279 ι(
504 226 657 297 ejus.
692 246 720 276 ››
756 223 820 279 Id
851 223 939 277 est
966 217 1229 288 argentei
1259 217 1351 273 his
1380 218 1484 290 qui
1510 218 1854 274 custodiunt
1874 220 2098 272 fructus
2134 218 2181 272 Α
2212 216 2362 271 mira
2409 215 2862 273 disertissimum
2909 215 3246 272 calcetenus
3306 216 3520 279 teneris
3578 216 3876 288 digitulis,

444 313 709 386 ejus,qui
740 314 880 364 sunt
906 312 1182 363 doctores
1210 306 1396 362 sancti
1410 306 1531 379 ,qui
1552 307 1757 362 omnia
1779 307 1985 362 mundi
2015 306 2096 360 di-
2210 306 2586 377 propriisque
2619 306 2880 361 articulis
2928 303 3264 363 describere
3294 310 3547 379 curaret,
3581 313 3766 381 atque
3798 327 3881 366 ex

447 402 686 458 mittunt
718 403 775 453 et
808 397 869 453 in
898 396 1081 451 verbo
1110 394 1552 467 praedicationis
1590 395 1792 451 labore
1824 412 1942 451 non
1977 412 2100 449 ces-
2213 394 2419 464 pretio,
2468 394 2869 471 distractoque
2910 393 3294 459 commercio,
3335 393 3637 468 despectis
3676 396 3882 471 impe—

449 487 679 555 sant,hi
708 485 932 558 duplici
961 484 1614 556 remuneratione,qiue
1641 486 1977 540 centenario
2008 484 2106 538 de-
2212 481 2458 537 rialibus
2507 482 2766 554 dapibus
2813 483 3012 538 vivere
3057 497 3294 555 semper
3342 490 3754 553 conSueverat,
3818 493 3887 545 et

451 578 725 648 signatur
743 573 1340 638 numero,donantur
1368 572 1531 646 apud
1564 589 1678 629 me.
1701 578 1891 629 Potest
1917 578 1972 627 et
2002 572 2105 627 ali-
2216 576 2379 625 tanto
2407 571 2601 626 studio
2628 570 2834 641 viguit,
2867 576 2931 627 ut
2956 572 3083 641 jugi
3127 564 3511 628 meditatione
3541 579 3597 629 et
3626 577 3885 653 propria

452 670 545 724 ter
570 663 814 733 intelligi
839 680 852 718 :
886 660 1214 718 Duodecim
1235 662 1463 734 quippe
1492 662 1538 717 si
1574 677 1677 734 per
1700 662 2107 717 centenarium
2216 659 2613 732 descriptione
2642 660 2833 729 legem
2888 664 3222 716 Romanam
3253 660 3537 717 divinitus
3569 652 3884 725 describe-

456 769 781 812 numerum
811 751 1301 824 multiplicantur,
1321 750 1481 806 mille
1505 749 1795 805 ducentos
1827 750 2105 804 efﬁciunt.

460 843 571 908 Qui
597 857 886 898 numerus
910 840 1114 912 utique
1159 839 1445 912 apostolis
1472 839 1562 895 vel
1602 839 1946 912 apostolicis
1974 838 2110 893 viris

460 931 754 1001 congruit.
790 930 893 985 Hic
920 927 1173 1002 paciﬁci,
1205 928 1268 983 id
1298 934 1385 985 est
1415 928 1624 985 Christi
1669 928 1962 1000 discipuli,
1998 944 2116 982 me-

462 1020 576 1083 rito
604 1018 1002 1091 appellantur,
1031 1033 1068 1074 a
1096 1016 1318 1090 quibus
1345 1024 1558 1072 sancta
1589 1017 1813 1087 regitur
1838 1016 2113 1072 Ecclesia:

537 1130 569 1163 ί(
607 1110 747 1170 Quae
776 1107 1013 1164 habitas
1038 1107 1103 1163 in
1128 1105 1337 1172 hortis,
1363 1105 1539 1161 amici
1569 1106 1907 1163 auscultant
1933 1105 2119 1174 te,fac

466 1220 498 1254 κ
537 1214 636 1254 me
664 1197 873 1253 audire
901 1210 1115 1253 vocem
1144 1200 1336 1251 tuam.
1372 1216 1402 1245 »
1432 1198 1496 1250 In
1522 1194 1710 1250 hortis
1732 1195 1893 1249 enim
1926 1194 2120 1250 Eccle-

470 1287 562 1344 sia
579 1285 830 1352 habitat,
858 1301 994 1356 qum
1046 1285 1177 1355 jam
1222 1282 1515 1339 viriditate
1544 1283 1671 1355 spei
1721 1288 1776 1338 et
1819 1284 2121 1338 bonorum

467 1375 697 1448 repleta
720 1377 807 1429 est
826 1386 1101 1445 operum.
1132 1376 1214 1427 Ac
1236 1373 1287 1426 si
1318 1377 1521 1444 aperte
1550 1372 1744 1428 dicat:
1774 1372 1921 1433 Quia
1956 1371 2123 1427 locu-

468 1465 551 1521 tio
579 1462 849 1521 ﬁnienda
877 1464 986 1532 est,
1016 1462 1132 1517 hoc
1161 1460 1441 1516 ultimum
1499 1460 1630 1516 vale
1655 1476 1689 1516 a
1721 1477 1818 1516 me
1850 1460 2123 1516 auditum

2217 755 2322 807 ret.
2350 756 2404 803 et
2431 765 2628 804 mores
2654 753 3058 809 Romanorum
3090 749 3391 821 distortos,
3415 768 3703 809 mucrone
3726 771 3889 835 quo—

2221 837 2553 894 dammodo
2596 838 2743 907 legis
2789 854 3064 901 normam
3115 838 3482 895 rectitudinis
3532 841 3883 917 corrigeret,

2224 932 2403 998 atque
2436 943 2469 981 a
2504 942 2613 982 sua
2641 926 2858 982 duritia
2901 932 3216 997 coerceret,
3265 927 3417 992 adeo
3470 932 3555 997 ut,
3604 929 3735 987 aliis
3785 948 3890 988 ex-

2225 1015 2415 1088 pletis,
2467 1015 2734 1085 angelica
2767 1016 2958 1096 salpix
3016 1021 3310 1072 nocturna
3356 1017 3607 1093 visione,
3649 1020 3890 1077 ccelitus

2228 1105 2275 1160 ei
2306 1104 2559 1159 intonuit
2584 1110 2639 1160 et
2665 1120 2772 1185 per
2802 1121 3013 1161 oroma
3039 1105 3255 1161 somnii
3278 1106 3638 1177 gratulando
3668 1125 3893 1169 vocem

2228 1192 2451 1259 extulit,
2484 1192 2723 1249 dicens:
2751 1192 2938 1261 Liber,
2972 1195 3181 1267 inquit,
3216 1194 3364 1266 legis
3396 1211 3518 1252 non
3546 1198 3787 1255 recedat
3806 1198 3894 1256 de

2230 1298 2331 1338 ore
2362 1287 2483 1350 tuo,
2517 1282 2803 1338 meditare
2832 1284 2894 1338 in
2944 1299 3014 1338 eo
3045 1284 3138 1339 die
3161 1299 3229 1340 ac
3273 1290 3468 1354 nocte,
3496 1292 3724 1359 quanto
3756 1305 3895 1345 ma-

2232 1372 2338 1441 gis,
2382 1387 2417 1426 ο
2460 1371 2770 1427 mitissime
2794 1372 3089 1444 princeps,
3122 1373 3379 1445 propriis
3407 1374 3615 1430 studiis
3646 1382 3891 1434 sancta-

2230 1476 2367 1516 rum
2409 1460 2845 1531 Scrip‘turarum
2895 1462 3306 1518 auctoritatem
3340 1462 3467 1543 jugi
3495 1464 3890 1527 meditatione

470 1567 707 1625 semper
736 1550 941 1607 habita
966 1549 1029 1606 in
1052 1549 1256 1639 portis
1298 1547 1622 1639 rvirtutum,
1669 1554 1727 1605 et
1782 1550 1928 1605 scito
1957 1547 2124 1621 quod
2150 1564 2197 1622 Β
2234 1561 2596 1639 percurrere,
2631 1552 2686 1604 et
2726 1548 3099 1605 altitudinem
3131 1550 3345 1608 divinae
3374 1551 3521 1623 legis
3549 1554 3715 1610 velut
3745 1572 3893 1639 quo-

470 1640 668 1710 amiei,
687 1639 749 1696 id
770 1642 861 1696 est
886 1638 1141 1709 angelici
1165 1637 1429 1711 spiritus,
1449 1641 1505 1693 et
1526 1637 1745 1693 animae
1776 1642 2125 1693 sanctorum

468 1734 762 1811 separatae
792 1727 1195 1796 considerant,
1221 1732 1277 1783 et
1309 1726 1384 1789 de
1408 1730 1512 1789 tuo
1538 1726 1806 1796 gaudent
1836 1729 2127 1799 proiectu.

468 1823 618 1885 item
648 1817 825 1882 amici
872 1815 1229 1889 auscultarit,
1272 1814 1418 1897 quia
1455 1830 1666 1877 omnes
1714 1815 1902 1886 electi,
1957 1820 2023 1873 ut
2052 1815 2130 1871 ad

470 1906 771 1974 caelestem
787 1905 1047 1979 patriam
1066 1903 1637 1980 reviviscentverba
1655 1903 1789 1965 vitze
1812 1904 2019 1965 audire
2033 1904 2132 1959 de-

473 1994 770 2061 siderant:
792 2015 820 2049 ις
839 1996 951 2053 Fac
979 2005 1077 2059 me
1103 1992 1313 2058 audire
1334 2007 1548 2058 Vocem
1570 1995 1796 2064 tuam.»
1819 1993 1880 2049 id
1905 1998 1993 2055 est
2009 2008 2131 2048 ver-

469 2084 622 2149 bum
645 2082 1088 2161 praedicationis
1117 2086 1174 2149 et
1210 2097 1331 2146 vox
1371 2080 1592 2155 laudis,
1638 2086 1935 2155 quantum
1968 2081 2131 2145 vales

476 2185 716 2253 semper
738 2171 1018 2237 audiatur
1047 2187 1083 2229 a
1112 2185 1229 2233 me.
1256 2170 1348 2226 Ad
1371 2170 1500 2231 hinc
1526 2185 1753 2243 sponsa
1783 2170 2127 2243 respondit:

546 2284 575 2317 κ
598 2262 782 2332 Fuge,
813 2260 1024 2327 dilecte
1052 2259 1159 2327 mi,
1191 2265 1248 2325 et
1271 2258 1602 2323 assimilat‘e
1636 2274 1890 2332 capreas,
1914 2260 2131 2315 hinnu-

477 2372 506 2411 s
542 2348 726 2424 loque
754 2364 1090 2420 cervorum,
1120 2362 1302 2423 super
1352 2351 1555 2411 monte
1582 2353 1945 2413 aromatum.
1992 2370 2020 2397 ››
2054 2353 2132 2402 Ac

477 2439 527 2495 si
554 2442 759 2511 aperte
788 2436 948 2492 dicat
972 2453 986 2492 :
1018 2436 1317 2501 Quoniam
1345 2436 1407 2491 in
1435 2451 1613 2490 carne
1644 2451 1945 2508 apparens
1981 2453 2132 2507 prie-

476 2529 651 2597 cepta
681 2538 752 2579 ac
778 2522 942 2580 dona
965 2524 1099 2579 vitae
1130 2524 1277 2579 mihi
1316 2521 1614 2588 deferens,
1651 2538 1809 2578 nunc
1840 2523 1931 2578 his
1957 2540 2132 2599 pera-

478 2612 588 2670 ctis
617 2616 845 2668 reverte
870 2609 933 2667 in
960 2611 1160 2667 sinum
1180 2611 1370 2667 Patris
1396 2626 1410 2665 :
1463 2610 1506 2667 Ο
1537 2610 1620 2666 mi
1659 2610 1887 2678 dilecte,
1922 2632 1952 2665 «
1988 2612 2137 2668 assi-

476 2700 689 2758 milare
709 2697 1338 2772 capreae,hinnuloque
1358 2713 1673 2755 cervorum
1698 2715 1880 2772 supra
1901 2708 2133 2756 montes

479 2792 845 2860 aromatum,
877 2809 905 2839 »
935 2788 997 2844 id
1026 2793 1135 2855 est,
1153 2792 1211 2843 et
1236 2787 1354 2842 hoc
1383 2786 1531 2843 mihi
1560 2787 1634 2843 sit
1665 2787 1967 2859 solatium,
1992 2791 2132 2862 quia

480 2878 767 2936 continua
792 2875 1018 2933 visione
1041 2886 1279 2949 nequeo
1308 2880 1364 2933 te
1389 2891 1649 2946 cernere,
1683 2877 1890 2933 saltem
1925 2878 2132 2935 crebra

477 2965 813 3025 visitatione
841 2980 940 3021 me
968 2963 1269 3021 consolari
1300 2968 1623 3021 memento.
1672 2965 1934 3022 Christus
1968 2965 2131 3022 simi-

479 3055 554 3114 lis
599 3067 852 3128 capreis,
898 3058 1144 3128 propter
1183 3051 1631 3110 similitudinem
1662 3054 1856 3109 carnis
1885 3056 2134 3127 peccati,

479 3144 587 3219 qui
613 3144 688 3200 de
718 3143 1193 3216 patriarcharum
1214 3143 1396 3216 stirpe
1414 3142 1577 3198 velut
1604 3142 1859 3198 exterius
1881 3145 2134 3212 genitus.

483 3231 777 3291 Hinnulus
806 3236 1052 3305 propter
1078 3231 1427 3288 varietatem
1456 3231 1741 3287 virtutum
1769 3230 2003 3301 dicitur,
2036 3232 2140 3305 qui

484 3337 623 3379 cum
650 3337 776 3394 qua
802 3333 982 3376 carne
1007 3318 1087 3376 ad
1122 3319 1303 3375 ccelos
1354 3319 1642 3387 ascendit,
1675 3336 1814 3375 cum
1845 3320 1980 3391 ipsa
2014 3338 2142 3376 ver-

486 3415 652 3466 satus
678 3414 765 3463 est
794 3408 857 3463 in
886 3406 1076 3462 terris.
1107 3410 1327 3462 Montes
1356 3413 1717 3475 aromatum,
1752 3409 1946 3478 angeli
1978 3410 2142 3464 intel-

485 3495 769 3566 liguntur,
795 3506 976 3566 super
999 3509 1154 3566 quos
1188 3495 1480 3551 exaltatus
1509 3500 1598 3551 est
1640 3496 1825 3552 homo
1875 3513 2145 3569 assump-

487 3588 608 3652 tus,
631 3582 784 3639 sicut
811 3582 1129 3640 Psalmista
1156 3582 1274 3639 ait:
1301 3605 1329 3633 ‹‹
1362 3584 1642 3640 Ascendit
1671 3587 1824 3640 Deus
1846 3585 1905 3639 in
1927 3586 2145 3655 jubila-

488 3672 731 3742 latione,
759 3657 837 3728 et‘
859 3672 1148 3732 Dominus
1179 3671 1241 3728 in
1285 3688 1433 3729 voce
1480 3672 1639 3729 tubae
1694 3674 1880 3744 (Psal.
1906 3682 2080 3735 xui).
2118 3696 2144 3723 ››

489 3760 639 3818 Hinc
664 3776 876 3818 verum
904 3760 1082 3817 dicit:
1116 3782 1145 3810 «
1172 3762 1516 3818 Ascendens
1548 3762 1813 3819 Christus
1842 3763 1901 3817 in
1932 3763 2145 3827 altum,

489 3850 793 3924 captivam
822 3850 992 3907 duxit
1019 3850 1442 3924 captivitatem,
1485 3850 1649 3906 dedit
1694 3850 1860 3907 dona
1895 3852 2149 3907 homini~

487 3940 606 3997 bus
630 3940 870 4010 (Ephes.
902 3944 1004 4008 iv).
1032 3960 1060 3989 κ
1113 3939 1257 3995 Hinc
1303 3942 1491 3996 Lucas
1535 3940 1652 3995 ait:
1682 3960 1708 3988 α
1746 3944 1810 3995 Et
1860 3943 2149 3996 Dominus

487 4031 661 4085 Jesus
687 4032 1013 4100 postquam
1039 4027 1275 4083 locutus
1304 4033 1392 4084 est
1415 4027 1498 4083 eis
1518 4028 1792 4085 ascendit
1818 4028 1879 4084 in
1906 4030 2144 4095 caelum,

491 4120 550 4174 et
577 4116 742 4171 sedet
770 4131 807 4173 θ.
829 4116 1050 4173 dextris
1077 4116 1177 4172 Dei
1206 4116 1421 4187 (Marc.
1451 4118 1591 4187 xvi).
1621 4138 1649 4166 »
1752 4131 1762 4139 “

561 4206 693 4260 Jam
723 4203 882 4262 enim
931 4205 1178 4262 tandem
1221 4204 1549 4277 aliquando
1582 4208 1699 4259 Deo
1725 4204 1960 4261 favente
1999 4205 2149 4261 liber

486 4293 674 4351 ﬁnem
704 4293 986 4366 postulat,
1031 4306 1214 4366 quem
1244 4293 1582 4349 calcetenus
1633 4294 1766 4365 ipso
1811 4293 2147 4351 adminicu-

489 4381 650 4439 lante
678 4386 839 4439 recta
870 4386 933 4438 ut
974 4382 1273 4439 credimus
1318 4370 1623 4453 indagine,
1675 4398 1940 4455 veraque
1976 4384 2148 4455 juxta

489 4487 740 4540 sensum
763 4471 1101 4541 doctorum,
1150 4471 1461 4544 nostrique
1504 4470 1884 4542 fragilitatem
1934 4488 2145 4528 sensus

486 4561 905 4635 perduximus,
936 4565 994 4621 et
1022 4560 1439 4634 imperialibus
1468 4559 1718 4622 decretis
1746 4567 1927 4633 atque
1953 4568 2148 4631 Augu-

488 4651 761 4721 stalibus,
791 4668 828 4710 ο
855 4654 1053 4710 Ctrsar
1077 4654 1361 4722 Auguste,
1391 4664 1747 4723 quanquam
1798 4651 2012 4723 pavide
2043 4667 2144 4723 pa-

484 4756 617 4812 rere
645 4740 1007 4805 studuimus.
1043 4741 1230 4803 Quem
1280 4739 1536 4812 supplex
1574 4740 1971 4813 supplicando
2001 4756 2144 4812 sup-

486 4830 644 4904 plico
675 4829 1035 4895 excellentiae
1065 4829 1345 4889 culminis
1395 4829 1596 4899 vestri,
1630 4833 1697 4887 ut
1726 4830 1925 4886 subtili
1979 4830 2143 4886 inve-

485 4915 802 4986 stigatione
829 4916 1081 4972 lustrare
1113 4918 1395 4976 nobilitas
1426 4924 1626 4983 vestra
1671 4934 1796 4977 non
1837 4919 2056 4991 pigeat,
2090 4922 2146 4973 et

485 5018 729 5071 summo
756 5003 953 5061 studio
980 5009 1325 5067 sanctorum
1371 5006 1686 5063 doctorum
1723 5006 2016 5078 opuscula
2045 5021 2143 5076 pa-

483 5092 627 5154 riter
676 5095 869 5151 vestra
923 5091 1162 5150 solertia
1218 5092 1523 5165 perlegere
1571 5094 1822 5153 studeat.
1872 5094 1929 5149 Si
1983 5094 2142 5148 enim

484 5178 855 5239 Theodosius
887 5179 1213 5252 imperator
1240 5180 1300 5236 in
1342 5180 1595 5254 imperio
1625 5186 1804 5237 natus
1832 5186 1889 5236 et
1925 5180 2141 5237 educa-

2235 1635 2565 1692 dammodo
2592 1641 2860 1693 montem
2892 1643 3191 1717 appetere,
3213 1642 3276 1696 ut
3301 1640 3573 1698 doctrina
3595 1635 3889 1716 spirituali

2235 1724 2579 1795 instructus,
2606 1730 2668 1815 'et
2692 1731 2747 1782 te
2780 1728 3068 1798 sagaciter
3098 1726 3174 1783 ad
3201 1728 3408 1785 altiora
3431 1721 3719 1791 virtutum
3747 1749 3886 1815 pro-

2236 1814 2473 1883 vehere,
2490 1818 2544 1869 et
2574 1813 2723 1870 alios
2744 1816 2818 1870 ad
2845 1817 3141 1873 tramitem
3165 1817 3533 1876 rectitudinis
3563 1813 3887 1893 provdcare

2238 1901 2462 1993 valeas.
2495 1902 2663 1993 Quod
2706 1903 2969 1976 profecto
3017 1906 3250 1985 plenius
3295 1912 3627 1983 penetrare,
3656 1913 3712 1966 et
3743 1927 3889 1993 quo-

2241 1991 2568 2047 dammodo
2600 1997 2867 2049 montem
2909 1994 3121 2049 divinae
3156 1996 3470 2070 Scriptura:
3519 1997 3742 2065 subire,
3772 1991 3888 2063 nisi

2241 2080 2436 2136 solerti
2465 2081 2659 2136 studio
2681 2084 2737 2137 et
2761 2081 3014 2155 puritate
3046 2082 3343 2155 cordis,‘et
3370 2085 3657 2167 pudicitia
3683 2104 3890 2164 corpo-

2241 2171 2319 2224 ris
2349 2170 2706 2242 nequiveris.
2768 2172 3066 2244 Scriptura
3120 2173 3337 2233 etenim
3394 2191 3585 2246 sacra,
3641 2182 3705 2233 ut
3734 2194 3891 2255 saepe

2241 2259 2558 2332 praefactus
2586 2263 2864 2315 tractator
2891 2259 2989 2326 ait,
3015 2277 3191 2317 mons
3216 2266 3304 2318 est
3329 2263 3404 2317 de
3434 2280 3554 2338 quo
3583 2265 3639 2320 in
3674 2267 3891 2322 nostris

2243 2347 2526 2402 cordibus
2558 2348 2842 2403 Dominus
2886 2348 3064 2405 venit.
3102 2353 3180 2406 De
3221 2366 3343 2433 quo
3386 2352 3674 2435 propheta
3704 2354 3883 2408 dicit:

2245 2438 2397 2492 Deus
2429 2453 2463 2492 a
2491 2436 2715 2494 Libano
2744 2440 2956 2508 veniet,
2995 2446 3051 2495 et
3100 2444 3336 2501 sanctus
3382 2436 3455 2496 de
3502 2445 3703 2497 monte
3753 2458 3879 2501 urn-

2242 2527 2422 2581 bi-oso
2453 2532 2509 2580 et
2536 2525 2866 2584 condenso.
2914 2531 3024 2584 Iste
3063 2543 3230 2589 mons
3273 2526 3609 2584 condensus
3632 2533 3724 2586 est
3776 2545 3889 2604 per

2244 2615 2586 2684 sententias,
2620 2621 2677 2671 et
2704 2618 3027 2673 umbrosus
3056 2633 3158 2691 per
3198 2608 3529 2687 allegorias.
3556 2616 3675 2672 Sed
3705 2617 3896 2673 scien-

2245 2704 2392 2760 dum
2424 2705 2569 2778 quia
2596 2722 2735 2762 cum
2756 2723 2869 2762 vox
2896 2706 2957 2762 in
2983 2711 3184 2763 monte
3209 2710 3401 2769 sonat,
3429 2706 3790 2764 vestimenta
3815 2706 3899 2764 la-

2247 2810 2386 2849 vare
2416 2796 2817 2869 praecipimur,
2852 2800 2907 2852 et
2936 2796 3013 2853 ab
3043 2796 3211 2852 omni
3260 2795 3671 2869 inquinatione
3704 2796 3899 2852 carnis

2249 2884 2565 2953 mundare,
2627 2886 2675 2940 si
2719 2885 2797 2940 ad
2850 2891 3116 2941 montem
3174 2884 3527 2941 festinemus
3594 2885 3898 2944 accedere.

2252 2974 2546 3046 Scriptum
2573 2974 2794 3047 quippe
2816 2980 2904 3030 est
2926 2991 2939 3029 :
2967 2996 2995 3023 «
3017 2974 3163 3036 Quia
3181 2973 3229 3029 si
3252 2973 3437 3030 bestia
3465 2972 3715 3044 tetigerit
3733 2989 3904 3029 mon-

2252 3068 2392 3133 tem,
2423 3062 2789 3137 lapidabitur
2831 3064 3036 3132 (Hebr.
3067 3063 3191 3135 xu).
3229 3084 3257 3112 »
3298 3063 3492 3118 Bestia
3522 3061 3711 3132 tangit
3739 3076 3908 3118 mon-

2252 3157 2390 3221 tem,
2422 3152 2669 3224 quando
2695 3153 2828 3225 quis
2854 3150 3103 3208 luxurize
3136 3157 3237 3208 aut
3264 3150 3707 3207 irrationalibus
3734 3151 3908 3206 moti-

2252 3241 2365 3296 bus
2391 3241 2645 3309 deditus,
2709 3242 3023 3313 Scripturre
3072 3257 3256 3297 sacra:
3306 3238 3637 3295 celsitudini
3694 3255 3909 3312 appro-

2252 3331 2523 3402 pinquat,
2550 3335 2606 3386 et
2635 3345 2755 3385 non
2786 3346 2919 3386 eam
2947 3332 3279 3385 secundum
3305 3328 3472 3403 quod
3496 3328 3674 3384 debet
3701 3328 3910 3384 intelli-

2255 3421 2354 3488 git,
2391 3418 2489 3472 sed
2519 3418 2997 3475 irrationabiliter
3037 3420 3115 3475 ad
3175 3435 3301 3473 suae
3346 3418 3663 3489 voluptatis
3701 3416 3908 3473 intelli-

2256 3508 2517 3575 gentiam
2543 3506 2741 3563 ﬂcctit.
2800 3508 2911 3563 Sed
2943 3508 3047 3563 iste
3078 3508 3206 3563 talis
3255 3506 3556 3563 absurdus
3603 3504 3693 3562 vel
3720 3521 3911 3562 censu

2255 3597 2441 3666 piger,
2478 3596 2526 3650 si
2557 3597 2713 3652 circa
2744 3597 2905 3652 hunc
2936 3601 3199 3652 montem
3232 3596 3394 3651 visus
3444 3595 3631 3663 fuerit,
3666 3594 3913 3651 atrocis-

2258 3686 2422 3739 siinis
2467 3686 2791 3754 sententiis,
2849 3685 3025 3742 veluti
3085 3685 3387 3758 lapidibus
3431 3688 3693 3740 necatur.
3731 3684 3914 3740 Ardet

2258 3774 2413 3828 enim
2447 3773 2553 3829 iste
2589 3790 2783 3843 mons,
2813 3775 2957 3848 quia
2996 3790 3167 3831 sacra
3218 3774 3519 3846 Scriptura
3544 3788 3724 3845 quem
3745 3772 3915 3845 spiri-

2258 3863 2491 3919 tualiter
2567 3863 2774 3936 replet,
2856 3863 3078 3919 amoris
3155 3863 3292 3933 igne
3360 3861 3688 3927 succendit.
3742 3860 3914 3917 Unde

2258 3968 2365 4024 per
2394 3955 2637 4025 Moysen
2692 3952 2941 4009 dicitur:
2986 3972 3016 4005 ‹
3051 3957 3112 4007 In
3152 3952 3397 4007 dextera
3441 3951 3566 4022 eius
3608 3949 3783 4018 ignea
3810 3948 3913 4005 lex

2261 4043 2452 4109 (Deut.
2494 4044 2698 4110 xxxii).
2750 4064 2777 4091 ι»
2810 4042 2958 4107 Quia
2986 4041 3047 4097 in
3088 4041 3412 4097 electorum
3457 4038 3777 4104 mentibus,
3806 4039 3919 4111 qui

2259 4132 2335 4186 ad
2367 4131 2672 4188 dexteram
2702 4132 2920 4203 judicis
2955 4131 3255 4187 statuendi
3287 4137 3445 4196 sunt,
3478 4128 3739 4199 ﬂagrant
3765 4144 3921 4202 pras-

2248 4225 2431 4291 ct-pta
2483 4220 2702 4286 divina,
2735 4226 2793 4275 et
2840 4220 3141 4276 charitatis
3188 4219 3403 4275 ardore
3434 4233 3727 4274 succensa
3757 4222 3918 4288 sunt,

2258 4310 2481 4364 idcirco
2508 4309 2831 4378 Augustale
2862 4308 3066 4379 decus,
3090 4312 3147 4364 et
3162 4310 3527 4363 Francorum
3559 4307 3751 4377 gloria
3781 4322 3921 4377 gen-

2258 4398 2332 4453 tis
2365 4397 2820 4453 rationabilibus
2844 4398 3144 4453 mentibus
3171 4402 3228 4453 et
3249 4396 3612 4453 castimoniis
3642 4395 3917 4469 corporis

2258 4486 2429 4542 stude
2459 4489 2724 4542 montem
2766 4487 2943 4542 istum
2997 4487 3197 4542 subire
3228 4489 3284 4541 et
3330 4485 3556 4541 fervore
3610 4484 3919 4541 charitatis

2257 4591 2583 4632 succensus
2612 4575 2868 4645 legendo
2895 4580 3231 4648 penetrare,
3266 4580 3328 4630 ut
3357 4590 3467 4647 pro
3506 4573 3721 4630 merito
3750 4573 3922 4630 intel-

2253 4665 2531 4737 ligentiae,
2563 4669 2619 4720 et
2662 4665 2915 4721 aliorum
2946 4680 3100 4737 quos
3149 4663 3439 4732 corrigere
3478 4669 3677 4718 vestra
3725 4678 3919 4733 sagax

2254 4754 2574 4827 prudentia
2607 4753 2919 4821 studuerit,
2948 4752 3215 4825 profecto
3259 4755 3493 4807 montes
3541 4756 3917 4816 aromatum,

2253 4844 2309 4899 id
2344 4849 2431 4899 est
2456 4842 2838 4899 celsitudines
2872 4840 3225 4911 angelorum
3253 4839 3498 4895 tandem
3542 4840 3808 4896 Domino
3839 4841 3919 4895 fa-

2252 4938 2425 4989 vente
2459 4933 2644 5001 adire,
2677 4938 2856 5006 atque
2887 4947 3096 4986 eorum
3130 4929 3429 5000 suffragiis
3458 4927 3812 4986 orationum
3842 4930 3918 4986 ad

2253 5021 2560 5076 dexteram
2615 5021 2833 5091 judicis
2893 5036 3031 5075 cum
3084 5018 3304 5074 sanctis
3349 5015 3827 5089 imperatoribus
3868 5022 3922 5074 et

2253 5109 2605 5164 consulibus
2633 5109 2908 5165 collocari
2940 5108 3249 5179 merearis,
3286 5107 3626 5178 pariterque
3651 5121 3687 5161 a
3722 5105 3921 5163 Domi-

2248 5212 2330 5252 no
2358 5197 2601 5255 audire:
2639 5219 2667 5249 ‹‹
2704 5201 2882 5266 Euge,
2915 5212 3079 5253 serve
3110 5197 3286 5262 bone,
3312 5194 3526 5261 ﬁdelis,
3559 5194 3707 5266 quia
3737 5210 3919 5269 super

484 5270 583 5337 tus
612 5270 791 5332 tanta:
822 5266 1180 5331 excellentius
1206 5269 1441 5339 exstitit,
1474 5274 1538 5324 ut
1566 5268 1932 5337 singularem
1966 5271 2134 5329 totius

2249 5302 2449 5360 pauca
2478 5288 2637 5343 fuisti
2660 5287 2870 5354 ﬁdelis,
2904 5302 3089 5358 supra
3121 5286 3304 5340 multa
3337 5289 3393 5339 te
3423 5284 3792 5339 constituam
3805 5266 3918 5350 fin-

483 5355 619 5421 orbi
648 5355 1063 5447 Ψοηδῗθωδω
1089 5357 1406 5447 ,οδίξηθῖθβν
1442 5355 2139 5447 Γίεοίθιηίβνθωωδιίοί
2248 5355 2339 5433 ira
2372 5377 2431 5432 in
2466 5376 2757 5447 gaudium
2805 5355 3041 5433 Domini
3063 5375 3146 5431 tui
3170 5374 3411 5447 (Matth.
3444 5376 3606 5442 xxv).
3638 5393 3667 5421 ι
3692 5376 3912 5429 Amen.

484 5447 771 5520 Romanae
801 5443 1156 5515 eloquentia:
1182 5445 1416 5513 decoris
1441 5444 1685 5516 librum,
1728 5445 2136 5507 disertitudine
