4106 6174
242 169 350 222 649

243 376 383 414 rum
417 357 707 430 auxilium
755 362 812 412 et
844 357 1120 430 solatium
1163 357 1460 430 invitabat
1487 379 1497 412 :
1530 357 1666 430 plus
1694 357 1898 411 defen-

240 434 478 485 sionem
511 429 764 497 diligens
793 429 1016 499 patriae,
1041 435 1096 483 et
1121 428 1309 499 plebis
1340 428 1713 484 securitatem
1743 445 1902 483 com-

245 501 472 568 missae,
504 516 690 572 quam
722 499 882 554 lucra
912 499 1258 572 temporalia
1290 505 1346 554 et
1365 501 1614 562 caduca.
1636 516 1744 572 pro
1775 499 1902 570 qui-

238 573 358 629 bus
390 570 618 644 multos
630 571 757 640 jam
770 570 1102 644 recolimus
1129 571 1312 644 vitam
1338 572 1559 644 pariter
1585 570 1901 644 etiposses-

239 645 466 713 siones,
497 642 718 714 quibus
748 641 1216 710 delectabantur,
1243 641 1464 712 jugiter
1495 641 1789 696 amisisse.

600 750 715 804 Leo
747 757 994 818 reparat
1025 749 1198 805 urbes
1229 749 1541 820 quasdam.

315 855 582 937 Posthch
639 855 899 937 denique
939 855 1171 937 omnia,
1218 873 1352 937 quae
1404 855 1678 937 superius
1728 854 1902 937 brevi

241 928 401 1001 stylo
428 933 704 983 contexta
722 925 877 1008 sunt,
899 927 1167 1008 alianon
1198 925 1508 983 dissimilia
1527 925 1747 1008 praesul
1768 941 1902 1008 san-

239 996 376 1056 ctus
421 1014 490 1052 ac
544 998 900 1053 venerabilis
931 999 1072 1054 satis
1120 1014 1309 1070 ovans
1339 996 1561 1070 peregit
1588 996 1899 1070 opuscula.

240 1075 394 1126 Nam
429 1071 702 1124 Hortante
734 1075 789 1124 et
812 1071 1096 1125 Americae
1125 1069 1300 1124 valde
1331 1067 1718 1141 antiquorum
1765 1067 1904 1122 civi-

241 1148 460 1204 tatum,
479 1157 738 1212 quarum
767 1142 921 1213 muri
953 1158 1021 1196 ac
1043 1145 1228 1213 portae
1260 1157 1383 1213 prae
1400 1141 1586 1196 nimia
1612 1144 1901 1213 vetustate

245 1210 587 1292 temporum
621 1228 816 1292 usque
847 1212 924 1292 ad
948 1210 1142 1267 solum
1173 1211 1530 1292 ceciderant,
1558 1217 1612 1267 et
1634 1210 1900 1292 funditus

241 1281 537 1339 destitutae
563 1281 1106 1362 Amauebanttquas
1133 1283 1316 1362 modo
1366 1283 1546 1362 fures,
1579 1281 1762 1362 modo
1814 1281 1901 1362 la-

242 1362 446 1426 trones
475 1353 818 1426 patentibus
845 1352 1039 1420 aditis,
1070 1354 1234 1426 nullo
1278 1354 1587 1426 resistente
1632 1352 1897 1426 custode,

241 1423 495 1481 faeilius'
529 1424 1040 1496 ingrediebantur,
1090 1425 1216 1496 ipse
1272 1425 1424 1480 adeo
1483 1423 1900 1496 solertissimus

237 1496 466 1570 praesul
510 1500 759 1570 tantam_
798 1495 1014 1550 civium
1048 1495 1484 1570 praedictarum
1529 1495 1769 1570 urbium
1802 1511 1900 1550 co-

241 1565 543 1647 ignescens
574 1567 890 1647 incuriam,
923 1565 1353 1647 easdem-quas
1404 1565 1902 1647 praetitulavimus

1601 163 1875 220 ΝΟἸῘΙΤΙΑ
1913 162 2301 218 HISTORICA.

243 288 354 344 sed
386 285 788 357 undecunque
815 285 1053 342 valebat
1083 285 1355 354 colligere
1386 285 1660 342 homines
1691 285 1769 342 ad
1799 301 1898 340 eo-
1932 288 1978 340 A

3550 175 3654 227 650

2657 287 2828 341 Dona
2859 287 3002 342 alia.

2083 375 2144 452 in
2171 371 2420 452 ecclesia
2445 379 2643 452 autem
2676 374 3015 452 sanctaaupei
3046 376 3364 452 genitricis,
3388 393 3525 450 quae
3554 395 3658 452 po-

2009 443 2168 498 nitur
2195 443 2255 498 in
2287 444 2414 500 vico
2448 445 2771 500 Sardorum
2822 419 3098 501 milliarib
3147 446 3225 501 ab
3274 419 3660 507 ualidus};

2012 514 2333 588 trigesimo,
2364 521 2624 588 quatuor
2649 516 2971 572 catholicos
2990 517 3174 572 libros
3205 517 3438 583 obtulit,
3469 536 3660 576 unum

2011 588 2166 664 tivan
2174 585 2484 664 geliorum,
2500 587 2683 664 alium
2699 588 3466 664 Regnorum,Psalmorum,
3482 595 3662 664 atque

2012 658 2387 712 Sermonum.
2424 659 2487 712 In
2533 658 2781 714 ecclesia
2828 659 2986 714 beati
3028 659 3254 716 Martini
3305 658 3661 718 confessoris

2010 732 2190 814 atque
2222 727 2533 814 pontiﬁcis
2562 729 2703 784 foris
2747 735 2985 814 portam
3014 730 3173 786 beati
3221 732 3374 814 Petri
3403 733 3661 814 apostoli

2009 797 2146 877 fecit
2174 797 2424 877 calicem
2455 799 2527 853 de
2554 797 2799 877 argento
2825 817 3014 877 unum
3039 818 3178 877 cum
3206 797 3494 877 catenulis
3521 820 3665 877 pen-

2013 872 2246 924 santem
2277 868 2460 924 libras
2488 868 2764 941 quatuor,
2785 879 2841 927 et
2859 873 3068 928 uncias
3099 873 3272 929 duas.
3305 877 3370 930 Et
3393 874 3454 930 in
3481 868 3665 932 eccle-

2013 942 2100 1019 sia
2147 947 2491 1019 sanctorum
2536 947 2794 1013 quatuor
2854 946 3295 1019 Coronatorum
3348 945 3484 1003 fecit
3528 947 3664 1019 thy-

2013 1010 2386 1089 miamateria
2415 1012 2536 1089 duo
2555 1010 2636 1089 'ex
2657 1018 2904 1080 argento
2931 1014 3329 1089 mundissimo
3348 1010 3667 1089 pensantia

2010 1081 2195 1137 libras
2225 1081 2403 1151 duas,
2437 1088 2493 1138 et
2523 1084 2761 1138 unicam
2814 1100 3019 1140 unam.
3073 1086 3258 1142 Simili
3306 1081 3488 1144 modo
3520 1089 3666 1146 etin

2011 1152 2261 1208 ecclesia
2287 1153 2475 1209 beatae
2507 1155 2837 1210 Petronillae
2869 1156 3004 1211 fecit
3056 1162 3248 1212 vestes
3293 1158 3368 1214 de
3412 1159 3664 1216 fundato

2013 1229 2148 1299 tres,
2183 1230 2240 1279 et
2263 1224 2394 1280 vela
2423 1225 2764 1299 duodecim,
2797 1232 3055 1299 quatuor
3109 1227 3355 1299 quidem
3393 1229 3468 1285 de
3522 1231 3658 1287 fun-

2011 1295 2172 1371 dato.
2202 1300 2258 1350 et
2291 1301 2404 1371 tres
2437 1297 2511 1350 de
2535 1295 2843 1371 spanisco,
2875 1298 3108 1371 etlinea
3128 1295 3422 1371 quinque.

2083 1369 2243 1441 Nam
2262 1371 2318 1422 et
2341 1367 2402 1441 in
2431 1367 2679 1441 ecclesia
2708 1369 3059 1441 sanctieDei
3091 1367 3409 1441 genitricis,
3439 1371 3661 1441 Mariae,

2010 1453 2196 1510 quam
2220 1437 2356 1512 ipse
2378 1437 2762 1512 beatissimus
2786 1439 3050 1512 pontifex
3078 1437 3114 1495 δῖ
3139 1437 3547 1497 fundamentis
3573 1437 3667 1497 su-

2012 1508 2123 1580 pra
2153 1508 2424 1581 sch_01am
2455 1511 2761 1565 Saxonum
2786 1508 3039 1566 'noviter
3068 1515 3416 1581 construxit,
3457 1512 3670 1569 obtulit

2013 1579 2202 1634 vestes
2233 1579 2307 1634 de
2339 1580 2590 1637 fundato
2623 1587 2760 1652 tres,
2783 1587 2840 1637 et
2860 1581 2989 1638 vela
3013 1582 3278 1639 similiter
3306 1584 3381 1641 de
3404 1579 3668 1640 fundato

240 1637 510 1719 civitates
528 1639 768 1722 hortatu
798 1654 910 1719 suo
939 1654 1004 1693 ac
1035 1637 1232 1722 studio
1258 1637 1448 1722 rn‘uris
1479 1637 1897 1722 novisportis-
1933 1641 1974 1695 Β
2012 1655 2291 1722 quatuor,

240 1727 363 1784 que
421 1709 724 1782 prioribus
769 1708 1431 1784 minimediSsimilibus
1461 1709 1540 1764 ad
1587 1708 1903 1784 pristinum

239 1780 447 1838 lucum
489 1786 834 1853 statumque
882 1781 1073 1853 gratia
1113 1780 1534 1853 corroboratus
1585 1780 1788 1853 divina
1816 1795 1904 1835 re-

240 1853 436 1908 duxit.
472 1856 534 1924 In
565 1851 797 1924 quibus
816 1852 1000 1924 modo
1027 1851 1365 1924 civitatibus
1396 1851 1646 1924 exaratis
1667 1851 1824 1924 cives
1847 1855 1905 1906 et

243 1925 325 1980 ab
359 1921 739 1980 inimicorum
784 1922 1018 1978 insidiis
1068 1923 1280 1978 melius
1311 1923 1499 1978 securi
1545 1921 1900 1988 inhabitant,

243 2001 304 2051 et
329 1995 489 2050 fures
519 2011 590 2050 ac
619 1994 899 2063 latrones,
927 1999 990 2050 ut
1017 1995 1242 2050 dictum
1266 1999 1352 2050 est
1375 1994 1592 2050 clausis
1621 1993 1808 2048 muris
1834 2009 1904 2049 ac

240 2067 438 2140 portis
485 2065 716 2140 nullum
767 2066 1064 2140 damnum
1107 2071 1165 2121 et
1194 2065 1438 2140 furtum,
1471 2071 1594 2140 tam
1625 2064 1902 2120 noctibus

245 2136 556 2210 quamque
586 2136 819 2207 diebus,
849 2138 924 2194 de
946 2143 1157 2193 caetero
1186 2136 1470 2193 valebant
1492 2137 1726 2192 inferre.

700 2251 873 2305 Dona
903 2249 1162 2306 ecclesiis
1193 2249 1440 2304 coflata.

334 2355 434 2428 His
455 2360 667 2428 autem,
687 2360 752 2428 ut
781 2355 1137 2428 praedictum
1159 2359 1265 2422 est,
1295 2353 1607 2424 diligenter
1635 2353 1903 2426 expletis,

246 2427 389 2483 fecit
418 2426 477 2480 in
506 2426 749 2482 ecclesia
780 2426 1125 2499 sanctorum
1175 2431 1434 2499 quatuor
1476 2429 1908 2499 Coronatorum

240 2513 504 2567 regnum
544 2514 614 2570 ex
645 2514 794 2553 auro
825 2498 1148 2570 purissimo
1178 2497 1391 2570 unum,
1423 2497 1696 2570 pendens
1729 2512 1910 2570 super

241 2571 436 2627 altare
467 2569 686 2639 majus,
719 2567 855 2624 cum
888 2569 1176 2624 catenulis
1206 2567 1475 2624 similiter
1505 2567 1720 2632 aureis,
1756 2567 1908 2622 scul-

241 2642 452 2715 ptilem
473 2640 707 2696 habens
728 2640 788 2695 in
815 2640 1012 2715 medio
1036 2655 1276 2715 crucem
1291 2655 1560 2715 auream,
1585 2639 1907 2715 habentem

242 2710 523 2784 gemmas
553 2711 1032 2784 quatuordecim,
1056 2727 1129 2766 ex
1154 2711 1378 2784 quibus
1409 2711 1677 2784 quinque
1724 2710 1784 2764 in
1812 2725 1908 2765 ea-

243 2781 391 2840 dem
420 2781 595 2838 cruce
626 2783 799 2854 ﬁxas,
831 2782 1064 2854 ettalias
1094 2781 1228 2854 quae
1259 2781 1483 2854 ibidem
1512 2781 1775 2853 pendent
1804 2796 1908 2836 no-

243 2872 407 2910 vem.
439 2857 550 2926 Sex
577 2853 826 2926 quidem
857 2853 1046 2920 albas,
1079 2853 1135 2907 et
1161 2853 1581 2926 hyacinthinas
1602 2858 1740 2926 tres,
1766 2866 1910 2926 pen-

246 2932 456 2982 santes
489 2923 668 2980 simul
697 2924 913 2980 libram
943 2940 1152 2985 unam,
1179 2923 1235 2979 et
1262 2924 1440 2979 semis
1487 2923 1719 2979 uncias.
1769 2923 1912 2978 Nec-

2085 1721 2246 1796 Idem
2267 1721 2650 1796 beatissimus
2682 1722 2945 1796 pontifex
2970 1722 3105 1780 fecit
3127 1723 3189 1779 in
3221 1725 3477 1782 basilica
3505 1725 3667 1782 beati

2016 1792 2167 1869 Petri
2220 1793 2470 1869 apostoli
2514 1792 2716 1850 cereos
2762 1795 3202 1869 deargentatos,
3237 1797 3342 1869 qui
3394 1802 3552 1853 stant
3605 1797 3667 1852 in

2012 1863 2384 1945 presbyterio
2421 1881 2688 1945 numero_
2722 1863 2936 1945 viginti
2974 1872 3030 1945 et
3061 1863 3311 1945 septem,
3342 1874 3664 1945 pensantes

2012 1935 2261 1989 insimul
2297 1935 2481 1991 libras
2529 1936 2950 2004 quadraginta.
2987 1935 3218 1994 Nam—et
3261 1935 3462 1994 trabes
3493 1939 3554 1993 in
3581 1939 3668 1994 in-

2015 1953 2261 1989 inSimui
2297 1953 2481 1991 nnras
2529 1953 2950 2062 quadraginta.
2987 1953 3131 1992 nam
3163 1953 3218 1994 e:
3261 1953 3462 1994 trabes
3493 1955 3554 1993 in
3581 1955 3667 1994 in-

2015 2021 2234 2086 gressu
2257 2012 2316 2086 et
2340 2006 2401 2061 in
2430 2023 2525 2061 me
2575 2008 2630 2062 io
2660 2009 3012 2086 presbyterii
3043 2009 3342 2086 investivit
3365 2026 3438 2064 ex
3456 2025 3667 2077 argen-

2016 2082 2074 2132 to
2103 2078 2426 2151 purissimo
2455 2078 2749 2150 pensante
2779 2078 2962 2133 libras
2996 2080 3303 2148 sexaginta
3331 2086 3388 2135 et
3415 2086 3667 2151 septem,

2015 2153 2072 2222 et
2103 2147 2311 2202 uncias
2342 2147 2676 2222 tresltcum
2701 2155 2924 2222 autem
2977 2147 3247 2222 supernae
3297 2151 3418 2205 zelo
3461 2147 3667 2222 patriae

2015 2218 2298 2292 incensus
2352 2219 2636 2292 speciosis
2685 2220 2896 2292 Christi
2947 2218 3066 2292 per'
3107 2221 3379 2275 ordinem
3427 2218 3667 2292 ornaret

2015 2289 2270 2363 metallis
2320 2289 2806 2363 aciornamentis
2841 2289 3138 2363 ecclesias,
3179 2298 3318 2363 post
3368 2291 3501 2347 fecit
3551 2291 3670 2348 alia

2016 2360 2206 2416 multa
2226 2361 2285 2415 in
2313 2360 2450 2416 aula
2477 2361 2634 2417 beati
2666 2361 2815 2434 Petri
2838 2362 3090 2434 apostoli
3137 2360 3422 2434 principis
3452 2380 3464 2417 :
3497 2379 3667 2418 coro-

2015 2447 2160 2487 nam
2209 2448 2277 2504 ex
2309 2438 2556 2502 argento
2605 2432 2925 2504 purissimo
2970 2432 3157 2504 unani
3208 2432 3351 2488 cuni
3378 2433 3670 2489 catenulis

2017 2518 2200 2570 argen
2209 2503 2312 2576 teis
2330 2503 2622 2574 quatuor,
2633 2503 2956 2576 habentem
2976 2503 3293 2576 delphinos
3309 2505 3672 2576 quadragin-

2017 2579 2081 2646 ta
2103 2577 2161 2628 et
2198 2573 2372 2634 duos}
2405 2575 2720 2646 pensantia
2752 2575 2933 2646 simul
2974 2573 3158 2629 libras
3210 2573 3413 2644 viginti
3446 2581 3502 2630 et
3530 2581 3668 2630 tres.

2020 2644 2122 2699 Hic
2151 2660 2392 2725 quoque
2407 2644 2714 2725 pontifex,
2731 2645 2940 2725 Christi
2963 2647 3442 2725 semper-auxilio
3467 2646 3672 2725 fretus,

2018 2732 2090 2788 ac
2135 2715 2439 2788 divinitus
2472 2716 2814 2788 inspiratus,
2867 2715 3003 2788 fecit
3050 2715 3112 2788 in
3169 2717 3416 2771 circuitu
3469 2716 3674 2772 altaris

2018 2786 2179 2859 beati
2210 2788 2356 2859 Petri
2384 2786 2639 2859 apostOIi
2667 2786 2797 2842 vela
2820 2786 3007 2859 serica
3029 2786 3103 2842 de
3126 2788 3370 2859 prasino
3393 2793 3672 2859 quatuor,

2018 2857 2303 2929 habentia
2340 2857 2576 2929 tabulas
2607 2857 2680 2914 de
2711 2857 3100 2929 chrysoclavo
3127 2857 3265 2913 cum
3315 2857 3508 2926 effigie
3556 2858 3678 2914 Sal-

2017 2927 2324 3000 vatoriset
2349 2928 2761 3000 apostolorum
2793 2927 2940 3000 Petri
2970 2933 3025 2983 et
3070 2929 3231 2984 Pauli
3279 2933 3337 2984 et
3365 2930 3456 2983 sui
3486 2929 3675 3000 ipsius

244 3013 373 3070 non
406 3003 461 3052 et
490 2997 550 3051 in
581 2995 832 3051 basilica
859 3000 1078 3070 sanctae
1104 2995 1204 3070 Dei
1249 2995 1547 3070 genitricis
1577 2993 1908 3070 Marimdo-
1941 2992 1982 3047 C
2021 2998 2262 3070 almiﬁci
2285 2992 2649 3070 présulis,et
2673 2999 2732 3054 in
2755 2999 2957 3070 medio
2974 3015 3180 3054 cruces
3210 3005 3266 3054 et
3295 2992 3674 3069 gammadias

245 3069 430 3124 mina?
461 3072 678 3122 nostrae
707 3083 842 3139 quae
867 3067 1110 3139 ponitur
1129 3067 1188 3122 in
1222 3065 1348 3120 vico
1376 3065 1722 3132 Sardorum,
1741 3065 1912 3120 obtu-

247 3141 315 3196 lit
346 3139 596 3210 calicem
637 3143 692 3193 et
723 3137 1004 3210 petebam
1023 3137 1110 3210 de
1153 3141 1400 3210 argento
1450 3141 1756 3210 exoratam
1802 3151 1914 3210 par

249 3227 472 3276 unum,
504 3205 741 3279 legente
765 3209 840 3263 de
869 3208 1112 3264 nomine
1167 3205 1419 3279 DOmini
1461 3206 1668 3262 Leonis
1715 3205 1913 3278 quarti

250 3298 457 3354 papae,
484 3277 798 3354 pensantia
829 3279 1008 3354 simul
1036 3280 1098 3354 in
1135 3295 1338 3354 unum
1362 3277 1550 3354 libras
1572 3277 1833 3350 quatuor
1857 3281 1914 3354 et

259 3347 795 3430 uncias'quinque.
848 3351 982 3422 Ipse
1036 3350 1286 3430 insignis
1335 3347 1675 3430 praesulq'ue
1703 3347 1912 3430 princi-

261 3439 452 3495 puus,
471 3419 620 3495 cum,
643 3419 953 3495 innumera
985 3421 1206 3495 summi
1237 3419 1468 3495 decoris
1498 3419 1681 3495 opera
1705 3419 1773 3474 in
1803 3419 1912 3474 ba-

257 3491 436 3548 silica
465 3491 626 3564 beati
655 3495 787 3546 Petri
821 3493 950 3547 caeli
984 3492 1263 3562 clavigeri
1319 3491 1678 3564 perfecisset,
1710 3495 1914 3563 portas

251 3581 421 3638 quas
455 3563 821 3638 destruxerat
842 3567 1139 3638 Saracena
1168 3563 1508 3638 progenies,
1548 3567 1915 3638 argentoque

251 3631 540 3695 nudarat,
573 3635 770 3690 exerit.
801 3635 1125 3706 multisque
1156 3631 1452 3706 argenteis
1503 3632 1742 3706 tabulis,
1771 3631 1917 3706 luci-

255 3708 416 3774 fluis,
451 3705 888 3778 salutiferisque
920 3704 1181 3761 historiis
1211 3705 1455 3778 sculptis
1504 3704 1827 3778 decoravit,
1861 3708 1918 3758 et

257 3778 325 3834 in
378 3777 684 3849 meliorem
716 3775 975 3849 speciem
1027 3793 1213 3849 quam
1245 3775 1721 3849 pridem‘fuerat,
1748 3790 1919 3849 repay

259 3847 433 3920 ravit,
464 3853 525 3902 ut
561 3844 774 3920 omnes
804 3848 907 3920 qui
932 3848 991 3903 in
1023 3844 1301 3920 e—amdem
1329 3846 1642 3920 basilicam
1686 3844 1918 3915 ingredi

265 3918 492 3990 volunt,
541 3919 752 3974 laudes
806 3918 926 3974 Deo
984 3918 1378 3990 omnipotenti
1430 3922 1758 3990 sanctoque
1807 3932 1917 3990 suo

261 3989 612 4062 praesulatui
658 3990 1037 4062 referant,tet
1084 3987 1437 4062 exposcunt,
1475 3992 1536 4043 ut
1593 3987 1678 4043 ad
1710 3987 1917 4062 multa

255 4058 562 4117 annorum
593 4061 888 4116 curricula
917 4060 1034 4115 vita
1063 4058 1181 4116 sua
1217 4059 1588 4130 extendatur,
1621 4058 1725 4130 qui
1773 4058 1920 4130 tanti

251 4133 509 4203 fulgoris
560 4148 762 4204 Opere,
811 4136 1097 4203 tantoque
1143 4129 1602 4204 pulchritudinis
1640 4127 1920 4204 'pondere

249 4199 461 4260 aulam
495 4199 621 4258 Dei“
649 4199 897 4272 argento
955 4199 1249 4274 pensante
1302 4201 1488 4274 libras
1519 4271 1526 4274 _
1536 4199 1923 4274 septuaginta

253 4274 516 4352 ornavit.
553 4274 664 4352 Qui
722 4270 995 4352 summus
1044 4274 1283 4345 Deoque
1327 4270 1820 4352 amabilis—papa
1861 4273 1924 4326 in

253 4345 508 4402 exordio
553 4344 647 4400 sui
694 4345 1002 4414 pontiﬁcii,
1032 4342 1484 4416 cum—porticus
1528 4342 1714 4416 partis
1740 4342 1923 4416 :laevee
1956 4343 2000 4397 D
2033 4345 2187 4401 Petri
2205 4343 2454 4401 ecclesia
2474 4344 2647 4416 juxta
2670 4343 2854 4416 altare
2881 4343 2995 4399 sub

251 4416 420 4472 beati
452 4413 762 4488 Petriprae
787 4416 974 4488 nimia
1003 4413 1291 4470 vetustate
1316 4413 1576 4488 basilicis
1597 4413 1923 4484 cecidisset,

257 4488 438 4544 celeri
471 4485 669 4543 studio
691 4487 1035 4558 praeclarius
1057 4485 1390 4543 renovavit.

639 4593 939 4648 Ecclesias
970 4592 1192 4648 multas
1225 4592 1551 4648 exstruxit.

337 4702 490 4754 Nam
519 4705 573 4771 et
601 4699 787 4771 ipsius
810 4700 1128 4771 praecipuae
1161 4699 1423 4771 ecclesia:
1447 4702 1932 4771 sartartectama—

266 4771 409 4838 guis
440 4768 710 4844 trabibus
734 4768 1114 4844 rprocaci'que
1147 4770 1398 4844 artiﬁcio
1427 4769 1664 4825 elevatis
1693 4768 1932 4844 luciﬂue

267 4842 601 4914 renovavit.
636 4841 790 4908 Quin
822 4841 1372 4914 etiam—porticum,
1402 4857 1538 4914 quae
1581 4841 1771 4896 sancti
1820 4849 1936 4914 An-

267 4910 439 4967 dreae
465 4913 716 4968 cohaeret
744 4914 1031 4975 ecclesiae,
1054 4910 1208 4968 'cum
1240 4910 1580 4968 cerneretur
1603 4927 1838 4978 casura,
1872 4911 1936 4967 in

261 4981 491 5039 melius
532 4984 759 5040 noviter
805 4983 1184 5040 restauravit.
1217 4983 1331 5039 Sed
1362 4987 1420 5039 et
1446 4998 1772 5051 cameram,
1799 4997 1936 5053 quin

259 5060 411 5127 ante
441 5060 646 5127 portas
679 5061 993 5127 argenteas
1009 5055 1140 5125 jam
1169 5054 1342 5110 dictae
1367 5054 1518 5110 aulae
1543 5070 1676 5127 esse
1705 5053 1939 5127 conspi-

259 5124 708 5194 cuum—infinito
748 5124 934 5181 fretus
962 5124 1168 5182 amore
1195 5140 1494 5182 renovans
1523 5124 1942 5182 decoravitht

261 5197 494 5269 multas
527 5198 642 5269 pize
674 5197 1039 5269 operationis
1071 5197 1130 5252 in
1154 5196 1372 5269 eadem
1403 5197 1616 5269 specie
1657 5197 1941 5269 ecclesias

261 5268 426 5328 fecit.
451 5267 610 5341 quas
637 5269 684 5323 si
714 5267 1024 5341 scripturae
1060 5267 1294 5323 tradere
1327 5267 1712 5341 voluerimus,
1735 5268 1943 5341 lingua

259 5338 518 5396 narrare
553 5355 674 5395 non
708 5338 982 5407 sufﬁciet,
1011 5344 1070 5395 et
1098 5355 1207 5394 nec
1240 5339 1629 5396 scribentium
1655 5338 1945 5392 valebunt

260 5411 508 5492 articuli
540 5411 871 5492 sustinere."
890 5411 1038 5492 Cum
1064 5426 1232 5492 .ergo
1263 5426 1371 5489 per
1418 5410 1685 5488 diversas
1719 5407 1818 5492 Ι)θὶ
1849 5424 1945 5492 ec-

2019 3069 2095 3125 de
2125 3068 2517 3140 chrysoclavo
2544 3086 2682 3124 cum
2713 3069 3012 3140 orbiculis.
3033 3070 3093 3123 in
3115 3068 3339 3140 quibus
3364 3075 3503 3140 sunt
3523 3069 3674 3124 ima-

2022 3141 2196 3211 gines
2224 3139 2645 3211 apostolorum
2665 3139 2830 3211 mirae
2851 3139 3312 3211 pulchritudinis
3339 3139 3673 3205 decoratas,

2020 3209 2245 3337 gnatm
2265 3209 2486 3266 diebus
2518 3209 2682 3266 festis
2729 3209 2810 3265 ad
2852 3209 3132 3265 decorem
3170 3209 3394 3265 ibidem
3424 3225 3676 3282 suspen-

2067 3297 2149 3337 un
2175 3297 2266 3336 ur.

2067 3287 2266 3337 untur.

2094 3353 2221 3408 Pari
2251 3350 2436 3407 modo
2467 3352 2603 3408 fecit
2626 3350 2729 3406 ubi
2759 3366 2943 3424 supra
2961 3351 3090 3424 alia
3116 3351 3249 3408 vela
3280 3351 3681 3424 alba_holose-
3737 3401 3742 3408 .

2022 3424 2146 3480 rica
2177 3427 2379 3495 rosata
2405 3439 2543 3495 cum
2604 3422 2882 3478 cancellis
2938 3422 3221 3478 decorata
3274 3422 3538 3495 miriﬁce,
3571 3439 3680 3495 pa-

2023 3496 2180 3550 scha:
2211 3493 2640 3550 obumbrantia
2687 3509 2876 3549 sacra.
2911 3497 3148 3550 Necnon
3180 3499 3237 3550 et
3282 3494 3462 3550 aliam
3511 3493 3680 3550 coro-

2023 3582 2168 3622 nam
2198 3565 2492 3638 minorem
2519 3564 2744 3638 ibidem
2775 3565 2986 3638 obtulit
3033 3582 3172 3620 cum
3204 3567 3494 3638 catenulis
3525 3581 3681 3638 qua-

2025 3643 2178 3704 tuor,
2202 3641 2259 3692 et
2287 3635 2585 3708 delphinis
2615 3635 2843 3708 decem,
2877 3636 3200 3692 habentem
3229 3636 3419 3692 lilium
3471 3641 3528 3692 et
3549 3635 3682 3708 fun-

2024 3709 2250 3773 cinum,
2272 3706 2586 3780 pensantia
2614 3706 2796 3780 libras
2825 3708 3000 3762 duas.
3037 3709 3221 3780 Hujus
3258 3723 3523 3780 namque
3547 3707 3686 3765 bea-

2025 3780 2234 3835 tissimi
2263 3778 2802 3850 prmsulistanimus
2829 3794 3066 3850 semper
3092 3779 3216 3850 _Deo
3241 3778 3498 3833 devotus
3528 3779 3685 3833 exis-

2025 3855 2155 3906 tens
2203 3848 2478 3912 pretiosis
2529 3849 2670 3902 Jesu
2720 3848 2930 3902 Christi
2961 3848 3268 3903 _ecclesias
3317 3849 3684 3904 ornamentis

2026 3919 2253 3990 ingenti
2281 3919 2360 3975 ob
2388 3925 2621 3990 (eterna:
2648 3919 2777 3990 vitae
2800 3918 3054 3974 salutem
3093 3919 3376 3990 decorare
3407 3918 3686 3990 studebat

2027 3989 2232 4047 amore
2267 4006 2279 4044 :
2311 3994 2369 4044 et
2397 3989 2564 4061 quod
2593 3989 2792 4044 nullus
2822 4005 3257 4061 praecessorum
3285 3989 3414 4060 ejus
3443 3989 3684 4061 pontiﬁ-

2030 4078 2176 4132 cum,
2199 4061 2392 4132 facere
2418 4059 2742 4115 arbitratus
2774 4059 2880 4126 est,
2913 4060 3007 4132 hic
3039 4065 3247 4116 sancto
3269 4059 3478 4132 procul
3499 4061 3685 4116 dubio

2033 4131 2251 4205 Spiritu
2279 4131 2530 4205 fervens,
2565 4131 3141 4205 atquecompulsus,
3167 4131 3420 4187 coronas
3441 4148 3513 4186 ex
3539 4148 3686 4187 auro

2031 4201 2702 4274 mundissimo,tinclytis
2728 4201 2944 4274 Christi
2972 4202 3242 4274 videlicet
3262 4208 3320 4258 et
3340 4207 3686 4259 sanctorum

2029 4273 2293 4347 vultibus
2310 4271 2844 4347 _ref_ulgentes,_ﬁeri
2864 4273 2924 4328 in
2955 4273 3370 4347 apostolorum
3400 4275 3687 4347 principis

3019 4344 3187 4469 quod
3214 4345 3343 4417 ejus
3365 4344 3690 4401 sacratissi-

3019 4433 3032 4469 ι
3073 4431 3323 4469 aevaaue
3363 4417 3690 4469 pendentes

2033 4433 2206 4489 mum
2225 4431 2444 4489 corpus
2464 4413 2802 4489 requiescit,
2822 4413 3323 4489 dextraiaavaque
3352 4417 3690 4489 pendentes

2035 4488 2190 4545 duas
2219 4485 2357 4542 cum
2380 4485 2666 4542 catenulis
2707 4487 2904 4542 aureis
2934 4485 3111 4541 bullis
3142 4485 3517 4555 gemmisque
3548 4502 3690 4555 pra-

2039 4559 2184 4615 sinis
2213 4558 2527 4614 decoratas
2553 4557 2833 4620 decrevit,
2863 4557 3154 4628 habentes
3183 4556 3438 4628 insimul
3466 4556 3692 4628 delphi-

2037 4646 2149 4687 nos
2180 4629 2511 4698 sexaginta,
2543 4633 2864 4698 pensantes
2889 4627 3073 4684 libras
3098 4627 3328 4697 viginti.

2113 4701 2267 4756 Fecit
2291 4697 2352 4755 et
2375 4697 2726 4770 cruciﬁxum
2771 4704 3133 4770 argenteum
3164 4698 3318 4770 miro
3363 4712 3544 4770 opere
3587 4697 3697 4770 de-

2040 4772 2268 4844 pictum
2314 4771 2376 4824 in
2407 4769 2620 4844 eadem
2665 4769 2938 4836 ecclesia,
2965 4785 3105 4841 quae
3129 4770 3214 4844 _in
3242 4769 3698 4844 laeva’introitus

2041 4839 2211 4916 parte
2229 4840 2380 4895 inter
2399 4840 2716 4916 columnas
2732 4839 3243 4916 magnas—positus
3261 4841 3703 4916 ingenti_splen-

2044 4909 2146 4969 det
2172 4911 2408 4980 decore,
2438 4910 2764 4966 habentem
2805 4909 2992 4966 libras
3015 4909 3350 4981 sexaginta
3380 4915 3436 4966 et
3462 4909 3618 4968 duas
3648 4915 3706 4968 et

2046 4981 2382 5054 dimidiam.
2413 4985 2817 5054 ipsequoque
2848 4981 3232 5054 beatissimus
3273 4982 3541 5054 pontifex
3571 4983 3708 5054 fecit

2047 5056 2109 5112 in
2131 5052 2392 5110 oratorio
2411 5052 2574 5126 beati
2587 5052 2837 5108 Andi'eae
2856 5053 3134 5126 apostoli,
3156 5052 3324 5126 quod
3345 5054 3535 5126 sancti
3555 5053 3711 5111 Petri

2049 5127 2309 5183 cohaeret
2328 5123 2616 5194 ecclesias,
2632 5128 2863 5180 vestem
2891 5123 3144 5180 sericam
3168 5123 3356 5181 unam
3386 5125 3712 5182 habentem

2048 5196 2367 5277 historiam
2415 5195 2776 5277 aquilarum,
2811 5199 2867 5275 et
2889 5195 2968 5277 Ain
2983 5195 3222 5277 “medio
3251 5196 3542 5277 tabulam
3574 5213 3714 5252 cum

2052 5266 2550 5348 chrysoclavqﬁn
2567 5283 2689 5340 qua
2705 5266 2955 5348 depictaa
2979 5267 3190 5348 Christi
3211 5267 3716 5348 etdiscipulorum

2052 5337 2184 5412 ejus
2205 5338 2414 5412 dextra
2441 5337 2716 5412 laevaque
2743 5337 3039 5412 imagines
3063 5337 3310 5412 fulgent,
3337 5342 3394 5394 et
3430 5337 3618 5412 ipsius
3637 5337 3722 5393 al-

2054 5408 2235 5482 miﬁci
2268 5409 2562 5482 praesulis.
2594 5408 2676 5466 Ᾱο
2708 5408 3333 5482 similemposttotius
3365 5408 3563 5482 operis
3591 5425 3724 5481 per-

261 5483 483 5560 clesias
512 5481 705 5560 multa
728 5482 1036 5560 perﬁceret
1060 5477 1321 5552 insignia
1343 5496 1548 5560 opera,
1573 5478 1702 5560 ipse
1732 5477 1948 5534 beatis-
2055 5477 2397 5560 fection'em,
2431 5485 2488 5560 et
2538 5480 2908 5560 ornamentis
2947 5477 3182 5536 decoris
3210 5481 3272 5560 in
3302 5477 3561 5560 ecclesia.
3585 5477 3727 5536 san-

263 5555 468 5633 simu_s
498 5551 1281 5633 pontifeir.porticum,tquaa
1311 5551 1447 5632 ante
1474 5551 1947 5633 basilicarusan-
2057 5557 2290 5633 etorum
2332 5555 2596 5632 quatuor
2621 5555 3060 5633 Coronatorum
3113 5556 3332 5633 vestem
3364 5552 3500 5633 fecit
3526 5551 3730 5633 deleo-

262 5629 375 5692 ctae
419 5620 527 5682 Dei
579 5620 881 5694 genitricis
912 5620 1370 5694 consistit,tqua3
1410 5621 1583 5690 juxta
1631 5620 1946 5694 basilicam
2060 5623 2200 5694 dem
2232 5620 2421 5694 serico
2453 5638 2594 5678 cum
2615 5621 2825 5694 tabula
2853 5622 2928 5677 de
2957 5622 3376 5694 chrysoclavo,
3398 5621 3729 5694 habentem

269 5689 480 5775 Qancti
534 5689 850 5775 Laurentii
865 5771 874 5775 _
900 5694 1016 5751 sita
1068 5699 1156 5750 est
1187 5689 1348 5749 fo‘ris
1393 5689 1627 5764 muros,
1658 5692 1878 5750 clarius
1907 5706 1980 5750 ac
2084 5691 2418 5775 historiam,
2441 5709 2549 5748 seu
2574 5692 2934 5775 miraculum
2952 5689 3120 5775 quod
3151 5689 3438 5775 [geminus
3467 5689 3740 5775 Christus

268 5760 521 5834 firmius
564 5767 897 5827 renovavit.
1612 5760 1620 5764 ⁷
2075 5763 2151 5821 de
2178 5760 2446 5837 quinque
2474 5779 2711 5836 panum
2745 5767 2803 5822 et
2828 5760 3087 5837 piscium
3127 5763 3424 5819 alimentis
3451 5760 3740 5828 duorum,

715 5857 973 5914 Punox.
1032 5857 1194 5912 CXV.
3244 5852 3308 5904 21
