4106 6174
162 168 272 234 633

1508 164 1793 232 norma
1838 153 2234 236 mS'l‘ORICA.

3479 168 3587 229 σει

156 300 274 368 ret,
306 296 474 353 sicuti
506 310 666 369 saepe
690 294 820 370 ﬁeri
850 292 1094 370 solebat,
1127 292 1339 370 eﬂ‘ecit1
1371 297 1521 352 Nam
1546 308 1655 370 per
1677 310 1828 370 qua-
1860 295 1907 350 Α
1939 288 2353 370 magnitudine
2394 288 2679 370 universo
2702 287 2931 370 populo
2982 294 3197 370 regam
3238 284 3540 370 distribuit
3569 309 3587 370 ς

156 366 445 449 draginta
473 366 668 449 annos
697 367 829 449 ipsa
859 367 1064 422 civitas
1081 368 1277 449 ‘muris
1305 366 1585 439 d1ruta,ét
1606 366 1834 449 habita-

156 437 566 521 tore—prcprio
591 437 872 521 destituta
898 437 1205 520 manebat,
1232 437 1541 521 ‘moreque
1586 439 1830 521 bestia-

154 508 568 577 rumfrelictis
601 510 844 584 sedibus
873 511 1151 584 propriis,
1193 508 1272 584 ob
1329 508 1605 566 timorem
1661 512 1832 566 Sara-

152 598 477 664 cenorum,
507 587 571 638 ut
600 580 1191 664 usquejam'factum
1215 580 1427 664 fuerat,
1475 596 1584 664 per
1636 596 1830 654 opaca

152 652 458 712 silvarum
476 652 834 726 montesque
848 652 1186 726 incognitos
1202 668 1310 726 sua
1322 652 1623 726 domicilia
1642 652 1830 726 popu-

151 727 281 794 lus,
300 726 407 798 qui
426 726 669 781 relictus
706 723 784 798 ab
822 723 1152 798 eisfuerat,
1176 724 1481 798 aberraret
1498 740 1511 780 :
1530 725 1591 780 in
1607 723 1828 798 quibus

150 794 348 853 etiam
381 810 505 869 praa
530 795 1144 869 timoreinimicorum
1170 794 1394 869 diebus
1438 812 1506 852 ac
1551 794 1827 851 noctibus

148 884 271 925 nec
297 866 577 938 soporem
600 867 808 937 oculis,
832 883 941 923 nec
958 866 1142 922 ullam
1160 867 1329 938 juxta
1344 866 1677 923 humanam
1691 882 1828 922 con-

151 938 548 995 suetudinem
570 940 831 1011 quietem
860 938 955 1011 vel
983 938 1287 1011 modicam
1314 938 1537 1011 habere
1567 945 1817 1011 poterat.

229 1011 510 1081 Cumque
532 1010 654 1065 tam
668 1011 801 1083 pius
827 1015 883 1066 et
897 1010 1224 1083 laudabilis
1245 1010 1467 1083 praesul
1493 1010 1825 1083 deiillorum

150 1080 541 1153 gravamine.
571 1080 748 1153 atque
770 1080 1125 1153 intolerabili
1154 1080 1331 1137 nimis
1353 1081 1651 1151 angustia,
1673 1081 1827 1137 ultra

151 1151 441 1216 inodum,
472 1159 528 1208 et
550 1151 691 1225 plus
721 1168 905 1225 quam
932 1152 1092 1225 credi
1119 1156 1334 1225 potest,
1356 1223 1363 1225 Α
1387 1153 1651 1224 quotidie
1683 1169 1823 1225 con-

151 1169 441 1216 moaum,
472 1169 528 1208 et
598 1169 691 1207 ωε
721 1169 905 1224 quam
932 1169 1092 1207 creui
1119 1169 1334 1225 poresr,
1387 1169 1651 1224 quouaie
1683 1169 1823 1207 con-

151 1226 417 1293 doleret,
439 1169 644 1279 mullis
662 1239 797 1279 cum
823 1222 1127 1296 lacrymis,
1156 1222 1521 1296 inﬁnitisque
1551 1224 1827 1296 orationi-

150 1299 301 1361 bus,
348 1295 672 1367 Dominum
701 1311 901 1367 rerum
929 1296 1201 1367 emnium
1226 1295 1596 1367 conditOrem
1618 1295 1825 1367 depre-

153 1369 420 1424 cabatur
449 1366 711 1433 assidue,
743 1371 810 1437 ut
837 1366 890 1420 ei
914 1365 1077 1421 dono
1109 1366 1312 1434 gratim
1335 1380 1460 1421 sua:
1481 1365 1828 1437 dignaretur

151 1438 502 1510 ostendere,
530 1453 657 1510 quo
706 1436 930 1510 inloco
961 1452 1068 1509 pro
1107 1437 1313 1510 ealute
1364 1441 1424 1493 et
1477 1437 1825 1510 liberatione

152 1510 374 1567 crebro
406 1507 895 1581 dicti—Christiani
935 1507 1145 1581 populi
1177 1509 1698 1581 Centumcellensis
1746 1510 1825 1564 ci-

148 1582 314 1637 vitas
346 1579 567 1652 mutari
596 1580 899 1652 potuisset.
928 1578 1180 1652 Adiquae
1201 1578 1326 1652 ipse
1342 1579 1645 1652 profectus
1670 1580 1823 1642 loca,

151 1669 296 1726 (χωρ
310 1652 375 1726 ei
406 1650 693 1726 afﬁnitate
724 1655 891 1706 erant
913 1650 1262 1726 conjuncta,
1293 1650 1559 1721 dﬂigenti
1586 1667 1729 1708 cura
1756 1668 1826 1709 ac
1858 1654 1898 1709 Β

154 1721 362 1795 studio
388 1722 645 1795 per-vidit
685 1728 869 1795 atque
891 1722 1219 1795 conspexit.

234 1793 352 1850 Sed
384 1791 486 1848 ubi
521 1792 691 1848 locus
720 1791 1314 1849 videbatiiﬂdoneus
1346 1792 1423 1849 ad
1456 1792 1668 1849 urbem
1691 1793 1827 1849 aedi-

158 1865 491 1931 ﬁcandam,
527 1879 701 1936 aquae
762 1869 1021 1933 egestate
1067 1868 1122 1920 et
1152 1863 1402 1936 penuria
1443 1862 1823 1933 laborabant,

158 1953 303 2010 quae
332 1935 684 2010 hominibus
706 1936 1115 2010 semper__satis
1142 1935 1230 1992 est
1254 1937 1610 2010 necessaria.

239 2007 568 2078 Peragratis
598 2006 1108 2079 igituriomnibus,
1133 2012 1198 2063 ut
1218 2008 1630 2079 praediximus,
1657 2006 1825 2074 locis,

211 2076 440 2135 ervenit
464 2079 732 2145 tandem,
760 2078 965 2134 divina
993 2076 1238 2134 favente
1271 2078 1700 2148 misericordia,
1750 2079 1829 2134 ad

192 2166 381 2206 oeum
428 2150 719 2225 optimum
774 2148 1453 2225 valdequeumunitum,
1494 2166 1677 2225 super
1705 2166 1828 2222 quo

168 2236 333 2277 suus
354 2220 607 2294 maiime
638 2224 727 2277 est
752 2220 991 2294 animus
1023 2220 1322 2294 dilatatus,
1356 2222 1497 2294 quia
1552 2220 1609 2278 et
1638 2220 1827 2294 aqua-

162 2308 319 2365 rum
344 2293 516 2365 copia
540 2293 614 2348 ad
639 2293 934 2365 populum
950 2291 1446 2365 confortandum,
1498 2296 1555 2348 et
1584 2291 1829 2365 caeteras

163 2362 457 2439 utilitates
474 2362 788 2439 humanas,
819 2362 1277 2439 aquimolasque
1304 2363 1596 2420 molentes
1639 2364 1826 2436 pleni-

160 2442 264 2493 ter
295 2435 803 2491 subministrabat.

239 2510 465 2580 Tamen
486 2523 617 2580 quo
638 2506 821 2580 modo
853 2505 943 2561 vel
967 2504 1175 2562 ordine
1193 2505 1321 2580 _hoc
1340 2506 1391 2561 ei
1415 2504 1616 2580 divina
1637 2509 1830 2561 osten-

159 2578 319 2635 derit
344 2576 683 2647 clementia,
715 2578 967 2649 dignum
999 2582 1085 2649 est
1136 2576 1213 2633 ad
1254 2578 1609 2634 memoriam
1660 2594 1828 2632 revo-

160 2666 328 2715 care,
358 2649 438 2706 ad
460 2650 705 2722 laudem
735 2648 1055 2722 venerandi
1075 2649 1393 2722 pontiﬁcis,
1413 2654 1477 2705 ut
1501 2650 1697 2722 omnis
1728 2664 1832 2719 po-

162 2721 590 2797 pulus__credat
613 2720 919 2797 veraciter,
967 2726 1023 2775 et
1049 2719 1395 2797 cognoscat,
1410 2719 1586 2797 quod
1625 2720 1830 2797 divino

162 2790 425 2849 consilio
466 2799 522 2850 et
552 2791 837 2865 consultu
858 2807 1011 2864 opus
1056 2790 1551 2865 diu‘exquisit'um
1611 2792 1832 2865 perfec-

164 2873 307 2921 t:.m
336 2868 440 2920 est.
496 2866 674 2920 Nocte
704 2862 963 2935 denique
1020 2862 1306 2935 quadam'
1347 2862 1494 2919 dum
1526 2864 1587 2919 in
1611 2862 1831 2919 lectulo

162 2936 418 3062 prcprio
436 2935 608 3016 juxta
633 2951 862 3013 morem
897 2935 1219 3007 praeclarus
1243 2935 1749 3006 jaceretantistes,
1779 2938 1833 3015 et

164 3006 245 3063 de
308 3007 485 3063 ivinis
514 3023 589 3062 ex
617 3006 788 3062 solito
820 3006 1129 3063 onusculis
1156 3008 1461 3063 cogitaret.
1517 3007 1593 3062 ad
1623 3022 1833 3063 nrazvx-

214 3023 327 3063 em

332 3005 485 3063 vinis
514 3023 589 3079 ex
617 3005 1129 3079 solitoeop'usculis
1156 3005 1461 3079 cogitaret,
1517 3007 1593 3079 ad
1623 3005 1834 3079 prtevi-
1864 3011 1905 3069 α

167 3095 308 3135 sum
336 3084 391 3134 et
421 3078 766 3134 ordinatum
793 3077 921 3146 jam
976 3077 1199 3146 locum,
1257 3078 1362 3146 qui
1407 3077 1768 3134 duodecimo
1800 3093 1836 3132 a

172 3149 672 3208 Centumcellensi
718 3148 862 3204 urbe
911 3148 1188 3206 milliario
1244 3148 1445 3208 distat.
1499 3149 1559 3204 in
1608 3149 1836 3204 somnis

170 3220 503 3294 perductus
523 3226 630 3288 est,
656 3223 711 3276 et
735 3219 973 3294 singula
998 3220 1131 3277 loca
1156 3220 1405 3294 quidam
1431 3192 1598 3276 betro
1621 3220 1839 3294 magis-

175 3290 275 3365 tro
301 3292 578 3365 militum,
606 3291 778 3365 quasi
815 3308 922 3365 per
950 3290 1339 3365 corporalem
1370 3292 1746 3365 praesentiam
1776 3290 1839 3345 in

180 3362 321 3435 ipsa
347 3361 699 3445 revelatipne
728 3361 1139 3445 perordinein
1172 3361 1470 3434 adjutdrio
1499 3361 1754 3418 fundare
1785 3365 1841 3417 et

179 3433 537 3490 construere
570 3433 885 3490 debuisset.

255 3504 330 3558 Et
357 3504 503 3576 quia
534 3518 653 3575 prae
683 3504 791 3561 loci
820 3505 1102 3575 angustia
1138 3520 1262 3561 non
1291 3504 1517 3561 ibidem
1546 3502 1664 3559 nisi
1704 3503 1840 3576 duas

173 3574 818 3649 portae'construendaa
848 3574 1038 3643 erant,
1066 3576 1127 3632 in
1157 3577 1290 3649 ipsa
1343 3592 1567 3633 arcana
1612 3574 1840 3634 revela-

177 3645 344 3721 tione
375 3645 575 3716 digitis
600 3648 858 3721 propriis
888 3645 1214 3721 annotavit.

249 3719 422 3773 Mane
455 3716 655 3792 autem
680 3716 853 3788 facto,
878 3734 989 3792 pro
1017 3718 1254 3792 somnio
1280 3716 1446 3791 quod
1474 3717 1705 3775 viderat
1723 3733 1843 3773 ma-

182 3803 310 3858 gna
341 3789 514 3862 coepit
550 3789 776 3847 habere
829 3789 1177 3862 certamina,
1234 3789 1845 3862 etpraenommatum

180 3859 519 3933 Petrumad
540 3877 715 3917 suam
739 3862 895 3917 illico
915 3861 1093 3933 jussit
1111 3860 1311 3933 venire
1328 3859 1727 3933 praesentiam,
1749 3859 1845 3933 cui

181 3930 481 4003 quidquid
509 3932 569 3986 in
601 3933 831 3989 somnis
855 3930 1085 4004 viderat
1105 3930 1687 4004 retulitfmultosque
1710 3932 1762 3986 ei
1782 3932 1843 4004 in

183 4002 435 4075 argento
466 4019 795 4060 mancusos
828 4003 1102 4075 praebuit,
1135 4008 1201 4060 ut
1253 4002 1845 4075 conductor’populo

178 4074 719 4148 Centumcellensis
752 4073 936 4148 urbis,
968 4092 1108 4132 cum
1132 4076 1217 4131 eis
1238 4074 1451 4148 urbem
1472 4073 1845 4148 festinantius

175 4148 471 4219 perﬁcere
502 4146 826 4220 debuisset.
882 4145 984 4220 Ac
1022 4148 1141 4204 Deo
1197 4147 1444 4220 quidem
1492 4146 1735 4220 auspice
1764 4145 1846 4220 ita

175 4217 341 4274 nunc
373 4219 585 4275 omnia
615 4219 907 4275 aediﬁcata
928 4217 1246 4288 nitescunt,
1289 4219 1442 4275 sicut
1494 4218 1553 4273 in
1606 4217 1845 4273 somnio

183 4306 346 4372 papa
378 4290 706 4372 laudabilis
732 4306 920 4372 manu
956 4289 1203 4372 propria
1232 4289 1569 4372 designavit
1594 4307 1608 4357 ;
1648 4290 1742 4372 cui
1772 4304 1846 4372 βξ

178 4359 431 4418 nomine
485 4362 731 4435 proprio
788 4359 1093 4487 Leolﬁolini
1143 4359 1717 4487 nomen'imgosuit.
1755 4359 1845 4415 Ad
1874 4371 1919 4428 ι)

182 4449 396 4487 quam.
432 4439 761 4487 postquam
789 4434 899 4487 ted'
932 4432 1074 4487 'cari
1109 4436 1389 4487 cmoerat.
1438 4434 1492 4487 vi
1540 4433 1762 4487 endam
1790 4435 1847 4487 et

182 4449 396 4506 quam,
432 4434 761 4505 postquam
789 4434 1074 4489 aediﬁcari
1109 4436 1389 4505 cceperat,
1438 4434 1762 4488 videndam
1790 4435 1846 4487 et

184 4503 700 4587 considerandam
750 4503 1044 4587 fabricam
1095 4520 1260 4587 cum"
1289 4520 1537 4587 suorum
1577 4502 1846 4587 ﬁdelium

183 4575 576 4631 multitudine
604 4581 878 4631 amanter
907 4576 1172 4631 accessit.
1199 4574 1348 4630 Visis
1374 4574 1633 4646 denique
1660 4574 1849 4646 portis

186 4652 242 4701 et
273 4646 568 4717 ecclesiis,
613 4648 676 4702 in
705 4645 855 4719 ipsis
878 4646 1215 4719 specialiter
1237 4645 1403 4713 locis,
1457 4645 1607 4719 sicut
1635 4645 1851 4719 mons-

184 4721 475 4799 traverat,
506 4714 796 4799 utamur-ri,
830 4714 1060 4799 Christo
1086 4720 1453 4799 pretegente,
1485 4714 1850 4799 desiderium

180 4785 507 4866 impletum
529 4788 705 4866 vidit,
727 4785 1121 4866 omnipotenti
1154 4785 1405 4866 Dcmlne
1436 4785 1671 4866 gratias
1684 4790 1849 4866 retu-

181 4857 257 4913 lit
283 4855 572 4933 inﬁnitas,
604 4861 711 4933 qui
738 4861 793 4916 ei
818 4855 1002 4933 talem
1029 4859 1341 4933 ostendere
1370 4855 1584 4933 locum
1635 4858 1851 4927 digna-

179 4933 286 5005 tus
319 4932 432 5005 est,
465 4930 523 5005 in_
544 4929 666 5005 quo
698 4936 754 5005 et
781 4931 1043 5005 populus
1061 4929 1261 4987 salvus
1291 4931 1658 5005 existeret,_e_t
1679 4944 1852 5005 aqua;

180 5000 630 5060 abundantiam
676 5000 1074 5074 ministraret,
1113 5006 1169 5057 et
1231 5004 1409 5058 etiam
1465 5000 1753 5074 rlapides,’
1798 5002 1856 5074 et

184 5088 474 5155 arenam,
494 5080 796 5155 quatenus
829 5075 954 5155 sine
998 5071 1205 5129 labore
1240 5070 1652 5155 operariorum
1683 5070 1853 5127 novi-

188 5149 276 5218 ter
301 5150 656 5205 constructa
694 5147 925 5204 fabrica
978 5149 1378 5217 augmentum
1406 5147 1714 5218 percipere
1738 5157 1853 5216 po-

187 5215 425 5273 misset.

306 5306 490 5378 Papa
517 5323 734 5366 novam
764 5307 968 5365 urbem
997 5311 1309 5364 consecrat
1335 5312 1389 5365 et
1418 5305 1729 5364 benedicit.

258 5395 528 5453 Gavisus
560 5414 631 5454 ex
661 5397 756 5454 his
783 5395 1071 5453 omnibus
1095 5396 1308 5452 urbem
1341 5394 1641 5467 Leopolim
1671 5407 1856 5465 saepe-

186 5465 391 5549 dictus
407 5469 679 5549 pontifex
951 5472 1009 5523 et
1035 5467 1407 5549 orationibus
1432 5465 1690 5548 pedibus
1716 5479 1856 5545 pro-

188 5538 339 5663 priis
370 5538 662 5608 circuivit,
708 5539 1019 5611 tribusque
1071 5538 1451 5595 orationibus
1501 5538 1561 5592 in
1614 5538 1858 5592 nomine

245 5610 505 5663 rinitatis
533 5611 953 5663 nernetualiter
979 5609 1367 5663 consecravit.
1411 5613 1467 5663 et
1514 5608 1856 5663 missarum.

245 5610 505 5686 rinitatis
533 5608 953 5686 perpetualiter
979 5609 1367 5686 consecravit,
1411 5613 1467 5686 et
1514 5608 1856 5674 missarum,

192 5686 263 5756 ut
290 5683 508 5756 solitus
536 5680 711 5756 'erat,
765 5682 1030 5756 ofﬁcium
1086 5682 1194 5756 rite
1233 5680 1604 5756 persolvens,
1636 5693 1860 5752 aquam

192 5751 591 5829 benedictam
611 5751 718 5829 per
738 5770 947 5811 muros
971 5753 1188 5829 jactari
1214 5751 1515 5829 praecepit.
1694 5751 1700 5752 “
1815 5820 1826 5829 ⁹

274 5828 346 5884 Et
371 5841 503 5888 non
528 5823 837 5889 modicam
858 5823 1143 5889 manibus
1169 5823 1433 5901 propriis
1475 5838 1602 5899 praa
1636 5823 1865 5883 amoris

1540 4433 1762 4488 endam
1790 4435 1847 4487 et

1938 362 2380 435 commendans
2414 361 2805 435 omnipotenti
2855 361 3109 416 Domino
3156 362 3473 435 populum,
3532 361 3591 421 et

1938 434 2231 506 civitatem
2264 433 2548 506 divinitus
2575 433 3073 506 demonstratam,
3102 433 3178 489 ne
3210 433 3483 506 unquam
3508 436 3587 492 ab

1935 504 2209 561 hostibus
2218 505 2491 578 capiatur
2501 505 2596 561 vel
2608 504 2950 578 invadatur.
2969 505 3067 561 His
3078 504 3363 578 omnibus
3374 521 3589 578 perpe-

1935 577 2124 642 tratis,
2157 576 2235 633 ad
2259 575 2465 633 sedem
2495 593 2671 633 suam
2709 592 2849 633 cum
2893 576 3119 646 ingenti
3146 575 3349 633 latitia
3374 575 3436 633 et
3462 575 3590 636 ala-

1936 647 2139 703 critate
2161 663 2437 703 reversus
2459 652 2567 719 est,
2602 651 2817 705 octavo
2850 648 3072 704 scilicet
3099 663 3328 712 mense,
3360 649 3591 708 Christo

1935 719 2277 792 auxiliante,
2307 719 2528 792 dieque
2546 719 2871 792 supradicti
2902 720 3131 792 mensis
3157 721 3218 775 15
3245 721 3441 777 omnis
3461 737 3592 778 mu-

1934 760 3589 872 :mjgataazasra‘uzjgeumsazizaniam.

1934 861 2291 934 prtesulatus
2312 862 2402 918 sui
2426 861 2659 931 octavo,
2684 861 3005 919 indictione
3032 862 3321 919 secunda.

2042 952 2212 1006 Dona
2240 951 2303 1005 in
2334 952 2577 1008 ecclesia
2609 953 2803 1007 sancti
2828 952 3001 1007 Petri
3028 951 3175 1008 data
3203 952 3465 1021 Lcopoli.

2007 1038 2114 1112 Sed
2149 1039 2295 1112 etin
2322 1037 2585 1112 ecclesiis
2614 1055 2768 1112 quas
2794 1038 3018 1095 ibidem
3051 1039 3187 1096 fecit
3210 1035 3399 1097 multa
3427 1040 3590 1097 dona

1935 1110 2168 1167 obtulit.
2203 1111 2265 1166 In
2297 1111 2548 1168 ecclesia
2576 1110 2843 1166 videlicet
2875 1112 3063 1167 sancti
3095 1111 3249 1167 Petri
3297 1112 3590 1182 gabathas

1934 1198 2008 1237 ex
2038 1186 2286 1252 argento
2325 1182 2544 1256 _fusi_les_
2594 1183 2856 1256 majores
2905 1183 3289 1256 minoresque
3338 1188 3587 1256 septem,

1933 1260 2256 1325 pensantes
2289 1254 2465 1309 simul
2487 1253 2671 1310 libras
2697 1253 3019 1325 Sexdecim,
3040 1259 3097 1311 et
3116 1253 3359 1311 unciam
3378 1253 3589 1311 tinam;

1935 1297 2301 1380 Eantharum
2342 1330 2695 1381 exauratum
2749 1341 2961 1391 unum,
3001 1297 3228 1382 baccas
3274 1332 3591 1382 exauratas

1934 1401 2071 1452 tres.
2108 1396 2467 1453 Fibulatoria
2491 1397 2725 1471 majora
2754 1402 2811 1453 et
2837 1397 3075 1454 minora
3104 1397 3393 1471 quinque.
3442 1398 3589 1452 Cru-

1935 1484 2067 1523 cem
2100 1485 2173 1523 ex
2193 1474 2441 1537 argento
2474 1467 2765 1525 deaurato
2797 1484 2980 1525 unam
3014 1467 3153 1525 cum
3183 1467 3427 1539 gemma
3445 1482 3589 1539 una.

1938 1540 2082 1595 Item
2117 1539 2299 1596 aliam
2332 1556 2572 1595 crucem
2602 1539 2675 1596 de
2706 1556 2855 1597 auro
2905 1555 3113 1608 unam,
3159 1538 3485 1596 habentem
3528 1538 3592 1595 in

1935 1610 2137 1667 medio
2169 1612 2599 1668 monocassim.
2634 1614 2700 1666 Et
2731 1611 2911 1668 aliam
2944 1627 3182 1668 crucem
3213 1624 3284 1668 ex
3343 1614 3592 1682 argento

1935 1682 2259 1739 habentem
2289 1698 2562 1752 geminas
2592 1682 3017 1755 quadraginta.
3050 1682 3452 1739 Thuribulum
3506 1697 3593 1738 ar-

1937 1759 2215 1823 genteum
2269 1759 2622 1811 exauratum
2697 1770 2908 1825 unum,
2966 1755 3240 1811 dextram
3292 1755 3593 1811 saxiscam

1936 1841 2143 1889 unam,
2161 1841 2417 1882 coronas
2439 1842 2652 1882 aureas
2673 1825 3014 1897 duodecim,
3034 1826 3361 1897 gabatham
3378 1841 3587 1896 unam,

1938 1902 1994 1970 ct
2022 1897 2645 1970 struthioeamelorum
2677 1913 2791 1970 ova
2818 1897 2959 1970 duo.
2988 1895 3180 1970 Atque
3210 1895 3350 1954 fecit
3402 1897 3462 1970 in
3490 1895 3591 1954 ea-

1936 1967 2076 2022 dem
2094 1968 2343 2024 ecclesia
2354 1970 2483 2039 jam
2499 1969 2671 2024 dictae
2684 1968 2935 2024 civitatis
2957 1967 3152 2039 vestias
3169 1969 3388 2025 sericas
3412 1968 3589 2024 duas.

1937 2042 2019 2112 Eex
2045 2038 2418 2112 quibusuna
2438 2040 2622 2112 habet
2648 2040 2708 2095 in
2730 2039 2930 2112 medio
2958 2038 3230 2096 tabulam
3251 2039 3325 2096 de
3345 2039 3591 2112 chryso-

1936 2106 2127 2177 clavo,
2154 2115 2211 2166 et
2238 2110 2355 2166 alia
2390 2111 2573 2166 habet
2602 2110 2663 2166 in
2694 2110 2897 2167 medio
2924 2120 3165 2167 crucem
3195 2115 3252 2167 et
3284 2106 3587 2166 orbiculos

1936 2186 2197 2253 quatuor
2218 2197 2356 2237 cum
2386 2181 2768 2252 gammadiis,
2792 2186 2849 2238 et
2860 2180 2993 2238 vela
3008 2182 3082 2237 de
3108 2180 3361 2239 fundato
3377 2179 3590 2237 decem

1937 2252 1994 2308 et
2021 2253 2553 2326 octo.Crucitixum
2581 2269 2655 2309 ex
2683 2256 2929 2326 argento
2968 2252 3289 2326 purissimo
3334 2262 3591 2326 pensan-

1936 2330 2056 2396 tem
2078 2323 2261 2396 libras
2284 2329 2533 2396 septem.
2557 2327 2798 2396 Necnon
2822 2330 2877 2381 et
2894 2324 2954 2380 in
2970 2323 3225 2380 ecclesia
3248 2323 3439 2380 sancti
3450 2326 3590 2379 Leo-

1937 2395 2043 2469 nis
2060 2394 2162 2449 ubi
2193 2394 2375 2469 supra
2418 2394 2631 2451 obtulit
2659 2401 2943 2469 patenam
2972 2400 3322 2469 exauratam
3378 2409 3587 2469 unam,

1938 2465 2182 2541 calicem
2210 2464 2287 2541 de
2305 2470 2553 2541 argento
2578 2464 3005 2541 unum,_vestes
3029 2467 3184 2541 duas
3200 2484 3227 2541 ;_
3246 2481 3433 2541 unam
3454 2464 3590 2541 qui-

1938 2537 2076 2593 dem
2106 2537 2181 2592 de
2212 2537 2464 2593 fundato
2494 2543 2770 2595 ornatam
2798 2537 2860 2593 in
2900 2538 3149 2595 circuitu
3191 2537 3267 2594 de
3322 2536 3588 2605 olovéro,

1937 2608 2260 2682 habentem
2291 2607 2572 2682 inmedip
2598 2614 2792 2682 rotam
2814 2607 2888 2663 de
2910 2607 3323 2682 chrysoclavo,
3348 2612 3406 2665 et
3425 2622 3593 2680 gam-

1940 2680 2191 2752 madias,
2229 2684 2282 2736 et
2311 2679 2592 2752 aliamﬂde
2625 2680 2922 2752 spanisco.

2013 2751 2285 2807 Similiter
2315 2756 2371 2807 et
2398 2751 2632 2807 codices
2655 2750 2985 2808 catholicos
3010 2765 3264 2807 numero
3309 2751 3539 2821 septem
3572 2765 3589 2821 ;

1942 2822 2355 2893 Historiarum,
2398 2821 2756 2895 Salomonis,
2811 2821 3335 2895 Antiphonarium,
3369 2821 3592 2878 Psalte-

1941 2895 2116 2960 rium,
2144 2894 2708 2959 Sacramentarium,
2732 2893 3039 2964 gestorum
3062 2893 3240 2950 etiam
3262 2908 3590 2960 sermones,

1944 2964 2046 3021 sed
2078 2970 2133 3019 et
2163 2965 2611 3036 evangeliorum
2651 2963 2790 3020 cum
2816 2963 3032 3036 tabulis
3063 2964 3379 3036 argenteis,
3408 2969 3593 3036 atque

1943 3035 2409 3109 sacratissimum
2428 3035 2749 3109 Deialtare,
2763 3034 2928 3109 quod
2947 3050 3133 3109 supra
3146 3034 3597 3109 sanctissimum

1943 3108 2104 3164 beati
2121 3107 2269 3163 Petri
2292 3105 2543 3179 apostoli
2561 3105 3070 3179 corpusfconsistit
3090 3105 3385 3175 argenteis
3397 3105 3593 3179 deau-

1945 3179 2105 3245 ratis,
2125 3194 2273 3250 quae
2307 3176 2369 3250 in
2418 3176 2628 3250 dextra
2665 3176 2747 3250 :et
2774 3176 2925 3232 lteva
2951 3176 3144 3250 ipsius
3181 3176 3595 3250 apostolprum

1990 3245 2283 3329 rincipish
2292 3249 2431 3329 abet
2440 3246 2751 3329 miracula,
2764 3245 3107 3329 perorn'ayit
3120 3245 3595 3329 laniinis[1f’ortq,

1973 3316 2385 3386 uminaribus],
2418 3336 2551 3391 quae
2590 3316 2811 3393 ingenti
2841 3318 3158 3393 splendore
3185 3334 3349 3393 nunc
3370 3316 3444 3375 ut
3463 3316 3597 3374 σαειί

1948 3397 2109 3464 astra
2129 3388 2465 3461 coruscant,
2492 3388 2891 3464 pensantibus
2910 3405 3053 3464 vero
3084 3389 3265 3447 simul
3286 3388 3473 3449 libras
3500 3403 3596 3448 oc-

1952 3463 2219 3532 tuaginta
2243 3460 2523 3535 quatuor,
2546 3466 2602 3535 et
2628 3461 2840 3517 uncias
2866 3460 3153 3535 quinque.

2018 3531 2209 3605 Atque
2232 3531 2373 3609 p'_o_st_
2397 3533 2871 3609 tam_immensz_e
2884 3531 3266 3609 :operationie
3316 3531 3597 3609 insignia,

1949 3602 2483 3677 factaque'divina,
2506 3605 2616 3677 Dei
2640 3604 2845 3677 {sterni
2865 3602 3183 3677 clementia
3246 3602 3599 3677 inspirante,

1948 3693 2085 3751 quae
2113 3674 2219 3749 per
2243 3674 2477 3751 diversa
2504 3675 2639 3735 loca
2683 3675 2764 3732 ob
2814 3674 3071 3731 salutem
3112 3674 3602 3751 Christianorum

1948 3746 2076 3822 ipse
2108 3746 2519 3822 sanctisimus
2568 3762 2732 3820 papa
2773 3751 2863 3822 est
2915 3748 3220 3822 operatus,
3264 3746 3599 3822 OCCJBSiiimy

1950 3815 2526 3896 quaa_Domini_voee
2563 3815 2763 3896 sul—iga
2792 3815 3035 3896 firmam
3063 3821 3300 3896 petram
3348 3815 3604 3896 fundata

1951 3886 2234 3958 consistit,
2267 3894 2322 3945 et
2349 3891 2424 3945 de
2460 3890 2612 3945 beati
2636 3886 2819 3944 ’Petri
2848 3886 3260 3960 apostolorum
3314 3886 3603 3960 principis

1951 3962 2195 4017 nomine
2216 3956 2424 4016 sancto
2444 3960 2704 4031 gloriosa
2728 3956 3003 4031 coruscat
3021 3956 3454 4031 pretiosissich
3473 3956 3603 4031 oin-

1952 4035 2120 4089 nium
2152 4027 2530 4103 metalloer
2556 4035 2772 4088 ornatu
2791 4045 2912 4103 prae
2931 4027 3324 4103 nimicpatris
3344 4027 3601 4086 ccelestis

1952 4119 2156 4162 amore
2185 4102 2449 4176 quotidie
2480 4118 2693 4176 ornare
2730 4098 3081 4176 prlicurans,
3104 4098 3329 4176 ibidem
3358 4112 3606 4176 quoque

1951 4171 2263 4233 lectoriuin
2290 4179 2646 4248 argenteum
2669 4171 2892 4246 inclyta
2912 4171 3267 4248 _operatione
3296 4171 3602 4248 expletum,

1956 4256 2010 4305 et
2040 4265 2229 4321 super
2245 4243 2506 4321 quatuor
2534 4244 2718 4321 pedes
2742 4243 3090 4321 consistens
3118 4243 3379 4321 perfecit.
3406 4247 3479 4321 in
3506 4258 3607 4299 cu-

1951 4322 2053 4392 jus
2081 4314 2353 4395 videlicet
2378 4314 2719 4395 summitate
2742 4316 2952 4372 Leonis
2969 4314 3156 4395 caput
3167 4314 3439 4395 refulget,
3461 4329 3606 4395 pen-

1957 4386 2098 4447 sans
2134 4391 2318 4447 libras
2375 4390 2618 4461 triginta
2666 4404 2874 4457 unam,
2929 4389 2986 4442 et
3040 4386 3253 4461 uncias
3300 4386 3602 4442 undecim.

1956 4467 2195 4519 Necnon
2226 4466 2282 4517 et
2300 4459 2594 4535 ceros'tata
2612 4464 2890 4535 quatuor,
2912 4474 3046 4535 quae
3074 4475 3110 4515 a
3134 4459 3231 4535 lon
3240 4473 3317 4535 go
3338 4461 3606 4535 tempore

1959 4548 2339 4589 summorum
2364 4527 2717 4604 pontiﬁcum
2742 4531 2805 4586 in
2835 4527 3034 4604 medio
3058 4527 3412 4604 presbyterii
3432 4527 3603 4604 _fest_is

1957 4604 2339 4673 erigebantur
2366 4594 2602 4660 diebus.
2634 4605 2828 4674 Atque
2855 4600 2985 4656 haec
3014 4594 3217 4674 sagaci
3239 4594 3487 4674 arbitrio
3529 4594 3607 4651 de

1958 4671 2205 4757 argento
2216 4674 2541 4747 purissimo
2556 4671 2877 4753 investivit,
2895 4676 3074 4753 atque
3092 4675 3155 4726 ut
3167 4671 3229 4725 in
3245 4671 3606 4743 perpetuum

1956 4747 2182 4821 ibidem
2212 4751 2423 4821 erecta
2441 4750 2643 4821 essent
2669 4747 2998 4821 constituit,
3011 4741 3192 4821 ‘quod
3218 4740 3421 4821 nullus
3451 4754 3605 4821 pres:

1958 4817 2342 4873 decessorum
2373 4817 2502 4887 ejus
2525 4816 2719 4872 facere
2746 4808 3065 4887 cogitavit;
3095 4812 3374 4887 habentia
3424 4808 3608 4887 simul

1957 4889 2141 4944 libras
2194 4880 2635 4959 quinquaginta
2676 4891 2733 4941 et
2777 4880 3064 4959 quinque.
3124 4884 3233 4940 Ubi
3262 4898 3447 4955 supra
3473 4880 3610 4937 fecit

1960 4965 2016 5016 et
2044 4956 2335 5014 cerostata
2362 4956 2437 5014 de
2476 4956 2723 5028 argento
2752 4956 3007 5026 majora,
3058 4970 3170 5027 par
3197 4971 3410 5028 unum,
3462 4967 3611 5027 pen-

1960 5031 2155 5087 santia
2184 5030 2369 5086 libras
2397 5025 2800 5099 quadraginta
2834 5025 2986 5099 dcto,
3032 5025 3088 5083 et
3135 5026 3346 5099 uncias
3374 5025 3605 5092 decem,

1960 5047 2155 5087 sanua
2184 5047 2369 5086 unras
2440 5047 2800 5099 uaaragmta
2834 5047 2986 5094 octo,
3032 5047 3088 5083 θι
3135 5047 3346 5083 uncias
3374 5047 3605 5092 uecem,

1958 5104 2021 5159 in
2069 5100 2290 5175 quibus
2333 5047 2543 5175 sedent
2594 5100 2853 5175 lucernae
2909 5097 3139 5175 dimyxi
3206 5097 3296 5175 de
3361 5099 3609 5165 argento

1962 5168 2303 5248 purissimo,
2351 5172 2626 5248 lucentes
2663 5171 2835 5248 juxta
2882 5168 3067 5248 altare
3097 5170 3319 5242 majus,
3349 5181 3612 5248 pensan-

1962 5240 2047 5302 tes
2077 5245 2263 5320 libras
2318 5241 2497 5320 simul
2544 5240 2946 5320 quadraginta
2998 5243 3054 5297 et
3080 5240 3323 5320 novem.
3354 5240 3613 5320 ’Necnen

1963 5322 2021 5374 et
2068 5316 2185 5373 alia
2231 5319 2521 5372 cerostata
2563 5312 2958 5384 deargentata
2979 5384 2985 5385 ί
3005 5318 3254 5385 septem,
3292 5312 3616 5385 pensantia

1962 5389 2145 5445 libras
2174 5387 2379 5459 viginti
2431 5386 2699 5460 quinque
2721 5380 2817 5460 fet
2851 5380 3227 5460 uncias'tres.
3264 5380 3397 5460 P'ari
3424 5380 3613 5440 modo

1967 5465 2022 5533 et
2052 5460 2167 5516 alia
2198 5455 2426 5533 septem
2450 5455 3082 5533 tetra—ieciteerostata
3133 5455 3325 5533 ferrea
3343 5455 3613 5533 desuper

1966 5531 2040 5587 de
2087 5522 2333 5603 argento
2373 5531 2687 5603 pensantia
2737 5528 2921 5603 libras
2979 5542 3166 5603 unam
3220 5531 3277 5603 et
3298 5522 3526 5603 viginti—
3557 5522 3614 5577 et

1968 5598 2181 5680 uncias
2202 5606 2336 5680 tres.
2367 5598 2555 5671 Atque
2572 5616 2761 5680 super
2787 5599 2991 5680 ipsum
3022 5598 3202 5653 altare
3228 5598 3362 5654 fecit
3387 5599 3650 5680 vestem'

1969 5688 2117 5729 auro
2140 5675 2380 5738 textam,
2438 5660 2709 5741 candidis
2754 5660 2862 5741 pér
2913 5672 3102 5741 totum
3138 5667 3478 5741 margaritis
3503 5660 3617 5741 (ul-

2011 5749 2227 5809 entem,
2279 5734 2415 5798 etin
2443 5741 2653 5797 dextra
2687 5734 2958 5813 lie-iraque
3013 5738 3247 5795 tabulas
3276 5734 3617 5814 geminatae

1968 5760 2293 5874 habentem
2339 5829 2482 5872 cum
2532 5811 2730 5873 aureis
2766 5826 2875 5874 per
2928 5807 3242 5867 circuitum
3304 5800 3617 5874 orbiculis,

2013 5800 2293 5875 abantem
2339 5829 2482 5872 cum
2532 5811 2730 5873 aureis
2766 5800 2883 5883 per
2928 5807 3242 5867 circuitum
3277 5800 3619 5876 'orbiculis,
