4092 6176
209 212 312 295 657

1359 229 1725 289 ΕΡΙΞΤΟΙΛΕ
1766 227 1858 284 ET
1898 226 2234 284 DECRETA.

3518 230 3622 285 658

204 359 478 435 quisquis
513 358 698 431 (quod
734 373 858 413 non
891 361 1164 430 optantes
1195 355 1469 428 dicimus)
1497 356 1559 412 in
1586 357 1700 411 hoc
1719 352 1859 410 belli
1891 355 1936 406 Α
1965 354 2122 407 tores
2152 353 2422 422 existant,
2464 370 2600 409 cum
2633 352 3037 408 debueramus
3068 351 3146 407 ob
3177 351 3450 407 divinum
3497 352 3619 407 cul-

204 449 529 506 certamine
577 446 830 503 fideliter
860 451 1133 502 mortuus
1164 445 1358 516 fuerit,
1407 461 1595 516 regna
1636 443 1717 499 illi
1747 459 1860 498 coe-

202 539 372 596 lestia
399 539 652 594 minime
694 537 1096 606 negabuntur.
1153 535 1324 591 Novit
1365 535 1526 590 enim
1581 533 1862 604 Omnipo-

209 634 380 696 tens,
408 629 454 683 si
488 627 739 700 quilibet
770 631 1030 682 vestrum
1055 625 1361 689 morietur,
1385 623 1550 697 quod
1582 639 1692 696 pro
1713 621 1863 678 veri-

207 722 324 774 tate
356 715 519 785 ﬁdei,
537 719 594 770 et
613 713 933 770 salvatione
951 712 1175 785 patriae,
1209 729 1278 768 ac
1300 711 1647 768 defensione
1668 709 1861 767 Chris-

206 806 515 878 tianorum
559 807 829 860 mortuus
861 806 980 868 est;
1040 800 1177 858 ideo
1211 801 1289 858 ab
1319 817 1390 857 eo
1429 799 1857 873 praetitulatum

205 894 528 967 praemium
557 896 969 965 consequetur.

988 1017 1056 1073 Il.

663 1143 730 1180 ΑΙ)
769 1140 1088 1181 LOTHARIUM
1133 1139 1448 1180 AUGUSTUM.

201 1241 334 1298 Cur
358 1240 530 1296 Alteo
579 1239 849 1309 episcopo
901 1239 1433 1309 Augustodunensi
1455 1238 1717 1308 pallium
1741 1253 1861 1293 non

887 1328 1190 1384 concedat.

268 1416 592 1474 Mandastis
616 1421 681 1471 ut
700 1415 1076 1488 privilegium
1119 1420 1176 1471 et
1218 1414 1467 1488 pallium
1516 1415 1678 1470 Alteo
1708 1413 1864 1487 epis-

197 1524 354 1579 copo
387 1505 877 1562 concederemus.
907 1504 1071 1560 Unde
1096 1505 1406 1577 poscimus
1428 1508 1490 1561 ut
1538 1508 1738 1560 vestra
1770 1519 1867 1558 su-

197 1613 308 1670 per
337 1597 453 1652 hoc
476 1593 831 1664 magnitudo
847 1609 970 1649 non
991 1593 1362 1664 indignetur:
1387 1593 1676 1666 quoniam
1697 1591 1865 1664 quod

1967 445 2114 512 tum,
2165 442 2287 498 sive
2314 444 2610 513 timorem,
2667 443 2932 499 orarium
2984 442 3366 498 solummodo
3420 442 3621 513 plane-

1967 534 2211 603 tamque
2249 530 2498 602 deferre,
2526 532 2821 592 lanceam,
2871 535 2928 586 et
2975 536 3232 598 scutum,
3265 535 3320 586 et
3350 530 3622 600 gladium

1967 619 2066 692 baj
2079 620 2239 677 ulare
2269 622 2710 695 praecipiemus.

2750 782 2819 838 V.

2135 920 2437 961 JUDICATUM
2478 923 2673 962 LEONIS
2709 923 2865 963 PAPB
2901 923 2959 962 ιν
2998 924 3066 963 ΕΤ
3102 924 3361 964 ιυῡονιοι
3399 924 3440 963 ll

2601 991 2970 1069 IMPERA'E'OIIS
2979 1057 2992 1070 .

1970 1169 2042 1224 In
2075 1171 2324 1226 concilio
2352 1187 2370 1224 ι
2395 1171 2660 1226 Romano
2691 1187 2807 1240 pro
2837 1172 3107 1241 episcopo
3138 1172 3386 1227 Senensi
3413 1179 3623 1229 contra

2049 1243 2379 1311 episcorum
2408 1243 2747 1309 Aretinum,
2777 1244 2838 1296 in
2887 1245 3292 1298 controversia
3322 1243 3393 1298 de
3425 1245 3625 1300 diver-

2041 1317 2119 1373 sis
2141 1315 2397 1372 ecclesiis
2424 1315 2547 1369 sive
2569 1314 2896 1383 parochiis,
2929 1329 3088 1368 anno
3117 1317 3242 1368 853.

2042 1432 2066 1460 °
2096 1427 2158 1478 In
2189 1421 2431 1476 nomine
2461 1421 2712 1488 Domini,
2743 1436 2941 1477 amen.
2975 1421 3127 1474 Dum
3158 1435 3268 1474 nos
3299 1422 3411 1475 Leo
3468 1437 3628 1475 sum-

1972 1528 2110 1568 mus
2142 1509 2428 1583 pontifex,
2461 1514 2518 1565 et
2537 1509 2890 1565 universalis
2915 1525 3078 1582 papa
3107 1513 3379 1580 quartus,
3413 1509 3628 1564 consti-

1971 1605 2136 1658 tutus
2161 1599 2220 1654 in
2252 1598 2411 1654 beati
2458 1598 2606 1654 Petri
2658 1599 2912 1671 apostoli
2966 1597 3272 1665 cathedra,
3321 1613 3444 1653 una
3489 1615 3628 1653 cum

197 1685 278 1742 ob
307 1685 446 1758 ipso
473 1683 851 1740 sanctissimo
878 1699 1040 1755 papa
1071 1683 1351 1752 Gregorio
1403 1698 1597 1755 usque
1627 1681 1705 1738 ad
1734 1682 1864 1737 hch
1903 1707 1944 1760 Β
1977 1688 2272 1762 piissimo,
2307 1691 2362 1742 et
2391 1686 2822 1756 gloriosissimo
2857 1687 3153 1758 Lodoyco,
3187 1687 3447 1742 Lotharii
3481 1686 3625 1750 ﬁlio,

197 1779 476 1847 tempora
502 1777 708 1829 nostra
761 1773 986 1829 factum
1016 1772 1266 1828 minime
1315 1772 1725 1839 recordamur,
1782 1770 1865 1826 fa-

197 1880 336 1920 cere
380 1879 504 1919 non
535 1862 868 1936 potuimus,
902 1877 1097 1936 neque
1136 1861 1419 1934 praeﬁxos
1449 1863 1697 1917 Patrum
1755 1865 1867 1916 ter-

195 1954 400 2009 minos
428 1953 769 2008 immutare.

271 2045 446 2100 Item.
481 2041 655 2108 Quod
676 2043 847 2112 juxta
870 2044 926 2097 et
955 2039 1166 2096 sedula
1217 2056 1330 2096 nos
1381 2039 1598 2095 imitari
1646 2054 1865 2094 consu-

196 2131 391 2188 etudo
419 2146 545 2187 non
571 2129 862 2202 praecipit,
886 2129 969 2184 ita
997 2129 1076 2184 ab
1102 2128 1218 2184 hoc
1241 2128 1421 2184 veluti
1448 2145 1484 2183 a
1504 2142 1728 2197 magno
1755 2141 1867 2182 nos

197 2219 541 2294 praecipitio
567 2217 865 2274 custodire
887 2220 1143 2288 oportet,

995 2341 1087 2397 ΙΙΙ.

728 2481 1004 2522 LOTHARIO
1043 2481 1295 2522 AUGUSTO
1304 2509 1316 2520 .

271 2579 294 2602 ⁸
321 2574 402 2628 De
430 2572 546 2627 illis
577 2572 768 2628 tribus
791 2572 922 2642 jam
953 2571 1192 2644 publice
1223 2571 1660 2638 condemnatis,
1693 2572 1750 2626 et
1777 2585 1864 2625 re-

191 2660 409 2736 probis
428 2660 568 2716 viris
589 2661 859 2730 Georgio,
911 2660 1194 2723 Adriano,
1228 2664 1283 2715 et
1318 2661 1504 2728 Petro,
1558 2663 1624 2714 ut
1669 2662 1868 2715 vestra

191 2751 378 2808 nobis
405 2750 715 2806 mandavit
742 2749 1098 2805 sublimitas.
1135 2748 1307 2815 Quod
1340 2748 1538 2804 adhuc
1594 2748 1673 2803 ad
1702 2747 1869 2804 aliud

192 2839 468 2897 conﬁteri
511 2837 807 2910 judicium
868 2837 1190 2906 debebant,
1249 2837 1499 2893 omnino
1546 2836 1745 2892 mirati
1776 2852 1869 2891 su-

191 2945 369 2998 mus,
403 2927 622 3000 quibus
639 2927 770 2998 jam
793 2926 990 2982 missis
1021 2925 1234 2981 vestris
1269 2925 1672 2998 praesentibus
1699 2925 1872 2996 juxta

192 3018 402 3088 legem
430 3020 765 3072 Romanam
793 3015 1086 3072 sententia
1113 3014 1361 3088 praeﬁxa
1385 3031 1455 3070 ac
1485 3013 1871 3088 promulgata

194 3112 283 3164 est
327 3111 387 3163 et
416 3107 533 3162 nisi
580 3110 721 3162 tunc
768 3104 1066 3178 paschalis
1116 3105 1356 3160 adesset
1407 3103 1717 3172 festivitas,
1749 3118 1872 3174 qua

193 3197 432 3265 mortis,
459 3194 818 3269 prohibente
875 3195 1024 3263 lege,
1059 3193 1416 3249 sententiam
1467 3193 1611 3248 dare
1643 3191 1871 3247 licitum

193 3302 322 3342 non
374 3289 480 3350 est,
514 3284 713 3339 vivere
752 3300 853 3340 eos
899 3283 1136 3338 illorum
1170 3281 1398 3337 malitia
1438 3296 1637 3353 neque
1665 3280 1874 3352 iniqua

192 3374 596 3449 praesumptio
623 3389 748 3429 non
770 3372 1002 3428 sineret.
1030 3375 1138 3428 Pro
1164 3372 1278 3427 hac
1303 3371 1505 3443 itaque
1528 3370 1756 3433 ratione
1781 3386 1875 3427 so-

195 3463 523 3521 lummodo
555 3478 753 3535 usque
778 3462 856 3518 ad
886 3466 1126 3534 tempus
1176 3475 1472 3532 suspensa
1523 3463 1609 3516 est
1641 3463 1871 3516 senten-

197 3554 280 3610 tia
301 3558 720 3625 utrorumque.
747 3550 1222 3622 (Fragmentum)
1249 3549 1444 3606 lvonis
1474 3549 1601 3605 dec.
1626 3566 1688 3620 x,
1714 3565 1767 3607 c.
1799 3552 1868 3606 88

201 3665 230 3691 ‹‹
264 3643 348 3697 De
369 3641 486 3696 illis
518 3640 728 3696 tribus.
761 3657 791 3691 ›
1287 3626 1292 3629 ’

991 3764 1079 3818 IV.

599 3903 866 3944 LUDOVIGO
905 3889 976 3958 [Γ.
1001 3889 1299 3958 ιοτιιλιιιο]
1338 3903 1484 3944 nam.

313 3995 612 4058 hPetrum,
669 3999 726 4050 et
770 3993 1089 4050 Acrianum
1146 4009 1462 4066 nunquam
1511 3993 1868 4064 recipiemus

201 4084 282 4141 ad
305 4083 709 4140 habitandum
749 4083 1089 4150 nobiscum,
1113 4087 1169 4138 et
1197 4083 1247 4137 si
1290 4082 1478 4154 (quod
1509 4082 1709 4136 minus
1741 4095 1868 4136 cre-

199 4175 424 4246 dimus)
449 4179 552 4231 aut
579 4190 788 4246 preces
819 4179 1074 4237 nostras,
1109 4189 1262 4245 quas
1293 4188 1403 4244 pro
1428 4187 1638 4227 eorum
1669 4175 1866 4226 reten-

199 4265 362 4320 tione
391 4262 572 4318 vobis
606 4262 904 4324 misimus,
933 4266 1036 4316 aut
1065 4262 1323 4316 honores
1362 4259 1616 4316 Romani
1669 4259 1867 4332 ponti-

197 4353 329 4409 ﬁcis
361 4369 478 4426 pro
509 4351 697 4407 nihilo
746 4351 1151 4416 existimastis,
1183 4354 1240 4406 et
1269 4366 1381 4405 nos
1430 4349 1630 4405 minus
1681 4364 1865 4421 quam

201 4444 542 4500 Adrianum
569 4445 628 4498 et
674 4441 912 4497 Petrum
955 4441 1222 4510 amastis,
1274 4439 1437 4512 quod
1468 4439 1527 4494 in
1560 4444 1868 4510 posterum

197 4533 327 4604 jam
360 4532 712 4590 ordinatum
737 4531 1096 4600 habeamus,
1144 4535 1356 4587 vestrae
1406 4529 1695 4584 edicimus
1742 4545 1868 4584 ma-

204 4622 527 4693 gnitudini.
561 4623 726 4677 Certe
749 4621 1038 4677 Romana:
1069 4620 1228 4676 sedis
1259 4619 1546 4692 praesules
1599 4623 1866 4691 tempore

203 4727 330 4783 quo
374 4726 885 4783 unamquamque
915 4708 1237 4765 Ecclesiam
1296 4724 1432 4763 cum
1482 4707 1604 4763 suis
1644 4707 1867 4764 clericis

203 4800 539 4857 tendebant
567 4800 646 4855 ob
704 4799 1026 4855 missarum
1059 4797 1345 4866 ofﬁcium,
1377 4797 1470 4853 vel
1500 4797 1668 4869 alias,
1702 4813 1867 4852 more

202 4888 407 4948 solito.
441 4888 710 4944 utilitates
739 4887 1172 4944 ecclesiasticas
1225 4886 1659 4958 disponendas,
1722 4884 1868 4939 nihil

201 4977 373 5035 aliud
426 4980 544 5032 tam
621 4977 736 5050 ipsi
801 4992 990 5048 quam
1075 4974 1267 5030 clerici
1311 4975 1582 5047 ipsorum
1629 4973 1741 5029 nisi
1779 4987 1869 5027 sa-

201 5065 534 5123 cerdotalia
582 5065 938 5121 indumenta
986 5063 1275 5129 ferebant,
1316 5064 1481 5136 quod
1531 5063 1717 5120 secuti
1776 5079 1869 5117 us-

203 5171 322 5228 que
364 5171 534 5212 nunc
577 5170 692 5210 nos
724 5155 980 5224 egimus.
1029 5153 1142 5209 Sed
1172 5153 1435 5225 amplius
1475 5168 1870 5226 nequaquam

205 5259 380 5315 agere
456 5247 712 5317 oportet,
771 5243 821 5299 si
876 5242 1060 5311 viros,
1115 5259 1271 5314 quos
1355 5259 1466 5298 nec
1541 5242 1869 5316 quaerimus

201 5349 505 5408 unquam,
564 5349 675 5390 nec
720 5332 1023 5400 volumus,
1109 5331 1402 5388 mandare
1476 5331 1868 5387 decreveritis.

203 5424 270 5478 Et
323 5423 446 5478 hoc
495 5420 575 5477 ad
624 5420 904 5477 ultimum
953 5435 1065 5491 pro
1120 5423 1280 5474 certo
1329 5423 1542 5473 notum
1591 5416 1869 5482 facimus,

203 5512 502 5583 quoniam
586 5509 662 5566 ad
747 5523 1177 5581 quamcunque
1251 5506 1568 5562 Ecclesiam
1640 5505 1872 5562 locum-

205 5612 321 5672 que
376 5599 570 5654 alium
602 5598 778 5654 nobis
828 5598 1040 5653 merita
1081 5596 1425 5666 subjectum
1481 5595 1734 5664 digressi
1779 5595 1870 5650 fu-

207 5689 458 5755 erimus,
481 5704 560 5744 ne
589 5687 664 5743 de
717 5687 924 5743 mortis
967 5691 1191 5743 nostra;
1239 5683 1505 5758 periculo
1545 5684 1875 5758 triumpha-

287 5779 809 5922 ahl‘lrgid?gar§8x,
843 5862 975 5920 cap.
1003 5847 1092 5903 73.

1973 1779 2330 1849 imperatore
2372 1780 2662 1844 Augusto,
2701 1775 3095 1848 pluribusque
3141 1776 3628 1848 archiepiscopis,

1973 1865 2291 1940 episcopis,
2305 1864 2648 1935 abbatibus,
2675 1865 2965 1937 synodale
2978 1865 3270 1921 habentes
3285 1865 3627 1932 concilium,

1973 1957 2404 2023 congregatum
2436 1955 2656 2020 Romae,
2684 1951 3036 2008 videlicetin
3062 1953 3311 2009 ecclesia
3351 1953 3509 2008 beati
3535 1957 3630 2008 Pe-

1974 2043 2046 2100 tri
2081 2041 2489 2115 apostolorum
2532 2041 2850 2115 principis:
2910 2042 3151 2099 advenit
3191 2043 3253 2098 in
3308 2043 3631 2116 praesentia

1975 2131 2163 2188 sancti
2184 2129 2414 2186 concilii
2441 2132 2714 2187 Senensis
2734 2131 2997 2186 ecclesiae
3015 2131 3352 2205 episcopus,
3387 2131 3630 2186 nomine

1974 2220 2236 2289 Cautius,
2267 2225 2323 2274 et
2349 2219 2546 2274 retulit
2567 2219 2821 2292 qualiter
2843 2220 2968 2289 iam
2995 2236 3154 2292 saepe
3190 2220 3441 2293 petierat
3466 2219 3630 2291 apud

1969 2309 2098 2379 jam
2127 2308 2354 2364 dictum
2411 2308 2778 2378 Lotharium,
2836 2308 3102 2380 epistolis
3158 2307 3404 2364 Adriani
3445 2323 3622 2381 papa

1974 2397 2307 2470 specialiter
2327 2397 3045 2469 conscriptis,quatenus..
3058 2439 3070 2452 .
3081 2397 3286 2468 judicii
3310 2413 3630 2453 censuram

1973 2487 2126 2542 inter
2157 2488 2480 2542 Senensem
2512 2484 2844 2548 ecclesiam,
2876 2491 2933 2542 et
2975 2489 3209 2541 Petrum
3240 2486 3490 2541 Aretinae
3536 2503 3630 2542 ec-

1975 2575 2166 2632 clesiae
2197 2575 2548 2647 episcopum
2578 2575 2652 2630 de
2684 2575 2962 2642 ecclesiis,
2997 2591 3104 2631 seu
3143 2575 3531 2647 baptisteriis,
3579 2579 3636 2630 et

1976 2664 2371 2729 monasteriis,
2403 2681 2538 2737 quae
2569 2664 2725 2720 infra
2753 2665 3099 2720 comitatum
3133 2666 3454 2721 Senensem
3475 2669 3631 2734 sunt,

1977 2770 2116 2809 cum
2143 2769 2352 2808 eorum
2384 2753 2772 2825 pertinentiis,
2802 2755 2938 2808 item
2966 2755 3095 2824 jam
3142 2754 3344 2810 multis
3393 2754 3633 2810 vicibus

1977 2841 2211 2915 prolixa
2232 2841 2340 2897 fuit
2369 2844 2689 2912 contentio,
2720 2842 3010 2898 ﬁnitivam
3035 2843 3369 2899 secundum
3393 2842 3635 2899 canoni-

1978 2947 2112 2986 cam
2144 2930 2556 2986 auctoritatem
2578 2931 2909 3003 perciperet
2938 2933 3312 2987 sententiam.
3336 2935 3497 2986 Tunc
3523 2947 3634 2986 nos

1909 3055 1950 3108 Ο
1980 3021 2095 3074 Leo
2129 3036 2406 3074 summus
2460 3020 2725 3090 pontifex
2759 3019 2839 3074 ita
2868 3019 3158 3075 diximus:
3191 3044 3219 3071 «
3253 3024 3318 3075 Et
3340 3021 3632 3091 quoniam

1979 3108 2330 3165 sacerdotali
2357 3107 2575 3176 oﬂicio,
2609 3124 2730 3181 quo
2786 3108 2988 3172 modo,
3029 3108 3162 3163 licet
3217 3109 3401 3173 inviti,
3443 3108 3636 3176 fungi-

1976 3215 2182 3256 mur...
2206 3204 2440 3272 oportet
2469 3215 2580 3254 nos
2605 3197 2890 3269 spirituali
2927 3214 3210 3252 mucrone
3235 3198 3437 3253 talium
3465 3197 3633 3252 alter-

1977 3288 2295 3355 cationem,
2329 3304 2464 3360 quae
2491 3285 2784 3342 veternosi
2817 3286 3109 3358 serpentis
3151 3303 3304 3341 saeva
3361 3289 3627 3354 aguntur

1976 3377 2213 3443 astutia,
2247 3376 2510 3432 funditus
2540 3374 2818 3441 incidere,
2878 3381 2934 3430 et
2985 3376 3309 3447 exstirpare
3362 3375 3620 3442 radices,

1975 3482 2051 3522 ne
2067 3471 2214 3523 forte
2244 3464 2548 3522 discordia
2565 3464 2649 3520 ibi
2686 3467 2900 3535 vigeat,
2931 3465 3032 3522 ubi
3078 3465 3416 3521 inveteratae
3467 3463 3636 3537 pacis

1975 3556 2198 3613 debent
2225 3557 2546 3613 consistere
2568 3555 2752 3612 bona.
2789 3578 2816 3605 »
2850 3555 3037 3612 Simul
3067 3571 3246 3612 omne
3274 3554 3630 3611 conculium:

1978 3668 2006 3695 ‹‹
2041 3646 2070 3698 J
2081 3651 2230 3714 usta,
2263 3646 2477 3719 inquit,
2505 3650 2562 3703 et
2585 3662 2733 3702 vera
2753 3645 3066 3709 catholica,
3092 3651 3148 3701 et
3178 3644 3506 3718 apostolica
3534 3644 3634 3699 de-

1974 3734 2166 3791 ﬁnivit
2217 3735 2580 3791 cathedra.»
2625 3738 2787 3791 Tunc
2831 3740 3028 3790 autem
3072 3735 3394 3806 episcopus
3441 3733 3634 3788 mani-

1974 3827 2089 3882 bus
2144 3824 2484 3888 decretalia,
2516 3827 2573 3879 et
2622 3823 2929 3893 judicialia
2984 3828 3216 3892 tenens,
3275 3821 3378 3876 ubi
3409 3821 3636 3876 ﬁnitiva

1975 3913 2266 3968 sententia
2294 3914 2448 3968 Sena
2479 3915 2696 3977 servat,
2725 3915 2783 3965 et
2811 3909 3158 3965 auctoritate
3188 3907 3434 3962 Adriani
3474 3923 3636 3961 sum-

1976 4001 2058 4057 mi
2087 3999 2406 4072 pontificis,
2431 4004 2488 4055 et
2514 3997 2867 4053 universalis
2911 4013 3106 4070 papae,
3155 4001 3212 4052 et
3266 3993 3634 4053 Constantini

1974 4087 2332 4163 queritando
2362 4087 2508 4143 dixit
2541 4104 2553 4142 :
2583 4109 2611 4136 «
2641 4090 2856 4158 Frater,
2888 4092 2944 4142 et
2997 4085 3395 4158 coepiscopus
3425 4089 3631 4140 noster

1976 4181 2180 4234 Petrus
2226 4176 2478 4232 Aretime
2527 4175 2790 4232 ecclesiae
2838 4174 3112 4232 Senensis
3147 4173 3406 4230 ecclesiae
3454 4190 3633 4247 paro-

1975 4268 2162 4332 chias,
2195 4270 2375 4339 atque
2420 4265 2728 4321 dicecesim
2767 4280 3052 4339 perverso
3104 4263 3334 4330 ordine,
3386 4268 3443 4319 et
3498 4279 3636 4318 con-

1976 4362 2065 4414 tra
2116 4355 2473 4411 canonicam
2519 4355 2788 4425 regulam
2837 4353 3070 4420 invasit,
3127 4356 3183 4409 et
3228 4369 3334 4425 per
3375 4352 3495 4407 vim
3535 4351 3636 4405 de-

1976 4446 2137 4502 tinet.
2174 4467 2201 4492 »
2225 4448 2386 4501 Tunc
2417 4460 2550 4515 nos,
2579 4449 2636 4500 et
2691 4443 2984 4500 Lodoicus
3034 4442 3360 4516 imperator
3389 4441 3449 4495 in
3481 4455 3633 4511 prae-

1975 4535 2164 4592 sentia
2191 4533 2395 4603 magﬂi
2419 4533 2652 4590 concilii
2673 4533 2991 4589 decretalia
3032 4532 3110 4587 ab
3165 4531 3450 4602 episcopo
3481 4529 3633 4580 Can-

1980 4624 2055 4680 tio
2086 4629 2327 4679 ostensa
2379 4623 2559 4693 relegi
2613 4623 2925 4693 jussimus.
2961 4621 3055 4676 His
3109 4619 3284 4689 igitur
3331 4613 3630 4686 perlectis,

1974 4730 2088 4770 nos
2149 4716 2260 4768 Leo
2311 4728 2583 4767 summus
2637 4711 2925 4784 pontifex.
2979 4711 3060 4765 sic
3109 4707 3185 4763 ad
3235 4702 3636 4760 universalem

1974 4800 2214 4873 plebem
2239 4798 2401 4868 loqui
2430 4799 2619 4853 exorsi
2649 4814 2877 4853 sumus.
2905 4820 2932 4846 «
2966 4798 3268 4862 Quantum
3299 4791 3460 4848 enim
3493 4807 3640 4864 prae-

1979 4886 2130 4943 cellit
2179 4885 2438 4954 dignitas
2486 4886 2758 4940 omnium
2813 4885 3053 4940 ordines
3108 4883 3489 4954 dignitatum,
3547 4896 3642 4936 su-

1975 4990 2165 5050 perna
2232 4973 2681 5044 dispensatione
2762 4974 3105 5030 animarum
3166 4972 3342 5029 nobis
3391 4971 3634 5037 credita,

1977 5069 2143 5122 tanto
2201 5061 2460 5135 amplius
2519 5062 2796 5134 cogimur
2859 5063 3074 5136 cuique
3130 5060 3348 5135 petenti
3410 5059 3639 5116 solvere

1978 5155 2259 5211 rationes.
2296 5151 2468 5207 Aliud
2493 5151 2656 5208 enim
2685 5157 2774 5210 est
2799 5168 3295 5226 unumquemque
3318 5150 3411 5206 sui
3428 5164 3640 5206 curam

1981 5254 2202 5311 gerere,
2253 5237 2417 5294 aliud
2467 5237 2742 5294 Ecclesia:
2791 5238 3109 5294 Dominicae
3181 5252 3326 5293 cura
3374 5235 3643 5304 regimen

1983 5329 2198 5381 tenere.
2230 5327 2604 5395 Quapropter
2660 5323 3017 5380 canonicam
3066 5325 3384 5396 sequentes
3427 5315 3642 5375 doctri-

1981 5428 2146 5479 nam,
2194 5412 2604 5468 dissensiones
2658 5417 2836 5484 atque
2875 5411 3208 5468 discordias
3259 5407 3641 5465 sacerdotum

1983 5501 2312 5574 apostolica
2358 5518 2470 5556 nos
2501 5501 2753 5573 pertinet
2798 5501 3042 5557 obviare
3069 5514 3343 5559 censura,
3394 5495 3642 5552 Redem-

1981 5592 2169 5664 ptoris
2202 5591 2389 5645 nostri
2430 5596 2745 5662 sequentes
2766 5596 3060 5664 praecepta
3099 5588 3348 5645 dicentis
3382 5605 3395 5642 :
3429 5587 3645 5641 Pacem

1983 5696 2174 5738 meam
2203 5679 2278 5734 do
2322 5681 2502 5736 vobis.
2547 5682 2762 5738 Pacem
2808 5682 3082 5751 relinquo
3116 5667 3645 5749 vobis(Joan.xxv)-

2070 5780 2092 5805 °
2131 5767 2307 5841 Apud
2336 5768 2541 5836 Mansi,
2575 5770 2758 5827 Conc.
2792 5771 2934 5824 tom.
2955 5768 3082 5822 XV.
