4092 6176
497 205 605 260 659

1821 191 2069 252 LEDNIS
2108 186 2320 252 ΡΑΡΔΕ
2358 187 2434 240 IV

3834 189 3942 252 66,0

498 325 571 384 In
603 327 713 384 hoc
728 323 883 382 enim
899 325 1251 391 cognoscent
1274 335 1472 377 omnes
1494 318 1654 391 quod
1683 319 1795 374 mei
1818 317 1953 374 estis
1983 315 2153 370 disci-
2180 317 2225 384 Α
2266 313 2416 367 fines
2444 313 2760 370 comitatus
2781 310 3056 368 Senensis
3091 311 3228 365 sunt
3252 309 3592 372 constituta,
3626 309 3807 370 unde
3862 315 3940 380 tu,

492 419 650 488 puli,
693 417 745 469 si
773 413 1146 468 dilectionem
1198 410 1526 465 habueritis
1567 410 1645 465 ad
1678 409 1922 463 invicem
1955 407 2151 475 (Joan.

495 504 665 575 xvn).
693 501 954 558 Pretiosz’
979 501 1137 556 enim
1177 500 1356 568 pedes
1412 499 1954 568 euangelizandum
2005 496 2157 550 bona

495 591 737 663 (Matth.
768 590 870 661 x1).
905 588 1098 659 gratia
1157 587 1346 642 sancti
1375 587 1646 659 Spiritus,
1696 585 1905 658 inquit.
1945 587 2158 650 Quate-

495 697 612 737 nus
631 695 773 735 vero
805 682 934 733 orta
963 676 1139 732 fuerit
1168 675 1568 731 immoderata
1589 679 1859 747 quaestio,
1888 673 2156 744 spiritua-

497 769 536 825 li
567 768 784 824 debeat
809 779 1097 821 mucrone
1117 764 1416 836 amputari
1431 779 1504 818 ne
1524 762 1845 827 adolescat,
1865 767 1918 816 et
1941 759 2155 815 Christi

498 857 798 914 concutiat
817 855 1075 928 plebem,
1106 858 1162 909 et
1183 870 1257 908 ne
1283 854 1594 909 occasione
1612 852 1922 907 discordiae
1947 851 2154 905 fideles

496 946 866 1017 delinquant,
899 945 1088 998 sancti
1112 941 1264 998 Petri
1295 941 1636 1014 apostolicis
1669 941 1908 996 monitis
1936 955 2155 1012 paren-

495 1041 602 1101 tes,
635 1034 801 1090 omni
830 1033 1004 1088 sorde
1034 1031 1288 1104 perdita,
1322 1047 1475 1104 pura
1506 1031 1805 1086 frumenta
1848 1029 1909 1084 in
1939 1029 2152 1083 horreo

497 1124 733 1181 Domini
773 1122 1032 1177 residere
1064 1121 1322 1177 valeant.
1375 1121 1556 1188 Igitur
1586 1120 1735 1175 dum
1784 1134 1890 1191 per
1927 1118 2154 1189 aliquot

491 1215 622 1286 jam
650 1212 858 1284 lapsos
876 1209 1164 1267 terminos
1191 1209 1726 1278 Longobardorum
1744 1223 1889 1279 gens
1911 1206 2151 1262 diversa

496 1302 751 1375 eripiens
790 1300 1101 1369 territoria,
1159 1298 1375 1354 invasa
1411 1298 1800 1356 desolabatur
1829 1297 1980 1365 loca,
2014 1311 2151 1352 con-

495 1391 623 1461 tigit
646 1395 711 1446 ut
739 1389 1026 1447 dioeceses
1055 1387 1486 1461 episcoporum
1539 1387 1690 1444 alter
1721 1385 1960 1441 alterius
1989 1386 2152 1440 inva-

495 1481 658 1550 dere,
683 1483 740 1534 et
763 1478 1078 1535 temerario
1113 1493 1265 1532 ausu
1294 1474 1688 1532 immoderate
1715 1492 1818 1532 eas
1865 1475 2146 1542 detinere,

497 1573 673 1638 atque
697 1568 759 1623 iu
784 1582 1011 1636 magno
1037 1581 1200 1622 nunc
1231 1582 1426 1638 usque
1486 1568 1882 1637 permaneant
1928 1580 2145 1631 errore,

2265 402 2443 457 frater
2455 408 2510 458 et
2523 403 2875 474 coepiscope
2886 444 2898 464 ,
2917 400 3206 456 adversus
3223 415 3423 456 meam
3441 399 3775 458 ecclesiam
3788 418 3943 473 qua}.

2264 491 2365 557 ris,
2392 507 2676 563 possessa
2692 490 2988 547 habemus
3003 487 3262 560 amplius
3294 505 3482 561 quam
3525 490 3945 562 quadraginta

2264 597 2474 636 annos.
2513 599 2542 632 ›
2566 582 2731 636 Tunc
2783 578 3022 636 Cautius
3053 579 3378 651 episcopus
3421 579 3498 634 ad
3519 580 3654 636 haec
3676 597 3690 635 :
3715 602 3745 629 «
3781 582 3941 638 Sem-

2264 686 2372 742 per
2401 670 2581 737 enim,
2612 669 2825 742 inquit,
2859 668 3226 724 monasteria
3259 672 3317 724 et
3371 667 3760 741 baptisteria,
3809 686 3938 741 qum

2262 761 2418 817 intra
2447 761 2599 815 tinos
2635 758 2911 816 Senensis
2942 759 3210 815 territorii
3243 763 3404 830 sunt,
3441 759 3756 832 parochias
3811 776 3937 815 nos-

2262 856 2365 906 trae
2394 851 2654 907 ecclesiae
2686 850 2943 920 fuerunt,
2977 853 3034 904 et
3064 853 3220 905 sunt.
3257 851 3321 905 Et
3353 849 3619 906 chrisma
3646 850 3736 906 ibi
3769 851 3932 908 dedi-

2264 958 2425 1009 mus,
2455 945 2511 995 et
2561 939 3072 995 consecrationem
3128 937 3400 994 fecimus.
3443 939 3852 1012 Presbyteros
3884 945 3933 996 et

2265 1031 2555 1085 diaconos
2583 1044 2694 1098 ego
2726 1032 2782 1084 et
2811 1032 3217 1083 antecessores
3267 1027 3386 1082 mei
3415 1027 3497 1082 ibi
3529 1030 3928 1096 sacravimus,

2267 1125 2320 1175 et
2354 1119 2638 1175 ecclesias
2679 1118 3192 1174 consecravimus.
3219 1118 3334 1174 Sed
3365 1123 3446 1184 tu,
3476 1118 3681 1182 frater,
3720 1120 3930 1176 callide

2262 1213 2318 1264 et
2340 1207 2746 1266 fraudulenter
2804 1206 3090 1280 praedicta
3118 1206 3504 1277 monasteria,
3555 1224 3666 1264 seu
3705 1208 3937 1281 baptis-

2260 1297 2405 1352 teria
2433 1301 2640 1352 contra
2671 1312 2979 1352 sacrarum
3009 1310 3314 1353 canonum
3345 1296 3610 1352 instituta
3642 1314 3934 1370 usurpas—

2261 1387 2354 1441 ti.»
2396 1388 2602 1442 Petrus
2631 1401 2773 1442 vero
2803 1385 3123 1457 episcopus
3153 1384 3405 1440 civitatis
3438 1385 3616 1441 Aretii
3658 1386 3795 1442 haec
3826 1403 3929 1442 au-

2257 1476 2426 1531 diens
2448 1475 2595 1531 dixit
2623 1493 2635 1530 :
2662 1498 2688 1527 «
2709 1477 2851 1530 Vere
2876 1474 2989 1531 ista
3012 1475 3401 1545 monasteria,
3420 1490 3528 1530 seu
3550 1474 3923 1548 baptisteria,

2256 1582 2391 1636 qua
2423 1564 2576 1620 infra
2602 1563 2753 1619 ﬁnes
2793 1563 2877 1618 tui
2915 1563 3187 1619 territorii
3217 1565 3376 1630 sunt,
3441 1563 3600 1619 unde
3635 1564 3922 1620 adversus

494 1664 551 1715 et
574 1659 920 1728 ignorantes
977 1671 1279 1712 canonum
1340 1655 1744 1720 deﬁnitiones,
1799 1654 2147 1710 alterutrum
2175 1666 2219 1730 Β
2257 1671 2370 1709 nos
2405 1654 2691 1726 queritas,
2719 1669 2753 1708 a
2780 1657 3046 1726 tempore
3088 1651 3633 1722 Longobardorum
3664 1655 3919 1711 ecclesia:

495 1747 842 1803 anhelantes
900 1746 1160 1818 arripere
1208 1745 1548 1818 parochias,
1607 1743 1851 1817 perjurii
1915 1747 2149 1798 reatum

493 1838 869 1894 contrahunt.
903 1840 1154 1909 Insuper
1182 1834 1399 1890 callida
1422 1835 1680 1889 versutia
1711 1834 1861 1888 inter
1887 1847 1948 1888 se
1970 1832 2145 1887 dimi—

493 1930 717 1988 cantes,
749 1923 960 1996 pejora
989 1927 1296 1995 paragunt
1316 1922 1512 1991 exitia,
1546 1937 1773 1977 errrore
1794 1924 1876 1977 ita
1917 1921 1977 1976 in
2017 1937 2146 1976 ma-

488 2013 619 2072 lum
647 2013 914 2069 incidunt
927 2012 1146 2084 piaculi
1168 2012 1428 2078 facinus,
1447 2010 1596 2066 dum
1632 2010 1842 2082 procul
1863 2009 2151 2080 abjiciuut

492 2117 799 2158 canonum
830 2117 1170 2168 censuram,
1213 2099 1712 2170 transgredientes
1750 2098 2152 2154 sanctissimo-

487 2207 626 2248 rum
655 2190 1172 2264 praedecessorum
1203 2193 1543 2244 nostrorum
1575 2187 1927 2260 pontiﬁcum
1950 2187 2148 2244 decre-

489 2284 574 2346 ta,
597 2279 901 2337 canonicis
933 2279 1387 2335 auctoritatibus
1409 2277 1633 2334 fulcita.
1660 2280 1978 2348 Propterea
2013 2276 2148 2332 talia

485 2370 826 2428 inhibentes
858 2368 1191 2442 apostolica
1215 2368 1585 2425 institutione
1615 2383 1738 2422 una
1766 2383 1904 2422 cum
1936 2365 2148 2435 glorio-

483 2459 722 2516 sissimo
746 2462 804 2515 et
827 2458 1097 2531 piissimo
1131 2457 1410 2523 Loduico,
1448 2461 1505 2512 et
1560 2456 1788 2512 sanctis
1819 2455 2140 2527 episcopis,

483 2547 548 2604 in
573 2562 799 2603 corona
821 2546 1002 2617 hujus
1034 2546 1185 2602 sacri
1213 2546 1444 2604 concilii
1469 2544 1884 2613 residentibus,
1909 2549 2144 2616 aposto-

485 2631 615 2689 licae
643 2632 1079 2692 constitutionis
1121 2633 1429 2705 privilegio
1460 2633 1912 2705 promulgantes
1947 2632 2141 2687 sanci-

486 2738 644 2788 mus,
673 2725 738 2777 ut
767 2721 920 2778 sicut
949 2722 1233 2777 canonice
1264 2723 1324 2777 in
1354 2721 1604 2777 decretis
1627 2721 2013 2785 constituunt,
2050 2738 2140 2776 se-

487 2811 757 2868 cundum
777 2810 1083 2876 territoria,
1109 2826 1215 2865 seu
1241 2811 1628 2883 pertinentias
1676 2811 2002 2879 civitatum,
2059 2811 2140 2866 sic

486 2900 826 2976 parochias,
850 2904 906 2956 et
934 2899 1224 2956 diceeeses
1255 2900 1333 2957 ad
1349 2900 1794 2974 disponendum
1821 2901 2136 2972 episcopos

2258 1743 2449 1798 sancti
2478 1742 2690 1798 Donati
2720 1745 3304 1814 pervenerunt.Nam
3331 1741 3675 1813 judicatum
3704 1743 3913 1810 habeo,

2255 1831 2426 1904 quod
2453 1835 2721 1904 tempore
2755 1831 3076 1904 Liuprandi
3106 1831 3262 1900 regis
3311 1832 3848 1900 Longobardorum
3878 1848 3912 1887 a

2256 1921 2368 1975 tuis
2395 1920 3008 1992 praedecessoribus...
3033 1918 3110 1974 ad
3142 1935 3290 1974 meae
3317 1920 3579 1977 ecclesias
3607 1922 3909 1978 utilitatem

2256 2011 2577 2082 conjuncta
2617 2009 2875 2077 fuerunt.
2933 2013 2999 2066 Et
3049 2016 3414 2084 praeceptum
3471 2011 3652 2068 etiam
3699 2011 3907 2079 habeo,

2253 2102 2420 2172 quod
2448 2101 2694 2157 Carolus
2751 2117 2854 2156 rex
2911 2100 3283 2156 conﬁrmavit
3323 2101 3385 2156 in
3435 2102 3692 2159 ecclesia
3722 2101 3910 2158 Sancti

2255 2192 2489 2248 Donati.
2519 2191 2631 2248 Sed
2653 2191 2748 2246 hic
2780 2191 2964 2246 modo
3013 2207 3137 2263 prae
3182 2192 3465 2247 manibus
3513 2209 3636 2248 non
3684 2193 3907 2249 habeo:

2259 2281 2547 2354 quoniam
2567 2297 2744 2352 super
2761 2281 2876 2336 hac
2897 2296 2958 2335 re
2976 2280 3423 2338 altercationem
3447 2282 3541 2338 hic
3557 2282 3777 2338 habere
3793 2296 3914 2336 nou

2263 2371 2524 2426 arbitrati
2554 2387 2783 2439 sumus,
2813 2368 3086 2425 inducias
3119 2374 3176 2425 et
3220 2371 3478 2443 spatium
3511 2388 3545 2426 a
3572 2387 3742 2426 sacro
3768 2385 3916 2426 con-

2261 2458 2393 2514 cilio
2427 2464 2585 2531 peto,
2614 2458 2806 2537 donec
2835 2459 3098 2514 Aretium
3134 2459 3393 2514 celeriter
3441 2465 3668 2531 petens,
3719 2472 3906 2512 asser-

2263 2548 2435 2604 tionis
2465 2564 2614 2604 meas
2631 2549 2986 2620 judicatum,
3016 2555 3194 2622 atque
3237 2553 3616 2621 praeceptum,
3647 2562 3902 2618 quema-

2259 2636 2557 2692 dmodum
2584 2637 2882 2709 pollicitus
2912 2653 3069 2705 sum,
3084 2638 3142 2692 in
3160 2638 3480 2707 conspectu
3522 2635 3734 2691 domui
3753 2649 3871 2690 nos
3888 2669 3909 2679 ς

2258 2725 2330 2780 tri
2353 2725 2573 2780 summi
2597 2725 2915 2798 pontiﬁcis,
2960 2730 3138 2798 atque
3177 2724 3548 2797 imperatoris
3565 2722 3824 2796 piissimi
3855 2727 3912 2778 et

2256 2815 2438 2870 totius
2484 2814 2696 2870 concili
2722 2814 3055 2886 vestrisque
3087 2813 3457 2886 partibus...»
3503 2811 3781 2869 lnducias
3811 2829 3910 2868 us-

2254 2919 2372 2974 que
2399 2903 2476 2959 ad
2507 2903 2827 2960 duodecim
2854 2904 2981 2960 dies
3008 2902 3402 2967 contulerunt,
3423 2907 3720 2975 quatenus
3734 2917 3910 2957 unus-

485 2992 686 3046 tenere
698 3005 1036 3060 censemus,
1051 2990 1437 3046 observantes
1451 2991 1804 3046 canonicam
1823 3005 2139 3046 censuram
2166 3021 2209 3082 α
2253 2994 2509 3066 quisque
2527 3010 2736 3049 eorum
2757 2994 2816 3049 in
2840 2994 3125 3067 praedicto
3149 2994 3340 3067 spatio
3357 2991 3653 3066 quidquid
3675 2991 3908 3047 ﬁrmita-

485 3095 622 3154 quaa
664 3080 787 3135 ait:
823 3100 851 3130 α
885 3079 1246 3153 Episcopum
1295 3095 1421 3136 nou
1464 3080 1639 3136 licere
1669 3079 1929 3135 alienam
1959 3095 2136 3152 paro-

484 3169 686 3232 chiam
734 3170 979 3246 propria
1021 3174 1170 3228 setta
1199 3167 1314 3245 [F.,
1348 3174 1516 3226 extra
1534 3170 1777 3243 propria
1796 3170 1987 3242 septa]
2008 3185 2139 3242 per-

482 3262 775 3322 vadere.»
800 3264 866 3318 Et
892 3261 1146 3320 iterum:
1182 3281 1211 3312 α
1247 3261 1576 3334 Episcopus
1629 3260 1888 3316 alienam
1937 3259 2138 3316 civita—

484 3371 516 3403 «
537 3354 678 3417 tem,
704 3366 841 3422 quae
872 3352 1102 3407 nonest
1128 3350 1211 3405 illi
1233 3349 1525 3420 subjecta,
1555 3365 1677 3406 non
1699 3350 1964 3417 invadat,
2029 3365 2138 3404 nec

486 3438 605 3495 «ad
623 3438 809 3493 ullam
823 3438 1238 3509 possesionem
1255 3436 1386 3508 ejus
1410 3437 1676 3501 accedat,
1695 3454 1877 3510 quem
1899 3438 1978 3494 ad
1999 3455 2137 3494 eum

487 3541 659 3580 «non
687 3524 962 3596 pertinet,
989 3541 1098 3580 nec
1126 3525 1443 3581 constituat
1463 3526 1850 3598 presbyteros
1881 3532 1984 3582 aut
2014 3527 2137 3582 dia-

489 3633 518 3664 ‹‹
540 3627 725 3669 conos
755 3611 924 3669 alteri
947 3612 1230 3685 episcopo
1256 3612 1577 3683 subjectos,
1599 3613 1712 3670 nisi
1735 3614 1880 3669 forte
1894 3631 1966 3670 ex
1998 3631 2139 3670 con-

486 3715 711 3757 «sensu
735 3705 791 3759 et
817 3699 1123 3757 voluntate
1143 3699 1406 3768 regionis
1437 3702 1721 3774 episcopi.
1776 3703 1832 3758 Si
1861 3703 1998 3774 quis
2031 3720 2138 3759 au-

487 3811 518 3846 α
538 3793 739 3847 autem
771 3789 889 3847 tale
919 3789 1147 3863 aliquid
1173 3789 1367 3846 facere
1383 3791 1889 3862 tentaverit,irrita
1913 3792 1987 3846 sit
2013 3793 2141 3864 ejus

485 3879 848 3948 «ordinatio,
875 3883 1055 3952 atque
1096 3885 1438 3938 coerceatur
1463 3897 1500 3938 a
1532 3881 1789 3953 synodo.
1826 3904 1852 3931 ››
1880 3884 1944 3937 Et
1991 3882 2142 3938 sicut

485 3969 992 4044 «praedecessoris
1014 3969 1200 4027 nostri
1230 3970 1390 4032 beati
1422 3970 1716 4028 Ccelestini
1745 3987 1920 4044 papae
1953 3972 2138 4028 conti-

481 4062 629 4116 nent
647 4058 1005 4116 constituta:
1041 4080 1068 4108 «
1105 4061 1173 4115 Ut
1217 4058 1292 4114 sit
1346 4065 1662 4116 contentus
1722 4061 2140 4134 unusquisque

485 4166 516 4198 «
533 4146 851 4220 episcopus
877 4163 999 4203 sua:
1029 4147 1248 4203 civitati
1275 4148 1573 4204 concessis
1591 4149 1938 4204 hominibus
1995 4149 2142 4204 alter

486 4236 595 4292 «in
623 4236 862 4293 alterius
891 4237 1203 4310 provincia
1225 4237 1369 4293 nihil
1388 4243 1747 4311 praesumat;
1784 4259 1812 4289 »
1844 4239 1924 4294 ita
1953 4243 2010 4294 et
2032 4255 2142 4294 nos

487 4348 518 4382 ι
548 4324 709 4381 beati
739 4325 894 4381 Petri
921 4325 1334 4398 apostolorum
1381 4326 1690 4398 principis,
1725 4326 1896 4397 cujus
1926 4327 2138 4395 vicem,

482 4413 764 4488 quamvis
800 4413 1097 4482 immeriti,
1161 4415 1264 4472 Dei
1316 4414 1682 4483 benignitate
1731 4415 2013 4486 gerimus,
2049 4413 2190 4470 sti-'-

482 4508 716 4564 mentes
737 4503 1175 4570 auctoritatem,
1211 4503 1592 4560 decernimus
1639 4504 1905 4572 ut,cicut
1954 4509 2136 4562 statu-

480 4599 612 4656 tum
635 4599 746 4665 est,
780 4595 1200 4669 unusquisque
1245 4595 1568 4668 episcopus
1629 4595 1975 4669 parochias,
2035 4612 2139 4652 seu

480 4685 790 4758 dioeceses,
817 4685 991 4757 juxta
1037 4683 1254 4740 limites
1309 4700 1432 4740 suae
1480 4683 1699 4740 civitati
1754 4685 2134 4758 pertinentes,

481 4775 912 4847 imperturbate
937 4774 1261 4847 possideat,
1297 4773 1409 4830 sub
1440 4772 1628 4831 divini
1643 4774 1852 4846 judicii
1879 4776 2139 4833 obtesta-

482 4862 643 4916 tione
664 4867 721 4920 et
740 4864 1141 4920 anathematis
1172 4863 1643 4937 interpositione.
1679 4885 1705 4914 ››

556 4947 710 5004 Dum
740 4948 916 5017 igitur
934 4966 1045 5006 nos
1073 4955 1185 5010 Leo
1203 4969 1478 5009 summus
1507 4953 1769 5026 pontifex
1789 4960 2009 5011 sanctis
2036 4954 2137 5009 ad-

483 5034 836 5094 hortationis
853 5052 1190 5092 sermonem
1221 5039 1582 5110 claudimus,
1605 5042 2004 5096 decretalibus
2036 5057 2132 5095 su-

484 5139 595 5196 pra
615 5123 938 5179 nominatis
953 5140 1060 5198 per
1074 5125 1346 5182 ordinem
1358 5135 1528 5185 osten
1537 5129 1637 5195 sis,
1653 5133 1708 5183 et
1723 5129 1969 5194 reiectis,
1996 5132 2135 5184 tunc

484 5213 693 5270 Petrus
726 5211 982 5269 Aretinas
1035 5213 1311 5270 Ecclesiae
1367 5217 1690 5288 episcopus
1734 5216 1880 5270 uixit
1927 5216 2134 5272 Cautio

483 5299 770 5373 episcopo
801 5317 816 5357 :
852 5305 969 5359 Ista
997 5306 1100 5358 tua
1125 5301 1444 5361 decretalia
1465 5308 1522 5358 et
1551 5305 1832 5371 iudicata,
1873 5320 2009 5375 quae
2041 5305 2135 5361 hic

481 5388 814 5459 ostendisti,
843 5389 1072 5450 nullam
1128 5397 1385 5462 pessuut
1413 5391 1609 5447 facere
1636 5392 1936 5462 jacturam
1984 5409 2132 5449 mete

482 5476 768 5547 ecclesiae,
783 5494 977 5551 neque
988 5478 1308 5551 dispendia
1323 5499 1335 5547 ;
1350 5480 1641 5552 quoniam
1673 5496 1784 5535 nos
1805 5485 1857 5536 et
1873 5485 2136 5537 anteces-

483 5583 650 5626 sores
678 5568 866 5626 nostri
907 5567 1278 5628 monasteria
1311 5573 1368 5626 et
1397 5569 1748 5642 baptisteria
1761 5587 1898 5626 cum
1923 5588 2131 5627 eorum

479 5657 763 5734 oraculis,
778 5675 886 5718 seu
894 5659 1280 5736 pertinentiis,
1299 5676 1406 5718 seu
1423 5659 1796 5736 adjacentiis,
1817 5678 1954 5737 quia
1971 5662 2132 5722 intra

2254 3082 2327 3138 tis
2359 3098 2468 3154 per
2491 3089 2929 3154 praeceptorum
2986 3083 3344 3148 sanctiones,
3404 3097 3510 3138 seu
3539 3081 3910 3137 decretorum

2249 3170 2646 3232 institutiones
2657 3171 2929 3240 haberet,
2951 3171 3082 3227 dele
3095 3188 3207 3237 rre,
3228 3184 3464 3227 necnon
3476 3171 3907 3226 testesidoneos

2247 3259 2322 3317 de
2333 3260 2618 3332 praedicta
2638 3260 2886 3317 ecclesia
2913 3260 3330 3333 unusquisque
3360 3261 3437 3316 ad
3466 3259 3909 3330 indagationem

2252 3349 2512 3405 veritatis
2559 3365 2762 3404 secum
2784 3347 3046 3405 duceret.
3079 3349 3283 3406 Finitis
3307 3350 3486 3420 igitur
3533 3348 3730 3419 dictis,
3763 3349 3910 3404 duo-

2254 3436 2448 3496 decim
2480 3437 2694 3492 diebus
2727 3441 2926 3493 Petrus
2957 3438 3280 3511 episcopus
3319 3438 3572 3495 Aretinee
3629 3437 3906 3505 ecclesiae,

2253 3529 2310 3581 et
2341 3526 2583 3582 Cautius
2613 3527 2932 3598 episcopus
2965 3528 3240 3583 Senensis
3270 3526 3332 3583 in
3358 3528 3680 3600 praesentia
3708 3529 3909 3594 nostri,

2250 3617 2307 3668 et
2335 3614 2714 3685 imperatoris
2745 3614 3027 3671 Ludovici
3060 3616 3313 3688 piissimi
3341 3617 3590 3686 Augusti
3621 3631 3905 3688 persona-

2243 3702 2376 3757 liter
2397 3706 2704 3772 venerunt,
2757 3703 2902 3759 etin
2956 3710 3281 3777 conspectu
3339 3721 3547 3760 eorum
3593 3705 3906 3778 episcopo-

2244 3807 2382 3846 rum
2405 3808 2664 3863 quorum
2697 3793 2946 3850 nomina
2967 3795 3170 3849 subter
3199 3809 3435 3850 annexa
3460 3799 3616 3860 sunt,
3649 3797 3907 3850 Joannes

2247 3881 2742 3954 archiepiscopus
2773 3882 3023 3939 civitatis
3051 3886 3342 3939 Raveunm
3374 3883 3726 3938 Ambrosius
3758 3883 3908 3956 epis-

2247 3986 2435 4042 copus
2467 3972 2748 4027 Lucensis
2775 3973 3057 4034 ecclesiae,
3080 3971 3352 4030 Oschesis
3376 3973 3693 4046 episcopus
3715 3972 3900 4028 Pisto-

2245 4059 2480 4130 riensis,
2509 4063 2774 4118 Donatus
2814 4062 3132 4134 episcopus
3168 4061 3478 4118 Fesulanae
3508 4061 3771 4126 civitatis,
3806 4062 3905 4115 Jo-

2246 4149 2480 4205 hannes
2513 4151 2833 4223 episcopus
2883 4151 3050 4218 Pisas,
3082 4151 3355 4208 Andreas
3386 4152 3703 4223 episcopus
3730 4147 3907 4206 Vola-

2249 4240 2612 4294 terranensis
2638 4240 2914 4307 civitatis,
2946 4241 3375 4313 Taceprandus
3422 4241 3744 4313 episcopus
3775 4238 3914 4295 civi-

2249 4327 2384 4382 tatis
2412 4326 2590 4396 Clusi,
2647 4329 2796 4384 Otho
2827 4330 3147 4402 episcopus
3173 4330 3551 4400 Rosellensis,
3582 4329 3909 4384 Tanimun-

2248 4414 2362 4470 dus
2392 4415 2708 4486 episcopus
2765 4419 3113 4483 Suanensis,
3160 4421 3363 4475 Petrus
3395 4418 3719 4491 episcopus
3776 4416 3914 4473 civi-

2249 4503 2386 4560 tatis
2439 4504 2954 4574 Orbevetaneusis,
3013 4509 3273 4566 Joannes
3337 4509 3660 4582 episcopus
3691 4511 3912 4564 Tusca-

2245 4595 2471 4666 nensis,
2493 4595 2756 4652 Joannes
2772 4597 3094 4670 episcopus
3121 4599 3668 4668 Centumcellensis,
3708 4601 3911 4654 Petrus

2245 4684 2568 4758 episcopus
2602 4686 2959 4758 Spoletinus,
3011 4687 3231 4760 aliique
3283 4689 3505 4762 plures.
3557 4692 3620 4743 In
3657 4684 3915 4759 praedic-

2246 4777 2442 4830 torum
2475 4775 2674 4848 itaque
2717 4776 3036 4848 praesentia
3089 4777 3272 4832 ambo
3331 4777 3617 4849 episcopi,
3678 4776 3796 4832 hoc
3828 4780 3914 4832 est

2249 4865 2491 4921 Cautius
2545 4865 2864 4939 episcopus
2927 4867 3228 4936 Senensis,
3286 4874 3344 4924 et
3393 4870 3606 4927 Petrus
3663 4868 3914 4922 Aretinte

2249 4954 2529 5016 ecclesiae,
2565 4971 2703 5010 cum
2749 4956 3160 5011 sanctionibus
3214 4961 3677 5028 praeceptorum,
3737 4962 3912 5028 atque

2247 5043 2714 5098 institutionibus
2774 5044 3172 5112 decretorum,
3255 5045 3487 5102 idoneis
3537 5044 3796 5100 testibus
3847 5061 3915 5099 ex

2244 5137 2496 5202 utraque
2528 5136 2719 5202 parte,
2771 5139 2836 5188 ut
2885 5134 3269 5205 impetratum
3317 5135 3529 5202 fuerat,
3605 5134 3910 5199 adhibitis,

2244 5219 2460 5273 iterum
2500 5234 2724 5275 corona
2754 5223 2942 5278 sancti
2995 5223 3228 5279 concilii
3285 5224 3344 5279 in
3400 5223 3615 5279 eadem
3659 5222 3910 5279 ecclesia

2241 5306 2400 5362 beati
2447 5307 2732 5379 principis
2785 5310 3218 5381 apostolorum,
3252 5312 3356 5368 ubi
3384 5312 3550 5385 prius
3577 5311 3798 5372 fuerat.
3825 5327 3907 5366 re-

2243 5395 2572 5452 sidentibus
2627 5413 2768 5453 cum
2818 5399 2994 5454 nobis
3050 5400 3108 5456 in
3143 5400 3394 5458 concilio
3446 5405 3504 5456 et
3559 5399 3908 5457 volentibus

2241 5490 2420 5539 tanta:
2506 5487 2905 5543 altercationis
2978 5490 3232 5558 litigium
3331 5489 3664 5546 rectissima
3745 5491 3911 5547 lance

2239 5588 2514 5644 pensare,
2610 5581 2665 5631 et
2750 5577 3037 5634 libratum
3095 5571 3390 5652 aequitatis
3473 5579 3721 5635 trutiuio
3781 5579 3910 5634 tini-

2238 5678 2349 5732 re;
2434 5680 2570 5722 ecce
2640 5669 2844 5726 Petrus
2914 5669 3168 5728 Aretinae
3241 5669 3508 5730 ecclesias
3558 5669 3906 5734 decretalis.
