  <div class='ocr_page' id='page_1' title='image "/cluster/home/n/w/nwhite01/storage/ocr_20150623/115/hvd.32044054759790/336.png"; bbox 0 0 4092 6176; ppageno 0'>
   <div class='ocr_carea' id='block_1_1' title="bbox 238 194 340 253">
    <p class='ocr_par' dir='ltr' id='par_1_1' title="bbox 238 194 340 253">
     <span class='ocr_line' id='line_1_1' title="bbox 238 194 340 253; baseline 0 0"><span class='ocrx_word' id='word_1_1' title='bbox 238 194 340 253; x_wconf 66' lang='grc'><strong>661</strong></span> 
     </span>
    </p>
   </div>
   <div class='ocr_carea' id='block_1_2' title="bbox 1521 192 2369 259">
    <p class='ocr_par' dir='ltr' id='par_1_2' title="bbox 1521 192 2369 259">
     <span class='ocr_line' id='line_1_2' title="bbox 1521 192 2369 259; baseline 0.011 -9"><span class='ocrx_word' id='word_1_2' title='bbox 1521 192 1873 253; x_wconf 70' lang='grc' dir='ltr'><strong>Εριετοω</strong></span> <span class='ocrx_word' id='word_1_3' title='bbox 1907 194 1994 253; x_wconf 72' lang='grc' dir='ltr'><strong>ΕΤ</strong></span> <span class='ocrx_word' id='word_1_4' title='bbox 2028 196 2343 257; x_wconf 73' lang='lat' dir='ltr'><strong>DEGRETA</strong></span> <span class='ocrx_word' id='word_1_5' title='bbox 2356 245 2369 259; x_wconf 94' lang='lat'><strong>.</strong></span> 
     </span>
    </p>
   </div>
   <div class='ocr_carea' id='block_1_3' title="bbox 241 317 3650 400">
    <p class='ocr_par' dir='ltr' id='par_1_3' title="bbox 241 317 3650 400">
     <span class='ocr_line' id='line_1_3' title="bbox 241 317 3650 400; baseline 0.003 -24"><span class='ocrx_word' id='word_1_6' title='bbox 241 323 414 391; x_wconf 89' lang='lat' dir='ltr'><strong>atque</strong></span> <span class='ocrx_word' id='word_1_7' title='bbox 444 320 766 390; x_wconf 77' lang='lat' dir='ltr'><strong>praecepta,</strong></span> <span class='ocrx_word' id='word_1_8' title='bbox 794 317 971 388; x_wconf 82' lang='lat' dir='ltr'><strong>juxta</strong></span> <span class='ocrx_word' id='word_1_9' title='bbox 1000 318 1167 390; x_wconf 91' lang='lat' dir='ltr'><strong>quod</strong></span> <span class='ocrx_word' id='word_1_10' title='bbox 1196 319 1576 393; x_wconf 79' lang='lat' dir='ltr'><strong>promiserat,</strong></span> <span class='ocrx_word' id='word_1_11' title='bbox 1603 317 1666 374; x_wconf 92' lang='lat' dir='ltr'><strong>in</strong></span> <span class='ocrx_word' id='word_1_12' title='bbox 1697 318 1888 375; x_wconf 88' lang='lat' dir='ltr'><strong>mani-</strong></span> <span class='ocrx_word' id='word_1_13' title='bbox 1924 321 1972 377; x_wconf 73' lang='grc' dir='ltr'><strong>Δ</strong></span> <span class='ocrx_word' id='word_1_14' title='bbox 2001 319 2134 377; x_wconf 90' lang='lat' dir='ltr'><strong>dius</strong></span> <span class='ocrx_word' id='word_1_15' title='bbox 2161 330 2377 382; x_wconf 87' lang='lat' dir='ltr'><strong>cuncta</strong></span> <span class='ocrx_word' id='word_1_16' title='bbox 2407 326 2712 399; x_wconf 82' lang='lat' dir='ltr'><strong>diripiens,</strong></span> <span class='ocrx_word' id='word_1_17' title='bbox 2731 325 3515 400; x_wconf 86' lang='lat' dir='ltr'><strong>subjectasquehominibus</strong></span> <span class='ocrx_word' id='word_1_18' title='bbox 3538 335 3650 386; x_wconf 83' lang='lat' dir='ltr'><strong>ter-</strong></span> 
     </span>
    </p>
   </div>
   <div class='ocr_carea' id='block_1_4' title="bbox 236 407 1889 480">
    <p class='ocr_par' dir='ltr' id='par_1_4' title="bbox 236 407 1889 480">
     <span class='ocr_line' id='line_1_4' title="bbox 236 407 1889 480; baseline -0.002 -15"><span class='ocrx_word' id='word_1_19' title='bbox 236 410 347 465; x_wconf 90' lang='lat' dir='ltr'><strong>bus</strong></span> <span class='ocrx_word' id='word_1_20' title='bbox 364 408 648 473; x_wconf 85' lang='lat' dir='ltr'><strong>retinens,</strong></span> <span class='ocrx_word' id='word_1_21' title='bbox 677 408 945 477; x_wconf 90' lang='lat' dir='ltr'><strong>exjussu</strong></span> <span class='ocrx_word' id='word_1_22' title='bbox 994 412 1220 480; x_wconf 87' lang='lat' dir='ltr'><strong>nostro,</strong></span> <span class='ocrx_word' id='word_1_23' title='bbox 1254 414 1310 466; x_wconf 91' lang='lat' dir='ltr'><strong>et</strong></span> <span class='ocrx_word' id='word_1_24' title='bbox 1351 408 1600 479; x_wconf 84' lang='lat' dir='ltr'><strong>Augusti</strong></span> <span class='ocrx_word' id='word_1_25' title='bbox 1650 407 1889 465; x_wconf 89' lang='lat' dir='ltr'><strong>Loduici</strong></span> 
     </span>
    </p>
   </div>
   <div class='ocr_carea' id='block_1_5' title="bbox 234 496 1887 571">
    <p class='ocr_par' dir='ltr' id='par_1_5' title="bbox 234 496 1887 571">
     <span class='ocr_line' id='line_1_5' title="bbox 234 496 1887 571; baseline -0.002 -17"><span class='ocrx_word' id='word_1_26' title='bbox 234 496 494 571; x_wconf 85' lang='lat' dir='ltr'><strong>piissimi</strong></span> <span class='ocrx_word' id='word_1_27' title='bbox 511 497 773 568; x_wconf 88' lang='lat' dir='ltr'><strong>Josepho</strong></span> <span class='ocrx_word' id='word_1_28' title='bbox 804 496 1297 569; x_wconf 86' lang='lat' dir='ltr'><strong>Archicapellano</strong></span> <span class='ocrx_word' id='word_1_29' title='bbox 1324 498 1483 555; x_wconf 90' lang='lat' dir='ltr'><strong>edita</strong></span> <span class='ocrx_word' id='word_1_30' title='bbox 1514 502 1652 555; x_wconf 83' lang='lat' dir='ltr'><strong>sunt</strong></span> <span class='ocrx_word' id='word_1_31' title='bbox 1672 496 1749 553; x_wconf 88' lang='lat' dir='ltr'><strong>ad</strong></span> <span class='ocrx_word' id='word_1_32' title='bbox 1806 496 1887 552; x_wconf 91' lang='lat' dir='ltr'><strong>le-</strong></span> 
     </span>
    </p>
   </div>
   <div class='ocr_carea' id='block_1_6' title="bbox 237 585 1889 658">
    <p class='ocr_par' dir='ltr' id='par_1_6' title="bbox 237 585 1889 658">
     <span class='ocr_line' id='line_1_6' title="bbox 237 585 1889 658; baseline -0.001 -15"><span class='ocrx_word' id='word_1_33' title='bbox 237 586 526 657; x_wconf 87' lang='lat' dir='ltr'><strong>gendum.</strong></span> <span class='ocrx_word' id='word_1_34' title='bbox 553 586 820 653; x_wconf 87' lang='lat' dir='ltr'><strong>Cumque</strong></span> <span class='ocrx_word' id='word_1_35' title='bbox 850 585 1108 658; x_wconf 79' lang='lat' dir='ltr'><strong>perlecta</strong></span> <span class='ocrx_word' id='word_1_36' title='bbox 1167 585 1420 644; x_wconf 86' lang='lat' dir='ltr'><strong>fuissent</strong></span> <span class='ocrx_word' id='word_1_37' title='bbox 1450 589 1510 644; x_wconf 90' lang='lat' dir='ltr'><strong>in</strong></span> <span class='ocrx_word' id='word_1_38' title='bbox 1565 590 1889 658; x_wconf 87' lang='lat' dir='ltr'><strong>conspectu</strong></span> 
     </span>
    </p>
   </div>
   <div class='ocr_carea' id='block_1_7' title="bbox 238 674 1889 747">
    <p class='ocr_par' dir='ltr' id='par_1_7' title="bbox 238 674 1889 747">
     <span class='ocr_line' id='line_1_7' title="bbox 238 674 1889 747; baseline -0.002 -14"><span class='ocrx_word' id='word_1_39' title='bbox 238 676 450 746; x_wconf 88' lang='lat' dir='ltr'><strong>magni</strong></span> <span class='ocrx_word' id='word_1_40' title='bbox 478 675 729 740; x_wconf 76' lang='lat' dir='ltr'><strong>concilii,</strong></span> <span class='ocrx_word' id='word_1_41' title='bbox 777 674 1067 732; x_wconf 86' lang='lat' dir='ltr'><strong>Loduicus</strong></span> <span class='ocrx_word' id='word_1_42' title='bbox 1114 674 1442 747; x_wconf 83' lang='lat' dir='ltr'><strong>imperator</strong></span> <span class='ocrx_word' id='word_1_43' title='bbox 1489 676 1572 735; x_wconf 86' lang='lat' dir='ltr'><strong>sic</strong></span> <span class='ocrx_word' id='word_1_44' title='bbox 1623 676 1682 731; x_wconf 91' lang='lat' dir='ltr'><strong>in</strong></span> <span class='ocrx_word' id='word_1_45' title='bbox 1714 690 1889 732; x_wconf 80' lang='lat' dir='ltr'><strong>aures</strong></span> 
     </span>
    </p>
   </div>
   <div class='ocr_carea' id='block_1_8' title="bbox 241 764 1889 837">
    <p class='ocr_par' dir='ltr' id='par_1_8' title="bbox 241 764 1889 837">
     <span class='ocr_line' id='line_1_8' title="bbox 241 764 1889 837; baseline -0.001 -15"><span class='ocrx_word' id='word_1_46' title='bbox 241 767 421 823; x_wconf 81' lang='lat' dir='ltr'><strong>totius</strong></span> <span class='ocrx_word' id='word_1_47' title='bbox 480 764 741 821; x_wconf 67' lang='lat' dir='ltr'><strong>ecclesiae</strong></span> <span class='ocrx_word' id='word_1_48' title='bbox 785 765 1176 823; x_wconf 89' lang='lat' dir='ltr'><strong>coucionatus</strong></span> <span class='ocrx_word' id='word_1_49' title='bbox 1223 770 1312 825; x_wconf 87' lang='lat' dir='ltr'><strong>est</strong></span> <span class='ocrx_word' id='word_1_50' title='bbox 1360 783 1373 821; x_wconf 93' lang='lat'>:</span> <span class='ocrx_word' id='word_1_51' title='bbox 1426 786 1454 817; x_wconf 84' lang='lat'><strong><em>«</em></strong></span> <span class='ocrx_word' id='word_1_52' title='bbox 1488 770 1553 823; x_wconf 89' lang='lat' dir='ltr'><strong>Et</strong></span> <span class='ocrx_word' id='word_1_53' title='bbox 1598 764 1889 837; x_wconf 90' lang='lat' dir='ltr'><strong>quoniam</strong></span> 
     </span>
    </p>
   </div>
   <div class='ocr_carea' id='block_1_9' title="bbox 242 854 1889 926">
    <p class='ocr_par' dir='ltr' id='par_1_9' title="bbox 242 854 1889 926">
     <span class='ocr_line' id='line_1_9' title="bbox 242 854 1889 926; baseline -0.001 -15"><span class='ocrx_word' id='word_1_54' title='bbox 242 854 713 926; x_wconf 88' lang='lat' dir='ltr'><strong>uniuscujusque</strong></span> <span class='ocrx_word' id='word_1_55' title='bbox 757 854 840 909; x_wconf 87' lang='lat' dir='ltr'><strong>rei</strong></span> <span class='ocrx_word' id='word_1_56' title='bbox 892 855 1200 926; x_wconf 85' lang='lat' dir='ltr'><strong>possessio</strong></span> <span class='ocrx_word' id='word_1_57' title='bbox 1254 855 1384 911; x_wconf 89' lang='lat' dir='ltr'><strong>talis</strong></span> <span class='ocrx_word' id='word_1_58' title='bbox 1431 856 1611 914; x_wconf 93' lang='lat' dir='ltr'><strong>debet</strong></span> <span class='ocrx_word' id='word_1_59' title='bbox 1636 871 1790 921; x_wconf 91' lang='lat' dir='ltr'><strong>esse,</strong></span> <span class='ocrx_word' id='word_1_60' title='bbox 1824 857 1889 910; x_wconf 89' lang='lat' dir='ltr'><strong>ut</strong></span> 
     </span>
    </p>
   </div>
   <div class='ocr_carea' id='block_1_10' title="bbox 238 944 1887 1017">
    <p class='ocr_par' dir='ltr' id='par_1_10' title="bbox 238 944 1887 1017">
     <span class='ocr_line' id='line_1_10' title="bbox 238 944 1887 1017; baseline -0.001 -16"><span class='ocrx_word' id='word_1_61' title='bbox 238 944 597 1017; x_wconf 81' lang='lat' dir='ltr'><strong>principium</strong></span> <span class='ocrx_word' id='word_1_62' title='bbox 624 944 1023 1016; x_wconf 86' lang='lat' dir='ltr'><strong>possessionis</strong></span> <span class='ocrx_word' id='word_1_63' title='bbox 1047 944 1110 1000; x_wconf 88' lang='lat' dir='ltr'><strong>in</strong></span> <span class='ocrx_word' id='word_1_64' title='bbox 1134 961 1197 1001; x_wconf 91' lang='lat' dir='ltr'><strong>se</strong></span> <span class='ocrx_word' id='word_1_65' title='bbox 1235 945 1473 1001; x_wconf 91' lang='lat' dir='ltr'><strong>nullum</strong></span> <span class='ocrx_word' id='word_1_66' title='bbox 1529 945 1750 1002; x_wconf 78' lang='lat' dir='ltr'><strong>habeat</strong></span> <span class='ocrx_word' id='word_1_67' title='bbox 1798 944 1887 999; x_wconf 85' lang='lat' dir='ltr'><strong>vi-</strong></span> 
     </span>
    </p>
   </div>
   <div class='ocr_carea' id='block_1_11' title="bbox 238 1033 1883 1107">
    <p class='ocr_par' dir='ltr' id='par_1_11' title="bbox 238 1033 1883 1107">
     <span class='ocr_line' id='line_1_11' title="bbox 238 1033 1883 1107; baseline 0 -17"><span class='ocrx_word' id='word_1_68' title='bbox 238 1035 408 1104; x_wconf 90' lang='lat' dir='ltr'><strong>tium,</strong></span> <span class='ocrx_word' id='word_1_69' title='bbox 439 1033 666 1106; x_wconf 91' lang='lat' dir='ltr'><strong>liquido</strong></span> <span class='ocrx_word' id='word_1_70' title='bbox 697 1033 973 1103; x_wconf 80' lang='lat' dir='ltr'><strong>colligere</strong></span> <span class='ocrx_word' id='word_1_71' title='bbox 987 1050 1333 1107; x_wconf 85' lang='lat' dir='ltr'><strong>possumus,</strong></span> <span class='ocrx_word' id='word_1_72' title='bbox 1349 1034 1498 1092; x_wconf 91' lang='lat' dir='ltr'><strong>dum</strong></span> <span class='ocrx_word' id='word_1_73' title='bbox 1519 1041 1753 1091; x_wconf 80' lang='lat' dir='ltr'><strong>constat</strong></span> <span class='ocrx_word' id='word_1_74' title='bbox 1774 1035 1883 1091; x_wconf 89' lang='lat' dir='ltr'><strong>has</strong></span> 
     </span>
    </p>
   </div>
   <div class='ocr_carea' id='block_1_12' title="bbox 235 1123 1883 1197">
    <p class='ocr_par' dir='ltr' id='par_1_12' title="bbox 235 1123 1883 1197">
     <span class='ocr_line' id='line_1_12' title="bbox 235 1123 1883 1197; baseline 0.001 -17"><span class='ocrx_word' id='word_1_75' title='bbox 235 1124 550 1195; x_wconf 83' lang='lat' dir='ltr'><strong>parochias</strong></span> <span class='ocrx_word' id='word_1_76' title='bbox 578 1123 893 1179; x_wconf 87' lang='lat' dir='ltr'><strong>ecclesiam</strong></span> <span class='ocrx_word' id='word_1_77' title='bbox 922 1125 1225 1181; x_wconf 76' lang='lat' dir='ltr'><strong>Aretinam</strong></span> <span class='ocrx_word' id='word_1_78' title='bbox 1253 1141 1325 1181; x_wconf 91' lang='lat' dir='ltr'><strong>ex</strong></span> <span class='ocrx_word' id='word_1_79' title='bbox 1347 1130 1616 1197; x_wconf 90' lang='lat' dir='ltr'><strong>tempore</strong></span> <span class='ocrx_word' id='word_1_80' title='bbox 1654 1128 1883 1191; x_wconf 74' lang='lat' dir='ltr'><strong>Longo-</strong></span> 
     </span>
    </p>
   </div>
   <div class='ocr_carea' id='block_1_13' title="bbox 230 1212 1883 1283">
    <p class='ocr_par' dir='ltr' id='par_1_13' title="bbox 230 1212 1883 1283">
     <span class='ocr_line' id='line_1_13' title="bbox 230 1212 1883 1283; baseline 0.002 -17"><span class='ocrx_word' id='word_1_81' title='bbox 230 1212 563 1269; x_wconf 88' lang='lat' dir='ltr'><strong>bardorum</strong></span> <span class='ocrx_word' id='word_1_82' title='bbox 586 1212 845 1269; x_wconf 86' lang='lat' dir='ltr'><strong>tenuisse</strong></span> <span class='ocrx_word' id='word_1_83' title='bbox 866 1213 1308 1283; x_wconf 89' lang='lat' dir='ltr'><strong>tantummodo,</strong></span> <span class='ocrx_word' id='word_1_84' title='bbox 1327 1230 1450 1270; x_wconf 90' lang='lat' dir='ltr'><strong>non</strong></span> <span class='ocrx_word' id='word_1_85' title='bbox 1478 1214 1589 1270; x_wconf 87' lang='lat' dir='ltr'><strong>sibi</strong></span> <span class='ocrx_word' id='word_1_86' title='bbox 1612 1213 1883 1270; x_wconf 82' lang='lat' dir='ltr'><strong>sufﬁcere</strong></span> 
     </span>
    </p>
   </div>
   <div class='ocr_carea' id='block_1_14' title="bbox 228 1301 1880 1375">
    <p class='ocr_par' dir='ltr' id='par_1_14' title="bbox 228 1301 1880 1375">
     <span class='ocr_line' id='line_1_14' title="bbox 228 1301 1880 1375; baseline 0.002 -20"><span class='ocrx_word' id='word_1_87' title='bbox 228 1301 631 1372; x_wconf 88' lang='lat' dir='ltr'><strong>possessionis</strong></span> <span class='ocrx_word' id='word_1_88' title='bbox 664 1301 1130 1373; x_wconf 90' lang='lat' dir='ltr'><strong>oppositionem,</strong></span> <span class='ocrx_word' id='word_1_89' title='bbox 1154 1302 1302 1358; x_wconf 90' lang='lat' dir='ltr'><strong>dum</strong></span> <span class='ocrx_word' id='word_1_90' title='bbox 1350 1307 1677 1375; x_wconf 82' lang='lat' dir='ltr'><strong>antequam</strong></span> <span class='ocrx_word' id='word_1_91' title='bbox 1732 1306 1880 1360; x_wconf 79' lang='lat' dir='ltr'><strong>Lon-</strong></span> 
     </span>
    </p>
   </div>
   <div class='ocr_carea' id='block_1_15' title="bbox 226 1390 1884 1465">
    <p class='ocr_par' dir='ltr' id='par_1_15' title="bbox 226 1390 1884 1465">
     <span class='ocr_line' id='line_1_15' title="bbox 226 1390 1884 1465; baseline 0.004 -21"><span class='ocrx_word' id='word_1_92' title='bbox 226 1390 643 1459; x_wconf 89' lang='lat' dir='ltr'><strong>gobardorum</strong></span> <span class='ocrx_word' id='word_1_93' title='bbox 666 1390 902 1459; x_wconf 82' lang='lat' dir='ltr'><strong>gladius</strong></span> <span class='ocrx_word' id='word_1_94' title='bbox 930 1391 1153 1448; x_wconf 70' lang='lat' dir='ltr'><strong>Italiam</strong></span> <span class='ocrx_word' id='word_1_95' title='bbox 1204 1392 1556 1465; x_wconf 89' lang='lat' dir='ltr'><strong>populando</strong></span> <span class='ocrx_word' id='word_1_96' title='bbox 1609 1392 1884 1451; x_wconf 73' lang='lat' dir='ltr'><strong>devasta-</strong></span> 
     </span>
    </p>
   </div>
   <div class='ocr_carea' id='block_1_16' title="bbox 224 1479 1879 1553">
    <p class='ocr_par' dir='ltr' id='par_1_16' title="bbox 224 1479 1879 1553">
     <span class='ocr_line' id='line_1_16' title="bbox 224 1479 1879 1553; baseline 0.004 -20"><span class='ocrx_word' id='word_1_97' title='bbox 224 1483 329 1546; x_wconf 89' lang='lat' dir='ltr'><strong>ret,</strong></span> <span class='ocrx_word' id='word_1_98' title='bbox 364 1479 652 1535; x_wconf 81' lang='lat' dir='ltr'><strong>Romanis</strong></span> <span class='ocrx_word' id='word_1_99' title='bbox 681 1479 1144 1551; x_wconf 85' lang='lat' dir='ltr'><strong>imperatoribus</strong></span> <span class='ocrx_word' id='word_1_100' title='bbox 1175 1480 1505 1553; x_wconf 63' lang='lat' dir='ltr'><strong>tranquillae</strong></span> <span class='ocrx_word' id='word_1_101' title='bbox 1546 1482 1712 1553; x_wconf 83' lang='lat' dir='ltr'><strong>pacis</strong></span> <span class='ocrx_word' id='word_1_102' title='bbox 1759 1482 1879 1539; x_wconf 85' lang='lat' dir='ltr'><strong>feli-</strong></span> 
     </span>
    </p>
   </div>
   <div class='ocr_carea' id='block_1_17' title="bbox 225 1567 1881 1642">
    <p class='ocr_par' dir='ltr' id='par_1_17' title="bbox 225 1567 1881 1642">
     <span class='ocr_line' id='line_1_17' title="bbox 225 1567 1881 1642; baseline 0.004 -20"><span class='ocrx_word' id='word_1_103' title='bbox 225 1567 402 1625; x_wconf 85' lang='lat' dir='ltr'><strong>citate</strong></span> <span class='ocrx_word' id='word_1_104' title='bbox 425 1568 638 1625; x_wconf 89' lang='lat' dir='ltr'><strong>orbem</strong></span> <span class='ocrx_word' id='word_1_105' title='bbox 667 1569 1032 1641; x_wconf 82' lang='lat' dir='ltr'><strong>regentibus,</strong></span> <span class='ocrx_word' id='word_1_106' title='bbox 1084 1571 1358 1629; x_wconf 86' lang='lat' dir='ltr'><strong>Senensis</strong></span> <span class='ocrx_word' id='word_1_107' title='bbox 1409 1570 1681 1642; x_wconf 88' lang='lat' dir='ltr'><strong>ecclesia,</strong></span> <span class='ocrx_word' id='word_1_108' title='bbox 1730 1572 1881 1628; x_wconf 89' lang='lat' dir='ltr'><strong>sicut</strong></span> 
     </span>
    </p>
   </div>
   <div class='ocr_carea' id='block_1_18' title="bbox 2002 414 3651 488">
    <p class='ocr_par' dir='ltr' id='par_1_18' title="bbox 2002 414 3651 488">
     <span class='ocr_line' id='line_1_18' title="bbox 2002 414 3651 488; baseline 0.007 -24"><span class='ocrx_word' id='word_1_109' title='bbox 2002 425 2117 479; x_wconf 88' lang='lat' dir='ltr'><strong>ras,</strong></span> <span class='ocrx_word' id='word_1_110' title='bbox 2148 414 2347 470; x_wconf 87' lang='lat' dir='ltr'><strong>multis</strong></span> <span class='ocrx_word' id='word_1_111' title='bbox 2367 416 2610 488; x_wconf 88' lang='lat' dir='ltr'><strong>populis</strong></span> <span class='ocrx_word' id='word_1_112' title='bbox 2635 415 2902 484; x_wconf 88' lang='lat' dir='ltr'><strong>refertas,</strong></span> <span class='ocrx_word' id='word_1_113' title='bbox 2948 416 3231 486; x_wconf 89' lang='lat' dir='ltr'><strong>redegere</strong></span> <span class='ocrx_word' id='word_1_114' title='bbox 3281 415 3342 471; x_wconf 92' lang='lat' dir='ltr'><strong>in</strong></span> <span class='ocrx_word' id='word_1_115' title='bbox 3388 418 3651 475; x_wconf 87' lang='lat' dir='ltr'><strong>solitudi-</strong></span> 
     </span>
    </p>
   </div>
   <div class='ocr_carea' id='block_1_19' title="bbox 1998 504 3651 578">
    <p class='ocr_par' dir='ltr' id='par_1_19' title="bbox 1998 504 3651 578">
     <span class='ocr_line' id='line_1_19' title="bbox 1998 504 3651 578; baseline 0.007 -24"><span class='ocrx_word' id='word_1_116' title='bbox 1998 514 2160 556; x_wconf 88' lang='lat' dir='ltr'><strong>nem.</strong></span> <span class='ocrx_word' id='word_1_117' title='bbox 2190 504 2441 573; x_wconf 73' lang='lat' dir='ltr'><strong>Contigit</strong></span> <span class='ocrx_word' id='word_1_118' title='bbox 2468 505 2728 577; x_wconf 89' lang='lat' dir='ltr'><strong>denique</strong></span> <span class='ocrx_word' id='word_1_119' title='bbox 2755 520 2829 560; x_wconf 89' lang='lat' dir='ltr'><strong>ex</strong></span> <span class='ocrx_word' id='word_1_120' title='bbox 2853 504 3009 560; x_wconf 90' lang='lat' dir='ltr'><strong>illius</strong></span> <span class='ocrx_word' id='word_1_121' title='bbox 3030 505 3317 578; x_wconf 89' lang='lat' dir='ltr'><strong>temporis</strong></span> <span class='ocrx_word' id='word_1_122' title='bbox 3331 506 3651 565; x_wconf 88' lang='lat' dir='ltr'><strong>desolatio-</strong></span> 
     </span>
    </p>
   </div>
   <div class='ocr_carea' id='block_1_20' title="bbox 1998 592 3651 670">
    <p class='ocr_par' dir='ltr' id='par_1_20' title="bbox 1998 592 3651 670">
     <span class='ocr_line' id='line_1_20' title="bbox 1998 592 3651 670; baseline 0.007 -26"><span class='ocrx_word' id='word_1_123' title='bbox 1998 604 2091 655; x_wconf 91' lang='lat' dir='ltr'><strong>ne,</strong></span> <span class='ocrx_word' id='word_1_124' title='bbox 2124 592 2433 650; x_wconf 87' lang='lat' dir='ltr'><strong>invasione</strong></span> <span class='ocrx_word' id='word_1_125' title='bbox 2461 595 2674 650; x_wconf 89' lang='lat' dir='ltr'><strong>callida</strong></span> <span class='ocrx_word' id='word_1_126' title='bbox 2697 595 2844 651; x_wconf 87' lang='lat' dir='ltr'><strong>alter</strong></span> <span class='ocrx_word' id='word_1_127' title='bbox 2867 595 3207 668; x_wconf 89' lang='lat' dir='ltr'><strong>episcopus,</strong></span> <span class='ocrx_word' id='word_1_128' title='bbox 3264 595 3431 652; x_wconf 87' lang='lat' dir='ltr'><strong>alteri</strong></span> <span class='ocrx_word' id='word_1_129' title='bbox 3476 613 3651 670; x_wconf 90' lang='lat' dir='ltr'><strong>paro-</strong></span> 
     </span>
    </p>
   </div>
   <div class='ocr_carea' id='block_1_21' title="bbox 1997 678 3649 751">
    <p class='ocr_par' dir='ltr' id='par_1_21' title="bbox 1997 678 3649 751">
     <span class='ocr_line' id='line_1_21' title="bbox 1997 678 3649 751; baseline 0.006 -18"><span class='ocrx_word' id='word_1_130' title='bbox 1997 678 2145 734; x_wconf 62' lang='lat' dir='ltr'><strong>chias</strong></span> <span class='ocrx_word' id='word_1_131' title='bbox 2170 682 2397 738; x_wconf 87' lang='lat' dir='ltr'><strong>nefario</strong></span> <span class='ocrx_word' id='word_1_132' title='bbox 2455 699 2607 738; x_wconf 89' lang='lat' dir='ltr'><strong>ausu</strong></span> <span class='ocrx_word' id='word_1_133' title='bbox 2648 699 3044 751; x_wconf 87' lang='lat' dir='ltr'><strong>commorare,</strong></span> <span class='ocrx_word' id='word_1_134' title='bbox 3100 689 3158 741; x_wconf 89' lang='lat' dir='ltr'><strong>et</strong></span> <span class='ocrx_word' id='word_1_135' title='bbox 3206 684 3483 747; x_wconf 82' lang='lat' dir='ltr'><strong>invasam</strong></span> <span class='ocrx_word' id='word_1_136' title='bbox 3512 687 3649 744; x_wconf 89' lang='lat' dir='ltr'><strong>totis</strong></span> 
     </span>
    </p>
   </div>
   <div class='ocr_carea' id='block_1_22' title="bbox 1998 768 3648 845">
    <p class='ocr_par' dir='ltr' id='par_1_22' title="bbox 1998 768 3648 845">
     <span class='ocr_line' id='line_1_22' title="bbox 1998 768 3648 845; baseline 0.007 -23"><span class='ocrx_word' id='word_1_137' title='bbox 1998 768 2222 823; x_wconf 88' lang='lat' dir='ltr'><strong>viribus</strong></span> <span class='ocrx_word' id='word_1_138' title='bbox 2250 770 2533 827; x_wconf 88' lang='lat' dir='ltr'><strong>detinere.</strong></span> <span class='ocrx_word' id='word_1_139' title='bbox 2589 774 2678 829; x_wconf 90' lang='lat' dir='ltr'><strong>Sic</strong></span> <span class='ocrx_word' id='word_1_140' title='bbox 2725 774 2926 845; x_wconf 86' lang='lat' dir='ltr'><strong>itaque</strong></span> <span class='ocrx_word' id='word_1_141' title='bbox 2974 775 3223 830; x_wconf 89' lang='lat' dir='ltr'><strong>Senensi</strong></span> <span class='ocrx_word' id='word_1_142' title='bbox 3277 774 3541 832; x_wconf 60' lang='lat' dir='ltr'><strong>ecclesia</strong></span> <span class='ocrx_word' id='word_1_143' title='bbox 3569 777 3648 834; x_wconf 93' lang='lat' dir='ltr'><strong>ab</strong></span> 
     </span>
    </p>
   </div>
   <div class='ocr_carea' id='block_1_23' title="bbox 1997 858 3652 927">
    <p class='ocr_par' dir='ltr' id='par_1_23' title="bbox 1997 858 3652 927">
     <span class='ocr_line' id='line_1_23' title="bbox 1997 858 3652 927; baseline 0.006 -15"><span class='ocrx_word' id='word_1_144' title='bbox 1997 858 2234 914; x_wconf 78' lang='lat' dir='ltr'><strong>Aretina</strong></span> <span class='ocrx_word' id='word_1_145' title='bbox 2262 860 2554 915; x_wconf 89' lang='lat' dir='ltr'><strong>accidisse</strong></span> <span class='ocrx_word' id='word_1_146' title='bbox 2585 862 2825 917; x_wconf 87' lang='lat' dir='ltr'><strong>scimus.</strong></span> <span class='ocrx_word' id='word_1_147' title='bbox 2861 862 3201 927; x_wconf 88' lang='lat' dir='ltr'><strong>Quamlibet</strong></span> <span class='ocrx_word' id='word_1_148' title='bbox 3228 866 3431 920; x_wconf 86' lang='lat' dir='ltr'><strong>Petrus</strong></span> <span class='ocrx_word' id='word_1_149' title='bbox 3470 866 3652 923; x_wconf 77' lang='lat' dir='ltr'><strong>Areti-</strong></span> 
     </span>
    </p>
   </div>
   <div class='ocr_carea' id='block_1_24' title="bbox 1994 947 3648 1021">
    <p class='ocr_par' dir='ltr' id='par_1_24' title="bbox 1994 947 3648 1021">
     <span class='ocr_line' id='line_1_24' title="bbox 1994 947 3648 1021; baseline 0.006 -20"><span class='ocrx_word' id='word_1_150' title='bbox 1994 961 2109 1001; x_wconf 89' lang='lat' dir='ltr'><strong>nus</strong></span> <span class='ocrx_word' id='word_1_151' title='bbox 2126 947 2445 1021; x_wconf 83' lang='lat' dir='ltr'><strong>episcOpus</strong></span> <span class='ocrx_word' id='word_1_152' title='bbox 2471 965 2582 1004; x_wconf 87' lang='lat' dir='ltr'><strong>nos</strong></span> <span class='ocrx_word' id='word_1_153' title='bbox 2614 950 2752 1005; x_wconf 87' lang='lat' dir='ltr'><strong>huic</strong></span> <span class='ocrx_word' id='word_1_154' title='bbox 2780 951 2873 1005; x_wconf 91' lang='lat' dir='ltr'><strong>sui</strong></span> <span class='ocrx_word' id='word_1_155' title='bbox 2902 966 3086 1007; x_wconf 89' lang='lat' dir='ltr'><strong>causa</strong></span> <span class='ocrx_word' id='word_1_156' title='bbox 3113 951 3301 1016; x_wconf 87' lang='lat' dir='ltr'><strong>duxit,</strong></span> <span class='ocrx_word' id='word_1_157' title='bbox 3324 957 3526 1010; x_wconf 87' lang='lat' dir='ltr'><strong>tamen</strong></span> <span class='ocrx_word' id='word_1_158' title='bbox 3550 971 3648 1012; x_wconf 86' lang='lat' dir='ltr'><strong>ve-</strong></span> 
     </span>
    </p>
   </div>
   <div class='ocr_carea' id='block_1_25' title="bbox 1996 1035 3647 1112">
    <p class='ocr_par' dir='ltr' id='par_1_25' title="bbox 1996 1035 3647 1112">
     <span class='ocr_line' id='line_1_25' title="bbox 1996 1035 3647 1112; baseline 0.007 -23"><span class='ocrx_word' id='word_1_159' title='bbox 1996 1035 2180 1090; x_wconf 88' lang='lat' dir='ltr'><strong>ritatis</strong></span> <span class='ocrx_word' id='word_1_160' title='bbox 2210 1037 2501 1093; x_wconf 87' lang='lat' dir='ltr'><strong>rationem</strong></span> <span class='ocrx_word' id='word_1_161' title='bbox 2527 1038 2719 1093; x_wconf 90' lang='lat' dir='ltr'><strong>celare</strong></span> <span class='ocrx_word' id='word_1_162' title='bbox 2759 1038 2927 1093; x_wconf 88' lang='lat' dir='ltr'><strong>nefas</strong></span> <span class='ocrx_word' id='word_1_163' title='bbox 2983 1055 3113 1095; x_wconf 92' lang='lat' dir='ltr'><strong>esse</strong></span> <span class='ocrx_word' id='word_1_164' title='bbox 3166 1041 3506 1112; x_wconf 87' lang='lat' dir='ltr'><strong>credimus;</strong></span> <span class='ocrx_word' id='word_1_165' title='bbox 3564 1044 3647 1101; x_wconf 88' lang='lat' dir='ltr'><strong>ita</strong></span> 
     </span>
    </p>
   </div>
   <div class='ocr_carea' id='block_1_26' title="bbox 1994 1126 3645 1202">
    <p class='ocr_par' dir='ltr' id='par_1_26' title="bbox 1994 1126 3645 1202">
     <span class='ocr_line' id='line_1_26' title="bbox 1994 1126 3645 1202; baseline 0.007 -23"><span class='ocrx_word' id='word_1_166' title='bbox 1994 1126 2249 1180; x_wconf 87' lang='lat' dir='ltr'><strong>nimium</strong></span> <span class='ocrx_word' id='word_1_167' title='bbox 2274 1142 2334 1181; x_wconf 81' lang='lat' dir='ltr'><strong>re</strong></span> <span class='ocrx_word' id='word_1_168' title='bbox 2365 1127 2423 1181; x_wconf 88' lang='lat' dir='ltr'><strong>in</strong></span> <span class='ocrx_word' id='word_1_169' title='bbox 2456 1128 2743 1196; x_wconf 81' lang='lat' dir='ltr'><strong>ambiguo</strong></span> <span class='ocrx_word' id='word_1_170' title='bbox 2766 1126 2984 1200; x_wconf 87' lang='lat' dir='ltr'><strong>posita,</strong></span> <span class='ocrx_word' id='word_1_171' title='bbox 3028 1129 3337 1202; x_wconf 90' lang='lat' dir='ltr'><strong>utriusque</strong></span> <span class='ocrx_word' id='word_1_172' title='bbox 3383 1132 3645 1190; x_wconf 88' lang='lat' dir='ltr'><strong>ecclesiis</strong></span> 
     </span>
    </p>
   </div>
   <div class='ocr_carea' id='block_1_27' title="bbox 1992 1215 3645 1288">
    <p class='ocr_par' dir='ltr' id='par_1_27' title="bbox 1992 1215 3645 1288">
     <span class='ocr_line' id='line_1_27' title="bbox 1992 1215 3645 1288; baseline 0.006 -19"><span class='ocrx_word' id='word_1_173' title='bbox 1992 1230 2222 1286; x_wconf 87' lang='lat' dir='ltr'><strong>parere,</strong></span> <span class='ocrx_word' id='word_1_174' title='bbox 2257 1215 2421 1271; x_wconf 81' lang='lat' dir='ltr'><strong>alteri</strong></span> <span class='ocrx_word' id='word_1_175' title='bbox 2449 1217 2697 1288; x_wconf 83' lang='lat' dir='ltr'><strong>quidem</strong></span> <span class='ocrx_word' id='word_1_176' title='bbox 2728 1234 2799 1271; x_wconf 83' lang='lat' dir='ltr'><strong>ex</strong></span> <span class='ocrx_word' id='word_1_177' title='bbox 2820 1216 3192 1287; x_wconf 84' lang='lat' dir='ltr'><strong>necessitate,</strong></span> <span class='ocrx_word' id='word_1_178' title='bbox 3219 1218 3384 1275; x_wconf 88' lang='lat' dir='ltr'><strong>alteri</strong></span> <span class='ocrx_word' id='word_1_179' title='bbox 3414 1236 3554 1277; x_wconf 86' lang='lat' dir='ltr'><strong>vero</strong></span> <span class='ocrx_word' id='word_1_180' title='bbox 3570 1238 3645 1279; x_wconf 89' lang='lat' dir='ltr'><strong>ex</strong></span> 
     </span>
    </p>
   </div>
   <div class='ocr_carea' id='block_1_28' title="bbox 1992 1304 3643 1376">
    <p class='ocr_par' dir='ltr' id='par_1_28' title="bbox 1992 1304 3643 1376">
     <span class='ocr_line' id='line_1_28' title="bbox 1992 1304 3643 1376; baseline 0.007 -20"><span class='ocrx_word' id='word_1_181' title='bbox 1992 1304 2317 1363; x_wconf 83' lang='lat' dir='ltr'><strong>voluntate.</strong></span> <span class='ocrx_word' id='word_1_182' title='bbox 2344 1305 2660 1376; x_wconf 63' lang='lat' dir='ltr'><strong>prirdictas</strong></span> <span class='ocrx_word' id='word_1_183' title='bbox 2686 1306 3009 1361; x_wconf 88' lang='lat' dir='ltr'><strong>Parochias</strong></span> <span class='ocrx_word' id='word_1_184' title='bbox 3054 1306 3443 1364; x_wconf 90' lang='lat' dir='ltr'><strong>meminimus</strong></span> <span class='ocrx_word' id='word_1_185' title='bbox 3486 1326 3500 1364; x_wconf 90' lang='lat'><strong>:</strong></span> <span class='ocrx_word' id='word_1_186' title='bbox 3542 1313 3643 1367; x_wconf 89' lang='lat' dir='ltr'><strong>Se-</strong></span> 
     </span>
    </p>
   </div>
   <div class='ocr_carea' id='block_1_29' title="bbox 1991 1394 3643 1465">
    <p class='ocr_par' dir='ltr' id='par_1_29' title="bbox 1991 1394 3643 1465">
     <span class='ocr_line' id='line_1_29' title="bbox 1991 1394 3643 1465; baseline 0.005 -18"><span class='ocrx_word' id='word_1_187' title='bbox 1991 1394 2159 1447; x_wconf 87' lang='lat' dir='ltr'><strong>nensi</strong></span> <span class='ocrx_word' id='word_1_188' title='bbox 2185 1394 2410 1465; x_wconf 83' lang='lat' dir='ltr'><strong>quippe</strong></span> <span class='ocrx_word' id='word_1_189' title='bbox 2431 1411 2501 1449; x_wconf 85' lang='lat' dir='ltr'><strong>ex</strong></span> <span class='ocrx_word' id='word_1_190' title='bbox 2536 1395 2858 1463; x_wconf 88' lang='lat' dir='ltr'><strong>voluntate,</strong></span> <span class='ocrx_word' id='word_1_191' title='bbox 2887 1395 3138 1451; x_wconf 76' lang='lat' dir='ltr'><strong>Aretinse</strong></span> <span class='ocrx_word' id='word_1_192' title='bbox 3158 1412 3230 1451; x_wconf 86' lang='lat' dir='ltr'><strong>ex</strong></span> <span class='ocrx_word' id='word_1_193' title='bbox 3273 1400 3643 1455; x_wconf 88' lang='lat' dir='ltr'><strong>necessitate.</strong></span> 
     </span>
    </p>
   </div>
   <div class='ocr_carea' id='block_1_30' title="bbox 1991 1480 3646 1550">
    <p class='ocr_par' dir='ltr' id='par_1_30' title="bbox 1991 1480 3646 1550">
     <span class='ocr_line' id='line_1_30' title="bbox 1991 1480 3646 1550; baseline 0.005 -17"><span class='ocrx_word' id='word_1_194' title='bbox 1991 1486 2230 1536; x_wconf 76' lang='lat' dir='ltr'><strong>Constat</strong></span> <span class='ocrx_word' id='word_1_195' title='bbox 2262 1498 2371 1537; x_wconf 88' lang='lat' dir='ltr'><strong>nos</strong></span> <span class='ocrx_word' id='word_1_196' title='bbox 2396 1480 2643 1538; x_wconf 81' lang='lat' dir='ltr'><strong>ecclesia</strong></span> <span class='ocrx_word' id='word_1_197' title='bbox 2671 1483 2916 1538; x_wconf 88' lang='lat' dir='ltr'><strong>Senensi</strong></span> <span class='ocrx_word' id='word_1_198' title='bbox 2939 1499 3134 1550; x_wconf 85' lang='lat' dir='ltr'><strong>usque</strong></span> <span class='ocrx_word' id='word_1_199' title='bbox 3153 1483 3334 1540; x_wconf 91' lang='lat' dir='ltr'><strong>hodie</strong></span> <span class='ocrx_word' id='word_1_200' title='bbox 3357 1485 3646 1541; x_wconf 87' lang='lat' dir='ltr'><strong>reddidis-</strong></span> 
     </span>
    </p>
   </div>
   <div class='ocr_carea' id='block_1_31' title="bbox 1992 1571 3645 1641">
    <p class='ocr_par' dir='ltr' id='par_1_31' title="bbox 1992 1571 3645 1641">
     <span class='ocr_line' id='line_1_31' title="bbox 1992 1571 3645 1641; baseline 0.004 -17"><span class='ocrx_word' id='word_1_201' title='bbox 1992 1586 2054 1624; x_wconf 89' lang='lat' dir='ltr'><strong>se</strong></span> <span class='ocrx_word' id='word_1_202' title='bbox 2084 1571 2345 1625; x_wconf 73' lang='lat' dir='ltr'><strong>ecclesire</strong></span> <span class='ocrx_word' id='word_1_203' title='bbox 2375 1578 2432 1625; x_wconf 88' lang='lat' dir='ltr'><strong>et</strong></span> <span class='ocrx_word' id='word_1_204' title='bbox 2460 1573 2843 1626; x_wconf 88' lang='lat' dir='ltr'><strong>constitutum</strong></span> <span class='ocrx_word' id='word_1_205' title='bbox 2894 1572 3219 1641; x_wconf 88' lang='lat' dir='ltr'><strong>servitium,</strong></span> <span class='ocrx_word' id='word_1_206' title='bbox 3275 1578 3333 1629; x_wconf 91' lang='lat' dir='ltr'><strong>et</strong></span> <span class='ocrx_word' id='word_1_207' title='bbox 3384 1574 3645 1633; x_wconf 85' lang='lat' dir='ltr'><strong>chrisma</strong></span> 
     </span>
    </p>
   </div>
   <div class='ocr_carea' id='block_1_32' title="bbox 225 1658 3642 1736">
    <p class='ocr_par' dir='ltr' id='par_1_32' title="bbox 225 1658 3642 1736">
     <span class='ocr_line' id='line_1_32' title="bbox 225 1658 3642 1736; baseline 0.003 -24"><span class='ocrx_word' id='word_1_208' title='bbox 225 1674 360 1713; x_wconf 90' lang='lat' dir='ltr'><strong>mos</strong></span> <span class='ocrx_word' id='word_1_209' title='bbox 382 1659 669 1731; x_wconf 90' lang='lat' dir='ltr'><strong>antiquus</strong></span> <span class='ocrx_word' id='word_1_210' title='bbox 700 1659 921 1726; x_wconf 90' lang='lat' dir='ltr'><strong>statuit,</strong></span> <span class='ocrx_word' id='word_1_211' title='bbox 954 1660 1197 1717; x_wconf 89' lang='lat' dir='ltr'><strong>easdem</strong></span> <span class='ocrx_word' id='word_1_212' title='bbox 1241 1660 1561 1732; x_wconf 87' lang='lat' dir='ltr'><strong>parochias</strong></span> <span class='ocrx_word' id='word_1_213' title='bbox 1609 1662 1776 1729; x_wconf 88' lang='lat' dir='ltr'><strong>rexit,</strong></span> <span class='ocrx_word' id='word_1_214' title='bbox 1825 1666 1883 1718; x_wconf 92' lang='lat' dir='ltr'><strong>et</strong></span> <span class='ocrx_word' id='word_1_215' title='bbox 1918 1679 1962 1732; x_wconf 81' lang='grc' dir='ltr'><strong>Β</strong></span> <span class='ocrx_word' id='word_1_216' title='bbox 1993 1658 2071 1713; x_wconf 87' lang='lat' dir='ltr'><strong>ab</strong></span> <span class='ocrx_word' id='word_1_217' title='bbox 2118 1660 2331 1714; x_wconf 84' lang='lat' dir='ltr'><strong>eadem</strong></span> <span class='ocrx_word' id='word_1_218' title='bbox 2384 1660 2631 1715; x_wconf 84' lang='lat' dir='ltr'><strong>ecclesia</strong></span> <span class='ocrx_word' id='word_1_219' title='bbox 2686 1660 2960 1732; x_wconf 82' lang='lat' dir='ltr'><strong>coepisse,</strong></span> <span class='ocrx_word' id='word_1_220' title='bbox 3009 1662 3642 1736; x_wconf 90' lang='lat' dir='ltr'><strong>consecrationemque</strong></span> 
     </span>
    </p>
   </div>
   <div class='ocr_carea' id='block_1_33' title="bbox 224 1749 1879 1824">
    <p class='ocr_par' dir='ltr' id='par_1_33' title="bbox 224 1749 1879 1824">
     <span class='ocr_line' id='line_1_33' title="bbox 224 1749 1879 1824; baseline 0.002 -19"><span class='ocrx_word' id='word_1_221' title='bbox 224 1749 434 1805; x_wconf 86' lang='lat' dir='ltr'><strong>tenuit.</strong></span> <span class='ocrx_word' id='word_1_222' title='bbox 467 1771 495 1799; x_wconf 83' lang='grc'><strong>››</strong></span> <span class='ocrx_word' id='word_1_223' title='bbox 527 1752 686 1807; x_wconf 90' lang='lat' dir='ltr'><strong>Tunc</strong></span> <span class='ocrx_word' id='word_1_224' title='bbox 711 1766 892 1809; x_wconf 88' lang='lat' dir='ltr'><strong>omne</strong></span> <span class='ocrx_word' id='word_1_225' title='bbox 913 1751 1236 1808; x_wconf 90' lang='lat' dir='ltr'><strong>concilium</strong></span> <span class='ocrx_word' id='word_1_226' title='bbox 1256 1768 1465 1809; x_wconf 88' lang='lat' dir='ltr'><strong>verum</strong></span> <span class='ocrx_word' id='word_1_227' title='bbox 1487 1756 1545 1807; x_wconf 89' lang='lat' dir='ltr'><strong>et</strong></span> <span class='ocrx_word' id='word_1_228' title='bbox 1565 1752 1879 1824; x_wconf 87' lang='lat' dir='ltr'><strong>probabile</strong></span> 
     </span>
    </p>
   </div>
   <div class='ocr_carea' id='block_1_34' title="bbox 221 1835 1879 1913">
    <p class='ocr_par' dir='ltr' id='par_1_34' title="bbox 221 1835 1879 1913">
     <span class='ocr_line' id='line_1_34' title="bbox 221 1835 1879 1913; baseline 0.002 -20"><span class='ocrx_word' id='word_1_229' title='bbox 221 1835 525 1909; x_wconf 89' lang='lat' dir='ltr'><strong>laudeque</strong></span> <span class='ocrx_word' id='word_1_230' title='bbox 550 1838 970 1910; x_wconf 90' lang='lat' dir='ltr'><strong>dignissimum</strong></span> <span class='ocrx_word' id='word_1_231' title='bbox 999 1841 1422 1913; x_wconf 85' lang='lat' dir='ltr'><strong>imperatorem</strong></span> <span class='ocrx_word' id='word_1_232' title='bbox 1440 1841 1758 1912; x_wconf 89' lang='lat' dir='ltr'><strong>protulisse</strong></span> <span class='ocrx_word' id='word_1_233' title='bbox 1779 1857 1879 1897; x_wconf 88' lang='lat' dir='ltr'><strong>ac-</strong></span> 
     </span>
    </p>
   </div>
   <div class='ocr_carea' id='block_1_35' title="bbox 225 1924 1882 2001">
    <p class='ocr_par' dir='ltr' id='par_1_35' title="bbox 225 1924 1882 2001">
     <span class='ocr_line' id='line_1_35' title="bbox 225 1924 1882 2001; baseline 0.002 -19"><span class='ocrx_word' id='word_1_234' title='bbox 225 1924 549 1983; x_wconf 88' lang='lat' dir='ltr'><strong>clamabat.</strong></span> <span class='ocrx_word' id='word_1_235' title='bbox 580 1928 669 1984; x_wconf 76' lang='lat' dir='ltr'><strong>Ad</strong></span> <span class='ocrx_word' id='word_1_236' title='bbox 700 1929 828 1985; x_wconf 73' lang='lat' dir='ltr'><strong>haec</strong></span> <span class='ocrx_word' id='word_1_237' title='bbox 850 1932 1054 1985; x_wconf 86' lang='lat' dir='ltr'><strong>Petrus</strong></span> <span class='ocrx_word' id='word_1_238' title='bbox 1080 1931 1403 2001; x_wconf 90' lang='lat' dir='ltr'><strong>episcopus</strong></span> <span class='ocrx_word' id='word_1_239' title='bbox 1424 1930 1694 1987; x_wconf 85' lang='lat' dir='ltr'><strong>Aretinus</strong></span> <span class='ocrx_word' id='word_1_240' title='bbox 1725 1947 1738 1985; x_wconf 89' lang='lat'><strong>:</strong></span> <span class='ocrx_word' id='word_1_241' title='bbox 1768 1952 1794 1979; x_wconf 73' lang='grc' dir='ltr'><strong>ε(</strong></span> <span class='ocrx_word' id='word_1_242' title='bbox 1816 1933 1882 1986; x_wconf 87' lang='lat' dir='ltr'><strong>Et</strong></span> 
     </span>
    </p>
   </div>
   <div class='ocr_carea' id='block_1_36' title="bbox 223 2015 1880 2089">
    <p class='ocr_par' dir='ltr' id='par_1_36' title="bbox 223 2015 1880 2089">
     <span class='ocr_line' id='line_1_36' title="bbox 223 2015 1880 2089; baseline 0.003 -19"><span class='ocrx_word' id='word_1_243' title='bbox 223 2015 519 2086; x_wconf 88' lang='lat' dir='ltr'><strong>quoniam</strong></span> <span class='ocrx_word' id='word_1_244' title='bbox 549 2017 933 2089; x_wconf 88' lang='lat' dir='ltr'><strong>imperatoria</strong></span> <span class='ocrx_word' id='word_1_245' title='bbox 960 2018 1271 2088; x_wconf 89' lang='lat' dir='ltr'><strong>majestas,</strong></span> <span class='ocrx_word' id='word_1_246' title='bbox 1302 2023 1359 2073; x_wconf 92' lang='lat' dir='ltr'><strong>et</strong></span> <span class='ocrx_word' id='word_1_247' title='bbox 1398 2018 1726 2089; x_wconf 90' lang='lat' dir='ltr'><strong>apostolica</strong></span> <span class='ocrx_word' id='word_1_248' title='bbox 1785 2035 1880 2075; x_wconf 84' lang='lat' dir='ltr'><strong>su-</strong></span> 
     </span>
    </p>
   </div>
   <div class='ocr_carea' id='block_1_37' title="bbox 224 2106 1880 2177">
    <p class='ocr_par' dir='ltr' id='par_1_37' title="bbox 224 2106 1880 2177">
     <span class='ocr_line' id='line_1_37' title="bbox 224 2106 1880 2177; baseline 0.001 -16"><span class='ocrx_word' id='word_1_249' title='bbox 224 2106 492 2163; x_wconf 87' lang='lat' dir='ltr'><strong>blimitas</strong></span> <span class='ocrx_word' id='word_1_250' title='bbox 504 2121 626 2161; x_wconf 90' lang='lat' dir='ltr'><strong>non</strong></span> <span class='ocrx_word' id='word_1_251' title='bbox 642 2106 839 2161; x_wconf 89' lang='lat' dir='ltr'><strong>solum</strong></span> <span class='ocrx_word' id='word_1_252' title='bbox 857 2106 1313 2177; x_wconf 83' lang='lat' dir='ltr'><strong>scripturarum,</strong></span> <span class='ocrx_word' id='word_1_253' title='bbox 1331 2122 1540 2162; x_wconf 89' lang='lat' dir='ltr'><strong>verum</strong></span> <span class='ocrx_word' id='word_1_254' title='bbox 1561 2113 1617 2163; x_wconf 89' lang='lat' dir='ltr'><strong>et</strong></span> <span class='ocrx_word' id='word_1_255' title='bbox 1641 2108 1880 2163; x_wconf 87' lang='lat' dir='ltr'><strong>testium</strong></span> 
     </span>
    </p>
   </div>
   <div class='ocr_carea' id='block_1_38' title="bbox 220 2194 1880 2267">
    <p class='ocr_par' dir='ltr' id='par_1_38' title="bbox 220 2194 1880 2267">
     <span class='ocr_line' id='line_1_38' title="bbox 220 2194 1880 2267; baseline 0.001 -16"><span class='ocrx_word' id='word_1_256' title='bbox 220 2196 406 2266; x_wconf 89' lang='lat' dir='ltr'><strong>jussit</strong></span> <span class='ocrx_word' id='word_1_257' title='bbox 430 2196 491 2250; x_wconf 90' lang='lat' dir='ltr'><strong>in</strong></span> <span class='ocrx_word' id='word_1_258' title='bbox 510 2195 627 2250; x_wconf 86' lang='lat' dir='ltr'><strong>hoc</strong></span> <span class='ocrx_word' id='word_1_259' title='bbox 655 2195 1065 2267; x_wconf 85' lang='lat' dir='ltr'><strong>testimonium</strong></span> <span class='ocrx_word' id='word_1_260' title='bbox 1089 2194 1382 2264; x_wconf 88' lang='lat' dir='ltr'><strong>adhiberi,</strong></span> <span class='ocrx_word' id='word_1_261' title='bbox 1400 2195 1653 2265; x_wconf 86' lang='lat' dir='ltr'><strong>jubeant</strong></span> <span class='ocrx_word' id='word_1_262' title='bbox 1672 2196 1773 2266; x_wconf 90' lang='lat' dir='ltr'><strong>illi,</strong></span> <span class='ocrx_word' id='word_1_263' title='bbox 1793 2213 1880 2253; x_wconf 87' lang='lat' dir='ltr'><strong>sa-</strong></span> 
     </span>
    </p>
   </div>
   <div class='ocr_carea' id='block_1_39' title="bbox 231 2282 1879 2356">
    <p class='ocr_par' dir='ltr' id='par_1_39' title="bbox 231 2282 1879 2356">
     <span class='ocr_line' id='line_1_39' title="bbox 231 2282 1879 2356; baseline 0.002 -18"><span class='ocrx_word' id='word_1_264' title='bbox 231 2283 507 2338; x_wconf 88' lang='lat' dir='ltr'><strong>cerdotes</strong></span> <span class='ocrx_word' id='word_1_265' title='bbox 536 2282 857 2337; x_wconf 89' lang='lat' dir='ltr'><strong>testimonii</strong></span> <span class='ocrx_word' id='word_1_266' title='bbox 886 2283 1197 2339; x_wconf 85' lang='lat' dir='ltr'><strong>veritatem</strong></span> <span class='ocrx_word' id='word_1_267' title='bbox 1225 2282 1510 2355; x_wconf 85' lang='lat' dir='ltr'><strong>proferre,</strong></span> <span class='ocrx_word' id='word_1_268' title='bbox 1545 2284 1649 2356; x_wconf 90' lang='lat' dir='ltr'><strong>qui</strong></span> <span class='ocrx_word' id='word_1_269' title='bbox 1676 2285 1736 2341; x_wconf 91' lang='lat' dir='ltr'><strong>in</strong></span> <span class='ocrx_word' id='word_1_270' title='bbox 1768 2285 1879 2341; x_wconf 90' lang='lat' dir='ltr'><strong>eis-</strong></span> 
     </span>
    </p>
   </div>
   <div class='ocr_carea' id='block_1_40' title="bbox 234 2369 1880 2445">
    <p class='ocr_par' dir='ltr' id='par_1_40' title="bbox 234 2369 1880 2445">
     <span class='ocr_line' id='line_1_40' title="bbox 234 2369 1880 2445; baseline 0.003 -19"><span class='ocrx_word' id='word_1_271' title='bbox 234 2369 380 2427; x_wconf 90' lang='lat' dir='ltr'><strong>dem</strong></span> <span class='ocrx_word' id='word_1_272' title='bbox 409 2370 812 2427; x_wconf 85' lang='lat' dir='ltr'><strong>inhabitantes</strong></span> <span class='ocrx_word' id='word_1_273' title='bbox 840 2372 1163 2443; x_wconf 88' lang='lat' dir='ltr'><strong>parochiis,</strong></span> <span class='ocrx_word' id='word_1_274' title='bbox 1212 2372 1618 2445; x_wconf 87' lang='lat' dir='ltr'><strong>incorruptam</strong></span> <span class='ocrx_word' id='word_1_275' title='bbox 1674 2374 1880 2431; x_wconf 89' lang='lat' dir='ltr'><strong>verita-</strong></span> 
     </span>
    </p>
   </div>
   <div class='ocr_carea' id='block_1_41' title="bbox 228 2459 1878 2534">
    <p class='ocr_par' dir='ltr' id='par_1_41' title="bbox 228 2459 1878 2534">
     <span class='ocr_line' id='line_1_41' title="bbox 228 2459 1878 2534; baseline 0.004 -21"><span class='ocrx_word' id='word_1_276' title='bbox 228 2461 376 2524; x_wconf 90' lang='lat' dir='ltr'><strong>tem,</strong></span> <span class='ocrx_word' id='word_1_277' title='bbox 408 2459 793 2530; x_wconf 89' lang='lat' dir='ltr'><strong>antiquorum</strong></span> <span class='ocrx_word' id='word_1_278' title='bbox 821 2459 1106 2517; x_wconf 88' lang='lat' dir='ltr'><strong>relatione</strong></span> <span class='ocrx_word' id='word_1_279' title='bbox 1124 2461 1441 2517; x_wconf 90' lang='lat' dir='ltr'><strong>hominum</strong></span> <span class='ocrx_word' id='word_1_280' title='bbox 1469 2477 1576 2533; x_wconf 89' lang='lat' dir='ltr'><strong>per</strong></span> <span class='ocrx_word' id='word_1_281' title='bbox 1604 2468 1878 2534; x_wconf 91' lang='lat' dir='ltr'><strong>parente-</strong></span> 
     </span>
    </p>
   </div>
   <div class='ocr_carea' id='block_1_42' title="bbox 220 2545 1429 2617">
    <p class='ocr_par' dir='ltr' id='par_1_42' title="bbox 220 2545 1429 2617">
     <span class='ocr_line' id='line_1_42' title="bbox 220 2545 1429 2617; baseline -0.002 -15"><span class='ocrx_word' id='word_1_282' title='bbox 220 2545 297 2602; x_wconf 71' lang='lat' dir='ltr'><strong>laa</strong></span> <span class='ocrx_word' id='word_1_283' title='bbox 330 2547 559 2615; x_wconf 87' lang='lat' dir='ltr'><strong>gradus</strong></span> <span class='ocrx_word' id='word_1_284' title='bbox 585 2547 900 2617; x_wconf 80' lang='lat' dir='ltr'><strong>insigniter</strong></span> <span class='ocrx_word' id='word_1_285' title='bbox 928 2549 1364 2605; x_wconf 87' lang='lat' dir='ltr'><strong>consociantur.</strong></span> <span class='ocrx_word' id='word_1_286' title='bbox 1402 2571 1429 2599; x_wconf 75' lang='grc' dir='ltr'><strong>ι</strong></span> 
     </span>
    </p>
   </div>
   <div class='ocr_carea' id='block_1_43' title="bbox 294 2638 1876 2712">
    <p class='ocr_par' dir='ltr' id='par_1_43' title="bbox 294 2638 1876 2712">
     <span class='ocr_line' id='line_1_43' title="bbox 294 2638 1876 2712; baseline 0.004 -22"><span class='ocrx_word' id='word_1_287' title='bbox 294 2638 461 2691; x_wconf 88' lang='lat' dir='ltr'><strong>Tunc</strong></span> <span class='ocrx_word' id='word_1_288' title='bbox 490 2651 604 2691; x_wconf 90' lang='lat' dir='ltr'><strong>nos</strong></span> <span class='ocrx_word' id='word_1_289' title='bbox 632 2639 745 2691; x_wconf 87' lang='lat' dir='ltr'><strong>Leo</strong></span> <span class='ocrx_word' id='word_1_290' title='bbox 774 2638 1040 2708; x_wconf 82' lang='lat' dir='ltr'><strong>pontifex</strong></span> <span class='ocrx_word' id='word_1_291' title='bbox 1083 2638 1428 2695; x_wconf 84' lang='lat' dir='ltr'><strong>universalis</strong></span> <span class='ocrx_word' id='word_1_292' title='bbox 1454 2655 1615 2712; x_wconf 88' lang='lat' dir='ltr'><strong>papa</strong></span> <span class='ocrx_word' id='word_1_293' title='bbox 1680 2644 1737 2696; x_wconf 89' lang='lat' dir='ltr'><strong>et</strong></span> <span class='ocrx_word' id='word_1_294' title='bbox 1768 2643 1876 2701; x_wconf 87' lang='lat' dir='ltr'><strong>Lo-</strong></span> 
     </span>
    </p>
   </div>
   <div class='ocr_carea' id='block_1_44' title="bbox 218 2723 1873 2797">
    <p class='ocr_par' dir='ltr' id='par_1_44' title="bbox 218 2723 1873 2797">
     <span class='ocr_line' id='line_1_44' title="bbox 218 2723 1873 2797; baseline 0.004 -18"><span class='ocrx_word' id='word_1_295' title='bbox 218 2723 473 2779; x_wconf 90' lang='lat' dir='ltr'><strong>dovicus</strong></span> <span class='ocrx_word' id='word_1_296' title='bbox 502 2724 830 2795; x_wconf 85' lang='lat' dir='ltr'><strong>imperator</strong></span> <span class='ocrx_word' id='word_1_297' title='bbox 855 2725 1153 2795; x_wconf 88' lang='lat' dir='ltr'><strong>jussimus</strong></span> <span class='ocrx_word' id='word_1_298' title='bbox 1199 2726 1464 2784; x_wconf 86' lang='lat' dir='ltr'><strong>exhiberi</strong></span> <span class='ocrx_word' id='word_1_299' title='bbox 1511 2728 1873 2797; x_wconf 88' lang='lat' dir='ltr'><strong>sacerdotes,</strong></span> 
     </span>
    </p>
   </div>
   <div class='ocr_carea' id='block_1_45' title="bbox 217 2811 1877 2882">
    <p class='ocr_par' dir='ltr' id='par_1_45' title="bbox 217 2811 1877 2882">
     <span class='ocr_line' id='line_1_45' title="bbox 217 2811 1877 2882; baseline 0.003 -13"><span class='ocrx_word' id='word_1_300' title='bbox 217 2811 488 2882; x_wconf 88' lang='lat' dir='ltr'><strong>aliosque</strong></span> <span class='ocrx_word' id='word_1_301' title='bbox 514 2811 745 2869; x_wconf 87' lang='lat' dir='ltr'><strong>ﬁdeles.</strong></span> <span class='ocrx_word' id='word_1_302' title='bbox 793 2814 902 2879; x_wconf 90' lang='lat' dir='ltr'><strong>Qui</strong></span> <span class='ocrx_word' id='word_1_303' title='bbox 944 2814 1142 2871; x_wconf 91' lang='lat' dir='ltr'><strong>subito</strong></span> <span class='ocrx_word' id='word_1_304' title='bbox 1179 2816 1373 2871; x_wconf 79' lang='lat' dir='ltr'><strong>vocati</strong></span> <span class='ocrx_word' id='word_1_305' title='bbox 1428 2822 1567 2873; x_wconf 89' lang='lat' dir='ltr'><strong>sunt</strong></span> <span class='ocrx_word' id='word_1_306' title='bbox 1614 2818 1677 2875; x_wconf 89' lang='lat' dir='ltr'><strong>in</strong></span> <span class='ocrx_word' id='word_1_307' title='bbox 1738 2834 1877 2874; x_wconf 91' lang='lat' dir='ltr'><strong>con-</strong></span> 
     </span>
    </p>
   </div>
   <div class='ocr_carea' id='block_1_46' title="bbox 214 2902 1874 2977">
    <p class='ocr_par' dir='ltr' id='par_1_46' title="bbox 214 2902 1874 2977">
     <span class='ocr_line' id='line_1_46' title="bbox 214 2902 1874 2977; baseline 0.004 -21"><span class='ocrx_word' id='word_1_308' title='bbox 214 2906 429 2974; x_wconf 82' lang='lat' dir='ltr'><strong>spectu</strong></span> <span class='ocrx_word' id='word_1_309' title='bbox 456 2902 659 2970; x_wconf 82' lang='lat' dir='ltr'><strong>magni</strong></span> <span class='ocrx_word' id='word_1_310' title='bbox 691 2902 942 2957; x_wconf 88' lang='lat' dir='ltr'><strong>concilii.</strong></span> <span class='ocrx_word' id='word_1_311' title='bbox 984 2904 1046 2959; x_wconf 89' lang='lat' dir='ltr'><strong>In</strong></span> <span class='ocrx_word' id='word_1_312' title='bbox 1098 2903 1306 2975; x_wconf 86' lang='lat' dir='ltr'><strong>primis</strong></span> <span class='ocrx_word' id='word_1_313' title='bbox 1354 2906 1516 2961; x_wconf 87' lang='lat' dir='ltr'><strong>venit</strong></span> <span class='ocrx_word' id='word_1_314' title='bbox 1569 2906 1874 2977; x_wconf 90' lang='lat' dir='ltr'><strong>Gisulphc-</strong></span> 
     </span>
    </p>
   </div>
   <div class='ocr_carea' id='block_1_47' title="bbox 1990 1746 3641 1821">
    <p class='ocr_par' dir='ltr' id='par_1_47' title="bbox 1990 1746 3641 1821">
     <span class='ocr_line' id='line_1_47' title="bbox 1990 1746 3641 1821; baseline 0.005 -20"><span class='ocrx_word' id='word_1_315' title='bbox 1990 1746 2384 1802; x_wconf 89' lang='lat' dir='ltr'><strong>diaconorum</strong></span> <span class='ocrx_word' id='word_1_316' title='bbox 2460 1754 2515 1803; x_wconf 89' lang='lat' dir='ltr'><strong>et</strong></span> <span class='ocrx_word' id='word_1_317' title='bbox 2567 1749 3055 1821; x_wconf 76' lang='lat' dir='ltr'><strong>presbyterorum</strong></span> <span class='ocrx_word' id='word_1_318' title='bbox 3098 1750 3390 1807; x_wconf 88' lang='lat' dir='ltr'><strong>hactenus</strong></span> <span class='ocrx_word' id='word_1_319' title='bbox 3441 1752 3520 1808; x_wconf 90' lang='lat' dir='ltr'><strong>ab</strong></span> <span class='ocrx_word' id='word_1_320' title='bbox 3568 1768 3641 1809; x_wconf 90' lang='lat' dir='ltr'><strong>ea</strong></span> 
     </span>
    </p>
   </div>
   <div class='ocr_carea' id='block_1_48' title="bbox 1991 1836 3641 1907">
    <p class='ocr_par' dir='ltr' id='par_1_48' title="bbox 1991 1836 3641 1907">
     <span class='ocr_line' id='line_1_48' title="bbox 1991 1836 3641 1907; baseline 0.005 -17"><span class='ocrx_word' id='word_1_321' title='bbox 1991 1836 2341 1907; x_wconf 87' lang='lat' dir='ltr'><strong>sumpsisse.</strong></span> <span class='ocrx_word' id='word_1_322' title='bbox 2398 1838 2649 1893; x_wconf 66' lang='lat' dir='ltr'><strong>Aretinae</strong></span> <span class='ocrx_word' id='word_1_323' title='bbox 2677 1854 2820 1894; x_wconf 90' lang='lat' dir='ltr'><strong>vero</strong></span> <span class='ocrx_word' id='word_1_324' title='bbox 2848 1838 3133 1905; x_wconf 67' lang='lat' dir='ltr'><strong>ecclesias,</strong></span> <span class='ocrx_word' id='word_1_325' title='bbox 3164 1855 3473 1897; x_wconf 90' lang='lat' dir='ltr'><strong>armorum</strong></span> <span class='ocrx_word' id='word_1_326' title='bbox 3501 1841 3641 1898; x_wconf 89' lang='lat' dir='ltr'><strong>viri-</strong></span> 
     </span>
    </p>
   </div>
   <div class='ocr_carea' id='block_1_49' title="bbox 1989 1924 3640 1993">
    <p class='ocr_par' dir='ltr' id='par_1_49' title="bbox 1989 1924 3640 1993">
     <span class='ocr_line' id='line_1_49' title="bbox 1989 1924 3640 1993; baseline 0.005 -14"><span class='ocrx_word' id='word_1_327' title='bbox 1989 1924 2105 1979; x_wconf 91' lang='lat' dir='ltr'><strong>bus</strong></span> <span class='ocrx_word' id='word_1_328' title='bbox 2136 1941 2480 1993; x_wconf 78' lang='lat' dir='ltr'><strong>concussos,</strong></span> <span class='ocrx_word' id='word_1_329' title='bbox 2514 1927 2818 1982; x_wconf 87' lang='lat' dir='ltr'><strong>servitium</strong></span> <span class='ocrx_word' id='word_1_330' title='bbox 2846 1943 2958 1983; x_wconf 93' lang='lat' dir='ltr'><strong>nos</strong></span> <span class='ocrx_word' id='word_1_331' title='bbox 2987 1932 3189 1984; x_wconf 90' lang='lat' dir='ltr'><strong>coacte</strong></span> <span class='ocrx_word' id='word_1_332' title='bbox 3216 1929 3495 1986; x_wconf 84' lang='lat' dir='ltr'><strong>exhibere</strong></span> <span class='ocrx_word' id='word_1_333' title='bbox 3514 1947 3640 1987; x_wconf 91' lang='lat' dir='ltr'><strong>non</strong></span> 
     </span>
    </p>
   </div>
   <div class='ocr_carea' id='block_1_50' title="bbox 1989 2016 3639 2088">
    <p class='ocr_par' dir='ltr' id='par_1_50' title="bbox 1989 2016 3639 2088">
     <span class='ocr_line' id='line_1_50' title="bbox 1989 2016 3639 2088; baseline 0.004 -20"><span class='ocrx_word' id='word_1_334' title='bbox 1989 2028 2301 2082; x_wconf 80' lang='lat' dir='ltr'><strong>negamus.</strong></span> <span class='ocrx_word' id='word_1_335' title='bbox 2330 2017 2469 2070; x_wconf 86' lang='lat' dir='ltr'><strong>Jure</strong></span> <span class='ocrx_word' id='word_1_336' title='bbox 2500 2016 2676 2083; x_wconf 88' lang='lat' dir='ltr'><strong>igitur</strong></span> <span class='ocrx_word' id='word_1_337' title='bbox 2705 2016 3035 2088; x_wconf 90' lang='lat' dir='ltr'><strong>apostolica</strong></span> <span class='ocrx_word' id='word_1_338' title='bbox 3065 2017 3401 2073; x_wconf 87' lang='lat' dir='ltr'><strong>sublimitas</strong></span> <span class='ocrx_word' id='word_1_339' title='bbox 3422 2022 3479 2073; x_wconf 92' lang='lat' dir='ltr'><strong>et</strong></span> <span class='ocrx_word' id='word_1_340' title='bbox 3528 2019 3639 2074; x_wconf 82' lang='lat' dir='ltr'><strong>im-</strong></span> 
     </span>
    </p>
   </div>
   <div class='ocr_carea' id='block_1_51' title="bbox 1987 2103 3637 2178">
    <p class='ocr_par' dir='ltr' id='par_1_51' title="bbox 1987 2103 3637 2178">
     <span class='ocr_line' id='line_1_51' title="bbox 1987 2103 3637 2178; baseline 0.004 -21"><span class='ocrx_word' id='word_1_341' title='bbox 1987 2103 2286 2174; x_wconf 88' lang='lat' dir='ltr'><strong>peratoria</strong></span> <span class='ocrx_word' id='word_1_342' title='bbox 2314 2104 2600 2175; x_wconf 89' lang='lat' dir='ltr'><strong>majestas</strong></span> <span class='ocrx_word' id='word_1_343' title='bbox 2655 2120 2768 2159; x_wconf 91' lang='lat' dir='ltr'><strong>nos</strong></span> <span class='ocrx_word' id='word_1_344' title='bbox 2820 2110 3179 2177; x_wconf 88' lang='lat' dir='ltr'><strong>nostrasque</strong></span> <span class='ocrx_word' id='word_1_345' title='bbox 3230 2106 3549 2178; x_wconf 82' lang='lat' dir='ltr'><strong>parochias</strong></span> <span class='ocrx_word' id='word_1_346' title='bbox 3598 2122 3637 2164; x_wconf 81' lang='lat' dir='ltr'><strong>a</strong></span> 
     </span>
    </p>
   </div>
   <div class='ocr_carea' id='block_1_52' title="bbox 1988 2191 3638 2263">
    <p class='ocr_par' dir='ltr' id='par_1_52' title="bbox 1988 2191 3638 2263">
     <span class='ocr_line' id='line_1_52' title="bbox 1988 2191 3638 2263; baseline 0.003 -16"><span class='ocrx_word' id='word_1_347' title='bbox 1988 2191 2091 2247; x_wconf 87' lang='lat' dir='ltr'><strong>tali</strong></span> <span class='ocrx_word' id='word_1_348' title='bbox 2116 2192 2378 2263; x_wconf 89' lang='lat' dir='ltr'><strong>periculo</strong></span> <span class='ocrx_word' id='word_1_349' title='bbox 2396 2193 2625 2263; x_wconf 87' lang='lat' dir='ltr'><strong>eripiat,</strong></span> <span class='ocrx_word' id='word_1_350' title='bbox 2653 2198 2710 2248; x_wconf 87' lang='lat' dir='ltr'><strong>et</strong></span> <span class='ocrx_word' id='word_1_351' title='bbox 2739 2193 2920 2263; x_wconf 90' lang='lat' dir='ltr'><strong>hujus</strong></span> <span class='ocrx_word' id='word_1_352' title='bbox 2951 2194 3106 2249; x_wconf 90' lang='lat' dir='ltr'><strong>sacri</strong></span> <span class='ocrx_word' id='word_1_353' title='bbox 3136 2193 3368 2249; x_wconf 89' lang='lat' dir='ltr'><strong>concilii</strong></span> <span class='ocrx_word' id='word_1_354' title='bbox 3397 2194 3638 2253; x_wconf 90' lang='lat' dir='ltr'><strong>decreta</strong></span> 
     </span>
    </p>
   </div>
   <div class='ocr_carea' id='block_1_53' title="bbox 1990 2281 3638 2353">
    <p class='ocr_par' dir='ltr' id='par_1_53' title="bbox 1990 2281 3638 2353">
     <span class='ocr_line' id='line_1_53' title="bbox 1990 2281 3638 2353; baseline 0.003 -18"><span class='ocrx_word' id='word_1_355' title='bbox 1990 2285 2230 2347; x_wconf 88' lang='lat' dir='ltr'><strong>statuat,</strong></span> <span class='ocrx_word' id='word_1_356' title='bbox 2261 2281 2525 2336; x_wconf 67' lang='lat' dir='ltr'><strong>ecclesiae</strong></span> <span class='ocrx_word' id='word_1_357' title='bbox 2551 2282 2803 2353; x_wconf 85' lang='lat' dir='ltr'><strong>posthac</strong></span> <span class='ocrx_word' id='word_1_358' title='bbox 2827 2281 3029 2347; x_wconf 88' lang='lat' dir='ltr'><strong>libere,</strong></span> <span class='ocrx_word' id='word_1_359' title='bbox 3054 2286 3111 2338; x_wconf 90' lang='lat' dir='ltr'><strong>et</strong></span> <span class='ocrx_word' id='word_1_360' title='bbox 3137 2281 3493 2339; x_wconf 88' lang='lat' dir='ltr'><strong>inconcusse</strong></span> <span class='ocrx_word' id='word_1_361' title='bbox 3519 2300 3638 2340; x_wconf 90' lang='lat' dir='ltr'><strong>ser-</strong></span> 
     </span>
    </p>
   </div>
   <div class='ocr_carea' id='block_1_54' title="bbox 1989 2370 3635 2445">
    <p class='ocr_par' dir='ltr' id='par_1_54' title="bbox 1989 2370 3635 2445">
     <span class='ocr_line' id='line_1_54' title="bbox 1989 2370 3635 2445; baseline 0.003 -21"><span class='ocrx_word' id='word_1_362' title='bbox 1989 2370 2113 2425; x_wconf 88' lang='lat' dir='ltr'><strong>vire</strong></span> <span class='ocrx_word' id='word_1_363' title='bbox 2132 2386 2246 2425; x_wconf 90' lang='lat' dir='ltr'><strong>nos</strong></span> <span class='ocrx_word' id='word_1_364' title='bbox 2259 2376 2547 2442; x_wconf 89' lang='lat' dir='ltr'><strong>oporteat.</strong></span> <span class='ocrx_word' id='word_1_365' title='bbox 2570 2394 2598 2421; x_wconf 87' lang='lat'>»</span> <span class='ocrx_word' id='word_1_366' title='bbox 2628 2371 2855 2427; x_wconf 89' lang='lat' dir='ltr'><strong>Tamen</strong></span> <span class='ocrx_word' id='word_1_367' title='bbox 2875 2371 3010 2439; x_wconf 92' lang='lat' dir='ltr'><strong>hoc,</strong></span> <span class='ocrx_word' id='word_1_368' title='bbox 3034 2371 3186 2428; x_wconf 90' lang='lat' dir='ltr'><strong>sicut</strong></span> <span class='ocrx_word' id='word_1_369' title='bbox 3200 2388 3412 2443; x_wconf 92' lang='lat' dir='ltr'><strong>unum,</strong></span> <span class='ocrx_word' id='word_1_370' title='bbox 3436 2372 3635 2445; x_wconf 82' lang='lat' dir='ltr'><strong>singil-</strong></span> 
     </span>
    </p>
   </div>
   <div class='ocr_carea' id='block_1_55' title="bbox 1986 2457 3633 2531">
    <p class='ocr_par' dir='ltr' id='par_1_55' title="bbox 1986 2457 3633 2531">
     <span class='ocr_line' id='line_1_55' title="bbox 1986 2457 3633 2531; baseline 0.004 -19"><span class='ocrx_word' id='word_1_371' title='bbox 1986 2457 2152 2514; x_wconf 90' lang='lat' dir='ltr'><strong>latim</strong></span> <span class='ocrx_word' id='word_1_372' title='bbox 2165 2460 2580 2531; x_wconf 89' lang='lat' dir='ltr'><strong>unusquisque</strong></span> <span class='ocrx_word' id='word_1_373' title='bbox 2591 2476 2799 2515; x_wconf 86' lang='lat' dir='ltr'><strong>eorum</strong></span> <span class='ocrx_word' id='word_1_374' title='bbox 2816 2461 3211 2530; x_wconf 84' lang='lat' dir='ltr'><strong>interrogatus</strong></span> <span class='ocrx_word' id='word_1_375' title='bbox 3224 2462 3633 2519; x_wconf 88' lang='lat' dir='ltr'><strong>testimonium</strong></span> 
     </span>
    </p>
   </div>
   <div class='ocr_carea' id='block_1_56' title="bbox 1987 2548 3637 2624">
    <p class='ocr_par' dir='ltr' id='par_1_56' title="bbox 1987 2548 3637 2624">
     <span class='ocr_line' id='line_1_56' title="bbox 1987 2548 3637 2624; baseline 0.002 -21"><span class='ocrx_word' id='word_1_376' title='bbox 1987 2548 2359 2604; x_wconf 75' lang='lat' dir='ltr'><strong>Gesolt‘randi</strong></span> <span class='ocrx_word' id='word_1_377' title='bbox 2382 2549 2685 2604; x_wconf 84' lang='lat' dir='ltr'><strong>asserebat</strong></span> <span class='ocrx_word' id='word_1_378' title='bbox 2706 2549 3105 2606; x_wconf 89' lang='lat' dir='ltr'><strong>verissimum.</strong></span> <span class='ocrx_word' id='word_1_379' title='bbox 3131 2550 3451 2623; x_wconf 76' lang='lat' dir='ltr'><strong>Aripaldus</strong></span> <span class='ocrx_word' id='word_1_380' title='bbox 3473 2567 3637 2624; x_wconf 85' lang='lat' dir='ltr'><strong>pres-</strong></span> 
     </span>
    </p>
   </div>
   <div class='ocr_carea' id='block_1_57' title="bbox 1986 2636 3634 2712">
    <p class='ocr_par' dir='ltr' id='par_1_57' title="bbox 1986 2636 3634 2712">
     <span class='ocr_line' id='line_1_57' title="bbox 1986 2636 3634 2712; baseline 0.004 -21"><span class='ocrx_word' id='word_1_381' title='bbox 1986 2636 2159 2708; x_wconf 88' lang='lat' dir='ltr'><strong>byter</strong></span> <span class='ocrx_word' id='word_1_382' title='bbox 2183 2642 2240 2692; x_wconf 91' lang='lat' dir='ltr'><strong>et</strong></span> <span class='ocrx_word' id='word_1_383' title='bbox 2270 2637 2601 2692; x_wconf 87' lang='lat' dir='ltr'><strong>monachus</strong></span> <span class='ocrx_word' id='word_1_384' title='bbox 2642 2638 2716 2692; x_wconf 88' lang='lat' dir='ltr'><strong>de</strong></span> <span class='ocrx_word' id='word_1_385' title='bbox 2758 2637 2932 2709; x_wconf 89' lang='lat' dir='ltr'><strong>plebe</strong></span> <span class='ocrx_word' id='word_1_386' title='bbox 2986 2639 3175 2695; x_wconf 89' lang='lat' dir='ltr'><strong>sancti</strong></span> <span class='ocrx_word' id='word_1_387' title='bbox 3229 2640 3512 2712; x_wconf 88' lang='lat' dir='ltr'><strong>Stephani</strong></span> <span class='ocrx_word' id='word_1_388' title='bbox 3558 2640 3634 2697; x_wconf 92' lang='lat' dir='ltr'><strong>de</strong></span> 
     </span>
    </p>
   </div>
   <div class='ocr_carea' id='block_1_58' title="bbox 1985 2725 3632 2795">
    <p class='ocr_par' dir='ltr' id='par_1_58' title="bbox 1985 2725 3632 2795">
     <span class='ocr_line' id='line_1_58' title="bbox 1985 2725 3632 2795; baseline 0.002 -15"><span class='ocrx_word' id='word_1_389' title='bbox 1985 2725 2273 2795; x_wconf 83' lang='lat' dir='ltr'><strong>Anciano,</strong></span> <span class='ocrx_word' id='word_1_390' title='bbox 2307 2730 2372 2781; x_wconf 91' lang='lat' dir='ltr'><strong>ut</strong></span> <span class='ocrx_word' id='word_1_391' title='bbox 2391 2725 2814 2781; x_wconf 86' lang='lat' dir='ltr'><strong>Gesolfrandus</strong></span> <span class='ocrx_word' id='word_1_392' title='bbox 2840 2727 2922 2783; x_wconf 89' lang='lat' dir='ltr'><strong>ita</strong></span> <span class='ocrx_word' id='word_1_393' title='bbox 2950 2727 3142 2783; x_wconf 86' lang='lat' dir='ltr'><strong>refert.</strong></span> <span class='ocrx_word' id='word_1_394' title='bbox 3195 2730 3261 2784; x_wconf 88' lang='lat' dir='ltr'><strong>Et</strong></span> <span class='ocrx_word' id='word_1_395' title='bbox 3310 2729 3632 2786; x_wconf 89' lang='lat' dir='ltr'><strong>Gelisarius</strong></span> 
     </span>
    </p>
   </div>
   <div class='ocr_carea' id='block_1_59' title="bbox 1986 2813 3632 2885">
    <p class='ocr_par' dir='ltr' id='par_1_59' title="bbox 1986 2813 3632 2885">
     <span class='ocr_line' id='line_1_59' title="bbox 1986 2813 3632 2885; baseline 0.004 -18"><span class='ocrx_word' id='word_1_396' title='bbox 1986 2813 2469 2885; x_wconf 85' lang='lat' dir='ltr'><strong>archipresbyter</strong></span> <span class='ocrx_word' id='word_1_397' title='bbox 2496 2814 2570 2869; x_wconf 91' lang='lat' dir='ltr'><strong>de</strong></span> <span class='ocrx_word' id='word_1_398' title='bbox 2591 2815 2746 2870; x_wconf 83' lang='lat' dir='ltr'><strong>saltu</strong></span> <span class='ocrx_word' id='word_1_399' title='bbox 2777 2816 3042 2872; x_wconf 89' lang='lat' dir='ltr'><strong>similiter</strong></span> <span class='ocrx_word' id='word_1_400' title='bbox 3066 2816 3375 2872; x_wconf 80' lang='lat' dir='ltr'><strong>confessus</strong></span> <span class='ocrx_word' id='word_1_401' title='bbox 3396 2822 3505 2874; x_wconf 88' lang='lat' dir='ltr'><strong>est.</strong></span> <span class='ocrx_word' id='word_1_402' title='bbox 3533 2820 3632 2873; x_wconf 89' lang='lat' dir='ltr'><strong>Be-</strong></span> 
     </span>
    </p>
   </div>
   <div class='ocr_carea' id='block_1_60' title="bbox 1987 2902 3629 2975">
    <p class='ocr_par' dir='ltr' id='par_1_60' title="bbox 1987 2902 3629 2975">
     <span class='ocr_line' id='line_1_60' title="bbox 1987 2902 3629 2975; baseline 0.004 -19"><span class='ocrx_word' id='word_1_403' title='bbox 1987 2902 2255 2956; x_wconf 90' lang='lat' dir='ltr'><strong>nedictus</strong></span> <span class='ocrx_word' id='word_1_404' title='bbox 2287 2903 2770 2975; x_wconf 87' lang='lat' dir='ltr'><strong>archipresbyter</strong></span> <span class='ocrx_word' id='word_1_405' title='bbox 2794 2904 2981 2960; x_wconf 90' lang='lat' dir='ltr'><strong>sancti</strong></span> <span class='ocrx_word' id='word_1_406' title='bbox 3007 2905 3122 2960; x_wconf 86' lang='lat' dir='ltr'><strong>Viti</strong></span> <span class='ocrx_word' id='word_1_407' title='bbox 3148 2905 3417 2962; x_wconf 90' lang='lat' dir='ltr'><strong>similiter</strong></span> <span class='ocrx_word' id='word_1_408' title='bbox 3463 2906 3629 2964; x_wconf 79' lang='lat' dir='ltr'><strong>dixit.</strong></span> 
     </span>
    </p>
   </div>
   <div class='ocr_carea' id='block_1_61' title="bbox 210 2990 3633 3091">
    <p class='ocr_par' dir='ltr' id='par_1_61' title="bbox 210 2990 3633 3091">
     <span class='ocr_line' id='line_1_61' title="bbox 210 2990 3633 3091; baseline 0.001 -44"><span class='ocrx_word' id='word_1_409' title='bbox 210 2993 426 3049; x_wconf 86' lang='lat' dir='ltr'><strong>rianus</strong></span> <span class='ocrx_word' id='word_1_410' title='bbox 458 2991 531 3047; x_wconf 88' lang='lat' dir='ltr'><strong>de</strong></span> <span class='ocrx_word' id='word_1_411' title='bbox 563 2991 738 3063; x_wconf 91' lang='lat' dir='ltr'><strong>plebe</strong></span> <span class='ocrx_word' id='word_1_412' title='bbox 760 2992 949 3047; x_wconf 90' lang='lat' dir='ltr'><strong>sancti</strong></span> <span class='ocrx_word' id='word_1_413' title='bbox 978 2992 1192 3055; x_wconf 90' lang='lat' dir='ltr'><strong>Quirici</strong></span> <span class='ocrx_word' id='word_1_414' title='bbox 1220 2994 1283 3051; x_wconf 89' lang='lat' dir='ltr'><strong>in</strong></span> <span class='ocrx_word' id='word_1_415' title='bbox 1338 2994 1637 3051; x_wconf 84' lang='lat' dir='ltr'><strong>Ausinora</strong></span> <span class='ocrx_word' id='word_1_416' title='bbox 1669 3012 1683 3050; x_wconf 87' lang='lat'><strong>:</strong></span> <span class='ocrx_word' id='word_1_417' title='bbox 1717 2999 1875 3053; x_wconf 82' lang='lat' dir='ltr'><strong>Ater-</strong></span> <span class='ocrx_word' id='word_1_418' title='bbox 1913 3034 1953 3091; x_wconf 65' lang='grc' dir='ltr'>Ο</span> <span class='ocrx_word' id='word_1_419' title='bbox 1984 2990 2349 3091; x_wconf 74' lang='lat' dir='ltr'><strong>Aliprandus</strong></span> <span class='ocrx_word' id='word_1_420' title='bbox 2380 2991 2454 3091; x_wconf 79' lang='lat' dir='ltr'><strong>de</strong></span> <span class='ocrx_word' id='word_1_421' title='bbox 2477 2991 2650 3091; x_wconf 80' lang='lat' dir='ltr'><strong>plebe</strong></span> <span class='ocrx_word' id='word_1_422' title='bbox 2684 2995 2743 3049; x_wconf 91' lang='lat' dir='ltr'><strong>S.</strong></span> <span class='ocrx_word' id='word_1_423' title='bbox 2771 2993 2983 3091; x_wconf 63' lang='lat' dir='ltr'><strong>ponati</strong></span> <span class='ocrx_word' id='word_1_424' title='bbox 3012 2993 3633 3091; x_wconf 33' lang='lat' dir='ltr'><strong>simili-ter_dixit.mAli-</strong></span> 
     </span>
    </p>
   </div>
   <div class='ocr_carea' id='block_1_62' title="bbox 210 3080 3627 3155">
    <p class='ocr_par' dir='ltr' id='par_1_62' title="bbox 210 3080 3627 3155">
     <span class='ocr_line' id='line_1_62' title="bbox 210 3080 3627 3155; baseline 0.001 -20"><span class='ocrx_word' id='word_1_425' title='bbox 210 3081 516 3153; x_wconf 89' lang='lat' dir='ltr'><strong>palianus,</strong></span> <span class='ocrx_word' id='word_1_426' title='bbox 544 3080 859 3153; x_wconf 88' lang='lat' dir='ltr'><strong>presbyter</strong></span> <span class='ocrx_word' id='word_1_427' title='bbox 887 3086 945 3137; x_wconf 90' lang='lat' dir='ltr'><strong>et</strong></span> <span class='ocrx_word' id='word_1_428' title='bbox 970 3082 1328 3149; x_wconf 88' lang='lat' dir='ltr'><strong>monachus,</strong></span> <span class='ocrx_word' id='word_1_429' title='bbox 1362 3083 1439 3138; x_wconf 88' lang='lat' dir='ltr'><strong>de</strong></span> <span class='ocrx_word' id='word_1_430' title='bbox 1466 3083 1642 3155; x_wconf 90' lang='lat' dir='ltr'><strong>plebe</strong></span> <span class='ocrx_word' id='word_1_431' title='bbox 1683 3084 1874 3141; x_wconf 84' lang='lat' dir='ltr'><strong>sancti</strong></span> <span class='ocrx_word' id='word_1_432' title='bbox 1916 3080 1953 3091; x_wconf 55' lang='grc' dir='ltr'>ν</span> <span class='ocrx_word' id='word_1_433' title='bbox 1984 3080 2255 3152; x_wconf 87' lang='lat' dir='ltr'><strong>prandus</strong></span> <span class='ocrx_word' id='word_1_434' title='bbox 2281 3081 2355 3135; x_wconf 91' lang='lat' dir='ltr'><strong>de</strong></span> <span class='ocrx_word' id='word_1_435' title='bbox 2386 3081 2559 3153; x_wconf 84' lang='lat' dir='ltr'><strong>plebe</strong></span> <span class='ocrx_word' id='word_1_436' title='bbox 2609 3082 2797 3137; x_wconf 86' lang='lat' dir='ltr'><strong>sancti</strong></span> <span class='ocrx_word' id='word_1_437' title='bbox 2848 3082 3098 3137; x_wconf 70' lang='lat' dir='ltr'><strong>Andreae</strong></span> <span class='ocrx_word' id='word_1_438' title='bbox 3150 3083 3415 3139; x_wconf 89' lang='lat' dir='ltr'><strong>similiter</strong></span> <span class='ocrx_word' id='word_1_439' title='bbox 3460 3084 3627 3140; x_wconf 83' lang='lat' dir='ltr'><strong>dixit.</strong></span> 
     </span>
    </p>
   </div>
   <div class='ocr_carea' id='block_1_63' title="bbox 211 3169 1874 3243">
    <p class='ocr_par' dir='ltr' id='par_1_63' title="bbox 211 3169 1874 3243">
     <span class='ocr_line' id='line_1_63' title="bbox 211 3169 1874 3243; baseline 0.004 -18"><span class='ocrx_word' id='word_1_440' title='bbox 211 3169 506 3243; x_wconf 85' lang='lat' dir='ltr'><strong>Stephani</strong></span> <span class='ocrx_word' id='word_1_441' title='bbox 535 3169 611 3226; x_wconf 88' lang='lat' dir='ltr'><strong>de</strong></span> <span class='ocrx_word' id='word_1_442' title='bbox 666 3169 936 3226; x_wconf 90' lang='lat' dir='ltr'><strong>Cinnano</strong></span> <span class='ocrx_word' id='word_1_443' title='bbox 966 3187 979 3224; x_wconf 91' lang='lat'><strong>:</strong></span> <span class='ocrx_word' id='word_1_444' title='bbox 1015 3170 1332 3237; x_wconf 88' lang='lat' dir='ltr'><strong>Gesilarus,</strong></span> <span class='ocrx_word' id='word_1_445' title='bbox 1391 3172 1874 3243; x_wconf 85' lang='lat' dir='ltr'><strong>archipresbyter</strong></span> 
     </span>
    </p>
   </div>
   <div class='ocr_carea' id='block_1_64' title="bbox 204 3259 1872 3331">
    <p class='ocr_par' dir='ltr' id='par_1_64' title="bbox 204 3259 1872 3331">
     <span class='ocr_line' id='line_1_64' title="bbox 204 3259 1872 3331; baseline 0.001 -16"><span class='ocrx_word' id='word_1_446' title='bbox 204 3264 434 3316; x_wconf 71' lang='lat' dir='ltr'><strong>sanctas</strong></span> <span class='ocrx_word' id='word_1_447' title='bbox 460 3259 652 3317; x_wconf 77' lang='lat' dir='ltr'><strong>Mariae</strong></span> <span class='ocrx_word' id='word_1_448' title='bbox 678 3259 738 3314; x_wconf 91' lang='lat' dir='ltr'><strong>in</strong></span> <span class='ocrx_word' id='word_1_449' title='bbox 762 3260 925 3316; x_wconf 88' lang='lat' dir='ltr'><strong>Pava</strong></span> <span class='ocrx_word' id='word_1_450' title='bbox 957 3278 969 3315; x_wconf 91' lang='lat'>:</span> <span class='ocrx_word' id='word_1_451' title='bbox 1001 3259 1420 3330; x_wconf 78' lang='lat' dir='ltr'><strong>Malperianus,</strong></span> <span class='ocrx_word' id='word_1_452' title='bbox 1454 3260 1765 3331; x_wconf 85' lang='lat' dir='ltr'><strong>presbyter</strong></span> <span class='ocrx_word' id='word_1_453' title='bbox 1798 3261 1872 3323; x_wconf 82' lang='lat' dir='ltr'><strong>de</strong></span> 
     </span>
    </p>
   </div>
   <div class='ocr_carea' id='block_1_65' title="bbox 207 3348 1874 3422">
    <p class='ocr_par' dir='ltr' id='par_1_65' title="bbox 207 3348 1874 3422">
     <span class='ocr_line' id='line_1_65' title="bbox 207 3348 1874 3422; baseline 0.002 -17"><span class='ocrx_word' id='word_1_454' title='bbox 207 3349 381 3420; x_wconf 89' lang='lat' dir='ltr'><strong>plebe</strong></span> <span class='ocrx_word' id='word_1_455' title='bbox 406 3353 632 3407; x_wconf 64' lang='lat' dir='ltr'><strong>sancta:</strong></span> <span class='ocrx_word' id='word_1_456' title='bbox 659 3348 850 3407; x_wconf 62' lang='lat' dir='ltr'><strong>Maria:</strong></span> <span class='ocrx_word' id='word_1_457' title='bbox 879 3348 954 3404; x_wconf 87' lang='lat' dir='ltr'><strong>de</strong></span> <span class='ocrx_word' id='word_1_458' title='bbox 1005 3348 1200 3404; x_wconf 90' lang='lat' dir='ltr'><strong>Soleta</strong></span> <span class='ocrx_word' id='word_1_459' title='bbox 1229 3366 1242 3403; x_wconf 90' lang='lat'><strong>:</strong></span> <span class='ocrx_word' id='word_1_460' title='bbox 1278 3348 1665 3415; x_wconf 87' lang='lat' dir='ltr'><strong>Lanfrancus,</strong></span> <span class='ocrx_word' id='word_1_461' title='bbox 1711 3366 1874 3422; x_wconf 86' lang='lat' dir='ltr'><strong>pres-</strong></span> 
     </span>
    </p>
   </div>
   <div class='ocr_carea' id='block_1_66' title="bbox 206 3437 1871 3511">
    <p class='ocr_par' dir='ltr' id='par_1_66' title="bbox 206 3437 1871 3511">
     <span class='ocr_line' id='line_1_66' title="bbox 206 3437 1871 3511; baseline 0.002 -17"><span class='ocrx_word' id='word_1_462' title='bbox 206 3437 379 3511; x_wconf 88' lang='lat' dir='ltr'><strong>byter</strong></span> <span class='ocrx_word' id='word_1_463' title='bbox 409 3439 489 3495; x_wconf 90' lang='lat' dir='ltr'><strong>de</strong></span> <span class='ocrx_word' id='word_1_464' title='bbox 518 3438 696 3511; x_wconf 89' lang='lat' dir='ltr'><strong>plebe</strong></span> <span class='ocrx_word' id='word_1_465' title='bbox 724 3443 945 3495; x_wconf 63' lang='lat' dir='ltr'><strong>sanctas</strong></span> <span class='ocrx_word' id='word_1_466' title='bbox 997 3440 1191 3497; x_wconf 73' lang='lat' dir='ltr'><strong>Mariae</strong></span> <span class='ocrx_word' id='word_1_467' title='bbox 1221 3439 1296 3496; x_wconf 89' lang='lat' dir='ltr'><strong>de</strong></span> <span class='ocrx_word' id='word_1_468' title='bbox 1348 3441 1585 3497; x_wconf 87' lang='lat' dir='ltr'><strong>Cusona</strong></span> <span class='ocrx_word' id='word_1_469' title='bbox 1620 3458 1631 3507; x_wconf 91' lang='lat'><strong>;</strong></span> <span class='ocrx_word' id='word_1_470' title='bbox 1684 3442 1871 3497; x_wconf 84' lang='lat' dir='ltr'><strong>Bene-</strong></span> 
     </span>
    </p>
   </div>
   <div class='ocr_carea' id='block_1_67' title="bbox 209 3526 1873 3600">
    <p class='ocr_par' dir='ltr' id='par_1_67' title="bbox 209 3526 1873 3600">
     <span class='ocr_line' id='line_1_67' title="bbox 209 3526 1873 3600; baseline 0.002 -17"><span class='ocrx_word' id='word_1_471' title='bbox 209 3527 421 3593; x_wconf 85' lang='lat' dir='ltr'><strong>dictus,</strong></span> <span class='ocrx_word' id='word_1_472' title='bbox 456 3526 938 3600; x_wconf 89' lang='lat' dir='ltr'><strong>archipresbyter</strong></span> <span class='ocrx_word' id='word_1_473' title='bbox 965 3528 1042 3584; x_wconf 92' lang='lat' dir='ltr'><strong>de</strong></span> <span class='ocrx_word' id='word_1_474' title='bbox 1068 3527 1240 3600; x_wconf 88' lang='lat' dir='ltr'><strong>plebe</strong></span> <span class='ocrx_word' id='word_1_475' title='bbox 1273 3527 1462 3585; x_wconf 90' lang='lat' dir='ltr'><strong>sancti</strong></span> <span class='ocrx_word' id='word_1_476' title='bbox 1492 3527 1603 3586; x_wconf 88' lang='lat' dir='ltr'><strong>Viti</strong></span> <span class='ocrx_word' id='word_1_477' title='bbox 1636 3529 1873 3587; x_wconf 86' lang='lat' dir='ltr'><strong>Vitalia-</strong></span> 
     </span>
    </p>
   </div>
   <div class='ocr_carea' id='block_1_68' title="bbox 210 3617 1869 3691">
    <p class='ocr_par' dir='ltr' id='par_1_68' title="bbox 210 3617 1869 3691">
     <span class='ocr_line' id='line_1_68' title="bbox 210 3617 1869 3691; baseline 0.003 -19"><span class='ocrx_word' id='word_1_478' title='bbox 210 3632 289 3673; x_wconf 92' lang='lat' dir='ltr'><strong>no</strong></span> <span class='ocrx_word' id='word_1_479' title='bbox 321 3634 335 3674; x_wconf 92' lang='lat'><strong>:</strong></span> <span class='ocrx_word' id='word_1_480' title='bbox 368 3617 778 3689; x_wconf 77' lang='lat' dir='ltr'><strong>Agiprandus,</strong></span> <span class='ocrx_word' id='word_1_481' title='bbox 806 3617 1284 3691; x_wconf 85' lang='lat' dir='ltr'><strong>archipresbyter</strong></span> <span class='ocrx_word' id='word_1_482' title='bbox 1335 3617 1410 3673; x_wconf 93' lang='lat' dir='ltr'><strong>de</strong></span> <span class='ocrx_word' id='word_1_483' title='bbox 1464 3617 1638 3689; x_wconf 87' lang='lat' dir='ltr'><strong>plebe</strong></span> <span class='ocrx_word' id='word_1_484' title='bbox 1679 3620 1869 3677; x_wconf 88' lang='lat' dir='ltr'><strong>sancti</strong></span> 
     </span>
    </p>
   </div>
   <div class='ocr_carea' id='block_1_69' title="bbox 213 3705 1870 3780">
    <p class='ocr_par' dir='ltr' id='par_1_69' title="bbox 213 3705 1870 3780">
     <span class='ocr_line' id='line_1_69' title="bbox 213 3705 1870 3780; baseline 0.002 -19"><span class='ocrx_word' id='word_1_485' title='bbox 213 3706 462 3761; x_wconf 76' lang='lat' dir='ltr'><strong>Andreae</strong></span> <span class='ocrx_word' id='word_1_486' title='bbox 517 3706 812 3773; x_wconf 75' lang='lat' dir='ltr'><strong>Malcino;</strong></span> <span class='ocrx_word' id='word_1_487' title='bbox 869 3706 1135 3774; x_wconf 88' lang='lat' dir='ltr'><strong>Leucari,</strong></span> <span class='ocrx_word' id='word_1_488' title='bbox 1206 3705 1519 3779; x_wconf 87' lang='lat' dir='ltr'><strong>presbyter</strong></span> <span class='ocrx_word' id='word_1_489' title='bbox 1569 3707 1643 3765; x_wconf 91' lang='lat' dir='ltr'><strong>de</strong></span> <span class='ocrx_word' id='word_1_490' title='bbox 1694 3708 1870 3780; x_wconf 89' lang='lat' dir='ltr'><strong>plebe</strong></span> 
     </span>
    </p>
   </div>
   <div class='ocr_carea' id='block_1_70' title="bbox 216 3795 1872 3870">
    <p class='ocr_par' dir='ltr' id='par_1_70' title="bbox 216 3795 1872 3870">
     <span class='ocr_line' id='line_1_70' title="bbox 216 3795 1872 3870; baseline 0.003 -19"><span class='ocrx_word' id='word_1_491' title='bbox 216 3801 440 3851; x_wconf 55' lang='lat' dir='ltr'><strong>sanctas</strong></span> <span class='ocrx_word' id='word_1_492' title='bbox 461 3796 647 3853; x_wconf 72' lang='lat' dir='ltr'><strong>Mariae</strong></span> <span class='ocrx_word' id='word_1_493' title='bbox 672 3796 735 3851; x_wconf 91' lang='lat' dir='ltr'><strong>in</strong></span> <span class='ocrx_word' id='word_1_494' title='bbox 783 3798 994 3864; x_wconf 91' lang='lat' dir='ltr'><strong>Sexta;</strong></span> <span class='ocrx_word' id='word_1_495' title='bbox 1041 3795 1334 3868; x_wconf 76' lang='lat' dir='ltr'><strong>Aliperus,</strong></span> <span class='ocrx_word' id='word_1_496' title='bbox 1390 3796 1872 3870; x_wconf 88' lang='lat' dir='ltr'><strong>archipresbyter</strong></span> 
     </span>
    </p>
   </div>
   <div class='ocr_carea' id='block_1_71' title="bbox 218 3882 1867 3955">
    <p class='ocr_par' dir='ltr' id='par_1_71' title="bbox 218 3882 1867 3955">
     <span class='ocr_line' id='line_1_71' title="bbox 218 3882 1867 3955; baseline 0.004 -18"><span class='ocrx_word' id='word_1_497' title='bbox 218 3882 294 3938; x_wconf 91' lang='lat' dir='ltr'><strong>de</strong></span> <span class='ocrx_word' id='word_1_498' title='bbox 318 3882 494 3955; x_wconf 89' lang='lat' dir='ltr'><strong>plebe</strong></span> <span class='ocrx_word' id='word_1_499' title='bbox 519 3886 703 3940; x_wconf 90' lang='lat' dir='ltr'><strong>sancti</strong></span> <span class='ocrx_word' id='word_1_500' title='bbox 735 3884 947 3940; x_wconf 88' lang='lat' dir='ltr'><strong>Donati</strong></span> <span class='ocrx_word' id='word_1_501' title='bbox 985 3884 1060 3940; x_wconf 94' lang='lat' dir='ltr'><strong>de</strong></span> <span class='ocrx_word' id='word_1_502' title='bbox 1103 3884 1325 3941; x_wconf 89' lang='lat' dir='ltr'><strong>Ziliano</strong></span> <span class='ocrx_word' id='word_1_503' title='bbox 1351 3904 1363 3951; x_wconf 90' lang='lat'><strong>;</strong></span> <span class='ocrx_word' id='word_1_504' title='bbox 1428 3906 1457 3938; x_wconf 76' lang='grc' dir='ltr'>ι</span> <span class='ocrx_word' id='word_1_505' title='bbox 1486 3885 1550 3942; x_wconf 84' lang='lat' dir='ltr'><strong>Hi</strong></span> <span class='ocrx_word' id='word_1_506' title='bbox 1576 3892 1719 3943; x_wconf 90' lang='lat' dir='ltr'><strong>sunt</strong></span> <span class='ocrx_word' id='word_1_507' title='bbox 1748 3887 1867 3944; x_wconf 90' lang='lat' dir='ltr'><strong>mei</strong></span> 
     </span>
    </p>
   </div>
   <div class='ocr_carea' id='block_1_72' title="bbox 218 3973 1867 4047">
    <p class='ocr_par' dir='ltr' id='par_1_72' title="bbox 218 3973 1867 4047">
     <span class='ocr_line' id='line_1_72' title="bbox 218 3973 1867 4047; baseline 0 -17"><span class='ocrx_word' id='word_1_508' title='bbox 218 3973 710 4046; x_wconf 85' lang='lat' dir='ltr'><strong>archipresbyteri</strong></span> <span class='ocrx_word' id='word_1_509' title='bbox 738 3974 815 4031; x_wconf 90' lang='lat' dir='ltr'><strong>de</strong></span> <span class='ocrx_word' id='word_1_510' title='bbox 842 3975 972 4045; x_wconf 89' lang='lat' dir='ltr'><strong>jam</strong></span> <span class='ocrx_word' id='word_1_511' title='bbox 993 3974 1166 4033; x_wconf 89' lang='lat' dir='ltr'><strong>dictis</strong></span> <span class='ocrx_word' id='word_1_512' title='bbox 1199 3974 1498 4047; x_wconf 88' lang='lat' dir='ltr'><strong>plebibus,</strong></span> <span class='ocrx_word' id='word_1_513' title='bbox 1529 3998 1556 4026; x_wconf 69' lang='grc' dir='ltr'><strong>κ</strong></span> <span class='ocrx_word' id='word_1_514' title='bbox 1589 3976 1739 4032; x_wconf 89' lang='lat' dir='ltr'><strong>dixit</strong></span> <span class='ocrx_word' id='word_1_515' title='bbox 1766 3979 1867 4031; x_wconf 88' lang='lat' dir='ltr'><strong>Pe-</strong></span> 
     </span>
    </p>
   </div>
   <div class='ocr_carea' id='block_1_73' title="bbox 211 4063 1872 4136">
    <p class='ocr_par' dir='ltr' id='par_1_73' title="bbox 211 4063 1872 4136">
     <span class='ocr_line' id='line_1_73' title="bbox 211 4063 1872 4136; baseline -0.001 -15"><span class='ocrx_word' id='word_1_516' title='bbox 211 4065 332 4121; x_wconf 83' lang='lat' dir='ltr'><strong>trus</strong></span> <span class='ocrx_word' id='word_1_517' title='bbox 360 4063 637 4121; x_wconf 80' lang='lat' dir='ltr'><strong>Aretinus</strong></span> <span class='ocrx_word' id='word_1_518' title='bbox 666 4064 1009 4136; x_wconf 90' lang='lat' dir='ltr'><strong>episcopus.</strong></span> <span class='ocrx_word' id='word_1_519' title='bbox 1040 4067 1189 4120; x_wconf 90' lang='lat' dir='ltr'><strong>Tum</strong></span> <span class='ocrx_word' id='word_1_520' title='bbox 1218 4078 1331 4121; x_wconf 89' lang='lat' dir='ltr'><strong>nos</strong></span> <span class='ocrx_word' id='word_1_521' title='bbox 1352 4067 1466 4120; x_wconf 85' lang='lat' dir='ltr'><strong>Leo</strong></span> <span class='ocrx_word' id='word_1_522' title='bbox 1507 4080 1670 4136; x_wconf 86' lang='lat' dir='ltr'><strong>papa</strong></span> <span class='ocrx_word' id='word_1_523' title='bbox 1693 4064 1872 4135; x_wconf 87' lang='lat' dir='ltr'><strong>jussi-</strong></span> 
     </span>
    </p>
   </div>
   <div class='ocr_carea' id='block_1_74' title="bbox 204 4152 1869 4224">
    <p class='ocr_par' dir='ltr' id='par_1_74' title="bbox 204 4152 1869 4224">
     <span class='ocr_line' id='line_1_74' title="bbox 204 4152 1869 4224; baseline 0.001 -17"><span class='ocrx_word' id='word_1_524' title='bbox 204 4167 338 4207; x_wconf 91' lang='lat' dir='ltr'><strong>mus</strong></span> <span class='ocrx_word' id='word_1_525' title='bbox 365 4152 592 4209; x_wconf 79' lang='lat' dir='ltr'><strong>librum</strong></span> <span class='ocrx_word' id='word_1_526' title='bbox 622 4153 1079 4222; x_wconf 87' lang='lat' dir='ltr'><strong>Evangeliorum</strong></span> <span class='ocrx_word' id='word_1_527' title='bbox 1110 4153 1171 4208; x_wconf 92' lang='lat' dir='ltr'><strong>in</strong></span> <span class='ocrx_word' id='word_1_528' title='bbox 1195 4153 1397 4210; x_wconf 89' lang='lat' dir='ltr'><strong>medio</strong></span> <span class='ocrx_word' id='word_1_529' title='bbox 1419 4152 1672 4209; x_wconf 87' lang='lat' dir='ltr'><strong>concilio</strong></span> <span class='ocrx_word' id='word_1_530' title='bbox 1700 4152 1869 4224; x_wconf 89' lang='lat' dir='ltr'><strong>poni,</strong></span> 
     </span>
    </p>
   </div>
   <div class='ocr_carea' id='block_1_75' title="bbox 204 4239 1865 4314">
    <p class='ocr_par' dir='ltr' id='par_1_75' title="bbox 204 4239 1865 4314">
     <span class='ocr_line' id='line_1_75' title="bbox 204 4239 1865 4314; baseline -0.002 -13"><span class='ocrx_word' id='word_1_531' title='bbox 204 4241 508 4314; x_wconf 83' lang='lat' dir='ltr'><strong>simulque</strong></span> <span class='ocrx_word' id='word_1_532' title='bbox 530 4245 747 4301; x_wconf 75' lang='lat' dir='ltr'><strong>sanctae</strong></span> <span class='ocrx_word' id='word_1_533' title='bbox 786 4242 979 4298; x_wconf 90' lang='lat' dir='ltr'><strong>crucis</strong></span> <span class='ocrx_word' id='word_1_534' title='bbox 1029 4240 1312 4297; x_wconf 86' lang='lat' dir='ltr'><strong>vexillum</strong></span> <span class='ocrx_word' id='word_1_535' title='bbox 1361 4240 1510 4296; x_wconf 92' lang='lat' dir='ltr'><strong>inibi</strong></span> <span class='ocrx_word' id='word_1_536' title='bbox 1566 4239 1865 4297; x_wconf 89' lang='lat' dir='ltr'><strong>collocari.</strong></span> 
     </span>
    </p>
   </div>
   <div class='ocr_carea' id='block_1_76' title="bbox 202 4329 1869 4403">
    <p class='ocr_par' dir='ltr' id='par_1_76' title="bbox 202 4329 1869 4403">
     <span class='ocr_line' id='line_1_76' title="bbox 202 4329 1869 4403; baseline -0.001 -17"><span class='ocrx_word' id='word_1_537' title='bbox 202 4334 388 4402; x_wconf 78' lang='lat' dir='ltr'><strong>Atque</strong></span> <span class='ocrx_word' id='word_1_538' title='bbox 410 4345 525 4403; x_wconf 88' lang='lat' dir='ltr'><strong>per</strong></span> <span class='ocrx_word' id='word_1_539' title='bbox 549 4330 678 4386; x_wconf 76' lang='lat' dir='ltr'><strong>haec</strong></span> <span class='ocrx_word' id='word_1_540' title='bbox 708 4330 989 4385; x_wconf 86' lang='lat' dir='ltr'><strong>sciscitati</strong></span> <span class='ocrx_word' id='word_1_541' title='bbox 1019 4345 1228 4385; x_wconf 89' lang='lat' dir='ltr'><strong>sumus</strong></span> <span class='ocrx_word' id='word_1_542' title='bbox 1261 4347 1275 4384; x_wconf 87' lang='lat'><strong>:</strong></span> <span class='ocrx_word' id='word_1_543' title='bbox 1310 4351 1338 4380; x_wconf 75' lang='grc' dir='ltr'>κ</span> <span class='ocrx_word' id='word_1_544' title='bbox 1360 4329 1570 4385; x_wconf 80' lang='lat' dir='ltr'><strong>Audite</strong></span> <span class='ocrx_word' id='word_1_545' title='bbox 1616 4346 1746 4399; x_wconf 88' lang='lat' dir='ltr'><strong>vos,</strong></span> <span class='ocrx_word' id='word_1_546' title='bbox 1780 4346 1869 4386; x_wconf 89' lang='lat' dir='ltr'><strong>sa-</strong></span> 
     </span>
    </p>
   </div>
   <div class='ocr_carea' id='block_1_77' title="bbox 1986 3170 3629 3243">
    <p class='ocr_par' dir='ltr' id='par_1_77' title="bbox 1986 3170 3629 3243">
     <span class='ocr_line' id='line_1_77' title="bbox 1986 3170 3629 3243; baseline 0.002 -18"><span class='ocrx_word' id='word_1_547' title='bbox 1986 3170 2296 3226; x_wconf 84' lang='lat' dir='ltr'><strong>Laufridus</strong></span> <span class='ocrx_word' id='word_1_548' title='bbox 2326 3170 2807 3243; x_wconf 87' lang='lat' dir='ltr'><strong>archipresbyter</strong></span> <span class='ocrx_word' id='word_1_549' title='bbox 2828 3175 3049 3226; x_wconf 69' lang='lat' dir='ltr'><strong>sanctae</strong></span> <span class='ocrx_word' id='word_1_550' title='bbox 3079 3172 3269 3227; x_wconf 65' lang='lat' dir='ltr'><strong>Maria:</strong></span> <span class='ocrx_word' id='word_1_551' title='bbox 3298 3171 3375 3227; x_wconf 91' lang='lat' dir='ltr'><strong>de</strong></span> <span class='ocrx_word' id='word_1_552' title='bbox 3428 3173 3629 3229; x_wconf 90' lang='lat' dir='ltr'><strong>Osona</strong></span> 
     </span>
    </p>
   </div>
   <div class='ocr_carea' id='block_1_78' title="bbox 1982 3258 3626 3334">
    <p class='ocr_par' dir='ltr' id='par_1_78' title="bbox 1982 3258 3626 3334">
     <span class='ocr_line' id='line_1_78' title="bbox 1982 3258 3626 3334; baseline 0.002 -21"><span class='ocrx_word' id='word_1_553' title='bbox 1982 3259 2247 3314; x_wconf 87' lang='lat' dir='ltr'><strong>similiter</strong></span> <span class='ocrx_word' id='word_1_554' title='bbox 2275 3259 2442 3314; x_wconf 85' lang='lat' dir='ltr'><strong>dixit.</strong></span> <span class='ocrx_word' id='word_1_555' title='bbox 2506 3260 2751 3314; x_wconf 84' lang='lat' dir='ltr'><strong>Laucari</strong></span> <span class='ocrx_word' id='word_1_556' title='bbox 2801 3258 3280 3334; x_wconf 88' lang='lat' dir='ltr'><strong>archipresbyter</strong></span> <span class='ocrx_word' id='word_1_557' title='bbox 3331 3259 3406 3316; x_wconf 92' lang='lat' dir='ltr'><strong>de</strong></span> <span class='ocrx_word' id='word_1_558' title='bbox 3450 3260 3626 3334; x_wconf 91' lang='lat' dir='ltr'><strong>plebe</strong></span> 
     </span>
    </p>
   </div>
   <div class='ocr_carea' id='block_1_79' title="bbox 1981 3346 3626 3407">
    <p class='ocr_par' dir='ltr' id='par_1_79' title="bbox 1981 3346 3626 3407">
     <span class='ocr_line' id='line_1_79' title="bbox 1981 3346 3626 3407; baseline 0.002 -4"><span class='ocrx_word' id='word_1_559' title='bbox 1981 3354 2201 3403; x_wconf 72' lang='lat' dir='ltr'><strong>sanctae</strong></span> <span class='ocrx_word' id='word_1_560' title='bbox 2230 3347 2421 3407; x_wconf 80' lang='lat' dir='ltr'><strong>Mariae</strong></span> <span class='ocrx_word' id='word_1_561' title='bbox 2440 3346 2514 3402; x_wconf 93' lang='lat' dir='ltr'><strong>de</strong></span> <span class='ocrx_word' id='word_1_562' title='bbox 2547 3349 2721 3403; x_wconf 88' lang='lat' dir='ltr'><strong>Sexta</strong></span> <span class='ocrx_word' id='word_1_563' title='bbox 2750 3347 3015 3404; x_wconf 89' lang='lat' dir='ltr'><strong>similiter</strong></span> <span class='ocrx_word' id='word_1_564' title='bbox 3043 3348 3209 3405; x_wconf 79' lang='lat' dir='ltr'><strong>dixit.</strong></span> <span class='ocrx_word' id='word_1_565' title='bbox 3243 3351 3462 3406; x_wconf 90' lang='lat' dir='ltr'><strong>Omnes</strong></span> <span class='ocrx_word' id='word_1_566' title='bbox 3514 3348 3626 3406; x_wconf 89' lang='lat' dir='ltr'><strong>ita-</strong></span> 
     </span>
    </p>
   </div>
   <div class='ocr_carea' id='block_1_80' title="bbox 1978 3437 3628 3513">
    <p class='ocr_par' dir='ltr' id='par_1_80' title="bbox 1978 3437 3628 3513">
     <span class='ocr_line' id='line_1_80' title="bbox 1978 3437 3628 3513; baseline 0.003 -22"><span class='ocrx_word' id='word_1_567' title='bbox 1978 3453 2117 3510; x_wconf 87' lang='lat' dir='ltr'><strong>que,</strong></span> <span class='ocrx_word' id='word_1_568' title='bbox 2145 3453 2214 3491; x_wconf 90' lang='lat' dir='ltr'><strong>ac</strong></span> <span class='ocrx_word' id='word_1_569' title='bbox 2237 3437 2285 3492; x_wconf 88' lang='lat' dir='ltr'><strong>si</strong></span> <span class='ocrx_word' id='word_1_570' title='bbox 2315 3453 2437 3493; x_wconf 91' lang='lat' dir='ltr'><strong>uno</strong></span> <span class='ocrx_word' id='word_1_571' title='bbox 2466 3453 2568 3493; x_wconf 89' lang='lat' dir='ltr'><strong>ore</strong></span> <span class='ocrx_word' id='word_1_572' title='bbox 2600 3438 2842 3494; x_wconf 91' lang='lat' dir='ltr'><strong>Senensi</strong></span> <span class='ocrx_word' id='word_1_573' title='bbox 2867 3437 3129 3495; x_wconf 65' lang='lat' dir='ltr'><strong>ecclesiae</strong></span> <span class='ocrx_word' id='word_1_574' title='bbox 3150 3438 3434 3511; x_wconf 55' lang='lat' dir='ltr'><strong>praedicta</strong></span> <span class='ocrx_word' id='word_1_575' title='bbox 3453 3454 3628 3513; x_wconf 89' lang='lat' dir='ltr'><strong>paro-</strong></span> 
     </span>
    </p>
   </div>
   <div class='ocr_carea' id='block_1_81' title="bbox 1980 3525 3624 3602">
    <p class='ocr_par' dir='ltr' id='par_1_81' title="bbox 1980 3525 3624 3602">
     <span class='ocr_line' id='line_1_81' title="bbox 1980 3525 3624 3602; baseline 0.003 -22"><span class='ocrx_word' id='word_1_576' title='bbox 1980 3525 2144 3581; x_wconf 88' lang='lat' dir='ltr'><strong>chias</strong></span> <span class='ocrx_word' id='word_1_577' title='bbox 2171 3525 2487 3598; x_wconf 89' lang='lat' dir='ltr'><strong>pertinent,</strong></span> <span class='ocrx_word' id='word_1_578' title='bbox 2520 3531 2575 3583; x_wconf 91' lang='lat' dir='ltr'><strong>et</strong></span> <span class='ocrx_word' id='word_1_579' title='bbox 2595 3526 2927 3583; x_wconf 89' lang='lat' dir='ltr'><strong>rectissimo</strong></span> <span class='ocrx_word' id='word_1_580' title='bbox 2948 3528 3081 3600; x_wconf 88' lang='lat' dir='ltr'><strong>jure</strong></span> <span class='ocrx_word' id='word_1_581' title='bbox 3101 3528 3321 3602; x_wconf 89' lang='lat' dir='ltr'><strong>pariter</strong></span> <span class='ocrx_word' id='word_1_582' title='bbox 3348 3533 3624 3585; x_wconf 88' lang='lat' dir='ltr'><strong>constan-</strong></span> 
     </span>
    </p>
   </div>
   <div class='ocr_carea' id='block_1_82' title="bbox 1980 3616 3627 3693">
    <p class='ocr_par' dir='ltr' id='par_1_82' title="bbox 1980 3616 3627 3693">
     <span class='ocr_line' id='line_1_82' title="bbox 1980 3616 3627 3693; baseline 0.003 -22"><span class='ocrx_word' id='word_1_583' title='bbox 1980 3622 2065 3671; x_wconf 86' lang='lat' dir='ltr'><strong>ter</strong></span> <span class='ocrx_word' id='word_1_584' title='bbox 2094 3616 2460 3673; x_wconf 85' lang='lat' dir='ltr'><strong>asserebant.</strong></span> <span class='ocrx_word' id='word_1_585' title='bbox 2488 3618 2695 3673; x_wconf 89' lang='lat' dir='ltr'><strong>Petrus</strong></span> <span class='ocrx_word' id='word_1_586' title='bbox 2716 3635 2858 3674; x_wconf 92' lang='lat' dir='ltr'><strong>vero</strong></span> <span class='ocrx_word' id='word_1_587' title='bbox 2886 3618 3014 3675; x_wconf 68' lang='lat' dir='ltr'><strong>haec</strong></span> <span class='ocrx_word' id='word_1_588' title='bbox 3058 3619 3325 3687; x_wconf 90' lang='lat' dir='ltr'><strong>audiens,</strong></span> <span class='ocrx_word' id='word_1_589' title='bbox 3379 3619 3627 3693; x_wconf 65' lang='lat' dir='ltr'><strong>praedic-</strong></span> 
     </span>
    </p>
   </div>
   <div class='ocr_carea' id='block_1_83' title="bbox 1979 3704 3628 3783">
    <p class='ocr_par' dir='ltr' id='par_1_83' title="bbox 1979 3704 3628 3783">
     <span class='ocr_line' id='line_1_83' title="bbox 1979 3704 3628 3783; baseline 0.004 -24"><span class='ocrx_word' id='word_1_590' title='bbox 1979 3708 2070 3759; x_wconf 92' lang='lat' dir='ltr'><strong>tos</strong></span> <span class='ocrx_word' id='word_1_591' title='bbox 2102 3704 2440 3761; x_wconf 89' lang='lat' dir='ltr'><strong>sacerdotes</strong></span> <span class='ocrx_word' id='word_1_592' title='bbox 2470 3706 2875 3763; x_wconf 90' lang='lat' dir='ltr'><strong>testimonium</strong></span> <span class='ocrx_word' id='word_1_593' title='bbox 2912 3707 3184 3771; x_wconf 86' lang='lat' dir='ltr'><strong>ferentes,</strong></span> <span class='ocrx_word' id='word_1_594' title='bbox 3216 3709 3461 3783; x_wconf 87' lang='lat' dir='ltr'><strong>perjurii</strong></span> <span class='ocrx_word' id='word_1_595' title='bbox 3500 3725 3628 3767; x_wconf 90' lang='lat' dir='ltr'><strong>rea-</strong></span> 
     </span>
    </p>
   </div>
   <div class='ocr_carea' id='block_1_84' title="bbox 1977 3794 3622 3869">
    <p class='ocr_par' dir='ltr' id='par_1_84' title="bbox 1977 3794 3622 3869">
     <span class='ocr_line' id='line_1_84' title="bbox 1977 3794 3622 3869; baseline 0.004 -21"><span class='ocrx_word' id='word_1_596' title='bbox 1977 3798 2104 3848; x_wconf 91' lang='lat' dir='ltr'><strong>tum</strong></span> <span class='ocrx_word' id='word_1_597' title='bbox 2128 3794 2447 3850; x_wconf 85' lang='lat' dir='ltr'><strong>incurrisse</strong></span> <span class='ocrx_word' id='word_1_598' title='bbox 2478 3795 2787 3864; x_wconf 82' lang='lat' dir='ltr'><strong>arguebat.</strong></span> <span class='ocrx_word' id='word_1_599' title='bbox 2822 3799 2986 3850; x_wconf 89' lang='lat' dir='ltr'><strong>Tunc</strong></span> <span class='ocrx_word' id='word_1_600' title='bbox 3010 3796 3363 3867; x_wconf 88' lang='lat' dir='ltr'><strong>jubentibus</strong></span> <span class='ocrx_word' id='word_1_601' title='bbox 3419 3799 3622 3869; x_wconf 91' lang='lat' dir='ltr'><strong>nobis,</strong></span> 
     </span>
    </p>
   </div>
   <div class='ocr_carea' id='block_1_85' title="bbox 1976 3882 3621 3956">
    <p class='ocr_par' dir='ltr' id='par_1_85' title="bbox 1976 3882 3621 3956">
     <span class='ocr_line' id='line_1_85' title="bbox 1976 3882 3621 3956; baseline 0.002 -19"><span class='ocrx_word' id='word_1_602' title='bbox 1976 3887 2033 3937; x_wconf 91' lang='lat' dir='ltr'><strong>et</strong></span> <span class='ocrx_word' id='word_1_603' title='bbox 2062 3882 2333 3953; x_wconf 88' lang='lat' dir='ltr'><strong>piissimo</strong></span> <span class='ocrx_word' id='word_1_604' title='bbox 2363 3883 2815 3955; x_wconf 88' lang='lat' dir='ltr'><strong>imperatore,et</strong></span> <span class='ocrx_word' id='word_1_605' title='bbox 2843 3882 3115 3938; x_wconf 90' lang='lat' dir='ltr'><strong>universo</strong></span> <span class='ocrx_word' id='word_1_606' title='bbox 3142 3884 3411 3951; x_wconf 90' lang='lat' dir='ltr'><strong>concilio,</strong></span> <span class='ocrx_word' id='word_1_607' title='bbox 3454 3885 3621 3956; x_wconf 91' lang='lat' dir='ltr'><strong>jura-</strong></span> 
     </span>
    </p>
   </div>
   <div class='ocr_carea' id='block_1_86' title="bbox 1975 3970 3623 4043">
    <p class='ocr_par' dir='ltr' id='par_1_86' title="bbox 1975 3970 3623 4043">
     <span class='ocr_line' id='line_1_86' title="bbox 1975 3970 3623 4043; baseline 0.002 -18"><span class='ocrx_word' id='word_1_608' title='bbox 1975 3974 2209 4037; x_wconf 89' lang='lat' dir='ltr'><strong>verunt,</strong></span> <span class='ocrx_word' id='word_1_609' title='bbox 2239 3986 2451 4026; x_wconf 90' lang='lat' dir='ltr'><strong>omnes</strong></span> <span class='ocrx_word' id='word_1_610' title='bbox 2480 3970 2742 4043; x_wconf 78' lang='lat' dir='ltr'><strong>praedicti</strong></span> <span class='ocrx_word' id='word_1_611' title='bbox 2773 3970 3128 4036; x_wconf 90' lang='lat' dir='ltr'><strong>sacerdotes,</strong></span> <span class='ocrx_word' id='word_1_612' title='bbox 3162 3971 3327 4043; x_wconf 89' lang='lat' dir='ltr'><strong>quod</strong></span> <span class='ocrx_word' id='word_1_613' title='bbox 3356 3972 3419 4028; x_wconf 90' lang='lat' dir='ltr'><strong>in</strong></span> <span class='ocrx_word' id='word_1_614' title='bbox 3459 3973 3623 4029; x_wconf 86' lang='lat' dir='ltr'><strong>testi-</strong></span> 
     </span>
    </p>
   </div>
   <div class='ocr_carea' id='block_1_87' title="bbox 1976 4059 3623 4133">
    <p class='ocr_par' dir='ltr' id='par_1_87' title="bbox 1976 4059 3623 4133">
     <span class='ocr_line' id='line_1_87' title="bbox 1976 4059 3623 4133; baseline 0.003 -19"><span class='ocrx_word' id='word_1_615' title='bbox 1976 4059 2251 4115; x_wconf 90' lang='lat' dir='ltr'><strong>monium</strong></span> <span class='ocrx_word' id='word_1_616' title='bbox 2280 4059 2550 4130; x_wconf 90' lang='lat' dir='ltr'><strong>perducti</strong></span> <span class='ocrx_word' id='word_1_617' title='bbox 2581 4060 2722 4115; x_wconf 89' lang='lat' dir='ltr'><strong>satis</strong></span> <span class='ocrx_word' id='word_1_618' title='bbox 2746 4075 2889 4115; x_wconf 89' lang='lat' dir='ltr'><strong>vera</strong></span> <span class='ocrx_word' id='word_1_619' title='bbox 2919 4064 2975 4114; x_wconf 91' lang='lat' dir='ltr'><strong>et</strong></span> <span class='ocrx_word' id='word_1_620' title='bbox 3024 4060 3367 4133; x_wconf 90' lang='lat' dir='ltr'><strong>probabilia</strong></span> <span class='ocrx_word' id='word_1_621' title='bbox 3418 4076 3623 4119; x_wconf 88' lang='lat' dir='ltr'><strong>narra-</strong></span> 
     </span>
    </p>
   </div>
   <div class='ocr_carea' id='block_1_88' title="bbox 1976 4147 3279 4217">
    <p class='ocr_par' dir='ltr' id='par_1_88' title="bbox 1976 4147 3279 4217">
     <span class='ocr_line' id='line_1_88' title="bbox 1976 4147 3279 4217; baseline 0.002 -13"><span class='ocrx_word' id='word_1_622' title='bbox 1976 4153 2125 4217; x_wconf 90' lang='lat' dir='ltr'><strong>rent,</strong></span> <span class='ocrx_word' id='word_1_623' title='bbox 2157 4152 2215 4203; x_wconf 92' lang='lat' dir='ltr'><strong>et</strong></span> <span class='ocrx_word' id='word_1_624' title='bbox 2243 4147 2394 4203; x_wconf 87' lang='lat' dir='ltr'><strong>sicut</strong></span> <span class='ocrx_word' id='word_1_625' title='bbox 2422 4148 2712 4213; x_wconf 87' lang='lat' dir='ltr'><strong>dixerant,</strong></span> <span class='ocrx_word' id='word_1_626' title='bbox 2747 4163 2808 4203; x_wconf 90' lang='lat' dir='ltr'><strong>se</strong></span> <span class='ocrx_word' id='word_1_627' title='bbox 2834 4148 3015 4205; x_wconf 90' lang='lat' dir='ltr'><strong>habet</strong></span> <span class='ocrx_word' id='word_1_628' title='bbox 3041 4149 3279 4206; x_wconf 90' lang='lat' dir='ltr'><strong>veritas.</strong></span> 
     </span>
    </p>
   </div>
   <div class='ocr_carea' id='block_1_89' title="bbox 2047 4237 3621 4310">
    <p class='ocr_par' dir='ltr' id='par_1_89' title="bbox 2047 4237 3621 4310">
     <span class='ocr_line' id='line_1_89' title="bbox 2047 4237 3621 4310; baseline 0.003 -17"><span class='ocrx_word' id='word_1_629' title='bbox 2047 4240 2208 4293; x_wconf 91' lang='lat' dir='ltr'><strong>Tunc</strong></span> <span class='ocrx_word' id='word_1_630' title='bbox 2269 4252 2383 4292; x_wconf 90' lang='lat' dir='ltr'><strong>nos</strong></span> <span class='ocrx_word' id='word_1_631' title='bbox 2415 4238 2526 4295; x_wconf 87' lang='lat' dir='ltr'><strong>Leo</strong></span> <span class='ocrx_word' id='word_1_632' title='bbox 2558 4253 2831 4292; x_wconf 88' lang='lat' dir='ltr'><strong>summus</strong></span> <span class='ocrx_word' id='word_1_633' title='bbox 2851 4237 3119 4310; x_wconf 84' lang='lat' dir='ltr'><strong>pontifex</strong></span> <span class='ocrx_word' id='word_1_634' title='bbox 3143 4239 3227 4294; x_wconf 91' lang='lat' dir='ltr'><strong>sic</strong></span> <span class='ocrx_word' id='word_1_635' title='bbox 3259 4238 3334 4295; x_wconf 89' lang='lat' dir='ltr'><strong>ad</strong></span> <span class='ocrx_word' id='word_1_636' title='bbox 3384 4243 3621 4297; x_wconf 89' lang='lat' dir='ltr'><strong>Petrum</strong></span> 
     </span>
    </p>
   </div>
   <div class='ocr_carea' id='block_1_90' title="bbox 1978 4325 3618 4399">
    <p class='ocr_par' dir='ltr' id='par_1_90' title="bbox 1978 4325 3618 4399">
     <span class='ocr_line' id='line_1_90' title="bbox 1978 4325 3618 4399; baseline 0.002 -17"><span class='ocrx_word' id='word_1_637' title='bbox 1978 4326 2352 4399; x_wconf 90' lang='lat' dir='ltr'><strong>episcopum,</strong></span> <span class='ocrx_word' id='word_1_638' title='bbox 2382 4331 2441 4382; x_wconf 89' lang='lat' dir='ltr'><strong>et</strong></span> <span class='ocrx_word' id='word_1_639' title='bbox 2468 4325 2547 4381; x_wconf 88' lang='lat' dir='ltr'><strong>ad</strong></span> <span class='ocrx_word' id='word_1_640' title='bbox 2576 4342 2755 4383; x_wconf 90' lang='lat' dir='ltr'><strong>omne</strong></span> <span class='ocrx_word' id='word_1_641' title='bbox 2784 4327 3104 4383; x_wconf 91' lang='lat' dir='ltr'><strong>concilium</strong></span> <span class='ocrx_word' id='word_1_642' title='bbox 3149 4327 3309 4385; x_wconf 81' lang='lat' dir='ltr'><strong>eﬂ‘ati</strong></span> <span class='ocrx_word' id='word_1_643' title='bbox 3363 4345 3575 4386; x_wconf 86' lang='lat' dir='ltr'><strong>sumus</strong></span> <span class='ocrx_word' id='word_1_644' title='bbox 3603 4347 3618 4386; x_wconf 91' lang='lat'><strong>:</strong></span> 
     </span>
    </p>
   </div>
   <div class='ocr_carea' id='block_1_91' title="bbox 204 4383 3621 4492">
    <p class='ocr_par' dir='ltr' id='par_1_91' title="bbox 204 4383 3621 4492">
     <span class='ocr_line' id='line_1_91' title="bbox 204 4383 3621 4492; baseline -0.001 -17"><span class='ocrx_word' id='word_1_645' title='bbox 204 4383 513 4488; x_wconf 42' lang='lat' dir='ltr'><strong>cei-16613;,</strong></span> <span class='ocrx_word' id='word_1_646' title='bbox 534 4383 1867 4492; x_wconf 26' lang='lat' dir='ltr'><strong>quibus—va</strong></span> <span class='ocrx_word' id='word_1_647' title='bbox 1903 4383 1949 4437; x_wconf 68' lang='grc' dir='ltr'><strong>Β</strong></span> <span class='ocrx_word' id='word_1_648' title='bbox 1980 4383 2255 4473; x_wconf 62' lang='lat' dir='ltr'><strong>Similiter</strong></span> <span class='ocrx_word' id='word_1_649' title='bbox 2291 4383 2523 4488; x_wconf 78' lang='lat' dir='ltr'><strong>oportet</strong></span> <span class='ocrx_word' id='word_1_650' title='bbox 2539 4431 2671 4482; x_wconf 88' lang='lat' dir='ltr'><strong>nos,</strong></span> <span class='ocrx_word' id='word_1_651' title='bbox 2701 4414 2929 4472; x_wconf 80' lang='lat' dir='ltr'><strong>fratres.</strong></span> <span class='ocrx_word' id='word_1_652' title='bbox 2960 4383 3311 4488; x_wconf 83' lang='lat' dir='ltr'><strong>hujusmodi</strong></span> 
     </span>
    </p>
   </div>
   <div class='ocr_carea' id='block_1_92' title="bbox 206 4506 1866 4574">
    <p class='ocr_par' dir='ltr' id='par_1_92' title="bbox 206 4506 1866 4574">
     <span class='ocr_line' id='line_1_92' title="bbox 206 4506 1866 4574; baseline -0.001 -10"><span class='ocrx_word' id='word_1_653' title='bbox 206 4509 593 4566; x_wconf 87' lang='lat' dir='ltr'><strong>sanctissimo</strong></span> <span class='ocrx_word' id='word_1_654' title='bbox 623 4507 877 4565; x_wconf 90' lang='lat' dir='ltr'><strong>concilio</strong></span> <span class='ocrx_word' id='word_1_655' title='bbox 926 4507 1149 4565; x_wconf 88' lang='lat' dir='ltr'><strong>tributa</strong></span> <span class='ocrx_word' id='word_1_656' title='bbox 1198 4510 1308 4574; x_wconf 90' lang='lat' dir='ltr'><strong>est,</strong></span> <span class='ocrx_word' id='word_1_657' title='bbox 1358 4506 1421 4562; x_wconf 93' lang='lat' dir='ltr'><strong>in</strong></span> <span class='ocrx_word' id='word_1_658' title='bbox 1463 4507 1676 4565; x_wconf 88' lang='lat' dir='ltr'><strong>virtute</strong></span> <span class='ocrx_word' id='word_1_659' title='bbox 1728 4507 1866 4563; x_wconf 91' lang='lat' dir='ltr'><strong>obe-</strong></span> 
     </span>
    </p>
   </div>
   <div class='ocr_carea' id='block_1_93' title="bbox 204 4595 1866 4666">
    <p class='ocr_par' dir='ltr' id='par_1_93' title="bbox 204 4595 1866 4666">
     <span class='ocr_line' id='line_1_93' title="bbox 204 4595 1866 4666; baseline 0.001 -15"><span class='ocrx_word' id='word_1_660' title='bbox 204 4596 459 4662; x_wconf 83' lang='lat' dir='ltr'><strong>dientiae,</strong></span> <span class='ocrx_word' id='word_1_661' title='bbox 495 4602 553 4653; x_wconf 92' lang='lat' dir='ltr'><strong>et</strong></span> <span class='ocrx_word' id='word_1_662' title='bbox 600 4596 714 4652; x_wconf 92' lang='lat' dir='ltr'><strong>sub</strong></span> <span class='ocrx_word' id='word_1_663' title='bbox 767 4596 1161 4653; x_wconf 89' lang='lat' dir='ltr'><strong>obtestatione</strong></span> <span class='ocrx_word' id='word_1_664' title='bbox 1208 4595 1394 4651; x_wconf 88' lang='lat' dir='ltr'><strong>divini</strong></span> <span class='ocrx_word' id='word_1_665' title='bbox 1446 4595 1653 4666; x_wconf 90' lang='lat' dir='ltr'><strong>judicii</strong></span> <span class='ocrx_word' id='word_1_666' title='bbox 1691 4596 1866 4653; x_wconf 91' lang='lat' dir='ltr'><strong>vobis</strong></span> 
     </span>
    </p>
   </div>
   <div class='ocr_carea' id='block_1_94' title="bbox 206 4683 1863 4760">
    <p class='ocr_par' dir='ltr' id='par_1_94' title="bbox 206 4683 1863 4760">
     <span class='ocr_line' id='line_1_94' title="bbox 206 4683 1863 4760; baseline -0.001 -19"><span class='ocrx_word' id='word_1_667' title='bbox 206 4688 613 4760; x_wconf 60' lang='lat' dir='ltr'><strong>praecipimus,</strong></span> <span class='ocrx_word' id='word_1_668' title='bbox 648 4690 712 4745; x_wconf 91' lang='lat' dir='ltr'><strong>ut</strong></span> <span class='ocrx_word' id='word_1_669' title='bbox 742 4688 803 4741; x_wconf 93' lang='lat' dir='ltr'><strong>in</strong></span> <span class='ocrx_word' id='word_1_670' title='bbox 829 4685 1151 4743; x_wconf 90' lang='lat' dir='ltr'><strong>continenti</strong></span> <span class='ocrx_word' id='word_1_671' title='bbox 1185 4684 1359 4741; x_wconf 86' lang='lat' dir='ltr'><strong>nobis</strong></span> <span class='ocrx_word' id='word_1_672' title='bbox 1389 4684 1463 4740; x_wconf 89' lang='lat' dir='ltr'><strong>de</strong></span> <span class='ocrx_word' id='word_1_673' title='bbox 1484 4683 1598 4741; x_wconf 88' lang='lat' dir='ltr'><strong>hac</strong></span> <span class='ocrx_word' id='word_1_674' title='bbox 1627 4700 1690 4741; x_wconf 91' lang='lat' dir='ltr'><strong>re</strong></span> <span class='ocrx_word' id='word_1_675' title='bbox 1716 4684 1863 4741; x_wconf 90' lang='lat' dir='ltr'><strong>veri-</strong></span> 
     </span>
    </p>
   </div>
   <div class='ocr_carea' id='block_1_95' title="bbox 210 4772 1866 4847">
    <p class='ocr_par' dir='ltr' id='par_1_95' title="bbox 210 4772 1866 4847">
     <span class='ocr_line' id='line_1_95' title="bbox 210 4772 1866 4847; baseline 0.001 -19"><span class='ocrx_word' id='word_1_676' title='bbox 210 4778 383 4831; x_wconf 88' lang='lat' dir='ltr'><strong>tatem</strong></span> <span class='ocrx_word' id='word_1_677' title='bbox 413 4776 650 4833; x_wconf 88' lang='lat' dir='ltr'><strong>dicatis.</strong></span> <span class='ocrx_word' id='word_1_678' title='bbox 688 4796 717 4826; x_wconf 80' lang='lat'>»</span> <span class='ocrx_word' id='word_1_679' title='bbox 750 4779 815 4831; x_wconf 87' lang='lat' dir='ltr'><strong>In</strong></span> <span class='ocrx_word' id='word_1_680' title='bbox 842 4775 1053 4847; x_wconf 90' lang='lat' dir='ltr'><strong>primis</strong></span> <span class='ocrx_word' id='word_1_681' title='bbox 1070 4790 1213 4844; x_wconf 83' lang='lat' dir='ltr'><strong>ergo</strong></span> <span class='ocrx_word' id='word_1_682' title='bbox 1233 4772 1506 4830; x_wconf 91' lang='lat' dir='ltr'><strong>omnium</strong></span> <span class='ocrx_word' id='word_1_683' title='bbox 1533 4774 1866 4830; x_wconf 88' lang='lat' dir='ltr'><strong>Gesolfran-</strong></span> 
     </span>
    </p>
   </div>
   <div class='ocr_carea' id='block_1_96' title="bbox 212 4860 1865 4936">
    <p class='ocr_par' dir='ltr' id='par_1_96' title="bbox 212 4860 1865 4936">
     <span class='ocr_line' id='line_1_96' title="bbox 212 4860 1865 4936; baseline 0 -19"><span class='ocrx_word' id='word_1_684' title='bbox 212 4860 324 4917; x_wconf 90' lang='lat' dir='ltr'><strong>dus</strong></span> <span class='ocrx_word' id='word_1_685' title='bbox 342 4864 467 4933; x_wconf 89' lang='lat' dir='ltr'><strong>jam</strong></span> <span class='ocrx_word' id='word_1_686' title='bbox 499 4865 696 4921; x_wconf 90' lang='lat' dir='ltr'><strong>dictus</strong></span> <span class='ocrx_word' id='word_1_687' title='bbox 725 4863 1208 4936; x_wconf 82' lang='lat' dir='ltr'><strong>archipresbyter</strong></span> <span class='ocrx_word' id='word_1_688' title='bbox 1228 4862 1347 4919; x_wconf 87' lang='lat' dir='ltr'><strong>ait:</strong></span> <span class='ocrx_word' id='word_1_689' title='bbox 1382 4885 1409 4915; x_wconf 86' lang='grc'>‹‹</span> <span class='ocrx_word' id='word_1_690' title='bbox 1444 4863 1741 4929; x_wconf 73' lang='lat' dir='ltr'><strong>Quoniam</strong></span> <span class='ocrx_word' id='word_1_691' title='bbox 1762 4878 1865 4919; x_wconf 92' lang='lat' dir='ltr'><strong>ne-</strong></span> 
     </span>
    </p>
   </div>
   <div class='ocr_carea' id='block_1_97' title="bbox 212 4949 1861 5022">
    <p class='ocr_par' dir='ltr' id='par_1_97' title="bbox 212 4949 1861 5022">
     <span class='ocr_line' id='line_1_97' title="bbox 212 4949 1861 5022; baseline 0.001 -17"><span class='ocrx_word' id='word_1_692' title='bbox 212 4949 422 5008; x_wconf 85' lang='lat' dir='ltr'><strong>farium</strong></span> <span class='ocrx_word' id='word_1_693' title='bbox 453 4958 543 5009; x_wconf 87' lang='lat' dir='ltr'><strong>est</strong></span> <span class='ocrx_word' id='word_1_694' title='bbox 571 4952 686 5010; x_wconf 89' lang='lat' dir='ltr'><strong>sub</strong></span> <span class='ocrx_word' id='word_1_695' title='bbox 702 4958 868 5010; x_wconf 87' lang='lat' dir='ltr'><strong>tanta</strong></span> <span class='ocrx_word' id='word_1_696' title='bbox 893 4951 1286 5009; x_wconf 89' lang='lat' dir='ltr'><strong>obtestatione</strong></span> <span class='ocrx_word' id='word_1_697' title='bbox 1305 4951 1609 5022; x_wconf 90' lang='lat' dir='ltr'><strong>jurantem</strong></span> <span class='ocrx_word' id='word_1_698' title='bbox 1658 4951 1861 5011; x_wconf 86' lang='lat' dir='ltr'><strong>retice-</strong></span> 
     </span>
    </p>
   </div>
   <div class='ocr_carea' id='block_1_98' title="bbox 206 5039 1861 5112">
    <p class='ocr_par' dir='ltr' id='par_1_98' title="bbox 206 5039 1861 5112">
     <span class='ocr_line' id='line_1_98' title="bbox 206 5039 1861 5112; baseline -0.001 -18"><span class='ocrx_word' id='word_1_699' title='bbox 206 5055 285 5110; x_wconf 90' lang='lat' dir='ltr'><strong>re,</strong></span> <span class='ocrx_word' id='word_1_700' title='bbox 318 5042 700 5112; x_wconf 85' lang='lat' dir='ltr'><strong>sacrilegium</strong></span> <span class='ocrx_word' id='word_1_701' title='bbox 729 5057 856 5098; x_wconf 89' lang='lat' dir='ltr'><strong>esse</strong></span> <span class='ocrx_word' id='word_1_702' title='bbox 886 5040 1143 5097; x_wconf 90' lang='lat' dir='ltr'><strong>arbitror</strong></span> <span class='ocrx_word' id='word_1_703' title='bbox 1182 5039 1243 5095; x_wconf 94' lang='lat' dir='ltr'><strong>in</strong></span> <span class='ocrx_word' id='word_1_704' title='bbox 1301 5045 1625 5112; x_wconf 89' lang='lat' dir='ltr'><strong>conspectu</strong></span> <span class='ocrx_word' id='word_1_705' title='bbox 1679 5039 1861 5111; x_wconf 89' lang='lat' dir='ltr'><strong>hujus</strong></span> 
     </span>
    </p>
   </div>
   <div class='ocr_carea' id='block_1_99' title="bbox 208 5129 1861 5189">
    <p class='ocr_par' dir='ltr' id='par_1_99' title="bbox 208 5129 1861 5189">
     <span class='ocr_line' id='line_1_99' title="bbox 208 5129 1861 5189; baseline 0.001 -6"><span class='ocrx_word' id='word_1_706' title='bbox 208 5132 351 5186; x_wconf 85' lang='lat' dir='ltr'><strong>sacri</strong></span> <span class='ocrx_word' id='word_1_707' title='bbox 380 5131 617 5187; x_wconf 91' lang='lat' dir='ltr'><strong>concilii</strong></span> <span class='ocrx_word' id='word_1_708' title='bbox 650 5130 870 5187; x_wconf 76' lang='lat' dir='ltr'><strong>falsum</strong></span> <span class='ocrx_word' id='word_1_709' title='bbox 907 5129 1317 5189; x_wconf 87' lang='lat' dir='ltr'><strong>testimonium</strong></span> <span class='ocrx_word' id='word_1_710' title='bbox 1370 5129 1584 5188; x_wconf 88' lang='lat' dir='ltr'><strong>dicere.</strong></span> <span class='ocrx_word' id='word_1_711' title='bbox 1637 5130 1861 5186; x_wconf 83' lang='lat' dir='ltr'><strong>Idcirco</strong></span> 
     </span>
    </p>
   </div>
   <div class='ocr_carea' id='block_1_100' title="bbox 209 5219 1859 5293">
    <p class='ocr_par' dir='ltr' id='par_1_100' title="bbox 209 5219 1859 5293">
     <span class='ocr_line' id='line_1_100' title="bbox 209 5219 1859 5293; baseline -0.001 -18"><span class='ocrx_word' id='word_1_712' title='bbox 209 5221 365 5290; x_wconf 89' lang='lat' dir='ltr'><strong>quod</strong></span> <span class='ocrx_word' id='word_1_713' title='bbox 395 5237 432 5277; x_wconf 91' lang='lat' dir='ltr'><strong>a</strong></span> <span class='ocrx_word' id='word_1_714' title='bbox 454 5220 609 5277; x_wconf 91' lang='lat' dir='ltr'><strong>meis</strong></span> <span class='ocrx_word' id='word_1_715' title='bbox 636 5221 986 5293; x_wconf 88' lang='lat' dir='ltr'><strong>parentibus</strong></span> <span class='ocrx_word' id='word_1_716' title='bbox 999 5219 1198 5285; x_wconf 88' lang='lat' dir='ltr'><strong>didici,</strong></span> <span class='ocrx_word' id='word_1_717' title='bbox 1226 5219 1563 5292; x_wconf 86' lang='lat' dir='ltr'><strong>etegoipse,</strong></span> <span class='ocrx_word' id='word_1_718' title='bbox 1590 5235 1729 5276; x_wconf 91' lang='lat' dir='ltr'><strong>cum</strong></span> <span class='ocrx_word' id='word_1_719' title='bbox 1747 5222 1859 5275; x_wconf 91' lang='lat' dir='ltr'><strong>sim</strong></span> 
     </span>
    </p>
   </div>
   <div class='ocr_carea' id='block_1_101' title="bbox 209 5306 1859 5381">
    <p class='ocr_par' dir='ltr' id='par_1_101' title="bbox 209 5306 1859 5381">
     <span class='ocr_line' id='line_1_101' title="bbox 209 5306 1859 5381; baseline 0.001 -19"><span class='ocrx_word' id='word_1_720' title='bbox 209 5306 321 5364; x_wconf 85' lang='lat' dir='ltr'><strong>fere</strong></span> <span class='ocrx_word' id='word_1_721' title='bbox 341 5309 821 5381; x_wconf 87' lang='lat' dir='ltr'><strong>nonagenarius,</strong></span> <span class='ocrx_word' id='word_1_722' title='bbox 836 5309 1102 5372; x_wconf 90' lang='lat' dir='ltr'><strong>memini,</strong></span> <span class='ocrx_word' id='word_1_723' title='bbox 1120 5308 1353 5381; x_wconf 85' lang='lat' dir='ltr'><strong>absque</strong></span> <span class='ocrx_word' id='word_1_724' title='bbox 1370 5308 1646 5365; x_wconf 87' lang='lat' dir='ltr'><strong>falsitatis</strong></span> <span class='ocrx_word' id='word_1_725' title='bbox 1661 5308 1859 5363; x_wconf 91' lang='lat' dir='ltr'><strong>colore</strong></span> 
     </span>
    </p>
   </div>
   <div class='ocr_carea' id='block_1_102' title="bbox 207 5398 1859 5472">
    <p class='ocr_par' dir='ltr' id='par_1_102' title="bbox 207 5398 1859 5472">
     <span class='ocr_line' id='line_1_102' title="bbox 207 5398 1859 5472; baseline -0.001 -21"><span class='ocrx_word' id='word_1_726' title='bbox 207 5400 485 5456; x_wconf 90' lang='lat' dir='ltr'><strong>narrabo.</strong></span> <span class='ocrx_word' id='word_1_727' title='bbox 497 5400 629 5457; x_wconf 89' lang='lat' dir='ltr'><strong>Scio</strong></span> <span class='ocrx_word' id='word_1_728' title='bbox 640 5414 906 5472; x_wconf 89' lang='lat' dir='ltr'><strong>namque</strong></span> <span class='ocrx_word' id='word_1_729' title='bbox 920 5398 1254 5455; x_wconf 87' lang='lat' dir='ltr'><strong>secundum</strong></span> <span class='ocrx_word' id='word_1_730' title='bbox 1272 5413 1534 5455; x_wconf 85' lang='lat' dir='ltr'><strong>meorum</strong></span> <span class='ocrx_word' id='word_1_731' title='bbox 1548 5400 1859 5467; x_wconf 87' lang='lat' dir='ltr'><strong>parentum</strong></span> 
     </span>
    </p>
   </div>
   <div class='ocr_carea' id='block_1_103' title="bbox 211 5484 1865 5558">
    <p class='ocr_par' dir='ltr' id='par_1_103' title="bbox 211 5484 1865 5558">
     <span class='ocr_line' id='line_1_103' title="bbox 211 5484 1865 5558; baseline -0.001 -16"><span class='ocrx_word' id='word_1_732' title='bbox 211 5487 583 5557; x_wconf 86' lang='lat' dir='ltr'><strong>relationem,</strong></span> <span class='ocrx_word' id='word_1_733' title='bbox 613 5490 935 5549; x_wconf 84' lang='lat' dir='ltr'><strong>Senensem</strong></span> <span class='ocrx_word' id='word_1_734' title='bbox 953 5487 1267 5545; x_wconf 87' lang='lat' dir='ltr'><strong>ecclesiam</strong></span> <span class='ocrx_word' id='word_1_735' title='bbox 1287 5501 1480 5558; x_wconf 88' lang='lat' dir='ltr'><strong>usque</strong></span> <span class='ocrx_word' id='word_1_736' title='bbox 1527 5484 1865 5555; x_wconf 86' lang='lat' dir='ltr'><strong>Longobar-</strong></span> 
     </span>
    </p>
   </div>
   <div class='ocr_carea' id='block_1_104' title="bbox 210 5574 1863 5650">
    <p class='ocr_par' dir='ltr' id='par_1_104' title="bbox 210 5574 1863 5650">
     <span class='ocr_line' id='line_1_104' title="bbox 210 5574 1863 5650; baseline -0.001 -19"><span class='ocrx_word' id='word_1_737' title='bbox 210 5576 427 5641; x_wconf 81' lang='lat' dir='ltr'><strong>dorum</strong></span> <span class='ocrx_word' id='word_1_738' title='bbox 444 5584 719 5650; x_wconf 86' lang='lat' dir='ltr'><strong>tempora</strong></span> <span class='ocrx_word' id='word_1_739' title='bbox 734 5577 1051 5650; x_wconf 71' lang='lat' dir='ltr'><strong>praedictas</strong></span> <span class='ocrx_word' id='word_1_740' title='bbox 1069 5575 1389 5649; x_wconf 89' lang='lat' dir='ltr'><strong>parochias</strong></span> <span class='ocrx_word' id='word_1_741' title='bbox 1407 5574 1783 5633; x_wconf 86' lang='lat' dir='ltr'><strong>inconcusse.</strong></span> <span class='ocrx_word' id='word_1_742' title='bbox 1806 5578 1863 5630; x_wconf 93' lang='lat' dir='ltr'><strong>et</strong></span> 
     </span>
    </p>
   </div>
   <div class='ocr_carea' id='block_1_105' title="bbox 214 5662 1864 5739">
    <p class='ocr_par' dir='ltr' id='par_1_105' title="bbox 214 5662 1864 5739">
     <span class='ocr_line' id='line_1_105' title="bbox 214 5662 1864 5739; baseline -0.001 -18"><span class='ocrx_word' id='word_1_743' title='bbox 214 5664 443 5739; x_wconf 85' lang='lat' dir='ltr'><strong>absque</strong></span> <span class='ocrx_word' id='word_1_744' title='bbox 460 5666 778 5738; x_wconf 84' lang='lat' dir='ltr'><strong>ullolitigio</strong></span> <span class='ocrx_word' id='word_1_745' title='bbox 794 5666 1075 5725; x_wconf 83' lang='lat' dir='ltr'><strong>tenuisse.</strong></span> <span class='ocrx_word' id='word_1_746' title='bbox 1094 5662 1209 5723; x_wconf 88' lang='lat' dir='ltr'><strong>Sed</strong></span> <span class='ocrx_word' id='word_1_747' title='bbox 1219 5678 1429 5719; x_wconf 90' lang='lat' dir='ltr'><strong>eorum</strong></span> <span class='ocrx_word' id='word_1_748' title='bbox 1461 5662 1705 5736; x_wconf 91' lang='lat' dir='ltr'><strong>iniquus</strong></span> <span class='ocrx_word' id='word_1_749' title='bbox 1741 5662 1864 5733; x_wconf 89' lang='lat' dir='ltr'><strong>gla-</strong></span> 
     </span>
    </p>
   </div>
   <div class='ocr_carea' id='block_1_106' title="bbox 1972 4504 3621 4578">
    <p class='ocr_par' dir='ltr' id='par_1_106' title="bbox 1972 4504 3621 4578">
     <span class='ocr_line' id='line_1_106' title="bbox 1972 4504 3621 4578; baseline -0.001 -17"><span class='ocrx_word' id='word_1_750' title='bbox 1972 4504 2141 4562; x_wconf 89' lang='lat' dir='ltr'><strong>lance</strong></span> <span class='ocrx_word' id='word_1_751' title='bbox 2172 4522 2447 4578; x_wconf 88' lang='lat' dir='ltr'><strong>pensare,</strong></span> <span class='ocrx_word' id='word_1_752' title='bbox 2479 4506 2769 4577; x_wconf 87' lang='lat' dir='ltr'><strong>quoniam</strong></span> <span class='ocrx_word' id='word_1_753' title='bbox 2798 4521 3007 4562; x_wconf 91' lang='lat' dir='ltr'><strong>eorum</strong></span> <span class='ocrx_word' id='word_1_754' title='bbox 3062 4507 3461 4575; x_wconf 79' lang='lat' dir='ltr'><strong>affectionem,</strong></span> <span class='ocrx_word' id='word_1_755' title='bbox 3515 4506 3621 4578; x_wconf 89' lang='lat' dir='ltr'><strong>qui</strong></span> 
     </span>
    </p>
   </div>
   <div class='ocr_carea' id='block_1_107' title="bbox 1974 4592 3621 4666">
    <p class='ocr_par' dir='ltr' id='par_1_107' title="bbox 1974 4592 3621 4666">
     <span class='ocr_line' id='line_1_107' title="bbox 1974 4592 3621 4666; baseline -0.002 -15"><span class='ocrx_word' id='word_1_756' title='bbox 1974 4594 2311 4651; x_wconf 89' lang='lat' dir='ltr'><strong>testimonio</strong></span> <span class='ocrx_word' id='word_1_757' title='bbox 2341 4595 2687 4666; x_wconf 89' lang='lat' dir='ltr'><strong>supradicto</strong></span> <span class='ocrx_word' id='word_1_758' title='bbox 2727 4595 2905 4651; x_wconf 75' lang='lat' dir='ltr'><strong>frater</strong></span> <span class='ocrx_word' id='word_1_759' title='bbox 2945 4597 3148 4649; x_wconf 91' lang='lat' dir='ltr'><strong>noster</strong></span> <span class='ocrx_word' id='word_1_760' title='bbox 3201 4594 3408 4648; x_wconf 89' lang='lat' dir='ltr'><strong>Petrus</strong></span> <span class='ocrx_word' id='word_1_761' title='bbox 3451 4592 3621 4662; x_wconf 87' lang='lat' dir='ltr'><strong>justi-</strong></span> 
     </span>
    </p>
   </div>
   <div class='ocr_carea' id='block_1_108' title="bbox 1971 4681 3619 4754">
    <p class='ocr_par' dir='ltr' id='par_1_108' title="bbox 1971 4681 3619 4754">
     <span class='ocr_line' id='line_1_108' title="bbox 1971 4681 3619 4754; baseline -0.001 -15"><span class='ocrx_word' id='word_1_762' title='bbox 1971 4684 2116 4740; x_wconf 88' lang='lat' dir='ltr'><strong>tiam</strong></span> <span class='ocrx_word' id='word_1_763' title='bbox 2148 4700 2272 4739; x_wconf 69' lang='lat' dir='ltr'><strong>suaa</strong></span> <span class='ocrx_word' id='word_1_764' title='bbox 2302 4683 2564 4738; x_wconf 75' lang='lat' dir='ltr'><strong>ecclesiae</strong></span> <span class='ocrx_word' id='word_1_765' title='bbox 2595 4683 2849 4754; x_wconf 88' lang='lat' dir='ltr'><strong>adipisci</strong></span> <span class='ocrx_word' id='word_1_766' title='bbox 2874 4682 3177 4754; x_wconf 90' lang='lat' dir='ltr'><strong>sperabat,</strong></span> <span class='ocrx_word' id='word_1_767' title='bbox 3220 4681 3499 4736; x_wconf 85' lang='lat' dir='ltr'><strong>Senensis</strong></span> <span class='ocrx_word' id='word_1_768' title='bbox 3530 4696 3619 4737; x_wconf 91' lang='lat' dir='ltr'><strong>ec-</strong></span> 
     </span>
    </p>
   </div>
   <div class='ocr_carea' id='block_1_109' title="bbox 1971 4770 3617 4843">
    <p class='ocr_par' dir='ltr' id='par_1_109' title="bbox 1971 4770 3617 4843">
     <span class='ocr_line' id='line_1_109' title="bbox 1971 4770 3617 4843; baseline -0.004 -14"><span class='ocrx_word' id='word_1_769' title='bbox 1971 4772 2154 4829; x_wconf 91' lang='lat' dir='ltr'><strong>clesia</strong></span> <span class='ocrx_word' id='word_1_770' title='bbox 2182 4771 2553 4843; x_wconf 88' lang='lat' dir='ltr'><strong>triumphum</strong></span> <span class='ocrx_word' id='word_1_771' title='bbox 2588 4772 2677 4827; x_wconf 88' lang='lat' dir='ltr'><strong>sui</strong></span> <span class='ocrx_word' id='word_1_772' title='bbox 2710 4770 3049 4826; x_wconf 88' lang='lat' dir='ltr'><strong>certaminis</strong></span> <span class='ocrx_word' id='word_1_773' title='bbox 3079 4774 3167 4826; x_wconf 90' lang='lat' dir='ltr'><strong>est</strong></span> <span class='ocrx_word' id='word_1_774' title='bbox 3213 4774 3552 4827; x_wconf 85' lang='lat' dir='ltr'><strong>consecuta.</strong></span> <span class='ocrx_word' id='word_1_775' title='bbox 3587 4793 3617 4822; x_wconf 81' lang='grc'>››</span> 
     </span>
    </p>
   </div>
   <div class='ocr_carea' id='block_1_110' title="bbox 1968 4859 3622 4935">
    <p class='ocr_par' dir='ltr' id='par_1_110' title="bbox 1968 4859 3622 4935">
     <span class='ocr_line' id='line_1_110' title="bbox 1968 4859 3622 4935; baseline 0.001 -18"><span class='ocrx_word' id='word_1_776' title='bbox 1968 4861 2057 4917; x_wconf 83' lang='lat' dir='ltr'><strong>Ad</strong></span> <span class='ocrx_word' id='word_1_777' title='bbox 2084 4860 2209 4915; x_wconf 74' lang='lat' dir='ltr'><strong>haec</strong></span> <span class='ocrx_word' id='word_1_778' title='bbox 2233 4859 2583 4914; x_wconf 89' lang='lat' dir='ltr'><strong>universum</strong></span> <span class='ocrx_word' id='word_1_779' title='bbox 2614 4859 2932 4929; x_wconf 86' lang='lat' dir='ltr'><strong>collegium</strong></span> <span class='ocrx_word' id='word_1_780' title='bbox 2964 4859 3113 4915; x_wconf 83' lang='lat' dir='ltr'><strong>dixit</strong></span> <span class='ocrx_word' id='word_1_781' title='bbox 3143 4877 3157 4915; x_wconf 90' lang='lat'><strong>:</strong></span> <span class='ocrx_word' id='word_1_782' title='bbox 3182 4859 3433 4934; x_wconf 88' lang='lat' dir='ltr'><strong>Liquido</strong></span> <span class='ocrx_word' id='word_1_783' title='bbox 3455 4864 3622 4935; x_wconf 86' lang='lat' dir='ltr'><strong>patet</strong></span> 
     </span>
    </p>
   </div>
   <div class='ocr_carea' id='block_1_111' title="bbox 1968 4948 3616 5025">
    <p class='ocr_par' dir='ltr' id='par_1_111' title="bbox 1968 4948 3616 5025">
     <span class='ocr_line' id='line_1_111' title="bbox 1968 4948 3616 5025; baseline 0.002 -20"><span class='ocrx_word' id='word_1_784' title='bbox 1968 4948 2437 5025; x_wconf 46' lang='lat' dir='ltr'><strong>prsenominatas</strong></span> <span class='ocrx_word' id='word_1_785' title='bbox 2466 4950 2783 5021; x_wconf 87' lang='lat' dir='ltr'><strong>parochias</strong></span> <span class='ocrx_word' id='word_1_786' title='bbox 2830 4950 3106 5006; x_wconf 88' lang='lat' dir='ltr'><strong>Senensis</strong></span> <span class='ocrx_word' id='word_1_787' title='bbox 3146 4950 3410 5008; x_wconf 75' lang='lat' dir='ltr'><strong>ecclesiae</strong></span> <span class='ocrx_word' id='word_1_788' title='bbox 3463 4967 3616 5021; x_wconf 91' lang='lat' dir='ltr'><strong>esse,</strong></span> 
     </span>
    </p>
   </div>
   <div class='ocr_carea' id='block_1_112' title="bbox 1969 5037 3619 5114">
    <p class='ocr_par' dir='ltr' id='par_1_112' title="bbox 1969 5037 3619 5114">
     <span class='ocr_line' id='line_1_112' title="bbox 1969 5037 3619 5114; baseline 0.001 -18"><span class='ocrx_word' id='word_1_789' title='bbox 1969 5039 2261 5114; x_wconf 91' lang='lat' dir='ltr'><strong>quoniam</strong></span> <span class='ocrx_word' id='word_1_790' title='bbox 2291 5037 2563 5109; x_wconf 89' lang='lat' dir='ltr'><strong>ejusdem</strong></span> <span class='ocrx_word' id='word_1_791' title='bbox 2621 5039 2938 5095; x_wconf 88' lang='lat' dir='ltr'><strong>comitatus</strong></span> <span class='ocrx_word' id='word_1_792' title='bbox 2986 5039 3276 5097; x_wconf 87' lang='lat' dir='ltr'><strong>limitibus</strong></span> <span class='ocrx_word' id='word_1_793' title='bbox 3323 5040 3619 5114; x_wconf 89' lang='lat' dir='ltr'><strong>pertinere</strong></span> 
     </span>
    </p>
   </div>
   <div class='ocr_carea' id='block_1_113' title="bbox 1969 5125 3619 5201">
    <p class='ocr_par' dir='ltr' id='par_1_113' title="bbox 1969 5125 3619 5201">
     <span class='ocr_line' id='line_1_113' title="bbox 1969 5125 3619 5201; baseline 0.001 -17"><span class='ocrx_word' id='word_1_794' title='bbox 1969 5128 2292 5201; x_wconf 89' lang='lat' dir='ltr'><strong>probatum</strong></span> <span class='ocrx_word' id='word_1_795' title='bbox 2319 5125 2622 5182; x_wconf 89' lang='lat' dir='ltr'><strong>evidenter</strong></span> <span class='ocrx_word' id='word_1_796' title='bbox 2647 5131 2754 5194; x_wconf 86' lang='lat' dir='ltr'><strong>est,</strong></span> <span class='ocrx_word' id='word_1_797' title='bbox 2787 5132 2843 5183; x_wconf 90' lang='lat' dir='ltr'><strong>et</strong></span> <span class='ocrx_word' id='word_1_798' title='bbox 2881 5129 3119 5184; x_wconf 89' lang='lat' dir='ltr'><strong>testium</strong></span> <span class='ocrx_word' id='word_1_799' title='bbox 3172 5128 3619 5186; x_wconf 89' lang='lat' dir='ltr'><strong>verissimorum</strong></span> 
     </span>
    </p>
   </div>
   <div class='ocr_carea' id='block_1_114' title="bbox 1972 5216 3620 5291">
    <p class='ocr_par' dir='ltr' id='par_1_114' title="bbox 1972 5216 3620 5291">
     <span class='ocr_line' id='line_1_114' title="bbox 1972 5216 3620 5291; baseline -0.001 -17"><span class='ocrx_word' id='word_1_800' title='bbox 1972 5217 2220 5274; x_wconf 87' lang='lat' dir='ltr'><strong>assertio</strong></span> <span class='ocrx_word' id='word_1_801' title='bbox 2252 5216 2491 5285; x_wconf 88' lang='lat' dir='ltr'><strong>clamat,</strong></span> <span class='ocrx_word' id='word_1_802' title='bbox 2524 5221 2581 5271; x_wconf 91' lang='lat' dir='ltr'><strong>et</strong></span> <span class='ocrx_word' id='word_1_803' title='bbox 2604 5216 2824 5288; x_wconf 89' lang='lat' dir='ltr'><strong>scripta</strong></span> <span class='ocrx_word' id='word_1_804' title='bbox 2856 5217 3373 5273; x_wconf 89' lang='lat' dir='ltr'><strong>sanctissimorum</strong></span> <span class='ocrx_word' id='word_1_805' title='bbox 3426 5217 3620 5291; x_wconf 88' lang='lat' dir='ltr'><strong>ponti-</strong></span> 
     </span>
    </p>
   </div>
   <div class='ocr_carea' id='block_1_115' title="bbox 1968 5306 3614 5377">
    <p class='ocr_par' dir='ltr' id='par_1_115' title="bbox 1968 5306 3614 5377">
     <span class='ocr_line' id='line_1_115' title="bbox 1968 5306 3614 5377; baseline -0.001 -12"><span class='ocrx_word' id='word_1_806' title='bbox 1968 5308 2153 5365; x_wconf 89' lang='lat' dir='ltr'><strong>ﬁcum</strong></span> <span class='ocrx_word' id='word_1_807' title='bbox 2179 5309 2306 5363; x_wconf 80' lang='lat' dir='ltr'><strong>haec</strong></span> <span class='ocrx_word' id='word_1_808' title='bbox 2336 5306 2640 5363; x_wconf 89' lang='lat' dir='ltr'><strong>roborant.</strong></span> <span class='ocrx_word' id='word_1_809' title='bbox 2664 5307 2876 5363; x_wconf 82' lang='lat' dir='ltr'><strong>lubeat</strong></span> <span class='ocrx_word' id='word_1_810' title='bbox 2900 5323 3043 5377; x_wconf 90' lang='lat' dir='ltr'><strong>ergo</strong></span> <span class='ocrx_word' id='word_1_811' title='bbox 3072 5313 3263 5365; x_wconf 87' lang='lat' dir='ltr'><strong>vestra</strong></span> <span class='ocrx_word' id='word_1_812' title='bbox 3310 5309 3614 5377; x_wconf 89' lang='lat' dir='ltr'><strong>sanctitas,</strong></span> 
     </span>
    </p>
   </div>
   <div class='ocr_carea' id='block_1_116' title="bbox 1970 5396 3615 5470">
    <p class='ocr_par' dir='ltr' id='par_1_116' title="bbox 1970 5396 3615 5470">
     <span class='ocr_line' id='line_1_116' title="bbox 1970 5396 3615 5470; baseline 0 -18"><span class='ocrx_word' id='word_1_813' title='bbox 1970 5402 2028 5453; x_wconf 89' lang='lat' dir='ltr'><strong>et</strong></span> <span class='ocrx_word' id='word_1_814' title='bbox 2050 5397 2434 5469; x_wconf 88' lang='lat' dir='ltr'><strong>imperatoria</strong></span> <span class='ocrx_word' id='word_1_815' title='bbox 2460 5397 2763 5466; x_wconf 89' lang='lat' dir='ltr'><strong>majestas,</strong></span> <span class='ocrx_word' id='word_1_816' title='bbox 2791 5396 3035 5451; x_wconf 90' lang='lat' dir='ltr'><strong>Senensi</strong></span> <span class='ocrx_word' id='word_1_817' title='bbox 3065 5397 3328 5453; x_wconf 82' lang='lat' dir='ltr'><strong>ecclesiae</strong></span> <span class='ocrx_word' id='word_1_818' title='bbox 3359 5413 3451 5467; x_wconf 90' lang='lat' dir='ltr'><strong>ea,</strong></span> <span class='ocrx_word' id='word_1_819' title='bbox 3480 5412 3615 5470; x_wconf 68' lang='lat' dir='ltr'><strong>quas</strong></span> 
     </span>
    </p>
   </div>
   <div class='ocr_carea' id='block_1_117' title="bbox 1972 5484 3616 5557">
    <p class='ocr_par' dir='ltr' id='par_1_117' title="bbox 1972 5484 3616 5557">
     <span class='ocr_line' id='line_1_117' title="bbox 1972 5484 3616 5557; baseline -0.002 -16"><span class='ocrx_word' id='word_1_820' title='bbox 1972 5502 2082 5541; x_wconf 89' lang='lat' dir='ltr'><strong>sua</strong></span> <span class='ocrx_word' id='word_1_821' title='bbox 2109 5484 2292 5551; x_wconf 80' lang='lat' dir='ltr'><strong>fuere,</strong></span> <span class='ocrx_word' id='word_1_822' title='bbox 2325 5485 2709 5541; x_wconf 89' lang='lat' dir='ltr'><strong>restituantur</strong></span> <span class='ocrx_word' id='word_1_823' title='bbox 2754 5501 2768 5540; x_wconf 91' lang='lat'><strong>:</strong></span> <span class='ocrx_word' id='word_1_824' title='bbox 2827 5489 3126 5557; x_wconf 79' lang='lat' dir='ltr'><strong>quatenus</strong></span> <span class='ocrx_word' id='word_1_825' title='bbox 3182 5485 3484 5541; x_wconf 79' lang='lat' dir='ltr'><strong>discordia</strong></span> <span class='ocrx_word' id='word_1_826' title='bbox 3541 5485 3616 5540; x_wconf 92' lang='lat' dir='ltr'><strong>de</strong></span> 
     </span>
    </p>
   </div>
   <div class='ocr_carea' id='block_1_118' title="bbox 1971 5573 3617 5646">
    <p class='ocr_par' dir='ltr' id='par_1_118' title="bbox 1971 5573 3617 5646">
     <span class='ocr_line' id='line_1_118' title="bbox 1971 5573 3617 5646; baseline -0.002 -18"><span class='ocrx_word' id='word_1_827' title='bbox 1971 5573 2171 5628; x_wconf 90' lang='lat' dir='ltr'><strong>medio</strong></span> <span class='ocrx_word' id='word_1_828' title='bbox 2203 5574 2439 5629; x_wconf 89' lang='lat' dir='ltr'><strong>sublata</strong></span> <span class='ocrx_word' id='word_1_829' title='bbox 2470 5574 2883 5646; x_wconf 90' lang='lat' dir='ltr'><strong>unusquisque</strong></span> <span class='ocrx_word' id='word_1_830' title='bbox 2904 5589 3113 5629; x_wconf 90' lang='lat' dir='ltr'><strong>eorum</strong></span> <span class='ocrx_word' id='word_1_831' title='bbox 3142 5578 3387 5646; x_wconf 90' lang='lat' dir='ltr'><strong>propter</strong></span> <span class='ocrx_word' id='word_1_832' title='bbox 3404 5575 3538 5638; x_wconf 89' lang='lat' dir='ltr'><strong>hoc,</strong></span> <span class='ocrx_word' id='word_1_833' title='bbox 3559 5574 3617 5626; x_wconf 91' lang='lat' dir='ltr'><strong>et</strong></span> 
     </span>
    </p>
   </div>
   <div class='ocr_carea' id='block_1_119' title="bbox 1972 5660 3615 5732">
    <p class='ocr_par' dir='ltr' id='par_1_119' title="bbox 1972 5660 3615 5732">
     <span class='ocr_line' id='line_1_119' title="bbox 1972 5660 3615 5732; baseline -0.002 -16"><span class='ocrx_word' id='word_1_834' title='bbox 1972 5662 2125 5717; x_wconf 86' lang='lat' dir='ltr'><strong>sicut</strong></span> <span class='ocrx_word' id='word_1_835' title='bbox 2145 5660 2206 5717; x_wconf 89' lang='lat' dir='ltr'><strong>in</strong></span> <span class='ocrx_word' id='word_1_836' title='bbox 2226 5662 2510 5719; x_wconf 84' lang='lat' dir='ltr'><strong>omnibus</strong></span> <span class='ocrx_word' id='word_1_837' title='bbox 2531 5666 2820 5719; x_wconf 84' lang='lat' dir='ltr'><strong>statutum</strong></span> <span class='ocrx_word' id='word_1_838' title='bbox 2848 5666 2956 5731; x_wconf 87' lang='lat' dir='ltr'><strong>est,</strong></span> <span class='ocrx_word' id='word_1_839' title='bbox 2979 5662 3093 5717; x_wconf 92' lang='lat' dir='ltr'><strong>sibi</strong></span> <span class='ocrx_word' id='word_1_840' title='bbox 3115 5662 3417 5732; x_wconf 89' lang='lat' dir='ltr'><strong>subjectas</strong></span> <span class='ocrx_word' id='word_1_841' title='bbox 3439 5672 3615 5732; x_wconf 86' lang='lat' dir='ltr'><strong>paro-</strong></span> 
     </span>
    </p>
   </div>
  </div>
