4092 6176
417 175 530 227 663'

1806 161 2054 217 LEONIS
2091 159 2301 215 ΡΛΡΛΕ
2337 159 2427 216 [ν.

3729 155 3834 208 ιιι

417 291 533 349 sibi
549 291 852 363 subjectas
871 287 1188 361 parochias
1205 291 1522 358 regat,nec
1543 287 1621 344 ad
1642 286 1904 343 vicinam
1924 283 2066 339 dice-
2094 285 2143 339 Α
2173 282 2289 338 cim
2343 283 2753 339 sacerdotibus
2806 279 3068 342 idoneis,
3149 292 3408 349 quorum
3463 290 3589 331 non
3642 275 3841 331 fuerat

417 383 604 440 cesim
636 379 725 436 sui
751 379 946 436 fratris
965 377 1306 434 nullatenus
1338 378 1620 433 accedere
1657 378 2005 450 praesumat.
2037 396 2064 423 »

416 476 578 528 Tunc
606 471 972 525 Comeranus
1001 467 1322 539 episcopus
1347 465 1493 522 dixit
1511 465 1795 521 omnibus
1820 481 1832 518 :
1869 487 1896 514 ‹‹
1924 465 2069 520 Sunt

417 559 564 616 mihi
592 558 790 616 adhuc
820 561 994 614 testes
1023 557 1242 625 idonei,
1277 571 1432 628 quos
1455 555 1528 611 de
1547 571 1682 611 mea
1699 554 1930 611 civitate
1951 553 2070 608 huc

417 644 584 722 duxi,
615 649 837 722 quibus
865 646 1186 719 propositae
1219 645 1617 701 altercationis
1671 649 1834 719 patet
1875 642 2069 699 ambi—

419 754 649 812 guum:
683 736 788 810 qui
810 735 1060 808 antiqua
1078 734 1362 790 relatione
1415 733 1708 789 nobilium
1751 736 2070 807 parentum

419 825 716 899 quidquid
745 824 885 880 inde
915 828 1005 879 est
1030 823 1337 892 insigniter
1357 827 1670 881 noverunt.
1722 822 1858 896 Ipsi,
1886 822 1934 876 si
1988 821 2074 876 in-

419 914 677 971 troducti
702 913 938 974 fuerint,
972 912 1279 968 veritatem
1308 910 1472 966 nullo
1494 911 1677 966 modo
1714 908 2011 966 celabunt.
2043 928 2071 956 »

421 1007 581 1060 Tunc
608 1004 911 1072 ingressus
957 999 1322 1056 Willeradus
1379 999 1554 1055 bona;
1609 998 1912 1055 memoriae
1969 998 2076 1053 Me-

419 1090 706 1163 rempridi
737 1089 913 1159 tilius,
946 1092 1002 1144 et
1031 1091 1425 1143 Gunteramus
1449 1087 1606 1143 ﬁlius
1633 1087 1946 1160 quondam
1989 1083 2075 1140 Si-

420 1179 665 1235 cheradi
696 1177 1004 1242 Ginnonis,
1033 1177 1136 1248 qui
1167 1182 1333 1232 erant
1367 1175 1580 1231 milites
1614 1175 1789 1246 regis,
1815 1177 1872 1229 et
1910 1176 2078 1229 Lam-

422 1267 626 1335 fredus
651 1267 820 1323 miles
851 1265 1116 1338 praedicti
1148 1265 1413 1337 episcopi
1440 1265 1677 1319 Aretini.
1713 1267 1780 1319 Et
1826 1261 2081 1317 Willera-

425 1355 539 1410 dus
571 1355 685 1411 sub
717 1355 1022 1410 testatione
1053 1354 1238 1409 divini
1267 1353 1528 1408 nominis
1560 1369 1595 1408 a
1625 1351 1799 1407 nobis
1829 1350 2078 1407 interro-

427 1448 620 1514 gatus,
653 1443 800 1500 dixit
833 1461 845 1499 :
880 1467 907 1494 ο(
935 1444 1165 1500 Scimus
1194 1443 1370 1512 igitur
1399 1441 1564 1514 quod
1610 1440 1907 1514 praedictae
1961 1439 2081 1512 ple-

423 1533 531 1590 bes
561 1537 617 1588 et
641 1532 1031 1600 monasteria,
1059 1533 1233 1602 juxta
1258 1531 1606 1587 relationem
1638 1545 1912 1586 meorum
1937 1527 2083 1585 anti-

425 1637 685 1693 quorum
717 1625 1056 1694 parentum,
1083 1620 1356 1677 Senensis
1372 1618 1633 1674 ecclesiae
1652 1617 1906 1674 fuerunt.
1927 1619 2083 1673 Con-
2125 1637 2164 1691 Β
2193 1627 2276 1682 sic
2297 1624 2553 1681 dicendo
2600 1622 2980 1680 deﬁnivimus

426 1709 816 1778 signationes,
844 1713 1139 1763 rectorum
1172 1706 1674 1773 consccrationes,
1695 1711 1751 1762 et
1770 1705 2083 1778 presbyte-

424 1815 631 1855 rorum
653 1798 1082 1866 ordinationes,
1117 1797 1434 1870 episcOpus
1487 1795 1766 1852 Senensis
1823 1795 2085 1850 ecclesiae

424 1887 509 1943 ibi
536 1886 743 1943 fecisse
779 1887 1055 1942 vidimus.
1106 1885 1343 1942 Nullum
1399 1885 1546 1940 inibi
1603 1885 1783 1939 fuisse
1830 1883 2084 1953 litigium

426 1975 746 2031 manifesta
769 1991 863 2030 res
894 1976 1088 2042 docet,
1121 1975 1234 2030 nisi
1270 1974 1348 2029 ab
1377 1973 1649 2043 ingressu
1693 1971 1883 2041 gentis
1940 1975 2085 2027 Lan-

427 2063 840 2134 gobardorum
866 2063 927 2119 in
951 2063 1200 2119 Italiam.
1235 2062 1515 2120 Senensis
1565 2061 1789 2135 quippe
1838 2060 2090 2117 ecclesia

427 2168 621 2224 usque
647 2152 728 2208 ad
757 2168 967 2208 eorum
985 2158 1099 2208 tem
1109 2168 1258 2224 pora
1277 2151 1630 2208 inconcusse
1649 2149 1967 2224 praedictas
1983 2165 2089 2222 pa-

424 2240 663 2297 rochias
718 2241 1089 2314 possederat.
1126 2262 1153 2290 »
1203 2240 1435 2312 Reliqui
1468 2255 1609 2296 vero
1669 2255 1900 2306 omnes,
1949 2253 2088 2294 cum

429 2328 774 2398 singillatim
803 2330 1148 2399 interrogati
1181 2329 1452 2396 fuissent,
1485 2328 1892 2384 testimonium
1936 2327 2090 2383 veri-

428 2417 564 2474 tatis
597 2416 958 2472 Villeradum
987 2417 1308 2490 protulisse
1339 2417 1532 2474 testati
1576 2421 1715 2472 sunt
1770 2433 1782 2470 :
1841 2415 1923 2471 illi
1952 2431 2091 2472 vero

430 2519 556 2560 una
587 2521 731 2559 voce
766 2505 1172 2561 testimonium
1195 2506 1456 2561 veritatis
1483 2505 1871 2578 proferentes,
1896 2521 2093 2560 sacro-

434 2591 655 2645 sanctis
683 2593 1040 2661 Evangeliis,
1075 2594 1134 2648 in
1160 2594 1356 2648 medio
1379 2594 1610 2666 positis,
1645 2594 1813 2649 tactis
1855 2595 2094 2664 jurave—

433 2683 691 2734 runt.....
716 2680 1169 2750 praanominatae
1200 2682 1500 2752 parochiae
1528 2682 1654 2752 jam
1691 2683 1965 2738 Senensis
1997 2699 2092 2738 ec-

438 2766 635 2822 clesia:
663 2767 780 2822 sint
807 2768 1089 2839 proprias,
1122 2770 1286 2841 quod
1319 2769 1581 2825 ecclesiae
1629 2771 1880 2826 Aretinte
1933 2774 2095 2827 recto

430 2857 566 2930 jure
595 2870 719 2910 non
741 2854 1058 2927 pertinent.
1093 2860 1211 2912 I—loc
1242 2863 1617 2915 sacramento
1672 2859 1928 2932 expleto,
1984 2875 2096 2915 nos

2172 371 2369 427 adhuc
2398 373 2460 427 in
2480 372 2815 428 testimonio
2837 367 3267 440 jusjurandum
3299 370 3623 437 receptum.
3676 368 3840 421 Tunc

2169 461 2387 532 juravit
2407 461 2646 515 Cantius
2675 476 2812 514 cum
2839 457 3154 514 duodecim
3189 454 3624 518 sacerdotibus,
3675 456 3842 526 quod

2174 550 2235 605 in
2291 548 2678 604 sacramentis
2749 545 3232 618 supradictorum
3326 543 3570 598 testium
3619 543 3843 597 veritas

2175 639 2402 712 absque
2433 638 2554 694 ullo
2584 636 2723 693 dolo
2753 641 2989 692 versata
3014 639 3119 690 est.
3180 634 3348 688 Tunc
3403 647 3586 687 omne
3649 633 3849 687 conci-

2176 729 2323 785 lium
2345 728 2525 784 simul
2552 727 2831 784 clamavit
2863 745 2875 781 :
2912 748 2938 774 ‹‹
2961 725 3172 780 Jubeat
3202 739 3352 792 ergo
3384 721 3704 795 apostolici
3724 723 3849 778 cul-

2178 819 2355 874 minis
2385 818 2687 883 sanctitas,
2721 833 2792 872 ex
2825 815 3001 871 totius
3031 813 3265 870 concilii
3289 812 3549 877 decreto,
3587 813 3851 884 praedic-

2182 914 2379 966 tarum
2412 907 2855 981 parochiarum,
2891 921 3042 977 quas
3072 908 3291 958 temere
3321 903 3559 966 invasit,
3614 907 3849 958 Petrum

2181 999 2531 1071 episcopum
2555 995 2969 1052 refutationem
3018 992 3262 1046 Senensi
3306 991 3568 1046 ecclesiae
3629 993 3851 1058 facere,

2182 1103 2252 1144 ac
2281 1086 2563 1158 deinceps
2594 1100 2775 1156 super
2799 1084 2914 1139 hac
2966 1097 3027 1136 re
3075 1081 3314 1154 penitus
3371 1080 3564 1135 silere.
3595 1101 3624 1130 ››
3687 1083 3858 1136 Tunc

2179 1176 2424 1248 jubente
2449 1174 2812 1247 Apostolico,
2846 1177 2902 1228 et
2930 1171 3137 1241 legatis
3159 1169 3564 1242 imperatoris,
3593 1186 3663 1224 ac
3717 1169 3858 1224 uni—

2183 1282 2356 1322 verso
2385 1264 2653 1329 concilio,
2685 1264 2921 1336 penitus
2951 1261 3171 1333 posuit,
3201 1263 3258 1314 et
3307 1259 3588 1314 refutavit
3637 1260 3862 1312 Petrus

2186 1357 2502 1430 episcopus
2534 1353 2809 1411 Senensis
2837 1350 3101 1407 ecclesiae
3133 1350 3454 1423 parochias
3503 1365 3689 1420 supra
3744 1364 3864 1403 no-

2189 1447 2467 1513 minatas,
2499 1461 2653 1518 quas
2682 1443 2895 1510 illicite,
2925 1446 2984 1497 et
3033 1441 3260 1496 nefario
3314 1457 3468 1496 ausu
3516 1440 3847 1495 invaserat.

2189 1536 2288 1591 His
2316 1535 2493 1606 igitur
2518 1534 2600 1590 ita
2627 1532 2892 1605 expletis,
2925 1547 3035 1586 nos
3086 1532 3198 1585 Leo
3256 1545 3532 1584 summus
3585 1527 3858 1601 pontifex

3039 1638 3050 1674 :
3115 1643 3141 1668 «
3174 1621 3529 1691 Opportunu
3553 1636 3593 1674 il
3622 1620 3856 1691 ’itaque

2191 1715 2366 1772 valde
2387 1730 2521 1769 reor
2550 1713 2610 1768 in
2634 1712 2818 1783 hujus
2849 1710 3017 1780 litigii
3072 1709 3481 1764 deﬁnitionem
3541 1707 3858 1764 auctorita-

2194 1809 2312 1861 tem
2342 1808 2606 1860 nostram
2638 1799 3119 1865 accommodare,
3158 1803 3338 1871 atque
3371 1798 3485 1853 sub
3510 1799 3854 1854 anathema-

2195 1895 2267 1950 tis
2299 1892 2746 1965 interpositione
2774 1889 3123 1962 aequissima
3163 1888 3394 1943 ratione
3449 1888 3688 1942 finitum
3740 1884 3854 1940 liti-

2197 1983 2362 2054 gium
2415 1982 2554 2037 hinc
2606 1979 2744 2035 inde
2801 1977 3018 2051 sopire,
3049 1992 3124 2032 ne
3185 1976 3332 2032 forte
3379 1976 3439 2031 iu
3483 1976 3682 2032 futuro
3710 1980 3856 2031 tem-

2195 2087 2340 2146 pore
2362 2069 2600 2142 aliquis,
2629 2068 2916 2141 pravitate
2965 2066 3203 2140 plenus,
3254 2065 3418 2138 quod
3471 2064 3656 2121 modo
3699 2066 3855 2135 juste

2197 2167 2254 2219 et
2283 2159 2570 2217 canonice
2599 2175 2635 2214 a
2658 2157 2834 2213 nobis
2864 2156 3172 2212 deﬁnitum
3199 2160 3291 2212 est
3339 2154 3561 2211 audeat
3611 2155 3855 2211 violare.

2201 2256 2348 2309 Nam
2377 2251 2618 2305 ﬁrmum
2653 2253 2709 2304 et
2730 2246 2941 2303 stabile
2965 2247 3023 2301 in
3047 2246 3296 2303 Senensi
3338 2261 3582 2302 manere
3611 2245 3858 2301 ecclesia

2199 2341 2503 2400 sancimus
2549 2337 2844 2412 quidquid
2919 2352 3026 2409 per
3103 2337 3343 2392 testium
3413 2336 3859 2404 indagationem

2201 2431 2394 2488 eidem
2427 2429 2722 2502 pertinere
2748 2431 2838 2482 est
2865 2430 3264 2498 compertum.
3300 2426 3353 2482 Si
3383 2425 3517 2496 quis
3559 2424 3739 2490 igitur
3759 2423 3858 2476 ad'

2199 2537 2408 2578 versus
2449 2519 2633 2590 hujus
2707 2515 2894 2572 nostri
2949 2515 3239 2588 privilegii
3295 2514 3594 2568 decretum
3651 2510 3851 2582 aliquo

2201 2617 2468 2682 tempore
2492 2606 2740 2680 quilibet
2765 2605 2984 2662 violare
3013 2601 3393 2676 temptaverit,
3417 2599 3538 2655 sive
3569 2599 3850 2666 clericus,

2202 2700 2325 2754 sive
2355 2698 2564 2769 laicus,
2601 2696 2724 2751 sive
2753 2695 3038 2765 dignitate
3081 2691 3370 2766 praeditus,
3427 2689 3555 2744 sive
3612 2687 3856 2744 honori-

2201 2789 2316 2845 bus
2374 2787 2711 2853 decoratus,
2773 2790 2877 2841 aut
2918 2784 3180 2857 qualibet
3247 2795 3500 2851 magna,
3550 2792 3863 2851 parvaque

2202 2892 2486 2951 persona,
2515 2875 2660 2930 sciat
2687 2891 2750 2929 se
2795 2873 3145 2930 auctoritate
3200 2867 3436 2926 Domini
3471 2866 3661 2922 nostri
3722 2860 3866 2922 Petri

440 2947 556 3049 “:0
585 2945 1171 3049 ευξηιῑξιυεθβξπιίίξθξ
1229 2946 1491 3046 ἀξΧίΠιυε
1538 2951 1706 3047 Pe”?
1761 2948 2045 3021 episcopo
2079 2965 2093 3004 ³
2125 2993 2166 3049 C
2204 2945 2632 3039 apostolorum
2708 2963 2993 3037 principis
3033 2960 3199 3017 omni
3256 2959 3487 3015 honore
3540 2955 3864 3030 privatum,

343 3092 354 3096 ,
439 3055 468 3083 ‹‹
490 3033 732 3104 Oportet
752 3036 829 3102 te,
859 3033 1038 3090 frater
1067 3037 1248 3105 Petre,
1262 3035 1391 3107 jam
1418 3052 1579 3092 nunc
1604 3037 1716 3092 tuis
1743 3041 2102 3093 tantummo-

439 3121 518 3177 do
549 3121 854 3194 parochiis
886 3127 1233 3180 contentum
1265 3141 1416 3193 esse,
1475 3129 1530 3182 et
1585 3125 1662 3181 ab
1706 3126 1906 3182 illicita
1946 3141 2100 3198 prae-

439 3210 784 3282 sumptione
816 3228 1070 3283 cessare,
1094 3219 1151 3269 et
1172 3214 1432 3288 primam
1459 3214 1534 3271 de
1565 3216 1679 3272 hac
1719 3215 1999 3272 inusitata
2028 3215 2098 3270 ﬁ-

437 3299 586 3367 nire,
619 3305 722 3356 aut
753 3301 804 3356 si
834 3302 983 3374 quid
1012 3303 1090 3358 ad
1113 3306 1545 3377 opponendum
1577 3315 1766 3378 potes,
1795 3305 1961 3378 quod
1994 3304 2099 3360 uti-
2166 3316 2168 3319 '

436 3388 491 3444 le
518 3389 610 3456 sit,
640 3389 948 3446 adhibere.
981 3393 1132 3448 Nam
1167 3394 1314 3450 nihil
1340 3410 1588 3461 vanum,
1639 3411 1835 3467 neque
1893 3410 2099 3468 super-

435 3476 650 3544 ﬂuum,
684 3479 968 3551 autquod
995 3495 1030 3535 a
1056 3482 1294 3537 veritate
1312 3482 1385 3538 sit
1405 3483 1688 3554 alienum,
1715 3485 1828 3539 hoc
1857 3500 2095 3540 sacrum

437 3565 646 3640 recipit
675 3567 1013 3623 concilium.
1053 3590 1078 3617 ››
1109 3572 1312 3625 Petrus
1338 3588 1478 3627 vero
1508 3572 1828 3644 episcopus
1856 3573 2050 3644 inquit
2081 3588 2094 3626 :

438 3658 616 3712 Juxta
646 3658 1118 3714 examinationes
1141 3666 1368 3717 vestras
1396 3668 1636 3717 sanctas
1662 3661 1916 3732 litigium
1972 3679 2097 3718 rec-

438 3750 567 3802 tum
588 3746 879 3819 pensavit,
908 3763 1104 3820 neque
1133 3749 1194 3803 in
1226 3750 1534 3822 ambiguo,
1554 3752 1718 3824 quod
1749 3767 1784 3808 a
1809 3752 1981 3807 vobis
2004 3752 2101 3808 hic

441 3833 754 3891 deﬁnitum
775 3840 882 3908 est,
913 3852 1095 3909 pono.
1130 3841 1196 3894 Et
1211 3839 1339 3910 jam
1388 3857 1584 3914 neque
1646 3840 1902 3897 aliorum
1953 3858 2100 3914 prm-

441 3924 694 3979 sentiam
724 3925 1061 3997 hominum,
1092 3927 1314 4000 quibus
1346 3947 1449 3986 vos
1481 3931 1676 4000 magis
1704 3931 1943 3987 credere
1963 3947 2100 4005 pos-

442 4012 589 4078 sitis,
623 4013 901 4071 exhibere
935 4016 1124 4084 valeo,
1176 4035 1372 4091 neque
1425 4021 1680 4078 aliorum
1739 4022 2099 4094 scriptorum

441 4098 705 4169 decreta,
737 4107 952 4172 praeter
981 4121 1117 4178 quae
1148 4123 1183 4162 a
1213 4123 1310 4163 me
1338 4109 1432 4165 hic
1461 4115 1600 4166 sunt
1619 4116 1879 4167 ostensa.
1917 4133 1944 4160 »

513 4185 602 4241 Ad
632 4187 759 4242 haec
785 4189 1112 4264 imperator
1144 4211 1156 4250 :
1187 4217 1214 4243 «
1249 4196 1491 4253 Constat
1542 4199 1742 4273 itaque
1798 4199 2102 4256 evidenter

441 4276 683 4332 Petrum
705 4277 1053 4352 episcopum
1086 4289 1434 4357 superatum
1459 4304 1472 4354 ;
1518 4288 1811 4358 quoniam
1841 4289 2098 4345 testimo-

439 4364 555 4421 niis
580 4381 810 4433 eorum,
843 4385 880 4425 a
909 4372 1128 4442 quibus
1161 4391 1222 4431 se
1255 4374 1469 4431 salvari
1496 4377 1768 4449 putabat,
1822 4379 2096 4436 Senensis

439 4455 690 4513 ecclesia
719 4455 1027 4517 victoriam
1061 4468 1146 4519 est
1171 4471 1510 4521 consecuta.
1561 4469 1796 4524 Justum
1847 4473 1954 4531 est,
2015 4469 2100 4524 in-

437 4545 586 4617 quit,
618 4550 682 4603 ut
709 4553 954 4622 propter
980 4551 1095 4607 hoc
1127 4552 1314 4620 sileat,
1360 4570 1558 4628 neque
1611 4557 1871 4629 amplius
1916 4559 2100 4631 hujus

434 4635 520 4690 rei
540 4635 990 4696 altercationem
1017 4641 1182 4699 adire
1212 4649 1558 4716 praesumat.
1596 4646 1976 4719 Superﬂuum
2011 4654 2101 4707 est

435 4722 510 4789 ei,
535 4729 599 4779 ut
622 4741 762 4782 cum
789 4745 912 4786 sua;
930 4730 1147 4788 civitati
1171 4734 1492 4805 parochias
1509 4735 1810 4807 subjectas
1826 4739 2097 4808 retineat,

436 4809 517 4907 ad
541 4810 781 4907 alterius
803 4817 1066 4892 episcopi
1088 4821 1395 4880 dioecesim
1417 4823 1586 4881 illum
1605 4828 1922 4884 temerario
1940 4845 2097 4886 ausu

434 4897 708 4952 transire.
743 4904 1113 4978 Quapropter
1139 4913 1421 4970 volumus
1452 4919 1516 4970 ut
1536 4914 1597 4969 in
1626 4915 1739 4972 hoc
1771 4934 2010 4974 sacrum
2041 4924 2100 4976 et

433 4984 773 5082 venerabile
799 4993 1119 5082 concilium
1147 4998 1228 5054 ita
1258 5001 1438 5072 hujus
1468 5003 1585 5058 litis
1647 5005 2095 5062 altercationem

434 5079 779 5164 aequissimo
801 5079 1054 5136 termino
1075 5084 1342 5143 includat
1371 5095 1550 5162 atque
1580 5091 1844 5158 deﬁniat,
1891 5098 2098 5164 quate-

432 5171 550 5251 nus
577 5156 776 5217 futuro
804 5168 1072 5238 tempore
1101 5169 1199 5227 illa
1228 5175 1413 5245 possit
1442 5156 1713 5234 i-ntereos
1734 5156 2095 5251 scrupolosi-

432 5249 525 5300 tas
552 5253 850 5309 renovari.
886 5276 914 5303 ››
946 5256 1112 5313 Tunc
1143 5259 1491 5333 imperator,
1525 5265 1742 5320 relictis
1777 5249 2092 5324 nobiscum

430 5335 634 5393 missis
664 5341 786 5396 suis
813 5343 891 5400 ad
917 5345 1094 5402 istam
1122 5365 1372 5407 causam
1403 5352 1758 5423 ﬁniendam,
1791 5354 1851 5409 id
1882 5360 1974 5411 est
2001 5360 2094 5413 Jo-

637 5431 1138 5525 archicapellano,
1195 5440 1554 5510 Angelberto
1617 5442 2088 5519 archiepiscopo,

427 5516 1014 5614 ltiotingoepiscopo,
1043 5531 1100 5584 et
1125 5528 1442 5586 Adelchesi
1473 5531 1709 5599 comite,
1740 5548 1777 5588 a
1823 5516 2088 5592 concilio

426 5602 718 5670 discessit.
754 5612 1114 5674 Remansere
1143 5623 1346 5678 autem
1379 5620 1622 5683 Cautius
1671 5638 1810 5684 cum
1859 5625 2086 5682 duode-

2207 3061 2385 3128 atque
2429 3052 2826 3110 anathematis
2879 3051 3241 3107 maranatha
3287 3046 3541 3103 vinculis
3617 3043 3868 3100 innoda-

2205 3149 2358 3212 tum,
2413 3148 2471 3199 et
2513 3160 2654 3199 cum
2704 3141 2856 3197 Juda
2903 3139 3206 3214 proditore
3257 3135 3492 3192 Domini
3544 3132 3732 3190 nostri
3781 3134 3868 3186 Je-

2207 3252 2279 3291 su
2329 3233 2564 3299 Christi,
2617 3236 2676 3289 et
2731 3231 2964 3287 Anania
3011 3234 3070 3286 et
3127 3228 3340 3286 Saﬁira
3385 3229 3673 3299 perpetuo
3725 3236 3869 3293 sup-

2204 3324 2385 3399 plicio
2465 3322 2902 3396 deputandum.
2994 3323 3060 3376 Et
3115 3317 3406 3392 quoniam
3484 3315 3546 3371 in
3598 3313 3699 3370 Dei
3774 3327 3874 3366 su.

2211 3430 2347 3470 mus
2400 3411 2644 3468 nomine
2695 3410 2940 3477 collecti,
3003 3407 3291 3465 Dominus
3337 3421 3472 3462 vere
3525 3402 3681 3459 inter
3759 3416 3874 3456 nos

2204 3519 2332 3559 esse
2372 3502 2649 3569 creditur,
2677 3502 2806 3572 ejus
2854 3499 3094 3569 auxilio,
3142 3495 3438 3571 quidquid
3483 3494 3725 3565 agimus
3754 3491 3876 3566 vel,

2205 3591 2547 3658 deﬁnimus,
2610 3589 2912 3646 credimus
2961 3604 3088 3645 esse
3113 3587 3427 3651 fulcitum;
3475 3583 3696 3639 idcirco
3720 3597 3877 3654 pras-

2206 3681 2379 3738 dictaa
2408 3680 2812 3737 maledictioni
2882 3695 2946 3734 se
2995 3677 3267 3747 innodat,
3320 3673 3591 3748 quisquis
3639 3671 3876 3728 violare

2209 3770 2601 3844 temptaverit,
2627 3768 2923 3842 quidquid
2954 3784 2990 3824 a
3016 3766 3194 3824 nobis
3224 3769 3332 3831 est,
3371 3768 3488 3820 Deo
3519 3761 3873 3828 auxiliante,

2206 3859 2512 3916 decretum
2579 3883 2606 3908 »

2279 3952 2413 4020 Leo,
2439 3949 2538 4005 Dei
2570 3949 2783 4019 gratia,
2813 3947 3117 4004 catholicae
3147 3949 3204 4002 et
3249 3942 3592 4017 apostolicae
3649 3939 3873 3994 Roma-

2208 4053 2302 4094 nae
2325 4037 2593 4094 Ecclesiae
2626 4039 2970 4110 episcOpus,
3016 4035 3199 4108 hujus
3254 4031 3505 4089 Judicati
3560 4029 3868 4086 decretum

2209 4128 2452 4199 propria
2479 4143 2666 4182 manu
2687 4125 2984 4182 roboravi.

2278 4216 2518 4287 Ioseph,
2546 4213 3059 4286 archicapellanus
3077 4212 3309 4269 domini
3321 4206 3880 4284 imperatoris,sub—

2210 4304 2443 4376 scripsi.

2276 4395 2551 4459 Joannes,
2580 4391 3067 4464 archiepiscopus
3100 4394 3420 4461 Ravennae,
3443 4387 3806 4458 subscripsi.

2279 4481 2688 4551 Angelbertus,
2721 4480 3206 4553 archiepiscopus
3225 4476 3706 4542 Mediolanensis,
3732 4475 3882 4531 sub-

2209 4571 2435 4644 scripsi.

2279 4656 2586 4726 Notingus,
2620 4655 2938 4727 episcopus
2965 4654 3303 4720 Brixiensis,
3337 4652 3505 4708 subs.

2279 4746 2650 4806 Ambrosius.
2673 4745 2991 4818 episcopus
3023 4745 3326 4810 Lucensis,
3363 4741 3496 4797 sub.

2279 4835 2533 4905 Oschisi,
2565 4835 2883 4908 episcopus
2909 4832 3300 4901 Pistoriensis,
3335 4830 3468 4886 sub.

2281 4929 2562 4993 Donatus,
2591 4921 2912 4997 episcopus
2953 4923 3308 4991 Fesulanus,
3337 4920 3469 4977 sub.

2280 5014 2594 5082 Gerardus,
2623 5015 2941 5087 episcopus
2971 5013 3366 5082 Florentinus,
3407 5009 3539 5067 sub.

2281 5099 2608 5160 Johannes,
2633 5099 2955 5171 episcopus
2981 5098 3148 5164 Pisre,
3175 5097 3311 5153 sub.

2277 5187 2571 5251 Andreas,
2600 5186 2915 5244 Volaterrae
2945 5187 3288 5260 episcopus,
3321 5186 3455 5242 sub.

2276 5275 2725 5347 Taceprandus,
2750 5276 3068 5350 episcopus
3094 5276 3390 5344 Clusinus,
3424 5274 3558 5330 sub.

2279 5367 2429 5433 Otto,
2464 5366 2783 5440 episcopus
2811 5366 3182 5434 Rosellensis,
3215 5367 3348 5422 sub.

2277 5449 2708 5518 Tanimundus,
2742 5451 3062 5524 episcopus
3091 5451 3434 5519 Suanensis,
3467 5449 3602 5505 sub.

2278 5537 2639 5606 Dominicus,
2673 5539 2992 5613 episcopus
3025 5539 3571 5606 Centumcellensis,
3599 5540 3748 5599 θιὼ.

2275 5629 2500 5695 Petrm,
2525 5629 2848 5706 episcopus
2879 5630 3295 5690 Orbivetanus.
3334 5629 3469 5686 sub.
