4092 6176
227 181 330 248 σεδ

291 317 571 381 Joannes,
605 314 931 386 episcopus
959 313 1384 384 Tuscanensis,
1420 315 1552 371 sub.

287 406 523 472 Petrus,
552 403 874 476 episcopus
909 404 1287 476 Spoletanus,
1325 406 1457 460 sub.

1001 531 1088 586 Vl.

338 651 616 692 Εαςιεευε
637 651 905 690 CUJL’SDAM
935 650 1248 690 PRIVILEGIA
1282 650 1710 691 COMFIRMANTUR
1732 640 1768 688 ⁸.

303 742 693 800 Scrivendum
739 742 1134 814 praecepimus
1184 743 1521 814 Stephanus
1570 739 1879 796 scriniario

235 833 397 889 sedis
427 839 644 887 nostra»
670 832 727 886 in
759 847 962 886 mense
994 831 1364 904 Septembrio
1394 831 1488 886 die
1533 830 1762 902 quinta,
1794 829 1879 884 in-

231 921 487 976 dictione
509 919 996 993 quartadecima;
1042 918 1251 975 datum
1297 920 1520 991 pridias
1575 918 1878 973 Kalendas

232 1009 631 1081 Septembrias
660 1025 767 1080 per
796 1024 1047 1063 manum
1064 1008 1274 1063 Tiberii
1292 1008 1609 1080 primicerii
1641 1010 1695 1064 S.
1723 1007 1879 1061 sedis

224 1097 592 1171 apostolicae,
618 1102 768 1168 imp.
803 1096 1052 1152 domino
1083 1101 1286 1152 nostro
1303 1097 1572 1170 piissimo
1590 1100 1879 1169 perpetuo

219 1191 491 1255 Augusto
523 1185 798 1241 Lothario
831 1202 866 1240 a
900 1188 1016 1240 Deo
1048 1190 1335 1241 coronato
1375 1201 1600 1254 magno
1627 1185 1881 1256 impera-

218 1278 366 1343 tore,
393 1290 554 1330 anno
585 1275 890 1330 tricesimo
908 1274 1076 1330 tertio
1102 1279 1158 1330 et
1185 1279 1321 1347 post
1348 1274 1728 1330 consulatum
1751 1275 1880 1344 ejus

217 1379 382 1419 anno
405 1364 702 1420 tricesimo
731 1363 901 1420 tertio
926 1363 1030 1419 sed
1081 1367 1138 1419 et
1183 1364 1478 1420 Ludovico
1516 1363 1680 1420 nobo
1705 1364 1876 1435 imp..

214 1453 345 1524 ejus
374 1453 496 1509 ﬁlio
526 1469 758 1510 anno...

995 1544 1106 1598 VII.

413 1632 441 1672 b
468 1646 959 1686 EXCOMMUNICATIO
999 1648 1293 1687 ANASTASII
1323 1647 1658 1688 PRESBYTERI
1677 1636 1693 1658 ⁶

285 1719 732 1792 lmperantibus
763 1719 1021 1775 dominis
1046 1720 1285 1787 nostris,
1309 1719 1580 1775 Lothario
1605 1723 1661 1774 et
1693 1718 1880 1773 Ludo-

213 1809 354 1866 vico
389 1809 693 1879 Augustis,
726 1808 951 1864 mensis
982 1809 1328 1865 Decembris
1359 1809 1452 1864 die
1483 1808 1720 1864 decima
1750 1823 1880 1862 sex-

218 1903 303 1970 ta,
335 1897 661 1954 indictione
689 1900 773 1953 14.

298 1993 350 2044 t.
386 1990 499 2042 Leo
521 1986 864 2059 episcopus,
900 2003 1104 2042 servus
1136 2002 1449 2042 servorum
1484 1986 1605 2041 Dei.
1636 1987 1883 2041 Anasta-

223 2076 376 2147 sius,
403 2075 714 2147 presbyter
739 2075 998 2131 cardinis
1025 2076 1232 2142 nostri,
1264 2091 1449 2146 quem
1474 2075 1537 2129 in
1555 2074 1723 2130 titulo
1746 2073 1884 2128 bea-

228 2165 274 2221 ti
305 2162 562 2220 Marcelli
591 2163 1028 2232 ordinavimus,
1071 2163 1296 2235 quique
1348 2161 1634 2217 secedens
1694 2161 1770 2217 ab
1814 2177 1883 2216 eo

231 2251 316 2307 ad
364 2251 594 2308 alienas
649 2251 965 2323 parochias
1031 2252 1262 2323 absque
1311 2256 1518 2306 nostra
1563 2249 1886 2323 pontiﬁcali

231 2339 483 2396 scientia
514 2339 882 2410 demigratus
910 2343 1018 2403 est,
1050 2355 1234 2412 quem
1267 2354 1375 2411 per
1402 2339 1618 2394 missos
1667 2343 1723 2394 et
1748 2338 1885 2393 litte-

224 2442 332 2483 ras
360 2427 736 2491 vocavimus,
769 2432 825 2483 et
881 2444 988 2500 pro
1017 2444 1142 2500 quo
1191 2426 1468 2483 dominos
1499 2427 1884 2500 imperatores

225 2515 556 2588 supplicati
585 2531 694 2588 per
732 2516 950 2572 missos
976 2521 1231 2581 nostros,
1281 2519 1342 2572 ut
1391 2532 1528 2572 eum
1576 2515 1650 2572 ad
1710 2531 1882 2571 suam

223 2605 587 2679 parochiam
616 2605 806 2660 redire
852 2605 1150 2676 juberent,
1182 2605 1282 2677 qui
1331 2622 1490 2661 nunc
1541 2606 1660 2661 huc
1721 2621 1883 2662 nunc

223 2694 367 2750 illuc
397 2693 689 2750 latitando
715 2694 774 2749 in
798 2694 933 2766 ipsa
959 2694 1393 2764 demigratione
1435 2711 1542 2767 per
1570 2695 1882 2750 biennium

220 2787 500 2842 moratus
540 2787 648 2855 est,
707 2787 765 2838 et
806 2783 884 2839 ad
933 2783 1055 2839 duo
1092 2788 1340 2840 vocatus
1381 2784 1633 2840 concilia
1678 2788 1886 2840 nostra

220 2873 478 2930 minime
507 2872 687 2943 venit,
718 2873 822 2928 sed
869 2888 1064 2944 neque
1114 2873 1392 2928 inventus
1438 2878 1562 2942 est;
1612 2873 1778 2945 quia,
1822 2876 1885 2927 ut

1505 189 1855 246 EPISTOLE
1895 187 1979 242 ΕΤ
2019 189 2355 248 DECRETA.

3529 173 3632 258 566

1905 311 1951 362 A
1985 326 2118 366 ecce
2148 313 2275 382 jam
2306 331 2412 386 per
2436 315 2830 388 quinquennii
2871 322 3107 390 tempus
3148 320 3204 375 in
3239 320 3465 378 alienas
3521 319 3631 395 pa¥

1985 401 2220 456 rochias
2249 404 2403 459 velut
2450 407 2578 460 ovis
2620 422 2826 461 errans
2860 407 3162 474 discurrit,
3205 425 3388 480 quem
3429 412 3631 474 etiam,

1987 492 2332 547 auctoritate
2364 493 2586 550 suffulti
2616 496 3279 568 canonica,apostolicis
3307 497 3511 554 litteris
3530 515 3636 571 per

1987 579 2214 634 tertiam
2247 587 2648 656 quartamque
2675 584 2865 640 vicem
2915 586 3283 641 voeavimus.
3313 591 3384 641 At
3414 587 3515 642 ubi
3546 605 3634 644 re-

1985 667 2111 722 dire
2155 669 2400 737 distulit,
2459 671 2580 728 duo
2629 689 2738 746 pro
2777 689 2847 729 eo
2902 675 3326 746 episcoporum
3383 677 3634 732 concilia

1987 758 2502 826 congregavimus,
2535 777 2794 832 quorum
2823 768 3117 818 conventu
3167 781 3304 818 cum
3354 765 3481 835 ejus
3511 781 3634 821 non

1987 845 2390 918 potuissemus
2432 848 2629 904 videre
2659 850 2752 904 vel
2782 851 3002 906 habere
3033 852 3350 924 specialem
3379 870 3636 925 praesen-

1987 934 2154 1002 tiam,
2187 936 2492 991 communi
2534 954 2671 992 eum
2700 939 2937 994 decreto
2969 945 3178 996 sancta
3207 943 3635 998 communione

1986 1024 2378 1095 privavimus,
2403 1025 2667 1081 volentes
2696 1027 2987 1098 siquidem
3013 1046 3184 1084 suam
3211 1047 3316 1102 per
3336 1031 3516 1102 hujus
3533 1049 3633 1088 ex-

1987 1113 2594 1170 communnicationis
2624 1131 2939 1170 censuram
2959 1116 3036 1171 ad
3064 1119 3357 1186 gremium
3390 1127 3633 1188 sanctae,

1987 1218 2021 1256 a
2046 1218 2169 1273 qua
2196 1202 2570 1270 discesserat,
2600 1205 2805 1260 matris
2827 1204 3095 1259 Ecclesiae
3121 1222 3438 1277 personam
3457 1210 3634 1265 redu-

1987 1307 2136 1345 cere.
2174 1291 2286 1347 Sed
2316 1293 2643 1364 apostolica
2672 1296 2902 1348 monita
2935 1294 3247 1365 sanctique
3278 1296 3508 1351 concilii
3527 1313 3636 1369 pro

1988 1379 2172 1434 nihilo
2203 1379 2452 1450 ducens,
2484 1381 2970 1436 errorisirretitus
3005 1382 3484 1450 caligine,redire
3510 1385 3640 1440 nul-

1987 1467 2220 1522 latenus
2248 1468 2449 1524 voluit.
2507 1470 2776 1536 Proinde,
2821 1469 2969 1525 sicut
2999 1474 3293 1526 Ravenna:
3333 1471 3507 1527 nobis
3538 1473 3639 1528 de-

1992 1556 2268 1624 gentibus
2299 1557 2373 1612 de
2405 1574 2476 1612 eo
2520 1558 2579 1612 in
2607 1559 2854 1614 ecclesia
2899 1559 3058 1614 beati
3103 1559 3300 1615 Vitalis
3359 1559 3639 1632 martyris

1906 1652 1954 1708 Β
1990 1662 2199 1701 mense
2229 1647 2397 1712 Maio,
2427 1647 2523 1703 die
2544 1653 2634 1719 29,
2657 1648 2979 1704 indictione
3019 1649 3234 1720 prima,
3260 1665 3360 1704 ore
3392 1650 3638 1722 proprio

1990 1735 2526 1808 promulgavimus,
2560 1754 2722 1792 nunc
2752 1738 2964 1793 iterum
2995 1739 3055 1793 in
3083 1738 3328 1794 ecclesia
3357 1739 3514 1794 beati
3531 1739 3638 1793 Pe-

1989 1824 2061 1879 tri
2091 1824 2350 1896 apostoli
2367 1842 2574 1881 mense
2591 1826 2788 1896 Junio,
2808 1827 2902 1882 die
2932 1828 3012 1896 19,
3031 1827 3351 1882 indictione
3365 1827 3638 1900 superius

1990 1913 2296 1982 adnotata,
2327 1914 2590 1970 similiter
2620 1916 3134 1987 promulgavimus
3160 1934 3172 1972 :
3203 1918 3275 1971 sit
3303 1915 3398 1971 ille
3417 1931 3640 1971 asanc-

1991 2003 2063 2058 tis
2096 2003 2362 2058 Patribus
2391 2008 2448 2060 et
2476 2021 2511 2060 a
2540 2004 2715 2060 nobis
2742 2007 3085 2074 anathema,
3114 2011 3169 2059 et
3193 2021 3404 2061 omnes
3446 2005 3555 2078 qui
3585 2004 3639 2060 ei

1992 2091 2114 2146 sive
2138 2091 2198 2146 in
2221 2092 2528 2163 ejectione,
2561 2093 2724 2164 quod
2774 2093 2948 2162 absit,
2981 2099 3081 2148 aut
3108 2095 3490 2165 pontificatus
3529 2093 3639 2147 ho-

1991 2197 2136 2236 nore
2162 2181 2530 2250 adjutorium
2560 2186 2839 2253 praestare
2871 2182 2964 2236 vel
2994 2182 3272 2237 solatium
3321 2181 3638 2254 quodcun-

1990 2287 2108 2343 que
2139 2269 2450 2332 voluerint,
2494 2270 2670 2326 simili
2699 2272 3066 2326 anathemati
3095 2271 3503 2341 subjaceante.

2064 2365 2115 2415 3.
2151 2363 2212 2413 ln
2242 2359 2484 2415 nomine
2516 2359 2726 2426 Patris,
2760 2364 2816 2415 et
2846 2360 2987 2426 Filii,
3043 2365 3100 2415 et
3154 2360 3406 2432 Spiritus
3467 2375 3639 2415 sanc-

1993 2449 2051 2504 ti.
2082 2447 2291 2520 Incipit
2311 2453 2518 2502 sancta
2549 2465 2620 2503 ac
2651 2449 2997 2504 veneranda
3023 2449 3314 2521 synodus,
3371 2465 3507 2521 quae
3537 2463 3645 2520 per

1993 2537 2227 2592 Domini
2259 2538 2514 2607 gratiam
2557 2542 2613 2592 et
2655 2537 2784 2608 ejus
2825 2537 3098 2593 divinum
3144 2537 3460 2592 consilium
3507 2553 3644 2592 con-

1993 2631 2242 2696 gregata
2267 2630 2354 2680 est
2404 2626 2462 2680 in
2498 2625 2749 2681 ecclesia
2781 2626 2940 2682 beati
2973 2627 3122 2682 Petri
3153 2626 3430 2698 apostoli,
3481 2641 3643 2682 anno

1995 2715 2216 2770 scilicet
2243 2714 2628 2787 pontiﬁcatus
2674 2715 3035 2770 sanctissimi
3093 2732 3162 2771 ac
3207 2715 3534 2785 coangelici
3589 2718 3644 2770 et

1994 2802 2346 2859 universalis
2372 2804 2569 2875 quarti
2599 2819 2774 2876 papaa
2806 2804 3016 2859 Leonis
3049 2805 3324 2877 septimo,
3356 2809 3534 2876 atque
3563 2803 3643 2859 in-

1992 2892 2460 2948 victissimorum
2493 2893 2752 2948 Lotharii
2800 2909 2871 2949 ac
2903 2893 3180 2948 Ludovici
3211 2893 3642 2966 imperatorum

217 2962 636 3058 Ρτδδάίκίηξυεο
669 2961 849 3058 νξῖῙιξίί
875 2961 1002 3058 ξδνίε
1042 2977 1258 3058 eui“?
1289 2962 1582 3058 εἶχίξθξηίῖίε
1636 2961 1886 3030 regioni‘
1914 3003 1959 3058 ο
1994 2997 2155 3037 anno
2175 2981 2408 3053 imperii
2428 2980 2895 3052 quadragesimo
2944 2981 3208 3036 secundo
3234 2981 3267 3050 ‘,
3298 2961 3511 3035 mense
3542 2981 3642 3033 De-

219 3053 340 3109 bus
376 3051 670 3107 suadente
691 3051 935 3107 diabolo
983 3051 1212 3107 occulte
1243 3051 1642 3117 inhabitabat,
1677 3066 1884 3106 secun-

217 3141 372 3196 dum
407 3140 701 3196 canonica
756 3140 1022 3195 instituta
1071 3155 1143 3195 ex
1185 3139 1287 3195 Dei
1346 3139 1774 3212 omnipotentis
1831 3143 1886 3194 et

218 3229 390 3287 beati
438 3228 590 3285 Petri
640 3227 894 3302 apostoli
939 3232 1268 3300 nostraque
1321 3227 1500 3282 simul
1559 3227 1885 3298 apostolica

217 3318 580 3377 auctoritate
613 3317 692 3372 ab
721 3317 898 3373 hodie
926 3317 1000 3372 sit
1021 3315 1448 3372 communione
1471 3315 1760 3387 privatus,
1783 3315 1884 3371 do-

216 3426 328 3466 nec
363 3409 496 3482 ipse
544 3424 694 3464 mete
738 3407 980 3480 speciali
1012 3406 1341 3479 praesentire
1372 3405 1433 3461 in
1464 3406 1756 3462 canonico
1789 3407 1882 3476 ju-

222 3498 390 3554 dicio
421 3496 597 3554 fuerit
649 3500 1067 3570 praesentatus,
1128 3499 1184 3551 et
1223 3495 1270 3550 si
1302 3510 1424 3550 non
1454 3495 1699 3562 venerit,
1730 3511 1882 3550 nun-

219 3604 416 3661 quam
446 3588 850 3644 communicet
875 3586 915 3641 ‘.

295 3683 356 3732 2.
387 3679 500 3731 Leo
528 3677 866 3750 episcopus,
885 3692 1093 3732 servus
1123 3691 1428 3731 servorum
1455 3675 1574 3740 Dei,
1595 3675 1878 3731 omnibus

228 3764 558 3836 episcopis,
584 3765 964 3838 presbyteris,
990 3764 1366 3835 diaconibus,
1385 3764 1878 3832 subdiaconibus,

230 3856 290 3908 et
316 3851 598 3908 universis
627 3853 854 3909 clericis
880 3859 1214 3925 cunctoque
1245 3853 1471 3926 populo
1526 3853 1876 3909 Christiano.

236 3940 412 4007 Quod
439 3941 591 3998 bene
613 3958 683 3998 ac
710 3942 959 4014 pleniter
986 3941 1297 3998 vobiscum
1317 3943 1528 4007 simus,
1546 3940 1879 3996 charissimi

222 4030 654 4096 fratres,scitis.
688 4035 851 4088 Nunc
869 4032 1080 4087 iterum
1102 4048 1212 4104 pro
1235 4031 1470 4088 cautela
1491 4036 1546 4086 et
1588 4030 1880 4084 memoria

215 4124 569 4194 temporum
600 4121 943 4176 futurorum
973 4120 1275 4176 dilectioni
1302 4124 1514 4176 vestrm
1570 4117 1878 4189 cognitum

214 4226 347 4266 esse
371 4209 660 4266 volumus
679 4209 1010 4282 quomodo,
1030 4208 1347 4278 instigante
1370 4225 1440 4264 ac
1454 4207 1742 4263 suadente
1755 4206 1879 4262 dia-

211 4299 381 4371 bolo,
411 4299 789 4365 Anastasius,
825 4299 1139 4371 presbyter
1177 4298 1440 4354 cardinis
1463 4297 1668 4359 nostri,
1692 4313 1876 4369 quem

209 4405 323 4445 nos
354 4390 423 4445 in
452 4387 624 4444 titulo
671 4388 828 4444 beati
894 4386 1146 4444 Marcelli
1200 4387 1637 4454 ordinavimus,
1670 4391 1876 4442 contra

212 4482 439 4535 statuta
455 4483 698 4550 patrum
723 4476 1096 4549 provinciam
1113 4475 1546 4548 ccclesiamque
1568 4464 1875 4546 deserens,

212 4691 256 4746 ti
278 4626 297 4650 ⁸
329 4619 539 4677 marini
573 4623 623 4689 ί›
663 4618 857 4692 Papiri
890 4620 978 4675 14.
1027 4649 1094 4658 -
1127 4617 1406 4674 Clausula
1465 4620 1552 4672 est
1594 4615 1770 4672 valde
1800 4617 1879 4674 vi-

257 4707 388 4746 osa.

257 4707 388 4747 083.

287 4786 317 4825 ιι
347 4781 431 4833 Ex
448 4777 780 4834 Annalibus
799 4777 1102 4833 Hincmari
1125 4775 1493 4843 Rhemensis,
1510 4776 1675 4847 apud
1701 4780 1877 4845 Pertz,

217 4850 599 4906 Monumenta
628 4849 958 4906 Germanice
990 4848 1296 4903 historica.

285 4942 304 4967 ‘
330 4939 685 4995 Anastasius
717 4938 823 4994 iste
855 4937 1006 4993 alius
1038 4941 1127 4991 est
1157 4935 1235 4990 ab
1296 4935 1616 4990 Anastasio
1664 4935 1876 4991 Biblio-

212 5010 502 5081 thecario,
537 5011 633 5066 cui
663 5010 804 5065 Vitze
835 5006 1191 5081 pontiﬁcum
1250 5009 1661 5063 Romanorum
1721 5008 1876 5063 attri.

212 5079 383 5138 buun
396 5087 506 5138 tur.
540 5083 717 5144 Bouo.

279 5171 302 5202 ⁴
331 5172 477 5226 Post
506 5173 846 5226 Romanum
865 5166 1214 5240 pontiﬁcem
1240 5165 1302 5221 in
1326 5166 1441 5222 hac
1469 5167 1876 5240 excommuni-

213 5243 450 5298 catione
471 5238 909 5297 consenserunt
927 5238 1413 5311 archiepiscopus
1441 5239 1802 5311 Ravennatis
1822 5243 1876 5293 et

213 5312 700 5440 Mediollianensis,
734 5310 953 5383 aliique
980 5309 1234 5366 numero
1297 5309 1676 5381 septuaginta
1702 5309 1875 5379 quin-

213 5400 352 5440 que.
437 5400 591 5440 INCM.

212 5400 352 5456 que.
390 5400 591 5440 maca.

283 5482 305 5507 ε
333 5476 474 5528 Post
504 5475 842 5527 Romanum
868 5470 1225 5542 pontificem
1245 5469 1307 5523 in
1341 5467 1450 5522 hoc
1488 5466 1870 5542 anathemate

213 5540 946 5606 consenseruntloannes,
968 5540 1453 5612 archiepiscopus
1487 5540 1864 5604 Ravennatis,

215 5632 530 5703 Nottingus
561 5630 641 5705 (a)
662 5636 719 5688 et
749 5629 1093 5699 Sigilfredus
1122 5626 1503 5699 (b),episcopi
1535 5627 1862 5681 domniim-

1993 3069 2220 3125 cembri
2245 3069 2339 3124 die
2369 3075 2606 3138 octavo,
2638 3069 2962 3124 indictione
2993 3073 3044 3122 2.
3102 3069 3166 3122 In
3208 3084 3278 3124 ac
3343 3067 3642 3139 siquidem

1994 3163 2201 3214 sancta
2257 3174 2327 3213 ac
2371 3157 2697 3214 venerabili
2757 3157 3014 3229 synodo,
3066 3156 3301 3211 Domini
3333 3155 3642 3210 solatiante

1994 3247 2183 3315 gratia
2213 3246 2490 3301 nobiliter
2521 3245 2840 3314 celebrata,
2869 3249 3006 3316 post
3030 3244 3299 3300 diversas
3332 3244 3644 3316 episcopo-

1991 3352 2127 3390 rum
2159 3333 2660 3405 sacerdotumque
2725 3333 2814 3388 vel
2870 3332 3221 3388 clericorum
3284 3337 3464 3405 atque
3519 3347 3644 3386 om-

1990 3426 2159 3480 nium
2192 3423 2664 3479 Christianorum
2689 3423 2819 3495 pias
2868 3439 2938 3479 ac
2988 3421 3322 3479 salutiferas
3375 3421 3646 3478 admoni-

1992 3514 2182 3568 tiones
2214 3511 2732 3568 etexhortationes
2785 3512 3095 3585 depositus
3146 3516 3235 3569 est
3273 3511 3432 3583 juste
3462 3515 3642 3584 atque

1991 3602 2278 3658 canonice
2304 3601 2672 3666 Anastasius,
2714 3602 3027 3674 presbyter
3079 3601 3225 3658 tituli
3268 3602 3456 3658 sancti
3502 3604 3644 3658 Mar-

1955 3691 2142 3762 _celli,
2194 3707 2264 3745 eo
2320 3691 2488 3763 quod
2545 3695 2752 3747 contra
2809 3694 3222 3746 auctoritatem
3289 3691 3645 3746 canonicam

1989 3779 2299 3852 propriam
2326 3779 2677 3850 parochiam
2697 3779 3053 3834 deseruisset
3084 3795 3190 3849 per
3211 3795 3403 3834 annos
3423 3778 3646 3834 scilicet

1990 3868 2279 3940 quinque,
2313 3872 2369 3922 et
2399 3867 2460 3922 in
2491 3866 2685 3922 aliena
2715 3865 2793 3920 ad
2841 3881 3036 3936 usque
3066 3866 3244 3920 hodie
3275 3865 3643 3935 demoratur,

1991 3959 2048 4010 et
2073 3971 2271 4027 neque
2319 3960 2566 4010 vocatus
2597 3969 2792 4025 neque
2849 3953 3406 4009 excommunicatus
3463 3958 3520 4008 et
3565 3954 3643 4009 ad

1991 4044 2268 4101 ultimum
2291 4042 2847 4109 anathematizatus,
2880 4043 3029 4098 sicut
3050 4042 3124 4097 de
3156 4059 3226 4098 eo
3253 4042 3312 4097 in
3333 4042 3448 4098 hac
3475 4058 3646 4115 syno—

1989 4133 2069 4189 do
2141 4133 2402 4189 veridica
2477 4132 2710 4204 pictura
2772 4131 3163 4198 demonstrat,
3241 4132 3318 4187 ad
3395 4147 3643 4202 congre-

1991 4227 2132 4292 gata
2189 4221 2310 4278 duo
2368 4238 2479 4294 pro
2534 4237 2605 4276 eo
2658 4222 3080 4294 episcoporum
3137 4221 3389 4278 concilia
3446 4222 3644 4278 venire

1990 4313 2217 4376 noluit;
2251 4311 2386 4367 ideo
2417 4317 2540 4367 tam
2571 4326 2606 4365 a
2652 4328 2893 4366 summo
2925 4310 3205 4383 pontifice
3231 4327 3539 4382 quamque
3567 4309 3644 4364 ab

1990 4402 2284 4458 universis
2341 4400 2639 4473 episcopis
2671 4405 2810 4455 tunc
2867 4399 3100 4470 synodo
3163 4399 3642 4472 praesidentibus,

1989 4490 2262 4546 videlicet
2327 4505 2582 4544 numero
2649 4488 2958 4556 sexaginta
3015 4493 3264 4557 septem,
3329 4487 3407 4540 ob
3470 4500 3642 4538 suam

1987 4629 2297 4702 peratoris,
2331 4632 2392 4702 et
2417 4643 2519 4683 sex
2551 4624 2816 4697 episcopi
2840 4625 2916 4679 ad
2947 4623 3299 4702 praedictum
3316 4620 3644 4702 archiepis-

1990 4692 2216 4772 copum
2245 4692 2632 4772 pertinentes,
2664 4692 2923 4772 quorum
2952 4692 3224 4772 notitiam
3282 4707 3402 4747 non
3439 4692 3644 4772 recoli-

1988 4764 2152 4831 mus,
2203 4764 2264 4824 ef
2309 4769 2407 4823 alii
2438 4773 2562 4822 tam
2600 4764 2969 4821 ex’Romana
3014 4764 3161 4819 urbe
3193 4780 3379 4836 quam
3410 4780 3480 4819 ex
3513 4764 3643 4820 aliis

1987 4855 2243 4896 numero
2295 4838 2740 4910 quinquaginta
2785 4853 2908 4898 sex,
2935 4836 3165 4910 absque
3193 4834 3560 4910 presbyteris
3587 4840 3644 4894 et

1988 4907 2342 4966 diaconibus
2367 4907 2587 4963 sanctae
2615 4911 2895 4962 Romanae
2921 4907 3212 4963 Ecclesiae:
3244 4909 3438 4963 HINCM.

2058 4982 2072 5011 ¹
2103 4982 2205 5037 Hic
2249 4981 2390 5035 anni
2441 4979 2672 5051 imperii
2709 4979 2961 5051 Lotharii
3019 4995 3091 5034 ac
3125 4978 3403 5035 Ludovici
3465 4978 3644 5034 simul

1988 5054 2454 5122 coniunguntur.
2489 5050 2695 5106 Annus
2735 5050 2909 5122 enim,
2929 5051 3187 5106 Lotharii
3213 5055 3278 5106 37
3309 5067 3449 5105 cum
3480 5067 3642 5106 anno

1989 5121 2267 5181 Ludovici
2404 5123 2782 5194 conjunctus,
2811 5121 3007 5194 reddit
3035 5138 3266 5177 annum
3292 5124 3359 5176 42
3387 5122 3644 5194 imperii

1987 5193 2970 5273 eorum._Porroistudconcilium
3003 5196 3345 5273 Romanum
3383 5192 3447 5273 in
3493 5192 3644 5273 prae-

1989 5268 2210 5324 fatione
2231 5266 2507 5323 habitum
2530 5265 2775 5321 dicitur:
2820 5265 3074 5320 Lotharii
3123 5282 3191 5320 ac
3226 5263 3507 5319 Ludovici
3534 5263 3643 5318 im-

1985 5345 2330 5412 peratorum
2356 5354 2516 5412 anno
2548 5336 3018 5412 imperii_eorum
3050 5341 3079 5390 5
3099 5342 3155 5391 et
3175 5341 3263 5401 37,
3296 5351 3503 5390 mense
3536 5336 3643 5389 De-

1986 5408 2230 5478 cembri,
2260 5410 2356 5464 die
2383 5415 2435 5480 ὅ,
2467 5408 2671 5464 indict.
2696 5413 2750 5462 2.
2785 5408 2958 5470 Bono.

2057 5555 2135 5622 (a)
2163 5554 2485 5622 Episc0pus
2519 5552 2836 5605 Brixiensis
2870 5553 3079 5604 Pnn'rz.

2067 5615 2394 5693 lb')Vi-detur
2410 5640 2536 5675 esse
2551 5620 3211 5689 Sigisfridus,Regiensis
3233 5615 3635 5685 episeopusJu.
