4092 6176
445 169 548 235 εστ

447 290 691 350 stultam
722 286 1040 349 audaciam
1062 284 1303 357 'merito,
1324 288 1392 349 ut
1425 283 1835 360 prmdiximus,
1880 279 1967 337 est
1989 276 2092 333 de-

447 381 680 454 positus
713 381 769 432 et
798 373 1154 433 sacerdotali
1186 374 1415 432 honore
1453 375 1744 446 privatus,
1796 383 1956 425 anno
1998 364 2096 421 de-

447 469 651 541 nique,
679 479 886 521 mense
907 479 978 521 ac
1009 462 1104 520 die
1132 467 1310 535 atque
1342 462 1664 525 indictione
1682 465 1748 517 ut
1768 474 1969 531 supra.

1220 554 1340 609 VIII

876 660 947 699 AD
991 658 1291 700 EPISCOPOS
1328 657 1668 703 BRITANNUE.

447 737 631 794 Docet
656 732 957 805 episcopos
983 733 1428 805 simoniacosin
1459 732 1713 787 concilio
1734 724 2099 805 judicandos

519 799 905 932 essbe.°_deinde
946 804 1261 874 respondet
1298 803 1437 859 aliis
1469 818 1673 859 eorum
1718 799 2102 857 consultatio-

519 893 583 932 ηε
630 891 714 931 us.

518 891 714 932 ηιοιιε.

523 968 632 1021 Lno
673 963 957 1020 omnibus
1007 961 1499 1019 reverentissimis
1557 958 1955 1018 confratribus
1984 955 2103 1010 Bri-

451 1054 703 1111 tannicae
728 1052 920 1120 gentis
950 1052 1268 1125 episcopis.

522 1146 759 1210 Quanto
790 1142 986 1199 studio
1017 1147 1365 1215 quantaque
1412 1140 1647 1197 solertia
1660 1154 1902 1209 gregem
1932 1134 2103 1191 vobis

450 1252 487 1291 ι
520 1233 776 1291 Domino
799 1233 1194 1289 commissum
1227 1232 1492 1306 pascitis,
1530 1230 1865 1301 divinisque
1894 1225 2103 1282 fovetis

451 1323 668 1380 eduliis
698 1322 876 1378 nobis
904 1322 1128 1377 directa
1155 1322 1376 1393 scripta
1410 1323 1771 1376 reserarunt.
1790 1316 1951 1373 Unde
1982 1329 2104 1369 non

451 1413 692 1468 modica
724 1410 1121 1466 exsultatione
1147 1409 1549 1480 congratulor,
1573 1413 1629 1464 et
1657 1410 1957 1463 tantarum
1980 1420 2106 1459 am-

449 1501 813 1572 biguitatum
842 1498 1602 1570 indagationelaatiﬁcatus,
1620 1513 1657 1552 a
1680 1496 1891 1552 timore
1922 1492 2097 1563 negli-

456 1590 688 1661 gentiae,
712 1589 819 1663 qui
851 1604 945 1644 me
975 1588 1129 1645 illius
1160 1589 1420 1660 regionis
1475 1589 1537 1643 in
1565 1585 1785 1643 inﬁmis
1816 1584 2109 1656 deprime-
2145 1585 2186 1636 B

448 1679 574 1749 bat,
631 1678 805 1752 quasi
836 1694 872 1734 ει
901 1679 1065 1748 gravi
1092 1676 1391 1749 languore
1449 1676 1746 1732 relevatus
1791 1677 1846 1730 et
1906 1675 2107 1743 utpote

453 1784 659 1835 sanus,
692 1767 828 1823 licet
852 1767 1020 1822 omni
1046 1767 1235 1823 salute
1264 1771 1496 1839 captus,
1521 1764 1714 1834 magis
1748 1763 1953 1818 animo
1978 1776 2107 1814 sos-

452 1872 565 1930 pes
594 1854 825 1912 surrexi
855 1871 1043 1928 quam
1092 1870 1362 1928 corpore,
1408 1854 1556 1920 Quia
1611 1869 1749 1908 cum
1808 1848 2108 1923 quosdam

450 1945 750 2002 laicorum
772 1945 833 2000 in
849 1944 1258 2000 ecclesiasticis
1271 1942 1656 2014 cognoverim
1688 1940 1844 1996 curis
1861 1936 2111 2011 praepol-

460 2032 602 2103 lere,
629 2038 684 2089 et
710 2033 978 2089 studioso
1008 2033 1211 2088 animo
1229 2032 1307 2088 ab
1326 2032 1562 2088 illorum
1593 2029 1955 2102 respondere
1972 2025 2110 2093 vigi-

450 2122 647 2178 lantiis
676 2136 940 2190 cogerer,
972 2121 1121 2177 nihil
1148 2120 1311 2177 aliud
1341 2138 1468 2191 vos,
1496 2119 1601 2193 qui
1623 2118 1838 2174 divinis
1859 2115 2110 2184 negotiis

452 2214 509 2268 et
536 2209 952 2266 ecclesiasticis
985 2215 1141 2265 sorte
1162 2210 1427 2277 venistis,
1445 2225 1631 2282 quam
1650 2208 1951 2264 crederem
1976 2205 2112 2259 dor-

452 2300 695 2355 mitare:
726 2315 889 2354 nunc
910 2298 1115 2354 divina
1142 2299 1331 2368 gratia
1351 2298 1407 2354 hi
1448 2298 1771 2354 confratres
1794 2294 1996 2350 nostri.
2030 2293 2111 2347 vi-

452 2386 666 2444 delicet
691 2387 920 2457 talium,
970 2392 1027 2442 et
1068 2387 1215 2444 tales
1255 2387 1645 2443 ecclesiarum
1692 2383 1997 2458 praesules,
2030 2383 2108 2436 ad

452 2491 564 2532 nos
585 2476 857 2549 perducti
886 2481 943 2532 et
963 2476 1204 2547 cogniti,
1253 2477 1450 2545 magis
1496 2491 1739 2530 securus
1766 2488 1926 2527 nunc
1956 2471 2108 2525 duro

455 2581 642 2637 quam
665 2570 861 2622 antea.
895 2564 1271 2635 legationem
1304 2565 1564 2637 denique
1579 2577 1964 2619 communem
1983 2575 2105 2614 om.

454 2653 623 2709 nium
651 2654 1075 2727 episcoporum
1124 2653 1753 2709 reverendissimorum
1776 2650 1952 2705 nobis
1977 2664 2112 2719 pro-

454 2742 711 2817 positam
757 2742 1188 2816 delinquentes,
1217 2742 1510 2815 requiritis
1543 2741 1617 2797 de
1643 2740 1735 2795 his
1764 2739 1866 2811 qui
1887 2738 2108 2810 turpis-

454 2832 608 2889 simo
623 2833 788 2890 lucro
810 2832 1124 2888 columbas
1141 2831 1202 2886 in
1220 2830 1443 2903 templo
1471 2828 1701 2886 Domini
1716 2828 1973 2884 vendere
1986 2842 2108 2881 non

453 2923 880 2996 pertimescunt
910 2927 955 2988 (t
970 2962 988 2992 ,
1018 2938 1079 2994 q.
1111 2926 1165 2992 2,
1194 2921 1517 2993 Requiritis
1547 2920 1620 2977 de
1656 2920 1768 2990 iis),
1796 2922 1853 2973 et
1874 2934 1983 2972 sua
2008 2932 2105 2971 ac-
2141 2932 2181 2983 Ο

455 3018 514 3071 ta
534 3013 813 3088 improba
830 3012 1158 3068 temeritate
1196 3010 1451 3068 Simonis
1472 3009 1682 3066 haeresi
1707 3009 1839 3079 conj
1850 3011 2104 3075 ungunt,

451 3107 655 3159 utrum
686 3103 923 3177 possint
967 3100 1028 3156 in
1081 3100 1291 3156 ordine
1335 3098 1745 3172 paenitentiam
1776 3113 1973 3165 agere,
2006 3101 2109 3151 aut

451 3190 874 3248 tantummodo
919 3195 1086 3247 extra
1124 3190 1396 3247 ordinem
1423 3194 1478 3245 et
1510 3185 1943 3244 sacerdotalem
1981 3183 2107 3239 ﬁeri

453 3280 733 3352 gradum.
768 3281 997 3345 Quibus
1018 3294 1129 3336 nos
1156 3278 1401 3352 quidem
1432 3276 1718 3334 convictis
1740 3275 1846 3348 qui
1862 3280 1985 3329 tam
2005 3274 2107 3328 de-

452 3369 723 3425 testabile
749 3368 945 3437 nefas,
977 3368 1144 3439 quod
1183 3368 1312 3438 jam
1363 3366 1569 3422 multis
1620 3370 1707 3421 est
1751 3364 2109 3419 damnatum

454 3455 739 3521 conciliis,
800 3455 1102 3527 peregisse
1164 3458 1512 3521 noscuntur,
1562 3452 1727 3508 nulla
1762 3452 2111 3524 pcenitentia

453 3557 781 3615 possumus
823 3541 1164 3611 subvenire,
1198 3546 1255 3597 et
1284 3547 1369 3597 tot
1396 3541 1802 3613 spiritualibus
1838 3540 2110 3612 patribus

455 3630 734 3687 obviare:
765 3630 870 3685 sed
890 3630 951 3685 in
985 3629 1224 3685 illorum
1254 3635 1492 3705 patrum
1520 3647 1617 3686 me
1661 3630 1948 3686 sententia
1974 3645 2112 3685 con-

453 3717 653 3774 venire
675 3719 957 3775 omnibus
985 3724 1213 3774 certum
1246 3721 1337 3776 sit.
1372 3720 1455 3775 Ita
1486 3725 1685 3776 tamen
1716 3725 1779 3775 ut
1804 3720 2010 3776 omnia
2048 3718 2109 3774 in

458 3807 721 3865 conciliis
754 3807 878 3865 sint
903 3808 1346 3881 episcoporum.
1406 3812 1551 3865 Nam
1591 3809 1823 3865 nullam
1854 3810 2109 3865 damna-

451 3899 676 3955 tionem
700 3898 1126 3973 episcoporum
1154 3916 1284 3956 esse
1309 3916 1580 3972 unquam
1608 3916 1926 3955 censemus
1958 3898 2013 3969 (l,
2046 3915 2106 3969 q.

454 3994 509 4058 7,
540 3991 795 4045 Nullam
819 3989 1312 4058 damnationem),
1343 3989 1457 4044 nisi
1487 3993 1590 4046 aut
1620 3995 1755 4045 ante
1778 3989 2109 4060 legitimum

450 4092 772 4132 numerum
803 4078 1247 4151 episcoporum,
1269 4078 1372 4151 qui
1391 4078 1457 4133 fit
1485 4094 1591 4151 per
1620 4078 1938 4134 duodecim
1958 4078 2111 4147 cpis-

454 4181 664 4238 copos,
698 4171 802 4223 aut
821 4173 976 4225 certe
1000 4167 1255 4240 probata
1270 4170 1581 4240 sententia,
1595 4183 1704 4241 per
1729 4167 2108 4241 septuaginta

452 4255 607 4312 duos
629 4255 879 4312 idoneos
906 4261 1102 4328 testes,
1124 4256 1229 4330 qui
1259 4255 1404 4312 tales
1427 4257 1560 4324 sint,
1595 4256 1701 4328 qui
1724 4260 1781 4311 et
1825 4271 2107 4311 accusare

1846 150 2098 219 LEOle
2133 150 2346 217 ΡΑΡΛΕ
2382 156 2458 217 IV

2356 278 2395 333 Ι.
2425 279 2525 335 Ad
2552 297 2697 353 quos
2728 282 3158 343 ecclesiasticus
3203 282 3348 339 ordo
3373 285 3740 353 pertineat"

2283 366 2476 423 Primo
2506 371 2752 442 quidem
2765 371 3025 444 capitulo
3053 369 3299 441 dictum,
3318 372 3414 433 cui
3431 373 3893 431 ecclesiasticus

2212 458 2700 531 ordOpertineat:
2734 462 2901 536 quod
2923 463 3220 536 episcopis
3238 469 3294 519 et
3324 464 3551 520 clericis
3577 466 3895 524 ordinatis

2212 548 2502 618 pertinere
2514 566 2635 606 non
2648 552 2902 608 dubium
2915 557 3018 608 est.
3028 553 3199 618 Quod
3212 570 3314 610 vos
3327 554 3605 623 ignorare
3624 557 3893 613 minime

2214 637 2633 707 credimus,ab
2664 641 2808 713 ipsis
2843 642 3183 714 apostolicis
3204 641 3342 698 viris
3385 646 3792 713 cognoscitis.
3827 651 3892 704 Et

2213 742 2351 783 cum
2394 727 2453 783 in
2482 730 2666 786 sacris
2696 731 2961 787 conciliis
3008 730 3086 788 ab
3116 731 3414 805 episcopis
3467 735 3891 805 promulgatas

2214 815 2331 873 sint
2345 817 2565 885 regulae
2580 823 2636 875 et
2650 820 3065 892 receptae,quis
3083 825 3249 877 extra
3270 821 3586 895 episcOpos
3608 826 3892 897 promul~

2215 909 2384 973 gator
2410 907 2841 964 canonicarum
2871 908 3125 981 quiverit
3158 925 3287 965 esse
3320 913 3821 971 sententiarum?

2215 1015 2277 1067 ll.
2295 1014 2970 1085 Unwquueparochia
2988 1018 3249 1086 episcopi
3256 1018 3598 1087 provisione
3608 1036 3718 1091 reg
3726 1023 3888 1078 enda

2286 1102 2562 1171 Regenda
2583 1119 2726 1159 vero
2756 1108 2843 1160 est
2872 1120 3253 1178 unaquaeque
3286 1108 3577 1178 parochia
3597 1112 3681 1179 (x,
3730 1128 3795 1184 q.
3833 1117 3883 1177 t,

2214 1192 2492 1260 Regenda
2515 1198 2599 1248 est
2617 1199 3012 1265 unaquaeque)
3036 1194 3147 1249 sub
3166 1196 3508 1267 provisione
3528 1214 3595 1252 ac
3624 1199 3887 1255 tuitione

2217 1281 2499 1354 episcopi,
2522 1298 2628 1354 per
2650 1283 2986 1339 sacerdotes
3025 1284 3118 1339 vel
3156 1290 3380 1341 ceteros
3404 1286 3673 1355 clericos,
3710 1306 3880 1362 quos

2216 1370 2346 1442 ipse
2375 1388 2511 1427 cum
2544 1372 2643 1427 Dei
2666 1372 2875 1429 timore
2897 1372 3255 1445 praeviderit,
3294 1376 3387 1430 cui
3423 1376 3556 1447 jure
3578 1380 3882 1450 pertinere

2219 1459 2528 1527 videbitur,
2558 1464 2613 1515 et
2644 1460 2976 1527 circumire,
3002 1466 3066 1517 ut
3097 1462 3209 1517 sibi
3229 1465 3640 1522 necessarium
3673 1469 3879 1524 visum

2218 1547 2409 1611 fuerit,
2434 1548 2832 1605 ecclesiastica
2863 1550 3111 1606 utilitate
3150 1559 3420 1622 cogente.

2292 1658 2380 1710 ΙΙΙ.
2431 1657 2564 1711 Non
2610 1656 2903 1729 cogendus
2933 1659 3245 1727 presbyter
3290 1660 3371 1715 ad
3407 1676 3586 1718 sacra
3618 1666 3874 1720 concilia

2763 1730 3031 1800 eulogias
3079 1731 3334 1800 deferre.

2296 1817 2374 1869 De
2403 1814 2653 1884 eulogiis
2684 1817 2761 1872 ad
2785 1833 2955 1873 sacra
2977 1818 3229 1874 consilia
3246 1818 3585 1876 deferendis
3615 1823 3864 1891 (Dist.t8,

2221 1904 2307 1959 De
2336 1905 2606 1975 eulogiis)
2632 1906 2778 1961 nihil
2808 1906 3144 1962 invenimus
3174 1923 3210 1963 a
3242 1909 3578 1979 majoribus
3600 1913 3873 1968 termina-

2222 1999 2371 2058 tum,
2419 1995 2523 2049 sed
2553 1995 2703 2052 sicut
2759 1996 3081 2069 unicuique
3134 1999 3510 2072 presbyterio
3562 2002 3865 2075 placuerit.

2223 2086 2369 2137 Nam
2393 2083 2438 2137 si
2462 2086 2846 2140 constitutum
2876 2085 3050 2141 fuerit
3079 2086 3178 2142 illo
3208 2087 3269 2142 in
3297 2094 3565 2163 tempore
3590 2091 3869 2147 benedic-

2223 2171 2411 2226 tiones
2442 2172 2657 2240 afferri,
2692 2173 2895 2229 forsan
2950 2175 3151 2231 minus
3190 2176 3443 2234 libenter
3479 2180 3554 2235 ad
3603 2179 3871 2253 synodos

2222 2267 2553 2326 occurrent,
2578 2266 2633 2318 et
2671 2264 2866 2332 magis
2909 2263 3111 2319 venire
3160 2264 3609 2324 detrectabunt:
3642 2285 3769 2341 quin
3801 2273 3872 2323 ut

2222 2348 2479 2404 arbitror
2503 2366 2623 2405 non
2654 2356 2792 2406 sunt
2839 2352 3273 2409 rationabiliter
3320 2356 3703 2428 requirendus,
3747 2371 3863 2411 nec

2223 2437 2374 2493 ultro
2398 2437 2608 2495 delatae
2640 2441 3013 2513 respuendae.

2221 2546 2305 2600 IV.
2339 2545 2477 2601 Sors
2502 2546 2660 2601 nihil
2686 2547 2859 2603 aliud
2888 2564 3063 2619 quam
3094 2548 3370 2605 divinatio
3391 2554 3443 2603 et
3469 2547 3847 2617 maleﬁcium.

2291 2634 2370 2688 De
2411 2634 2773 2708 experientia
2804 2640 3003 2693 autem
3034 2636 3455 2693 divinationum
3505 2636 3601 2691 vel
3630 2635 3860 2692 maleﬁ-

2221 2722 2468 2789 ciorum,
2503 2725 2788 2797 scriptum
2810 2726 3057 2798 quidem
3077 2725 3135 2781 in
3164 2726 3342 2781 sacris
3365 2725 3666 2781 habemus
3688 2740 3866 2780 cano-

2220 2812 2420 2875 nibus,
2444 2818 2509 2868 ut
2530 2814 2664 2886 ipsa
2693 2815 2876 2870 verba
2905 2831 3225 2888 ponamus.
3245 2815 3326 2871 ita
3372 2816 3552 2871 Cone.
3586 2816 3863 2885 Ancyr..,

2220 2917 2360 2956 oan.
2392 2903 2503 2971 23):
2527 2902 2633 2965 Qui
2650 2903 3046 2960 divinationes
3068 2909 3372 2979 expetunt,
3394 2908 3448 2960 et
3478 2920 3711 2961 morem
3732 2919 3869 2974 gen-

2222 2990 2410 3045 tilium
2445 2992 2919 3065 subsequuntur,
2946 2997 3048 3049 aut
3090 2994 3150 3049 in
3182 2994 3398 3050 domos
3424 3009 3565 3049 suas
3598 2993 3871 3065 hujusce~

2220 3079 2385 3135 modi
2415 3081 2690 3136 homines
2718 3082 3105 3138 introducunt
3127 3083 3481 3156 exquirendi
3526 3081 3749 3155 aliquid
3775 3098 3872 3140 ar-

2220 3173 2273 3223 te
2305 3169 2599 3237 maletica,
2638 3175 2740 3228 aut
2769 3171 3049 3245 expiandi
3100 3188 3304 3237 causa,
3331 3171 3445 3227 sub
3475 3171 3682 3243 regula
3701 3170 3869 3243 quin-

2219 3258 2464 3329 quennii
2488 3259 2745 3330 jaceant.
2781 3260 2945 3316 Unde
2998 3261 3074 3316 ad
3115 3259 3354 3317 illorum
3398 3259 3866 3328 similitudinem,

2221 3353 2428 3413 sortes,
2458 3347 2678 3420 quibus
2704 3353 2917 3409 cuncta
2946 3365 3050 3405 vos
3081 3351 3142 3405 in
3189 3350 3399 3406 vestris
3447 3348 3868 3404 discriminatis

2216 3435 2453 3504 judiciis
2489 3441 2596 3503 (26,
2626 3453 2687 3508 q.
2717 3442 2769 3507 5,
2791 3437 2989 3494 Sortes
3027 3438 3278 3509 quibus),
3312 3437 3459 3493 nihil
3481 3437 3645 3494 aliud
3678 3452 3866 3509 quam

2219 3524 2381 3594 quod
2408 3523 2488 3578 illi
2517 3530 2716 3596 patres
2745 3526 3131 3598 damnarunt,
3161 3527 3559 3582 divinationes
3597 3530 3651 3581 et
3678 3524 3867 3580 male-

2219 3612 2355 3666 ﬁcia
2379 3628 2507 3667 esse
2537 3613 2937 3670 decernimus.
2966 3615 3364 3681 Quamobrem
3423 3615 3697 3671 volumus
3730 3614 3869 3669 illas

2221 3700 2467 3755 omnino
2501 3701 2797 3773 damnari,
2849 3707 2906 3759 et
2944 3704 3095 3759 ultra
3125 3705 3277 3759 inter
3306 3703 3669 3759 Christianos
3692 3701 3869 3758 nolu-

2222 3805 2356 3844 mus
2384 3791 2701 3859 nominari,
2726 3795 2862 3847 etut
2887 3791 3337 3863 abscinduntur,
3372 3792 3488 3848 sub
3519 3792 3870 3849 anathema-

2220 3878 2291 3933 tis
2312 3878 2621 3935 interdicto
2652 3882 3035 3954 praecipimus
3065 3882 3203 3954 (lvo,
3227 3888 3378 3956 part.
3413 3898 3485 3951 ix,
3517 3896 3648 3954 cap.
3687 3882 3796 3951 Η).

2220 3989 2281 4043 V.
2318 3987 2390 4043 Ul
2414 3988 2621 4044 nullus
2647 3991 2903 4059 propria
2929 3991 3281 4116 cogpqlione
3310 3991 3622 4061 conjugem
3638 3987 3756 4045 sibi
3783 4003 3873 4045 co-

2954 4077 3035 4116 nu
3066 4076 3094 4116 e
3127 4103 3138 4115 .

2952 4068 3138 4130 pulei.

2294 4149 2361 4201 Ut
2385 4148 2699 4203 deﬁnitum
2741 4152 2829 4204 est
2870 4164 2906 4204 a
2955 4148 3249 4218 Patribus,
3280 4148 3479 4203 nullus
3520 4147 3595 4203 de
3625 4147 3875 4223 propria

2221 4236 2573 4305 cognatione
2592 4236 2703 4291 sibi
2725 4237 2945 4293 audeat
2965 4237 3267 4317 ecpulare,
3302 4236 3527 4309 alioqui
3546 4237 3876 4292 anathema

450 4344 702 4417 possint,
731 4348 788 4400 et
817 4345 983 4417 prius
1036 4323 1116 4401 ad
1142 4323 1319 4401 sacra
1351 4344 1561 4400 Christi
1604 4323 1863 4417 quatuor
1917 4347 2105 4398 Evan-
2141 4323 2184 4376 D
2221 4324 2479 4417 Sit’_1_)i§t-
2514 4328 2603 4392 2ον
2651 4327 3024 4417 Πεὲίίᾷθίίίελ
3079 4326 3242 4417 Unde
3272 4325 3705 4417 ὗεῖἃῒίὶυηίονίε
3736 4327 3875 4382 δῖε·

450 4433 606 4506 gelia
637 4438 1011 4490 sacramenta
1053 4437 1355 4507 praestent,
1401 4433 1568 4507 quod
1611 4433 1693 4488 nil
1736 4432 1965 4488 salsum
2011 4433 2109 4487 de-

448 4528 754 4598 promant,
787 4526 941 4582 sicut
972 4525 1138 4582 nobis
1183 4524 1385 4580 beatus
1432 4522 1720 4579 Silvester
1746 4522 2021 4585 tradidit,
2053 4528 2109 4578 et

448 4617 722 4673 Romana
752 4620 964 4673 sancta
993 4620 1191 4671 tenere
1218 4612 1457 4670 videtur
1482 4610 1757 4668 Ecclesia
1785 4615 1829 4664 '.
1862 4612 1930 4666 Et
1959 4610 2006 4666 si
2023 4610 2110 4665 in-

448 4707 536 4759 ter
564 4720 690 4775 eos,
730 4719 885 4777 quos
917 4703 1240 4759 damnatos
1292 4717 1421 4759 esse
1480 4700 1762 4757 dixerunt
1809 4699 2105 4770 homines,

450 4791 626 4848 fuerit
654 4793 994 4867 episcopus,
1025 4794 1128 4865 qui
1162 4807 1336 4848 suam
1388 4806 1638 4847 causam
1699 4790 1760 4846 in
1790 4789 2108 4864 praesentia

453 4881 737 4933 Romanis
765 4880 921 4934 sedis
952 4881 1219 4954 episcopi
1248 4881 1481 4954 petierit
1511 4880 1729 4947 audiri,
1780 4881 1981 4938 nullus
2015 4896 2109 4936 su-

451 4981 560 5038 per
588 4964 757 5020 illum
806 4966 1097 5022 ﬁnitivam
1144 4975 1472 5039 praesumat
1527 4971 1671 5025 dare
1719 4970 2102 5025 sententiam:

454 5053 561 5109 sed
587 5053 835 5108 omnino
862 5069 1001 5109 eum
1025 5055 1217 5110 audiri
1239 5057 1638 5114 decernimus.
1666 5063 1742 5112 De
1769 5062 1974 5111 caetero
2006 5073 2105 5111 ve-

451 5157 541 5213 ro,
566 5141 733 5214 quod
752 5141 926 5197 nobis
953 5142 1226 5215 apicibus
1250 5146 1461 5200 vestris
1483 5146 1711 5202 factum
1743 5150 1827 5199 est
1852 5144 2105 5209 clarum,

453 5230 601 5304 quid
631 5228 725 5286 vel
751 5229 1003 5302 qualiter
1048 5230 1123 5285 de
1152 5230 1301 5303 ipsis
1358 5233 1633 5304 capitulis
1686 5231 2103 5300 interrogantis

451 5318 711 5376 debeam
734 5319 1119 5391 respondere,
1148 5319 1310 5375 unde
1341 5319 1622 5392 precibus
1651 5317 1858 5374 vestris
1886 5335 2109 5375 annue-

450 5425 515 5466 re
536 5408 905 5477 curavimus,
937 5413 993 5464 et
1013 5408 1357 5478 singillatim
1377 5406 1526 5481 quid
1556 5407 1859 5477 agendum
1892 5413 2002 5473 est,
2036 5410 2108 5465 si-

449 5514 523 5554 ve
547 5497 817 5568 exposito
838 5513 874 5553 δ.
912 5498 1131 5553 sanctis
1162 5497 1457 5565 Patribus,
1493 5496 1615 5553 sive
1644 5513 1809 5551 more
1851 5499 2107 5572 antiqui—

449 5594 544 5643 tus
567 5585 801 5658 tradito,
824 5586 1167 5643 curavimus
1197 5585 1628 5643 demonstrare.

2220 4412 2366 4481 gorii
2396 4413 2634 4478 decreta
2664 4413 2876 4469 eximie
2920 4420 3060 4471 sunt
3087 4415 3417 4471 retinenda.

2255 4518 2349 4573 VI.
2392 4521 2512 4575 Per
2540 4536 2673 4591 qua?
2702 4521 2939 4577 decreta.
2957 4522 3241 4590 judicare
3270 4519 3521 4579 debeant
3553 4522 3829 4592 episcopi.

2290 4611 2370 4664 De
2389 4607 2600 4665 libellis
2617 4615 2672 4665 et
2702 4611 3151 4666 commentariis
3182 4611 3436 4669 aliorum
3448 4627 3574 4668 non
3590 4609 3870 4667 convenit

2219 4697 2479 4770 aliquem
2528 4699 2817 4769 judicare,
2867 4704 2924 4756 et
2954 4705 3299 4755 sanctorum
3351 4700 3745 4756 conciliorum
3775 4714 3873 4756 ca-

2218 4803 2406 4843 nones
2428 4787 2782 4861 relinquere,
2818 4789 2908 4843 vel
2945 4787 3333 4844 decretalium
3375 4789 3635 4860 regulas,
3690 4788 3753 4845 id
3784 4793 3874 4845 est

2218 4892 2351 4949 quas
2404 4878 2702 4933 habentur
2757 4878 2920 4950 apud
2963 4893 3074 4933 nos
3123 4877 3301 4932 simul
3350 4893 3489 4934 cum
3535 4877 3649 4932 illis
3680 4878 3746 4932 in
3778 4894 3874 4935 ca-

2218 4982 2394 5031 none,
2436 4971 2492 5022 et
2520 4967 2742 5039 quibus
2770 4966 2831 5022 in
2881 4966 3163 5022 omnibus
3195 4966 3613 5023 ecclesiasticis
3647 4967 3876 5023 utimur

2212 5054 2472 5124 judiciis,
2504 5055 2565 5109 id
2606 5060 2694 5110 est
2736 5055 3186 5126 Apostolorum,
3224 5058 3625 5123 Nicaanorum,
3680 5061 3877 5128 Ancy-

2219 5158 2527 5209 ranorum,
2553 5144 3141 5212 Neocmsariensium,
3188 5146 3650 5216 Gangrensium,
3675 5146 3877 5202 Antio-

2216 5230 2563 5298 chensium,
2666 5232 3157 5305 Laodicensium,
3262 5233 3875 5304 Chalcedonensium,

2216 5320 2677 5389 Sardicensium,
2724 5320 3305 5392 Carthaginensium,
3356 5324 3874 5380 Africanensium:

2218 5417 2274 5467 et
2335 5428 2472 5477 cum
2548 5410 2661 5466 illis
2741 5410 2961 5481 regulae
3040 5413 3367 5484 praesulum
3433 5416 3876 5482 Romanorum,

2224 5499 2503 5567 Silvestri,
2592 5498 2796 5568 Siricii,
2878 5500 3223 5571 Innocentii,
3318 5501 3556 5571 Zosimi,
3662 5502 3879 5558 Caeles-

2222 5586 2347 5656 tini,
2407 5588 2638 5657 Leonis,
2703 5588 2935 5657 Gelasii,
3007 5588 3226 5663 Hilarii,
3287 5591 3655 5664 Symmachi,
3729 5593 3881 5653 Sim-

518 5697 537 5723 '
566 5696 702 5752 Hinc
719 5693 908 5754 verba
933 5694 1141 5753 deesse
1168 5694 1232 5752 in
1277 5696 1551 5755 Romana
1585 5694 1861 5768 editione,
1882 5698 1940 5752 et
1965 5695 2030 5755 in
2057 5710 2173 5755 ms.
2205 5693 2342 5753 cod.
2375 5694 2660 5752 Vaticano
2685 5694 3034 5754 observavit
3065 5697 3253 5755 Lucas
3282 5696 3648 5755 Holstenius.
