4106 6174
272 156 392 221 αοο

1531 158 1914 219 ΕΡΙὸΤοῐᾶ
1959 157 2050 222 ιτ
2092 160 2446 227 DECRETA.

3584 176 3696 235 ατο

277 280 456 356 plieii.
488 279 588 336 Isti
615 276 866 337 omnino
895 284 1052 350 sunt,
1089 297 1197 356 per
1233 300 1389 357 quos
1441 286 1718 358 judicent
1778 286 1932 360 epis-
1957 287 2008 344 Α
2117 290 2263 348 Cum
2291 293 2698 366 spiritualibus
2724 297 2778 352 te
2805 296 3026 353 nostris
3052 302 3433 370 procreatum
3453 298 3694 358 visceri-

276 371 412 443 copi
438 374 500 426 et
526 385 634 443 per
660 385 817 443 quos
845 372 1116 445 episcopi
1148 373 1329 431 simul
1348 380 1405 433 et
1434 376 1629 433 clerici
1652 376 1930 448 judican-

272 465 388 519 tur.
430 464 583 517 Nam
615 460 665 517 si
681 460 796 518 tale
817 463 1122 520 emerserit
1136 462 1231 520 vel
1250 466 1560 538 contigerit
1581 467 1932 523 inusitatum

271 549 607 620 negotium,
648 547 817 621 quod
867 549 1116 608 minime
1166 559 1373 626 posset
1427 571 1535 628 per
1579 556 1723 612 istos
1752 555 1929 618 ﬁniri,

271 643 416 696 tunc
436 638 488 695 si
506 637 768 706 illorum,
796 654 1058 711 quorum
1084 643 1440 699 meministis
1471 644 1629 701 dicta
1652 644 1934 716 Hierony-

270 727 376 795 mi,
446 727 780 798 Augustini,
830 727 1062 800 lsidori,
1121 730 1214 787 vel
1252 736 1604 789 caeterorum
1664 732 1933 791 similiter

268 820 622 876 sanctorum
677 815 994 872 doctorum
1041 817 1347 888 similium,
1409 826 1643 893 reperta
1690 821 1928 892 fuerint,

268 904 738 977 magnanimiter
783 908 924 963 sunt
970 907 1284 965 retinenda
1341 925 1413 966 ac
1461 910 1928 983 promulganda,

268 994 367 1051 vel
392 993 474 1051 ad
520 993 919 1067 apostolicam
972 994 1181 1053 sedem
1236 997 1526 1055 referatur
1563 998 1639 1055 de
1686 998 1925 1055 talibus.

269 1087 469 1152 Quam
497 1083 578 1141 ob
606 1097 859 1142 causam
886 1083 1248 1143 lueulentius
1275 1091 1335 1144 et
1352 1103 1579 1158 magna
1608 1104 1755 1144 voce
1787 1103 1929 1160 pro-

270 1172 545 1231 nuntiare
574 1188 700 1229 non
726 1172 929 1240 timeo,
985 1173 1134 1246 quia
1179 1175 1286 1248 qui
1330 1175 1433 1232 illa
1473 1193 1611 1248 quae
1655 1176 1928 1232 diximus

270 1266 624 1321 sanctorum
658 1265 897 1318 Patrum
928 1266 1174 1331 statuta,
1221 1279 1359 1337 qum
1387 1265 1553 1339 apud
1584 1281 1695 1322 nos
1743 1281 1927 1323 cano—

262 1368 374 1409 nes
404 1351 862 1424 prretitulantur,
896 1351 1019 1407 sive
1041 1357 1108 1408 ut
1130 1353 1475 1427 episcopus,
1504 1354 1626 1411 sive
1653 1355 1923 1427 clericus,

263 1442 393 1498 sive
448 1440 662 1508 laicus,
711 1454 837 1496 non
891 1439 1297 1498 indifferenter
1348 1444 1656 1516 receperit,
1705 1445 1833 1518 ipse
1864 1460 1925 1502 se

261 1530 581 1597 convincit,
621 1544 734 1586 nec
779 1529 1141 1587 catholicam
1186 1535 1246 1588 et
1297 1532 1689 1605 apostolicam
1717 1534 1922 1601 ﬁdem,

2042 379 2157 435 bus
2188 383 2515 454 noscimus,
2549 389 2652 441 tua
2689 385 3039 458 deceptione
3064 388 3331 459 quotidie
3359 389 3694 459 ingemisci-

2040 485 2176 524 mus
2206 489 2218 538 ;
2247 473 2350 544 qui
2383 474 2519 528 sinu
2546 474 2755 529 matris
2786 479 2903 531 tute
2946 490 3322 547 progressus,
3369 479 3584 534 erroris
3611 480 3690 535 ir-

2039 560 2242 615 retitus
2271 562 2525 631 caligine
2595 562 2804 621 alienis
2861 565 3161 637 parochiis
3209 565 3299 622 vel
3343 567 3690 639 regionibus

2039 648 2370 720 immorari,
2402 656 2607 708 contra
2651 659 2950 726 praecepta
2980 657 3220 711 Patrum
3264 672 3690 731 canonumque

2040 739 2430 810 sanctionem,
2471 753 2595 799 non
2641 742 2902 799 dubitas.
2950 747 3257 801 Revertere
3293 746 3492 817 igitur,
3533 747 3691 803 salu-

2039 826 2234 899 tisque
2256 827 2530 885 incedere
2552 846 2938 904 summopere
2960 832 3174 889 callem
3204 850 3485 907 procura,
3518 840 3573 892 te
3612 853 3689 893 ne

2036 931 2197 971 vana
2227 932 2367 988 spes
2417 917 2692 990 decipiat,
2751 919 3101 993 caduceque
3144 922 3520 981 adulationes
3546 925 3689 981 sub-

2035 1009 2289 1062 vertant.
2334 1006 2448 1063 Sed
2502 1008 2748 1065 terrenis
2790 1014 2990 1065 mente
3037 1011 3269 1068 actibus
3319 1014 3571 1084 erigens,
3617 1031 3691 1072 ea

2035 1110 2170 1166 quae
2197 1112 2459 1167 superna
2495 1095 2849 1169 infinitaque
2880 1107 3255 1170 permanent,
3289 1102 3690 1175 inquiescibili

2034 1182 2252 1238 intuitu
2295 1184 2577 1243 anhelare
2606 1190 2935 1241 memento.
2988 1187 3139 1252 Quia
3163 1188 3416 1245 salutem
3449 1206 3689 1264 semper

2035 1276 2152 1327 tuae
2182 1272 2459 1345 cupimus
2485 1273 2702 1331 animai
2726 1275 3115 1348 corporisque
3143 1277 3340 1333 videre
3394 1294 3407 1333 :
3457 1283 3513 1335 et
3537 1296 3613 1336 ne
3635 1284 3688 1336 te

2034 1360 2348 1416 diabolicae
2393 1362 2626 1418 insidiae
2686 1363 3069 1431 concludant,
3121 1366 3548 1439 omnipotentis
3577 1369 3689 1423 Do-

2034 1449 2181 1504 mini
2240 1466 2476 1522 semper
2554 1451 2931 1509 clementiam
3004 1469 3348 1513 exoramus.
3406 1458 3689 1512 Praeterea

2034 1539 2376 1610 apostolicis
2404 1540 2509 1596 tibi
2537 1541 2922 1616 praecipimus
2946 1543 3173 1611 litteris;
3192 1544 3322 1615 jam
3353 1544 3687 1618 quinquen-

259 1618 629 1705 necﬁsancta
656 1626 795 1673 vera
840 1611 1054 1705 {Jhristi
1082 1615 1393 1687 evangelia
1421 1622 1682 1689 quatuor
1710 1618 1927 1674 utiliter
1955 1645 1995 1698 Β
2034 1627 2117 1683 nii
2150 1633 2383 1702 tempus
2412 1611 2819 1705 huciillucque
2850 1631 3091 1689 latitans
3130 1611 3295 1690 velut
3322 1611 3541 1705 anguis
3563 1635 3688 1691 dis-

258 1707 319 1760 et
335 1701 657 1761 eﬂlcaciter
693 1706 752 1763 et
789 1702 869 1758 ad
898 1701 1178 1760 effectum
1215 1719 1393 1762 suum
1412 1706 1663 1763 retinere
1686 1707 1779 1763 vel
1803 1723 1926 1764 ere-

259 1788 424 1845 dere.

1048 1862 1147 1920 IX.

513 1948 587 1988 AD
606 1942 928 1995 Lupovtcuu
949 1930 1325 2009 [LOTHARIUH]
1354 1948 1674 1995 ancusruu.

707 2021 808 2078 Ea:
834 2023 1080 2094 Regesto
1111 2024 1323 2081 Leonis
1364 2026 1472 2080 IV.

330 2117 359 2146 ι
384 2108 565 2181 igitur
586 2124 728 2166 cum
756 2125 914 2184 saepe
943 2109 1205 2169 adversa
1220 2130 1256 2169 a
1280 2114 1730 2169 Saracenonum
1751 2113 1929 2185 parti-

260 2197 382 2254 bus
402 2199 752 2271 perveniant
776 2200 1005 2267 nuntia,
1029 2200 1283 2273 quidam
1310 2201 1374 2257 in
1403 2205 1739 2258 Romanum
1780 2202 1924 2258 Por-

262 2291 397 2349 tum
420 2286 596 2351 clam,
632 2287 966 2362 furtiveque
995 2293 1273 2346 venturos
1297 2305 1433 2346 esse
1462 2290 1741 2347 dicebant
1767 2308 1780 2359 ;
1813 2306 1925 2364 pro

257 2391 388 2448 quo
412 2380 684 2433 nostrum
708 2378 1061 2448 congregari
1082 2378 1466 2452 praecipimus
1499 2382 1759 2443 Portum,
1792 2396 1918 2436 ma-

259 2464 657 2538 ritimamque
704 2466 784 2522 ad
812 2466 975 2522 littus
1021 2467 1387 2524 descendere
1434 2467 1836 2536 decrevimus,
1868 2472 1927 2524 et

255 2554 489 2626 egressi
522 2570 737 2611 sumus
766 2557 974 2612 Roma.
1073 2629 1114 2684 Χ

658 2712 732 2754 AD
769 2670 1526 2759 LUDOVICUII.IMPERATOREM.

336 2794 360 2819 ⁸
414 2784 575 2843 Scire
602 2801 715 2843 vos
745 2789 996 2860 oportet,
1053 2785 1220 2859 quod
1250 2797 1566 2860 nunQuam
1599 2787 1677 2843 ab
1708 2786 1920 2860 aliqui-

255 2872 377 2930 bus
402 2880 644 2931 nostros
664 2875 940 2932 homines
972 2875 1222 2931 sinimus
1252 2876 1550 2949 opprimi;
1584 2876 1691 2932 sed
1729 2877 1775 2933 si
1816 2892 1918 2932 ne-

258 2962 507 3020 cessitas
526 2963 643 3021 illis
664 2964 997 3030 incurrerit,
1038 2964 1486 3037 prtesentialiter
1514 2964 1915 3034 vindicamus;
1950 3002 1991 3058 Ο

254 3052 403 3125 quia
455 3052 645 3109 nostri
691 3053 887 3123 gregis
915 3053 976 3108 in
1007 3052 1292 3109 omnibus
1322 3052 1544 3110 ultores
1576 3069 1704 3110 esse
1736 3054 1917 3110 debe-

254 3155 396 3209 mus
426 3144 485 3197 et
508 3139 799 3215 praecipui
820 3140 1147 3213 adjutores.

1089 3228 1131 3282 Ι.

1089 3231 1131 3282 Ι.

642 3311 715 3356 an
741 3312 989 3355 JOANNEM
1020 3231 1530 3355 xﬁcmsrlscorun.

338 3397 364 3425 ο
390 3391 500 3445 Pro
529 3396 682 3448 certo
710 3392 938 3461 scitote,
961 3390 1128 3464 quod
1157 3404 1477 3463 nunquam
1515 3389 1916 3463 permittimus

266 3482 514 3535 nostros
537 3495 573 3536 a
599 3479 761 3536 vobis
775 3480 1027 3537 lacerari
1050 3482 1154 3535 aut
1168 3478 1427 3552 opprimi
1448 3477 1723 3534 homines
1739 3483 1918 3551 atque

256 3569 587 3642 subjectos,
610 3570 711 3626 sed
739 3570 791 3626 si
841 3570 1031 3643 (quod
1053 3585 1177 3625 non
1208 3574 1541 3642 speramus)
1574 3569 1755 3641 hujus
1784 3585 1921 3625 nos-

254 3663 362 3714 trae
409 3659 755 3715 monitionis
795 3659 956 3716 dicta
1004 3658 1401 3730 neglexeritis,
1444 3664 1499 3715 et
1528 3658 1787 3731 amplius
1817 3659 1919 3714 ali-

259 3763 413 3820 quas
433 3749 858 3820 oppressiones
890 3748 1174 3821 praefatis,
1204 3747 1298 3802 vel
1327 3746 1457 3803 aliis
1487 3748 1703 3802 nostris
1730 3747 1917 3803 homi-

260 3836 443 3892 nibus
486 3837 760 3901 ieceritis,
794 3837 1244 3909 praesentialiter
1292 3851 1396 3891 eos
1450 3835 1915 3903 vindicabimus,

262 3930 321 3982 et
342 3926 544 3983 omnia
570 3931 771 3982 vestra
788 3927 1015 3999 eripere
1039 3924 1407 3991 curabimus,
1441 3922 1767 3980 furibunda
1791 3941 1920 3979 cru-

258 4014 498 4088 delique
528 4015 809 4073 audacia.
1021 4090 1110 4142 xu

473 4173 757 4219 LO‘IHARIO
787 4175 856 4215 ar
883 4173 1157 4215 LUDOVICO
1180 4170 1625 4213 IMPERATOBIBUS
1655 4147 1701 4212 ἀ.

326 4246 680 4304 Lotharium
724 4251 782 4303 et
835 4245 1205 4304 Ludovicum
1248 4245 1642 4317 imperatores
1693 4243 1917 4303 Colono

2035 1718 2241 1785 curris,
2294 1718 2372 1774 ad
2428 1719 2771 1786 concilium,
2801 1721 2970 1794 quod
3027 1722 3237 1795 quinto
3276 1723 3511 1781 decimo
3552 1740 3693 1780 con-

2033 1808 2333 1878 gregaturi
2365 1825 2576 1866 sumus
2602 1809 2697 1865 die
2736 1810 3111 1875 Novembris,
3142 1817 3497 1884 exspectatae
3527 1812 3686 1873 futu-

2030 1912 2112 1951 rae
2144 1898 2424 1954 secundae
2469 1899 2696 1956 mensis
2741 1899 3065 1957 indictione
3107 1902 3355 1969 [mensis
3393 1918 3561 1975 exsp.
3613 1904 3683 1960 F.

2033 1988 2311 2043 secundae
2337 1988 2717 2051 indictionis],
2750 1994 3108 2060 praesentare
3132 1995 3183 2045 te
3213 1992 3378 2046 omni
3412 1991 3687 2064 deposita

2033 2076 2346 2131 occasione
2386 2092 2669 2148 procures
2702 2093 2716 2131 :
2752 2081 2815 2132 ut
2845 2094 3089 2133 causam
3118 2073 3284 2134 tuam
3328 2078 3389 2134 in
3434 2094 3683 2134 venera-

2032 2164 2136 2219 bili
2165 2169 2319 2219 cretu
2351 2170 2573 2220 sanctae
2600 2164 2909 2221 valeamus
2959 2166 3443 2236 congregationis
3481 2166 3682 2221 subtili

2029 2254 2315 2310 ventilare
2339 2255 2575 2321 intuitu,
2606 2259 2664 2309 et
2689 2255 3012 2311 humanius
3036 2260 3199 2311 tuam
3230 2256 3682 2312 conversionem

2032 2346 2302 2398 tractare.
2354 2344 2410 2399 Si
2441 2347 2643 2399 autem
2685 2343 3017 2414 neglexeris
3065 2344 3231 2417 quod
3277 2344 3681 2418 praecipimus,

2032 2431 2308 2504 ampliori
2332 2434 2383 2487 te
2415 2431 2652 2487 vinculo
2678 2432 3063 2487 innodamus.
3088 2436 3237 2487 Nam
3261 2449 3291 2487 c
3314 2432 3684 2487 multimodis

2031 2530 2052 2556 θ
2087 2522 2138 2575 te
2191 2519 2705 2593 reprehendimus,
2752 2537 2821 2577 ac
2873 2520 3403 2594 reprehensibilem
3454 2520 3688 2592 judica-

2034 2626 2204 2678 mus;
2257 2609 2401 2681 quia
2431 2609 2510 2665 ad
2535 2608 2656 2665 duo
2687 2625 2798 2682 pro
2827 2614 2881 2665 te
2909 2613 3274 2680 congregata
3300 2608 3554 2666 concilia
3583 2625 3680 2665 oc-

2030 2713 2265 2753 currere
2291 2696 2568 2753 distulisti
2598 2715 2611 2761 ;
2646 2698 2797 2754 sicut
2823 2698 2884 2755 hi
2913 2703 3240 2770 praesentes
3270 2697 3683 2763 Nicolaus,Pe-

2029 2786 2351 2854 tronacius,
2406 2791 2587 2859 atque
2639 2788 2903 2842 Joannes
2978 2786 3348 2842 venerabiles
3420 2786 3687 2859 episcopi

2028 2875 2237 2941 nostri,
2264 2890 2369 2946 per
2393 2892 2547 2947 quos
2570 2878 2624 2930 te
2658 2891 2817 2930 nunc
2849 2875 3198 2931 auctoritate
3232 2874 3526 2930 canonica
3551 2875 3683 2945 jus-

2029 2964 2216 3020 simus
2263 2980 2534 3034 evocare,
2568 2980 2669 3020 ore
2711 2963 2954 3036 proprio
2982 2964 3353 3019 indicabunt.
3383 2963 3440 3017 Si
3483 2968 3686 3019 autem

2029 3055 2351 3109 constituto
2410 3058 2676 3125 tempore
2727 3052 2804 3108 ad
2850 3052 3204 3125 praedictum
3238 3050 3556 3107 concilium
3583 3067 3685 3106 ve-

2027 3142 2154 3196 nire
2212 3140 2567 3213 neglexeris,
2636 3140 2750 3196 sub
2817 3140 3436 3195 excommunicatione
3507 3143 3687 3212 atque

2031 3231 2410 3286 anathemate
2429 3232 2509 3301 ite
2560 3229 2758 3285 modis
2797 3228 3081 3285 omnibus
3137 3226 3517 3283 decernimus
3555 3243 3684 3284 esse

2029 3335 2410 3377 mansurum.

2793 3408 2928 3463 XIV.

2506 3538 2786 3579 EPISCOPIS
2818 3538 3136 3580 BRITANNIE
3167 3519 3200 3578 ί.

2628 3613 3079 3681 Fragmentum.

2100 3706 2225 3759 Non
2249 3705 2541 3772 cogantur
2571 3699 2905 3776 presbyteri
2935 3701 3011 3755 ad
3043 3715 3217 3757 sacra
3238 3697 3495 3756 concilia
3524 3697 3685 3755 eulo-

2028 3791 2157 3865 gias
2189 3790 2436 3846 deferre.

2099 3882 2178 3935 De
2205 3879 2452 3950 eulogiis
2482 3878 2560 3935 ad
2588 3893 2761 3933 sacra
2786 3875 3037 3933 concilia
3057 3874 3396 3932 deferendis
3418 3873 3566 3931 nihil
3592 3874 3686 3929 in.

2032 3969 2309 4026 venimus
2343 3984 2378 4023 a
2407 3966 2742 4038 majoribus
2774 3965 3156 4021 terminatum
3192 3981 3204 4018 :
3240 3964 3344 4019 sed
3380 3962 3532 4020 sicut
3556 3963 3684 4017 uni-

2028 4057 2246 4130 cuique
2278 4055 2630 4129 presbytero
2663 4053 2971 4126 placuerit.
3030 4056 3180 4108 Nam
3213 4052 3260 4107 si
3293 4051 3683 4107 constitutum

2026 4146 2200 4202 fuerit
2226 4146 2325 4201 illo
2368 4146 2430 4201 in
2460 4149 2730 4217 tempore
2758 4142 3204 4200 bnnedictiones
3245 4141 3461 4208 aﬂ‘erri,
3518 4140 3687 4196 forsi-

2027 4242 2133 4293 tan
2164 4237 2362 4292 minus
2389 4235 2640 4291 libenter
2691 4233 2768 4289 ad
2807 4233 3073 4306 synodos
3103 4236 3435 4302 occurrent,
3463 4237 3520 4287 et
3558 4246 3685 4291 ma-

247 4334 516 4391 diacono
542 4334 856 4392 ecclesiam
888 4335 1194 4391 Reatinam
1238 4336 1430 4403 rogat,
1492 4335 1604 4388 Leo
1651 4354 1680 4387 ι(
1710 4336 1792 4397 ut,
1826 4332 1916 4387 in-
1948 4353 1992 4406 ι)
2032 4327 2119 4393 gis
2136 4326 2332 4381 venire
2350 4324 2936 4389 obtrectabunt.0uae
2954 4326 3020 4377 ut
3040 4320 3293 4377 arbitror
3306 4336 3431 4376 non
3444 4324 3582 4375 sunt
3595 4334 3684 4374 ra-

247 4423 401 4497 quit,
447 4427 651 4480 vestra
697 4423 935 4480 licentia
978 4427 1242 4496 accepta,
1300 4420 1524 4477 ibidem
1570 4436 1919 4477 consecrare

245 4510 575 4571 valeamus
604 4512 957 4586 episcopum
986 4528 1001 4580 ;
1035 4511 1125 4567 sin
1166 4514 1368 4573 autem
1404 4509 1466 4567 in
1497 4508 1783 4581 praedicta
1830 4526 1918 4565 ec-

248 4604 437 4661 clesia
465 4601 774 4658 nolueritis
805 4606 871 4658 ut
915 4600 1273 4675 praeﬁciatur
1315 4598 1658 4671 episcopus,
1690 4599 1917 4654 Tuscu-

248 4693 463 4749 lanam
490 4689 810 4748 ecclesiam
830 4690 913 4746 illi
942 4694 1139 4746 vestra
1165 4688 1450 4744 serenitas
1481 4686 1758 4758 dignetur
1773 4703 1915 4743 con-

258 4781 490 4837 cedere.
520 4802 551 4831 ιο

1025 4852 1161 4906 XIII.

372 4938 443 4977 AD
468 4937 817 4980 ANAS'I'ASIUM
846 4934 1241 4979 PRESBYTERUM
1277 4933 1804 4976 EXCOMMUNICATUM.

649 5014 749 5068 Ad
776 5013 1097 5069 concilium
1128 5011 1304 5065 illum
1332 5015 1519 5065 vocat.

326 5102 443 5158 Leo
471 5102 814 5174 episcopus,
851 5116 1061 5157 servus
1089 5113 1401 5154 servorum
1434 5098 1556 5168 Dei,
1590 5098 1913 5152 Auxsrssm

244 5191 611 5264 presbytero
638 5189 1182 5247 excommunicato.

320 5310 350 5338 ⁸
381 5302 505 5364 Ivo,
542 5313 675 5370 cap.
721 5299 807 5353 83.

322 5375 355 5440 ξ
378 5369 557 5434 lbid.,
590 5369 725 5440 cap.
758 5370 846 5437 84,

322 5436 349 5512 έ
376 5440 555 5505 Ibid.,
589 5436 721 5512 cap.
754 5436 842 5496 85.

321 5511 353 5548 δ
384 5511 650 5568 Gratiani
664 5504 928 5580 'Decret.,
959 5509 1335 5581 1,63,ρ.16,ιίθ
1365 5506 1620 5581 Reatina
1640 5504 1908 5581 ecclesia.

319 5593 346 5621 ⁸
375 5584 457 5640 Et
478 5585 688 5639 multis
708 5574 924 5641 modis.
944 5574 1182 5652 L'egitur
1212 5574 1345 5652 cap.
1378 5581 1468 5646 46,
1496 5575 1599 5633 lib.
1633 5593 1707 5645 χι,
1741 5574 1903 5632 card.

242 5655 603 5715 Deusdedit.

2032 4416 2387 4474 tionabiliter
2407 4414 2745 4488 quaerendae
2760 4429 2869 4468 nec
2896 4411 3052 4467 ultro
3073 4410 3282 4467 delatae
3304 4409 3679 4482 respuendae.

2797 4536 2916 4597 XV.

2454 4643 2528 4683 AD
2566 4639 2884 4683 LOTHARIUM
2937 4638 3252 4680 AUGUSTUH.

2619 4718 3072 4785 Fragmentum.

2097 4816 2123 4853 ε
2153 4805 2395 4862 Habetis
2421 4805 2496 4860 de
2526 4805 2642 4863 hoc
2667 4802 2833 4876 apud
2858 4806 3045 4858 Deum
3074 4798 3526 4857 retributionem
3558 4814 3684 4855 non

2024 4897 2329 4955 modicam
2356 4894 2404 4949 si
2433 4894 2693 4967 antiquae
2722 4891 2869 4962 legis
2893 4891 3186 4962 dogmata
3207 4888 3455 4947 minime
3477 4888 3683 4944 obser-

2024 4991 2237 5044 vantes
2268 4987 2465 5040 vestra
2503 4979 2801 5055 imperiali
2838 4996 3093 5036 censura
3121 4995 3231 5052 pro
3254 4977 3482 5035 viribus
3512 4977 3686 5034 casti-

2024 5076 2197 5146 gatis,
2244 5079 2422 5146 atque
2455 5070 2765 5142 corrigitis.
2800 5072 2969 5127 Item.
3018 5069 3293 5126 Vestram
3338 5066 3685 5137 ﬂagitamus

2024 5164 2402 5219 clementiam
2440 5166 2503 5217 ut
2532 5160 2682 5215 sicut
2723 5160 3016 5215 hactenus
3061 5161 3336 5214 Romana
3372 5155 3469 5211 lex
3498 5156 3687 5225 viguit

2024 5254 2255 5327 absque
2286 5249 2578 5307 universis
2603 5247 2901 5322 procellis,
2935 5251 2992 5303 et
3027 5261 3138 5319 pro
3169 5244 3393 5302 nullius
3423 5257 3684 5317 persona

2097 5360 2113 5395 ί
2144 5360 2292 5414 Pith.
2324 5362 2406 5415 De
2431 5357 2700 5427 eulogiis.
2722 5385 2797 5396 --
2849 5353 3245 5427 Videl’aulin,
3275 5352 3353 5427 ad
3377 5349 3683 5427 Severum,

2024 5435 2077 5488 et
2125 5430 2442 5486 Centuriat.
2488 5420 2683 5499 Τ.ἸΧ,
2721 5440 2783 5500 p.
2810 5427 2935 5483 407.
2992 5425 3254 5481 Habetur
3281 5424 3411 5478 hac
3434 5420 3685 5494 epistola

2025 5499 2831 5572 Rommmanuscripta.1_
2946 5567 2984 5572 μ
3097 5568 3110 5572 _
3280 5565 3309 5572 Α,
3465 5562 3503 5572 ,,

2097 5590 2120 5628 s
2151 5576 2267 5637 lvo,
2294 5576 2448 5642 part.
2482 5587 2542 5626 1v
2564 5562 2707 5642 cap.
2747 5569 2864 5624 181.
2887 5567 3070 5625 Aifert
3096 5568 3212 5624 hoc
3238 5565 3417 5621 etiam
3447 5562 3680 5624 dist.tt,

2024 5658 2157 5716 cap.
2186 5643 2466 5702 Vestram.
