4092 6176
386 149 488 210 671

1807 135 2054 202 LEONIS
2080 136 2279 192 PAPIE
2310 139 2402 195 IV.

3726 149 3846 204 672

388 272 652 330 hominis
711 271 1108 328 reminiscitur
1160 285 1288 326 esse
1359 273 1658 342 corrupta,
1734 266 1818 322 ita
1879 276 2041 320 nunc
2068 261 2118 315 Α
2161 259 2200 315 ti
2233 263 2381 318 Petri
2404 267 2813 337 apostolorum
2834 267 3141 342 principis,
3173 283 3279 324 seu
3299 271 3357 324 et
3382 269 3572 325 sancti
3602 268 3848 326 Leonis

393 379 571 420 suum
600 361 786 417 robur
815 359 1246 432 propriumque
1277 358 1541 428 vigorem
1579 357 1863 414 obtineat.

1158 465 1296 521 XVI.

823 570 894 609 AD
921 570 1238 609 LOTKARIIIM
1266 570 1555 609 AUGUSTUM
1582 563 1626 608 ⁸.

995 644 1440 714 Fragmentum.

467 736 545 790 De
565 731 840 805 capitulis
865 731 960 787 vel
998 731 1314 804 praeceptis
1357 731 1768 803 imperialibus
1817 727 2044 794 vestris,

392 828 852 893 vestrorumque
891 821 1245 893 pontiﬁcum
1262 821 1774 894 praedecessorum
1822 816 2049 874 irrefra-

395 910 664 982 gabiliter
690 909 1100 966 custodiendis
1130 915 1188 966 et
1219 910 1665 979 conservandis,
1691 912 1919 982 quanto
1949 922 2052 961 va-

394 999 618 1055 luimus
649 1003 703 1053 et
733 997 1028 1063 valemus,
1059 999 1287 1054 Christo
1319 998 1595 1071 propitio,
1628 1001 1686 1053 et
1712 1012 1874 1053 nunc
1905 999 1962 1051 et
1989 994 2050 1049 in

395 1103 594 1142 aevum
620 1102 732 1142 nos
775 1090 1235 1143 conservaturos
1295 1088 1490 1142 modis
1534 1086 1818 1142 omnibus
1865 1083 2048 1158 proti-

398 1181 612 1232 temur.
655 1179 721 1230 Et
759 1175 806 1230 si
852 1174 1103 1232 fortasse
1142 1177 1394 1248 quilibet
1421 1176 1594 1231 vobis
1625 1175 1792 1231 aliter
1839 1171 2055 1228 dixerit

399 1263 495 1320 vel
522 1265 788 1320 dicturus
819 1264 910 1326 sit,
946 1265 1144 1319 sciatis
1175 1281 1313 1320 eum
1343 1281 1454 1338 pro
1480 1270 1637 1321 certo
1669 1262 2044 1319 mendacem.

1124 1375 1295 1429 XVII.

862 1480 933 1517 AD
964 1479 1221 1519 CAROLUM
1251 1480 1476 1519 CALVUM
1508 1475 1554 1518 b.

1008 1556 1428 1624 Fragmentum
1440 1597 1452 1610 .

471 1643 527 1698 Si
554 1643 844 1708 fortassis,
872 1642 1039 1714 quod
1081 1658 1204 1697 non
1233 1643 1557 1709 credimus,
1589 1641 1752 1714 apud
1787 1657 1894 1697 vos
1925 1641 2052 1696 inu-

402 1731 530 1787 tiles
576 1732 947 1803 judicamur,
981 1731 1240 1788 Ecclesia
1271 1736 1490 1798 tamen,
1515 1732 1608 1788 cui
1630 1731 2051 1804 prmsidemus,

401 1837 526 1876 non
574 1821 816 1887 inutilis,
875 1821 980 1876 sed
1032 1826 1211 1893 caput
1257 1821 1741 1894 principiumque
1781 1819 2056 1875 omnium

402 1910 613 1966 merito
643 1910 821 1966 simul
851 1910 930 1966 ab
961 1911 1245 1966 omnibus
1283 1915 1551 1967 vocatur.

1134 2018 1322 2074 XVIII.

888 2125 958 2164 AD
985 2124 1241 2163 CAROLL‘M
1275 2123 1498 2163 CALVUM
1528 2117 1570 2164 °.

998 2200 1445 2269 Fragmentum.

476 2287 693 2342 Contra
729 2292 1074 2343 sanctorum
1104 2290 1342 2342 Patrum
1376 2302 1658 2342 censuras
1689 2285 1920 2342 videtur
1945 2286 2062 2342 exi-

407 2377 558 2429 stere
595 2375 642 2429 si
674 2375 977 2430 saecularis
1005 2375 1100 2431 vel
1141 2375 1330 2431 laicus
1363 2375 1745 2448 presbyteros
1776 2374 1855 2429 ab
1881 2374 2064 2430 eccle-

407 2461 528 2532 siis,
559 2461 620 2517 in
662 2462 886 2534 quibus
916 2467 1185 2535 tempore
1216 2464 1606 2519 ordinationis
1637 2479 1844 2518 eorum
1869 2463 2063 2517 nomi-

406 2550 526 2603 nati
560 2555 654 2603 vel
701 2550 1021 2605 introducti
1052 2551 1288 2618 fuerint,
1344 2552 1576 2606 videtur
1623 2552 1770 2621 [At.,
1823 2551 2060 2615 nitetur]

407 2635 723 2708 expellere.

1175 2730 1302 2782 XIX.

921 2833 992 2871 AD
1026 2833 1268 2872 VIDONEM
1293 2833 1554 2873 COMITEM.

1023 2908 1473 2975 Fragmentum.

481 2992 719 3048 dValde
763 2994 1082 3064 indignum
1135 2999 1242 3064 est,
1302 2995 1514 3050 futuris
1558 2995 1834 3065 gentibus
1883 2997 2061 3052 etiam

410 3083 795 3147 contrarium,
831 3089 952 3140 tam
979 3085 1300 3155 gloriosam
1327 3085 1542 3155 legem,
1567 3101 1753 3158 quam
1780 3086 1952 3141 multi
1975 3103 2062 3142 re-

409 3176 500 3227 tro
534 3173 941 3229 custodierunt
971 3174 1378 3246 imperatores,
1411 3189 1572 3229 nunc
1591 3191 1765 3231 suam
1786 3176 1909 3231 vim
1928 3192 2061 3249 per-

411 3261 550 3317 dere
571 3277 641 3318 ac
665 3263 882 3334 injuste
910 3263 1208 3320 damnari.

1193 3372 1296 3424 XX.

663 3470 954 3510 COLORODO
994 3472 1427 3512 ARCHIEPISCOPO
1459 3475 1528 3512 ΕΤ
1555 3475 1819 3516 BERTUSO.

485 3551 507 3576 ο
548 3541 685 3595 Ideo
715 3542 1092 3612 permittente
1137 3543 1257 3597 Deo
1301 3549 1573 3616 pastores
1621 3547 1936 3602 hominum
1969 3565 2067 3603 su-

415 3644 554 3684 mus
586 3627 794 3691 effecti,
829 3633 892 3684 ut
917 3628 1083 3701 quod
1122 3632 1321 3685 Patres
1367 3635 1552 3687 nostri
1591 3634 1714 3688 sive
1755 3634 1816 3688 in
1845 3636 2066 3691 sanctis

417 3715 770 3783 canonibus,
805 3716 923 3773 sive
953 3719 1014 3773 in
1047 3718 1375 3775 mundanis
1405 3719 1639 3791 legibus
1672 3721 1932 3791 aﬂixere,
1966 3741 2066 3779 ex-

416 3804 624 3861 cedere
651 3805 897 3863 minime
925 3807 1274 3864 debeamus.
1319 3811 1535 3867 Contra
1581 3827 1791 3867 eorum
1844 3815 2068 3887 quippe

418 3893 810 3952 saluberrima
836 3896 1070 3966 agimus
1099 3897 1388 3966 instituta,
1437 3899 1484 3954 si
1514 3915 1650 3972 quae
1700 3900 1814 3973 ipsi
1863 3901 2066 3960 divino

418 3988 750 4040 statuerunt.
777 3985 1050 4050 concilio,
1081 3986 1303 4043 intacta
1329 4003 1452 4043 non
1481 4004 1813 4046 servamus.

1177 4097 1304 4150 XXI.

634 4196 704 4235 ΑΙ)
747 4197 1094 4238 PRUDENTIUM
1126 4199 1428 4239 EPISCOPUM
1463 4203 1848 4243 TRICASSINUM.

427 4271 499 4325 Ut
536 4273 960 4327 monasterium
1003 4272 1077 4327 ab
1106 4273 1442 4329 Adremaro
1486 4283 1891 4334 constructum
1933 4295 2066 4335 con-
2097 4307 2138 4359 ι)

1148 4368 1354 4418 secret.

493 4449 513 4484 ί
538 4452 652 4506 Leo
676 4450 1018 4524 episcopus,
1052 4469 1254 4507 servus
1294 4469 1604 4509 servorum
1632 4455 1756 4523 Dei,
1798 4473 2068 4514 reveren-

421 4539 648 4596 tissimo
675 4545 731 4596 et
759 4541 1134 4597 sanctissimo
1167 4541 1484 4598 Prudentio
1531 4543 1872 4601 Tricassinaa
1905 4548 2066 4603 sedis

423 4629 703 4704 episcopo
742 4631 1014 4687 salutem.

495 4721 828 4788 Cognoscat
901 4721 1219 4794 prudentia
1285 4721 1614 4778 sanctitatis
1676 4728 1810 4792 tuae,
1883 4726 2073 4800 quali-

421 4809 510 4858 ter
554 4808 650 4862 hic
679 4809 986 4878 religiosus
1019 4813 1373 4880 monachus,
1410 4812 1774 4871 Adremarus
1803 4816 2068 4882 nomine,

425 4908 562 4946 cum
611 4899 918 4952 monachis
948 4900 1092 4966 suis,
1135 4919 1272 4957 cum
1321 4919 1562 4960 summa
1601 4904 1938 4977 devotione,
1991 4907 2068 4962 ad

425 4979 666 5078 laudem
689 4986 746 5036 et
768 4983 1020 5050 gloriam
1053 4995 1272 5045 sanctm
1301 4993 1618 5062 Trinitatis,
1651 4999 1707 5048 et
1736 4995 2068 5050 remedium

427 5081 642 5122 ammte
673 5085 794 5125 suae
823 5088 1188 5146 suorumque
1219 5079 1512 5148 omnium,
1535 5082 1595 5135 in
1616 5082 1908 5137 honorem
1932 5081 2073 5137 bea-

494 5221 520 5247 δ
550 5195 808 5269 Gratiani
839 5200 1084 5268 Decret.,
1116 5200 1251 5257 dist.
1289 5203 1370 5269 10,
1399 5222 1453 5260 c.
1484 5211 1536 5262 9.

495 5266 741 5344 b_l_vonis
762 5267 1007 5344 Decret.,
1038 5266 1172 5344 dist.
1203 5278 1257 5342 5,
1284 5291 1335 5328 c.
1361 5266 1424 5330 ll
1463 5295 1477 5343 ;
1528 5276 1787 5332 Gratiani
1822 5280 2066 5344 Decret.,

427 5353 477 5391 c.
518 5336 601 5412 16,
634 5354 737 5412 qu.
773 5343 826 5412 6,
859 5355 991 5412 cap.
1019 5342 1088 5398 Si
1105 5336 1400 5412 fortassis.

495 5422 518 5450 ο
541 5409 1069 5490 GratianiADec—ret,
1101 5409 1193 5468 im
1219 5431 1321 5485 qu.
1345 5417 1398 5482 7,
1433 5433 1481 5471 c.
1512 5421 1602 5483 29;
1636 5417 1855 5484 (Ivonis
1879 5422 2068 5490 liecr.,

424 5496 504 5534 ιιι.
540 5497 590 5536 ρ.
625 5481 764 5551 102),
799 5483 1014 5538 Contra
1043 5481 1406 5542 sancto—rum.

495 5560 522 5626 ει
553 5557 672 5620 lvo,
704 5553 846 5610 ibid.
880 5571 1011 5626 cap.
1060 5559 1175 5612 182.

493 5624 516 5652 °
542 5628 631 5693 25,
663 5641 722 5700 q.
756 5630 804 5697 t,
824 5624 1126 5699 capiIdeo
1148 5631 1544 5700 permittente.
1577 5636 1697 5705 lvo,
1719 5639 1872 5706 part.
1911 5654 1988 5694 IV.

2155 353 2427 423 ejusdem
2486 356 2692 412 vicarii
2755 374 2952 430 papae,
3021 358 3458 414 monasterium
3513 359 3852 415 desiderat

2155 454 2527 506 consecrare,
2550 445 2606 495 et
2631 442 2810 497 situm
2841 459 2910 498 ac
2940 446 3298 498 structuram
3328 443 3458 515 ejus
3486 444 3690 500 sancti
3720 459 3850 499 coe-

2156 527 2321 582 nobii
2352 528 2413 583 in
2444 528 2622 586 rebus
2647 531 2798 601 juris
2831 532 2959 602 jam
2992 531 3132 587 dicti
3170 531 3328 588 beati
3352 533 3504 588 Petri
3533 532 3846 606 apostoli,

2155 633 2290 689 quae
2331 617 2460 688 ejus
2489 636 2622 675 vere
2650 624 2812 692 sunt,
2855 620 3108 676 fundare
3141 637 3210 676 ac
3242 621 3620 690 constituere,
3691 639 3848 695 quae

2155 723 2249 762 res
2269 707 2568 779 praedictas
2591 709 2846 765 Guidoni
2862 709 3289 780 gloriosissimo
3321 710 3521 766 comiti
3546 727 3661 784 per
3678 726 3852 784 prae-

2156 799 2397 868 ceptum
2427 795 2767 868 pontiﬁcale
2796 797 3031 853 donatae
3059 801 3217 852 sunt.
3246 799 3440 864 Quam
3465 797 3546 854 ob
3569 814 3849 854 causam

2153 885 2437 957 jubemus
2464 902 2534 941 ac
2562 886 2874 943 hortamur
2889 887 3265 943 sanctitatem
3285 892 3450 944 tuam
3473 891 3535 944 ut
3565 888 3846 961 quando

2161 975 2240 1030 ab
2262 973 2420 1030 illius
2471 975 2736 1048 praedicti
2775 976 3052 1032 monachi
3086 976 3267 1032 fueris
3303 976 3640 1034 humilitate
3683 994 3846 1051 pos-

2160 1062 2403 1130 tulatus,
2431 1063 2570 1119 illuc
2589 1065 2871 1121 accedere
2900 1064 3144 1135 debeas,
3175 1070 3233 1122 et
3249 1065 3406 1129 loco,
3433 1082 3618 1139 quem
3649 1066 3844 1123 vobis

2161 1152 2601 1221 signiﬁcaverit,
2633 1153 2798 1226 ipsas
2839 1153 2954 1209 illic
2995 1153 3280 1227 reliquias
3323 1171 3509 1228 supra
3537 1157 3840 1212 nomina-

2163 1249 2361 1298 torum
2392 1248 2756 1310 sanctorum,
2790 1259 2943 1315 quas
2974 1259 3010 1299 a
3053 1243 3229 1299 nobis
3267 1245 3516 1317 accepit,
3544 1260 3613 1300 eo
3645 1251 3842 1301 teno-

2161 1348 2224 1389 re
2250 1336 2306 1387 et
2329 1331 2666 1387 conditione
2687 1331 2979 1387 recondas
3003 1337 3182 1404 atque
3207 1348 3541 1402 consecres,
3568 1338 3633 1390 ut
3655 1351 3837 1390 sem-

2163 1437 2270 1493 per
2295 1425 2351 1477 et
2387 1421 2807 1493 perpetualiter
2853 1420 2966 1476 sub
2999 1421 3133 1492 jure
3172 1437 3243 1477 ac
3268 1426 3560 1494 potestate
3595 1428 3837 1480 saneta:

2162 1514 2383 1567 nostrae
2413 1513 2696 1566 Romanae
2717 1509 2976 1566 ecclesias
2999 1510 3130 1581 jam
3160 1511 3349 1566 fatum
3381 1513 3833 1568 monasterium

2086 1613 2125 1666 Β
2163 1602 2446 1657 consistat
2474 1605 2653 1672 atque
2682 1605 3051 1672 permaneat.
3087 1600 3475 1656 Sanctitatem
3506 1607 3676 1658 tuam
3698 1619 3833 1658 om-

2163 1692 2440 1765 nipotens
2471 1691 2629 1745 Deus
2667 1689 3031 1745 incolumem
3072 1690 3390 1756 custodiat,
3425 1691 3626 1747 frater.
3664 1695 3822 1748 Bene

2163 1780 2314 1837 vale.

2237 1861 2240 1866 '
2909 1849 3076 1904 XXII.

2473 1937 2545 1976 AD
2585 1935 2906 1975 HINCMARUM
2939 1935 3419 1976 ARCHIEPISCOPUM
3454 1935 3496 1976 8.

2167 1994 2293 2049 Cur
2321 1993 2536 2063 synodi
2556 1992 2989 2048 Suessionensis
3015 1993 3528 2060 conﬁrmationem
3551 1995 3826 2064 differat.

2236 2085 2461 2138 Causas
2491 2097 2600 2153 pro
2627 2081 2849 2152 quibus
2879 2081 2994 2135 hoc
3027 2096 3216 2152 usque
3262 2081 3341 2136 ad
3389 2086 3630 2154 tempus
3689 2101 3823 2138 sus-

2164 2171 2506 2245 pendimus,
2536 2169 2807 2224 cliaritati
2832 2173 3041 2224 vesta:
3068 2169 3359 2225 dicemus.
3416 2172 3618 2226 Prima
3644 2170 3826 2240 igitur

2165 2263 2294 2318 haec
2316 2266 2421 2327 est,
2455 2259 2597 2332 quia
2636 2258 2786 2314 sicut
2815 2257 2893 2313 ab
2923 2257 3220 2331 episcopis
3259 2261 3695 2332 praenomiuata
3724 2276 3822 2331 sy-

2169 2351 2364 2407 nodus
2387 2349 2600 2404 utiliter
2624 2347 2924 2412 ventilata,
2955 2347 3077 2402 sive
3106 2349 3304 2422 sopita
3334 2355 3422 2406 est
3454 2368 3466 2418 ;
3489 2351 3569 2406 ita
3591 2366 3696 2422 per
3714 2348 3816 2404 ali-

2169 2444 2316 2513 quot
2341 2455 2412 2495 ex
2443 2439 2544 2505 eis,
2597 2441 2662 2492 ut
2698 2437 2991 2492 dubitatio
3049 2439 3200 2494 foret
3254 2439 3530 2495 radicitus
3578 2437 3796 2500 evulsa,

2173 2533 2393 2584 statuta
2418 2532 2621 2583 vestrm
2650 2526 2865 2599 synodi
2893 2527 3190 2584 destinare
3219 2527 3512 2583 debuistis.
3549 2525 3672 2580 Alia
3693 2540 3791 2579 au-

2173 2625 2290 2675 tem
2315 2619 2487 2688 juxta
2521 2621 2726 2672 votum
2758 2615 2932 2671 vestri
2969 2616 3238 2672 desiderii
3279 2617 3336 2671 id
3379 2632 3487 2670 nos
3519 2614 3797 2686 perﬁcere

2173 2709 2418 2764 minime
2448 2706 2730 2779 permisit,
2760 2722 2830 2762 eo
2860 2707 3025 2778 quod
3056 2707 3222 2775 legati
3258 2704 3414 2760 sedis
3465 2703 3808 2776 apostolica:

2172 2803 2493 2872 praesentes
2515 2795 2741 2851 ibidem
2770 2812 2892 2852 non
2913 2795 3146 2851 fuerunt
3190 2812 3204 2849 :
3253 2811 3450 2866 neque
3491 2790 3817 2866 imperialis

2173 2887 2421 2961 epistola
2452 2885 2626 2941 nobis
2656 2885 2788 2940 talis
2813 2890 2904 2941 est
2931 2889 3308 2958 praesentata,
3349 2900 3486 2956 quae
3514 2883 3630 2938 hoc
3655 2880 3824 2955 quod

2095 2959 2135 3013 (ἶ
2173 2959 2576 3050 eipetendum
2602 2974 2844 3030 misistis
2876 2993 2888 3040 ;
2945 2973 3276 3046 specialiter
3303 2972 3566 3028 indicare
3595 2969 3822 3044 potuis-

2176 3074 2280 3124 set.
2306 3071 2526 3133 Quarta
2552 3065 2771 3121 scilicet
2798 3080 2987 3121 causa
3008 3065 3136 3120 haec
3161 3069 3268 3130 est,
3297 3063 3441 3136 quia
3467 3063 3526 3117 hi
3553 3077 3703 3134 quos
3725 3059 3828 3114 de-

2173 3160 2399 3234 positos
2427 3156 2683 3212 Charitas
2727 3160 2921 3210 vestra
2951 3155 3300 3210 auctoritate
3333 3152 3547 3226 synodi
3578 3152 3700 3206 fore
3737 3148 3828 3204 af-

2173 3250 2392 3312 ﬁrmat,
2421 3263 2528 3319 per
2552 3245 2823 3318 proprias
2843 3244 3064 3300 litteras
3083 3242 3288 3300 sedem
3312 3240 3696 3315 apostolicam
3721 3255 3831 3310 ap-

2174 3338 2493 3412 pellarunt,
2539 3340 2596 3390 et
2626 3333 2831 3390 volunt
2877 3333 3089 3388 iterum
3139 3338 3345 3388 nostra
3393 3347 3454 3386 se
3497 3326 3834 3402 apostolica

2178 3425 2370 3483 audiri
2421 3423 2740 3498 praesentia
2786 3441 2799 3489 ;
2863 3427 2919 3478 et
2947 3427 3085 3478 tunc
3142 3422 3189 3477 si
3239 3419 3570 3494 culpabiles
3601 3417 3834 3473 inventi

2176 3515 2408 3580 fuerint,
2443 3529 2564 3568 non
2595 3528 2657 3567 se
2680 3511 2955 3568 abnuunt
2980 3511 3340 3568 canonicam
3367 3509 3655 3564 sustinere
3687 3522 3834 3561 cen-

2177 3619 2406 3659 suram.

2919 3673 3096 3729 XXIII.

2615 3762 2685 3800 Al)
2736 3761 3055 3800 mxumum
3085 3759 3306 3798 summa
3335 3741 3382 3797 ιι.

2176 3821 2262 3876 De
2321 3818 2523 3875 eadem
2580 3817 2808 3887 synodo
2852 3816 3097 3941 duoazgst
3131 3814 3341 3884 legatis
3398 3809 3832 3867 demandatum

2890 3902 3009 3941 scri
3054 3903 3071 3940 ι
3103 3928 3115 3940 .

2890 3902 3115 3942 εσνιοιι.

2237 3979 2349 4036 Sed
2366 3978 2444 4034 ad
2465 3982 2690 4033 vestras
2707 3975 3016 4048 petitiones
3043 3971 3457 4046 exsequendas
3483 3974 3540 4026 et
3561 3970 3836 4025 obtinen-

2177 4068 2286 4124 das
2321 4071 2555 4122 Petrum
2600 4063 3019 4120 venerabilem.
3046 4068 3103 4118 et
3131 4059 3586 4116 dilectissimum
3632 4056 3824 4116 nobis,

2180 4156 2564 4229 Spoletanum
2599 4153 2974 4224 episcopum,
3007 4151 3145 4206 viva
3173 4166 3320 4206 voce
3349 4154 3554 4204 nostra
3578 4146 3705 4202 vice
3735 4162 3835 4200 ex-

2178 4250 2507 4300 secutorem
2539 4241 2948 4300 instruximus.
2997 4244 3051 4295 et
3100 4239 3284 4294 alium
3316 4240 3555 4293 Petrum
3586 4251 3838 4291 venera-

2178 4335 2359 4391 bilem
2409 4349 2575 4404 aeque
2607 4336 2663 4386 et
2687 4331 3194 4397 amantissimum,
3245 4329 3598 4400 episcopum
3641 4326 3837 4381 Areti-

2177 4441 2346 4490 num,
2395 4423 2596 4478 litteris
2627 4421 3134 4486 commouuimus,
3169 4425 3225 4475 et
3261 4418 3408 4474 alios
3459 4415 3666 4471 fideles
3695 4432 3838 4470 ves-

2179 4521 2299 4570 tros
2323 4519 2500 4586 atque
2529 4514 2764 4566 nostros
2791 4509 3056 4565 similiter
3084 4509 3223 4564 inde
3251 4507 3623 4566 monuimus.
3657 4511 3712 4561 et
3743 4519 3836 4559 re-

2181 4607 2364 4676 liqua.

2907 4671 3093 4726 XXIV.

2481 4761 2551 4799 At)
2579 4759 2904 4799 NOMENOJITM
2943 4743 2951 4779 ί
2984 4757 3159 4797 noenu
3192 4754 3527 4795 BRITANNUE.

2184 4821 2252 4876 Ut
2305 4817 2648 4876 Gislardum
2680 4817 3014 4938 invasere?
3044 4813 3199 4937 sedi:
3229 4811 3597 4868 Namneticze
3628 4809 3842 4879 defen-

2797 4901 2932 4938 sare
3013 4899 3172 4938 esma
3207 4926 3220 4938 .

2797 4901 2885 4940 8(17
2903 4901 2932 4940 e
2969 4885 3220 4939 desinat.

2250 4983 2375 5035 Non
2407 4978 2597 5032 furem
2631 4979 2685 5029 et
2704 4975 2997 5030 latronem
3021 4972 3324 5044 (7,q.l,Ne
3349 4969 3842 5042 furem)qualem

2179 5065 2512 5123 Gislardum
2556 5062 2842 5118 sentimus
2890 5077 3018 5115 esse
3059 5061 3119 5115 in
3157 5061 3505 5116 Namnetica
3535 5058 3697 5124 sede,
3733 5058 3844 5130 qui

2179 5205 2312 5246 can.
2359 5192 2477 5244 I36.

2251 5205 2477 5332 Ρ
2501 5259 2710 5332 Mansi.
2742 5257 3180 5332 0on0._gen_er.,
3215 5255 3506 5332 tom.XIV.

2248 5362 2272 5399 ε
2302 5327 2384 5387 Eii
2417 5328 2714 5386 Hincmari
2735 5327 2984 5400 epistola
3005 5328 3082 5382 ad
3112 5327 3436 5384 Nicolaum.

2248 5398 2276 5445 ﬁ
2305 5406 2387 5457 Ex
2418 5402 2628 5458 eadem
2652 5398 2918 5469 epistola.

2251 5470 2262 5508 ‘
2295 5474 2571 5528 Mendose
2621 5467 2785 5544 apud
2817 5471 3181 5544 Gratianum,
3239 5487 3340 5538 vu,
3376 5486 3452 5544 q._
3475 5474 3522 5534 t,
3571 5467 3632 5523 in
3668 5467 3844 5544 titqu

2178 5545 2387 5616 capitis
2439 5539 2699 5601 Vernon?
2749 5543 3034 5615 scriptum
3084 5549 3189 5610 est,
3233 5559 3342 5614 pro
3393 5539 3744 5609 Nomenojo,
3777 5539 3842 5595 in

2180 5635 2342 5691 hunc
2359 5632 2630 5688 modum:
2653 5635 2791 5690 Item
2807 5634 2922 5689 Leo
2941 5633 3033 5688 IV
3053 5633 3313 5690 Vernoni
3321 5631 3463 5687 duci
3470 5630 3843 5686 Britannia“.
