4106 6174
1778 222 1781 231 '
1820 198 2071 261 LEONIB
2113 197 2324 257 PAPB
2360 198 2449 259 ιν.

2882 330 3174 346 ψ

1426 432 1814 575 LEONIS
1910 441 2226 528 PAP/E
2323 420 2855 532 HOMILIA‘.

1646 711 2122 769 COLLECTORIS
2170 710 2637 767 ΡΡυΕΜΟΝΙΤΙΟ.

510 914 843 988 Ουδιῃᾼὶιίίο
887 914 1160 988 exhibeo,
1191 914 1398 988 Leonis
1430 931 1606 988 papas
1636 917 1706 970 IV
1741 916 2073 979 homiliam,
2116 918 2161 969 A
2196 916 2465 988 Epistula
2514 915 2726 988 Leonis
2780 928 2957 983 papae
2999 914 3062 969 in
3116 913 3345 988 synodo
3394 912 3667 988 lcgenaa.
3708 915 3860 979 Quas

437 986 687 1041 maximi
706 985 1047 1042 faciendam
1065 986 1277 1042 suadet
1298 985 1577 1043 Romanae
1602 988 1871 1043 Ecclesiae
1892 988 2081 1043 (etatis

435 1057 757 1131 illiusdisci
766 1058 949 1131 plina,
968 1074 1155 1131 quam
1178 1058 1322 1113 vivis
1349 1058 1649 1131 coloribus
1667 1059 1967 1131 depictam
1988 1075 2083 1114 ex-

435 1128 636 1200 primit
661 1146 674 1196 ;
706 1128 811 1200 sed
832 1144 971 1183 cum
990 1128 1261 1184 maxime
1282 1130 1469 1183 variet
1493 1129 1554 1184 in
1576 1145 1722 1184 mss.
1746 1128 2081 1196 codicibus,

437 1198 544 1254 hec
570 1199 629 1253 in
649 1198 819 1272 editis
843 1216 1079 1272 semper
1100 1200 1213 1255 sibi
1234 1200 1549 1272 cohaereat,
1572 1204 1888 1272 permagni
1912 1202 2086 1256 inter-

435 1286 570 1325 esse
596 1270 870 1341 arbitror,
902 1272 950 1326 si
975 1270 1211 1327 collatio
1241 1271 1393 1327 inter
1418 1270 1615 1327 varios
1659 1272 1894 1328 codices
1924 1273 2085 1327 insti-

434 1345 656 1415 tuetur,
675 1358 797 1413 quo
813 1358 886 1415 ex
905 1359 1209 1415 consensu
1231 1342 1627 1415 plurimorum
1650 1344 1916 1400 eliciatur
1938 1343 2083 1415 quid

435 1412 764 1486 genuinum
812 1414 889 1486 sii
916 1414 1141 1486 Leonis,
1176 1412 1324 1486 quid
1354 1412 1756 1486 adulterinum
1800 1420 1855 1469 et
1894 1412 2083 1486 asciti-

434 1483 601 1556 tium.
637 1483 1113 1556 Interpolationis
1145 1483 1281 1540 vero
1314 1485 1492 1554 hujus
1520 1500 1767 1540 causam
1810 1486 1963 1541 hanc
1995 1485 2080 1541 af-

434 1553 569 1609 ferri
593 1553 1094 1628 _posse'arbitror,
1127 1557 1288 1628 quod
1323 1553 1458 1627 post
1491 1559 1743 1611 Leonem
1774 1573 1905 1611 mos
1933 1557 2083 1628 obtiy

436 1626 648 1699 nuerit,
667 1631 739 1699 ut
754 1626 888 1699 haec
915 1630 1048 1699 ipsa
1068 1626 1405 1699 homilia’in
1426 1628 1673 1698 synodis
1697 1628 1989 1696 legeretur
2004 1627 2081 1683 ad

437 1696 574 1771 cleri
598 1696 1022 1771 eruditionem;
1057 1716 1125 1752 ex
1149 1715 1271 1770 quo
1306 1696 1524 1753 factum
1547 1705 1654 1771 est,
1681 1705 1743 1753 ut
1772 1716 1881 1771 pro
1912 1700 2083 1754 varia

434 1766 704 1841 locorum
734 1768 1046 1841 disciplina
1076 1766 1421 1841 variaretur,
1455 1770 1725 1824 moribus
1760 1766 2081 1841 provinciae

436 1838 532 1893 vel
551 1838 948 1907 (Μαθοεεὶδοίιὶ
971 1839 1337 1907 tradebatur,
1370 1838 1913 1897 accommodanda.
1947 1843 2094 1896 Con-

437 1913 552 1965 stat
577 1910 640 1965 id
669 1926 742 1966 ex
769 1910 936 1967 titulo
956 1927 1140 1984 quem
1167 1913 1230 1968 in
1251 1928 1366 1967 ms.
1390 1911 1596 1969 codice
1622 1913 1869 1968 Lucensi
1896 1913 2081 1982 gerit:
2125 1915 2165 1968 Β
2193 1910 2420 1986 polata)
2450 1910 2737 1967 eihibuit.

722 2064 982 2110 murem
1019 2060 1223 2112 nnirro.

439 2124 966 2198 Commonitorium
980 2129 1269 2198 cujusque
1285 2128 1502 2196 episco.

496 2197 563 2264 pi
582 2195 664 2250 ad
681 2198 1015 2254 sacerdotes
1029 2195 1144 2253 sibi
1160 2195 1442 2255 subditos.

509 2269 753 2334 Fratres,
818 2269 1158 2325 sacerdotes
1243 2270 1498 2340 Domini,

436 2345 851 2408 c00peratores
868 2341 1053 2396 nostri
1078 2340 1302 2396 ordinis
1323 2342 1463 2397 estis
1484 2360 1497 2409 ;

435 2413 491 2484 _et
520 2425 631 2463 nos
651 2409 918 2483 quidem,
943 2413 1223 2484 quamvis
1247 2411 1497 2484 indigni,

434 2480 635 2535 locum
663 2480 862 2537 Aaron
900 2480 1174 2538 tenemus
1202 2501 1215 2551 ;
1256 2494 1366 2539 ves
1388 2480 1500 2539 ’los

436 2568 572 2606 cum
630 2552 907 2619 Eleazari,
936 2559 994 2610 et
1039 2555 1342 2610 lthamari.
1386 2558 1500 2610 Nos

436 2622 562 2697 vice
591 2622 911 2680 duodecim
932 2626 1343 2697 apostolorum
1364 2626 1496 2681 fun-

437 2693 634 2769 gimur
657 2712 804 2769 ;_vos
832 2693 1213 2769 septuaginta
1239 2697 1498 2753 duorum

436 2764 883 2849 discipulorum.
900 2764 919 2769 ’
937 2764 1356 2849 Nos—pastores
1405 2784 1500 2823 ve-

436 2836 537 2911 stri
560 2836 797 2903 sumus;
822 2854 930 2911 vos
948 2836 1319 2911 plebisvobis
1342 2848 1500 2894 com-

435 2907 657 2963 missae.
700 2912 817 2964 Nos
866 2907 1157 2965 de’vobis
1204 2912 1498 2966 rationem

434 2977 722 3054 reddituri
762 2997 971 3036 sumus
1002 2998 1241 3037 summo
1269 2982 1497 3054 pastori

434 3050 687 3106 Domino
717 3057 919 3108 nostro
939 3054 1073 3108 Jesu
1097 3050 1357 3109 Christo:
1392 3070 1497 3109 vos

435 3120 511 3176 de
540 3121 713 3194 plebe
761 3123 929 3194 vobis
959 3125 1302 3180 commissa.
1336 3098 1500 3180 ideo-

435 3193 575 3263 que,
607 3193 963 3260 charissimi,
995 3201 1260 3251 vestrum
1301 3196 1497 3252 videte

435 3264 788 3339 periculum.
835 3265 1245 3339 Admonemus
1292 3267 1497 3339 itaque

435 3339 491 3390 et
519 3334 911 3392 obsecramus
942 3336 1372 3394 fraternitatem
1398 3334 1498 3393 've-

437 3408 643 3471 stram,
692 3405 809 3460 utb
837 3416 972 3486 quae
1016 3407 1187 3462 vobis
1236 3408 1497 3486 suggerit

435 3489 594 3535 mus,
627 3477 931 3530 memoriae
960 3477 1412 3545 commendatis,
1443 3480 1500 3533 et

434 3558 615 3615 opere
644 3559 915 3601 exemere
942 3547 1250 3604 studeatis.

506 3892 546 3947 Ι.
561 3895 624 3947 In
641 3890 851 3965 primis
867 3892 1362 3961 admonemus,ut
1374 3896 1498 3953 vita

434 3966 502 4039 et
513 3964 894 4039 conversatio
906 3971 1099 4022 vestra
1124 3966 1496 4039 irreprehen-

435 4033 623 4088 sibilis
651 4034 742 4102 sit,
776 4034 993 4092 scilicet
1019 4042 1084 4093 ut
1123 4033 1271 4094 cella
1298 4045 1498 4095 vestra

436 4104 511 4159 sit
533 4105 706 4179 juxta
734 4106 1072 4179 ecclesiam,
1101 4114 1160 4166 et
1206 4110 1268 4165 in
1311 4111 1496 4168 domo

431 4180 629 4232 vestra
658 4174 912 4233 feminas
938 4174 1065 4235 non
1091 4180 1386 4238 habeatis.

478 4246 571 4327 “ll.
588 4247 761 4302 Omni
777 4252 948 4305 nocte
975 4251 1053 4327 ad
1069 4251 1342 4327 vigiiiasc
1373 4270 1497 4309 sur-

435 4321 550 4386 gite
574 4333 589 4385 ;
618 4332 863 4375 cursum
888 4321 1154 4379 vestrum
1190 4322 1352 4379 horis
1378 4340 1498 4380 cer-

433 4388 505 4443 tis
535 4387 866 4447 decantate.

503 4460 595 4515 lIl.
643 4461 952 4519 Missarum
1017 4461 1420 4522 solemnitates
1469 4464 1498 4509 ει

432 4529 980 4613 celebrationesque
1008 4534 1281 4606 religiose
1301 4554 1498 4661 I)pera-

434 4606 577 4661 inte:
605 4619 822 4661 cornus
844 4612 901 4661 et
922 4608 1279 4661 sanguinem
1349 4610 1496 4661 omi-

434 4606 577 4683 Qité;
605 4619 822 4683 corpus
844 4606 901 4662 et
922 4608 1279 4675 sanguinem
1301 4606 1496 4683 Domi-

432 4677 662 4754 ni__cum
704 4677 913 4733 timore
956 4683 1014 4733 et
1039 4679 1369 4754 reverentia
1399 4697 1496 4754 su-

432 4750 573 4832 inite
596 4762 789 4832 qva-sla
818 4752 1277 4832 sacra‘propriis
1306 4752 1498 4808 mani-

429 4814 815 4893 bu_s__ab_l_ui_t_e,
845 4820 903 4875 et
923 4814 1223 4893 extérgite.

503 4885 597 4941 IV.
650 4888 856 4966 Nullus
908 4885 1123 4956 cantet",
1175 4892 1289 4966 nisi
1344 4886 1497 4966 jeju-

431 4971 586 5022 nus;
647 4957 847 5038 nullus
911 4967 1126 5031 cantet,
1189 4965 1295 5037 qui
1344 4957 1496 5024 ἠ’οη

432 5034 856 5085 communicet.

505 5099 565 5180 Υ.
595 5097 798 5180 Nullus
845 5104 1043 5180 cantet
1084 5104 1209 5161 sine
1248 5108 1491 5180 amictu,

434 5167 592 5240 alba,
626 5168 798 5234 stola,
839 5170 1077 5237 fanone,
1123 5178 1329 5236 casula
1356 5188 1397 5237 δ.
1429 5167 1497 5240 Et

431 5237 561 5322 ιιεερ
590 5240 944 5322 vestimenta
969 5246 1156 5322 nitida
1182 5251 1316 5322 sint,
1338 5257 1394 5310 et
1414 5237 1494 5312 εἶά

431 5310 628 5367 nullos
657 5311 806 5369 alios
836 5329 985 5372 usus
1013 5318 1150 5377 sint.

500 5464 526 5495 ι
554 5454 638 5533 Ex
661 5452 979 5539 OoHecian.
1011 5461 1793 5539 S.Ansel.Lucen.inAntiq.
1814 5467 2076 5525 Lection.

432 5522 626 5610 canis.
658 5529 809 5610 tom.-
836 5529 929 5600 III,
950 5537 1103 5603 part.
1134 5550 1174 5610 1,
1202 5551 1341 5606 pag.
1372 5522 1506 5610 394,
1525 5522 1661 5593 edit.
1692 5522 1945 5610 Bdsnag;

502 5596 534 5676 ιζ
557 5598 732 5676 aug"
766 5599 838 5657 de
866 5596 1183 5676 communi,
1204 5596 1338 5674 etet,
1364 5612 1427 5664 ut
1456 5596 1515 5665 in
1546 5611 1828 5668 Sermone
1862 5596 2072 5670 bsonis

432 5666 777 5729 Labbeano.

1920 2073 2115 2113 LABBEI
2154 2072 2359 2114 ΕΒΠἹΟ.

1711 2127 1979 2184 Humilia
2016 2131 2217 2184 Leonis
2246 2143 2423 2198 papa?
2454 2128 2558 2183 IV.

1683 2201 1933 2279 Fratres,
1955 2200 2288 2279 presbyteri
2308 2206 2365 2279 et
2395 2199 2675 2279 sacerdos

1610 2274 1695 2326 tes
1745 2270 1995 2343 Domini,
2057 2270 2474 2343 cooperatores
2530 2270 2677 2325 mihi

1610 2342 1755 2414 estis
1778 2342 2445 2414 ordiuis.Nosquidem,
2464 2358 2678 2414 quam-

1610 2414 1699 2466 vis
1743 2413 1993 2480 indigni,
2026 2412 2225 2468 locum
2276 2412 2677 2470 Aaron—tene-

1609 2490 1746 2537 tntis
1766 2502 1779 2550 ;
1802 2500 1906 2539 vos
1928 2491 2128 2538 autem
2152 2484 2433 2549 Eleazari,
2457 2489 2511 2539 et
2530 2485 2675 2540 ltha~

1608 2571 1757 2609 mar.
1794 2558 1907 2609 Nos
1929 2556 2056 2609 vice
2086 2554 2404 2611 duodecim
2435 2561 2676 2625 aposto-

1606 2625 1803 2680 lorum
1826 2626 2165 2695 fungimur;
2194 2644 2297 2682 vos
2320 2627 2395 2683 ad
2412 2626 2673 2681 formam

1609 2698 1987 2768 septuaginta
2034 2697 2466 2769 discipulorum
2513 2698 2669 2752 estis.

1608 2771 1721 2822 Nos
1754 2785 1894 2822 vero
1926 2773 2193 2840 pastores
2222 2770 2401 2824 vestri
2420 2785 2630 2823 sumus
2658 2786 2670 2837 ;

1605 2854 1712 2911 vos
1764 2845 1959 2895 autem
2009 2844 2279 2911 pastores
2330 2840 2672 2911 animarum

1608 2908 1777 2965 vobis
1809 2908 2295 2966 commissarum.
2324 2914 2436 2966 Nos
2468 2910 2541 2966 de
2572 2927 2672 2966 vo-

1604 2981 1698 3036 bis
1760 2982 2057 3037 rationem
2106 2982 2392 3037 reddituri
2462 2998 2672 3037 sumus

1606 3054 1826 3125 pastori
1860 3058 2066 3125 nostro
2092 3055 2227 3125 Jesu
2261 3054 2521 3121 Christo;
2562 3069 2672 3108 vos

1605 3123 1681 3179 de
1704 3124 1980 3197 plebibus
2011 3124 2184 3197 vobis
2211 3125 2668 3197 commendatis.

1606 3196 1873 3269 Et_'ideo,
1906 3196 2262 3269 charissimi,
2289 3196 2483 3252 videte
2521 3196 2671 3269 peri-

1606 3266 1808 3322 culum
1839 3271 2124 3322 vestrum.
2154 3266 2587 3337 Admonemus,
2616 3270 2673 3323 et

1605 3338 2016 3411 obsecramus,
2035 3339 2184 3411 sicut
2210 3338 2354 3411 alibi
2385 3340 2672 3411 scriptum

1602 3408 1945 3463 invenimus
1969 3453 1982 3478 ,
2048 3409 2477 3466 fraternitatem
2500 3408 2521 3411 ’
2546 3425 2673 3465 ves-

1604 3481 1780 3547 tram,
1808 3484 1872 3534 ut
1908 3480 1983 3534 de
2026 3482 2334 3535 communi
2364 3481 2551 3536 salute
2576 3496 2672 3535 ve-

1605 3554 1730 3620 stra
1750 3550 2100 3620 cogitantes,
2114 3552 2392 3606 attentius
2415 3552 2671 3607 audiatis

1604 3619 2087 3693 admonitionem
2105 3627 2378 3677 nostram
2403 3640 2415 3690 ;
2451 3627 2507 3677 et
2534 3637 2670 3693 quze

1602 3689 1773 3745 vobis
1787 3692 2167 3760 suggerimus
2188 3692 2493 3749 memoriae
2509 3689 2671 3748 com-

1603 3760 1919 3887 idneridetis,
1951 3767 2008 3818 et
2036 3778 2215 3836 opere
2241 3780 2514 3821 exercere
2553 3768 2671 3819 stu-

1647 3848 1720 3887 ea
1746 3848 1816 3887 is.

1647 3832 1816 3888 eaﬁs.

1676 3905 1739 3958 In
1756 3904 1963 3977 primis
1980 3905 2381 3963 admonemus
2401 3906 2673 3966 ﬁrmiter-

1604 3992 1720 4047 que
1750 3976 2153 4059 praecipimus,
2184 3982 2245 4033 ut
2283 3979 2404 4059 vita
2446 3986 2670 4059 etcop-

1602 4048 1859 4122 versatio
1902 4048 2103 4105 vestra
2137 4048 2668 4122 irreprehensibilis

1605 4117 1695 4183 sit,
1731 4119 1950 4174 scilicet
1980 4125 2043 4175 ut
2085 4120 2231 4176 cella
2257 4117 2331 4177 "et
2376 4123 2667 4180 habitatio

1604 4194 1799 4245 vestra
1821 4191 1896 4245 sit
1901 4190 1922 4259 j
1934 4197 2074 4247 uxta
2088 4191 2420 4259 ecclesiam,
2443 4198 2499 4250 et
2519 4195 2577 4249 in
2595 4210 2668 4251 ea

1603 4260 1858 4316 feminas
1888 4277 2008 4315 non
2036 4261 2330 4318 habeatis.
2364 4264 2536 4320 Omni
2565 4281 2669 4321 no-

1604 4336 1691 4387 cte
1724 4329 1801 4386 ad
1832 4338 2159 4388 nocturnas
2196 4334 2384 4406 horas
2406 4336 2663 4406 surgite;

1604 4419 1847 4458 cursum
1874 4409 2136 4458 vestrum
2167 4405 2338 4460 certis
2372 4405 2535 4461 horis
2568 4408 2667 4463 de-

1603 4478 1837 4529 cantate
1856 4492 1869 4541 ;
1898 4474 2222 4537 missarum
2239 4476 2665 4535 celebrationes

1602 4545 1811 4620 devote
1842 4546 2145 4620 peragite;
2195 4562 2414 4620 corpus
2450 4555 2507 4605 et
2532 4566 2668 4606 san-

1603 4615 1860 4686 guinem"
1895 4616 2130 4673 Domini
2168 4615 2321 4674 cum"
2353 4620 2565 4678 timore
2609 4626 2667 4680 et

1600 4687 1931 4743 reverentia
1983 4688 2216 4745 sumite.
2276 4693 2428 4748 Vasa
2493 4708 2666 4751 sacra

1602 4759 1857 4832 propriis
1901 4760 2185 4832 manibus
2214 4760 2456 4829 abluite,
2486 4769 2544 4820 et
2569 4782 2668 4822 exe

1602 4830 1828 4899 tergite.
1892 4831 2096 4889 Nullus
2155 4834 2404 4890 missam
2472 4841 2668 4893 cantet

1603 4901 1801 4977 solus:
1851 4903 2052 4977 nullus
2099 4908 2235 4977 ante
2274 4906 2415 4962 solis
2444 4912 2664 4977 ortum,

1602 4973 1715 5029 nisi
1743 4973 1804 5029 in
1833 4976 2138 5031 nativitate
2168 4976 2423 5032 Domini.
2457 4973 2662 5033 Nullus

1603 5050 1799 5101 cantet
1841 5062 1975 5117 eam
2024 5044 2137 5099 nisi
2159 5045 2425 5117 jejunus.
2458 5048 2664 5104 Nullus

1602 5122 1798 5188 cantet
1824 5116 1928 5188 qui
1948 5130 2073 5188 non
2092 5118 2514 5188 communicet.
2530 5119 2665 5175 Nul-

1600 5187 1694 5245 lus
1724 5184 1919 5243 caniet
1943 5185 2069 5257 sine
2090 5184 2341 5257 lumine,
2363 5188 2488 5243 sine
2510 5190 2662 5245 ami-

1603 5263 1720 5323 ctu,
1750 5257 1879 5328 _sine
1923 5255 2082 5328 alba,
2126 5258 2295 5326 stola,
2327 5255 2578 5328 't‘anone,
2606 5263 2663 5318 et

1600 5326 1823 5384 casula.
1843 5326 2202 5387 Vestimenta
2229 5330 2419 5388 nitida
2446 5326 2583 5405 sint,
2605 5336 2663 5391 et

2192 1787 2330 1843 pag.
2389 1771 2541 1843 1075,
2599 1785 2721 1824 non
2782 1768 3327 1843 expressoLeonis

2205 1838 2361 1911 (cum
2405 1841 2603 1913 reipsa
2646 1846 2845 1913 tamen
2860 1838 3007 1913 ipsa
3048 1840 3123 1897 sit
3152 1838 3361 1896 Leonis
3379 1838 3640 1896 homilia
3672 1841 3855 1898 inter-

2190 1003 2330 1042 cum
2359 986 2440 1041 ita
2478 1002 2540 1040 se
2578 986 2862 1053 habeant,
2907 1002 2939 1040 e
2993 1001 3055 1041 re
3107 984 3512 1040 eccleSiastica
3550 984 3862 1042 facturum

2191 1074 2286 1112 me
2318 1057 2589 1128 arbitror,
2624 1056 2672 1111 si
2718 1056 2929 1128 triplex
2978 1056 3254 1128 ejusdem
3305 1055 3565 1128 homiliae
3606 1057 3863 1113 schema

2188 1127 2628 1201 proposuerim,
2676 1126 2937 1201 quorum
2989 1126 3238 1201 alterum
3299 1126 3693 1201 Labbeanum
3745 1132 3857 1196 est,

2192 1198 2355 1256 aliud
2387 1216 2456 1253 ex
2485 1198 2742 1255 Martene
2773 1200 2957 1272 Veteri.
2988 1200 3137 1255 Mon.
3169 1203 3313 1254 tom.
3349 1198 3465 1272 VII,
3498 1208 3638 1271 pag.
3679 1204 3696 1272 t
3754 1215 3862 1272 pe-

2192 1273 2349 1350 titur,
2381 1286 2741 1350 quanquam
2773 1270 2982 1350 Leonis
3012 1285 3233 1325 nomen
3260 1270 3700 1350 ascriptumibi
3727 1270 3859 1327 rion

2190 1341 2424 1411 legitur}
2463 1341 2694 1397 tertium
2728 1341 2973 1396 tandem
3004 1358 3073 1397 ex
3105 1359 3215 1396 ms.
3251 1341 3454 1396 codice
3475 1341 3858 1398 bibliothecae

2192 1413 2551 1470 cathedralis
2578 1412 2855 1467 Lucensis
2884 1412 3083 1467 seculi
3112 1429 3213 1468 xu.
3234 1412 3539 1467 Variautes
3569 1412 3860 1469 lectiones

2192 1501 2223 1541 e
2282 1501 2397 1539 ms.
2448 1482 2651 1539 codice
2707 1482 3082 1539 bibliothecae
3136 1485 3190 1540 S.
3232 1483 3476 1539 Victoris
3526 1484 3854 1540 Martenius

2194 1556 2430 1627 adjecit,
2454 1571 2526 1611 ex
2556 1570 2679 1627 quo
2710 1553 2827 1610 huc
2857 1554 3205 1627 transferre,
3222 1554 3454 1627 junctis
3485 1556 3712 1627 pariter
3750 1570 3855 1612 va-

2192 1625 2482 1683 riantibus
2532 1625 2595 1682 e_
2624 1641 2901 1681 sermone
2954 1625 3234 1697 synodali

2195 1699 2426 1754 Velsero
2472 1703 2787 1768 acceptum
2827 1697 3103 1754 Labbeus
3160 1697 3438 1753 tomJXl
3488 1699 3627 1753 Ven.
3684 1698 3854 1766 edit.,

3298 1640 3481 1698 quem
3526 1641 3601 1681 ex
3658 1628 3860 1684 Marco

3424 1784 3570 1840 apte
3606 1771 3859 1825 nomine

3008 2071 3269 2112 LUOENSIS
3308 2070 3488 2112 CODBX
3526 2072 3621 2114 ΠΒ.

2884 2127 3162 2197 Epistola
3188 2128 3398 2184 Leonis
3430 2130 3492 2184 in
3518 2130 3751 2201 synodo

3186 2199 3454 2255 leaenda.

3281 2215 3454 2255 enaa.

3186 2217 3454 2270 Legenaa.

2856 2269 3107 2342 Fratres,
3139 2269 3491 2342 presbyteri,
3508 2271 3849 2327 sacerdotes

2783 2340 3038 2413 Domini,
3063 2340 3482 2413 cooperatores
3498 2342 3723 2397 ordinis
3743 2358 3848 2398 no~

2786 2411 2887 2485 _stri
2920 2412 3076 2468 estis.
3111 2411 3247 2483 Nos,
3277 2415 3558 2485 quamvis
3592 2413 3840 2482 indigni,

2782 2480 2984 2538 locum
3000 2489 3199 2539 Aaron
3215 2480 3614 2552 tenemus,vos
3638 2480 3834 2539 autem

2782 2552 2983 2609 locum
3016 2554 3292 2622 Eleazai'i,
3337 2560 3394 2611 et
3422 2555 3688 2610 lthamar.
3719 2554 3833 2609 Nos

2782 2625 2909 2680 vice
2939 2625 3260 2682 duodecim
3282 2626 3678 2682 apostolorum
3706 2624 3836 2680 fun-

2783 2696 2980 2769 gimur
3002 2716 3027 2769 7;,
3049 2713 3156 2769 vos
3187 2698 3266 2769 ad
3304 2696 3555 2769 formam
3597 2699 3841 2769 septua-

2783 2767 2946 2836 ginta
2972 2768 3408 2840 discipulorum
3433 2768 3589 2824 estis.
3613 2767 3732 2823 Nos
3750 2783 3848 2823 ve-

2781 2854 2848 2893 ro
2869 2844 3137 2911 pastores
3164 2841 3336 2895 vestri
3363 2857 3593 2905 sumus,
3613 2855 3727 2895 vos
3747 2855 3849 2911 au-

2784 2910 2900 2965 tem
2958 2914 3228 2983 pastores
3286 2911 3630 2983 animarum
3681 2910 3848 2983 vobis

2783 2981 3266 3041 commissarum.
3297 2982 3554 3056 Reliqua
3584 2988 3651 3038 ut
3686 2981 3851 3053 apud

2780 3053 3070 3108 Martem.

2846 3059 3070 3110 artene.

2848 3910 2891 3961 Ι.
2925 3908 2992 3961 In
3055 3905 3285 3978 primis,
3346 3910 3485 3978 etc.,
3548 3912 3617 3963 ut
3682 3906 3854 3978 apud

2775 3976 3164 4036 Martenium.

2775 4266 2913 4405 8.tll.
2948 4262 3123 4321 Omni
3166 4267 3341 4321 nocte
3382 4262 3462 4321 ad
3499 4263 3685 4322 horas
3708 4278 3850 4319 sur-

2815 4350 2835 4390 ι
2861 4350 2913 4392 e.

2815 4350 2913 4392 lle.

2846 4475 2935 4533 III.
2969 4476 3281 4533 Missarum
3302 4476 3735 4533 celebrationes
3758 4490 3850 4531 re-

2771 4546 3001 4620 ligiose,
3020 4553 3152 4617 etc.,
3178 4554 3243 4605 ut
3259 4549 3428 4620 apud
3447 4547 3845 4605 Martenium.

2845 4907 2932 4962 IV.
2952 4905 3155 4963 Nullus
3168 4905 3421 4961 missam
3440 4907 3642 4961 cantet
3658 4903 3850 4961 solus.

2773 4977 2977 5034 Nullus
2991 4982 3126 5033 ante
3138 4977 3277 5033 solis
3294 4982 3493 5034 ortum
3509 4981 3711 5033 cantet
3731 4975 3855 5033 nisi

2772 5048 2835 5104 in
2874 5048 3063 5104 Natali
3102 5048 3354 5105 Domini.
3405 5048 3609 5105 Nullus
3647 5051 3855 5105 cantet

2772 5119 3042 5188 missam,
3070 5124 3204 5189 etc.,
3232 5131 3294 5175 ut
3320 5122 3383 5177 in
3412 5121 3707 5177 Martene.

2842 5193 2905 5245 V.
2935 5190 3139 5246 Nullus
3182 5196 3379 5248 cantet
3417 5192 3543 5247 sine
3588 5191 3849 5259 lumine,

2771 5262 2897 5317 sine
2927 5262 3171 5334 amictu,
3200 5268 3333 5334 etc.,
3364 5268 3431 5320 ut
3481 5264 3651 5333 apud
3679 5264 3854 5320 Mar-

2770 5338 2932 5392 tene.

2294 5485 2319 5546 9
2346 5477 2522 5546 Aug.,
2556 5475 2639 5532 ad
2664 5482 2986 5533 nocturna.

2290 5543 2317 5584 λ
2344 5543 2520 5616 Aug,
2550 5549 2872 5605 Missurum
2899 5547 3349 5606 celebrationes.

2290 5627 2313 5657 ι
2343 5618 2520 5688 Aug,
2557 5620 2841 5678 Planeta.
