4106 6174
162 144 270 209 67‘!

452 280 715 330 nium:
748 280 947 332 nmio.

235 390 537 472 VLNullus
559 410 698 453 cum
715 398 1002 472 alba,qua
1019 392 1077 455 in
1096 414 1238 456 suos

161 484 309 541 usus
327 469 513 525 utitur
541 476 869 541 priesumat
884 469 1131 527 missam
1150 488 1239 527 ce-

159 539 397 596 lebrare
426 550 471 611 0.
517 539 719 595 Nullus
762 541 824 596 in
870 541 1088 611 ligneo,
1136 544 1241 599 aut

160 612 351 667 vitreo
382 610 566 667 calice
595 612 816 669 audeat
862 610 1111 670 missam
1143 631 1237 670 ce-

160 683 397 739 lebrare
427 684 473 738 Β.

235 755 354 808 VII.
376 753 546 809 Nulla
576 753 798 809 femina
830 748 908 810 ad
930 754 1115 811 altare
1148 771 1241 813 ac-

163 825 475 889 cedat,nec
490 824 737 881 calicem
764 827 995 881 Domini
1015 832 1238 897 tangat.

233 899 376 968 VIII.
408 897 726 968 Corporale
768 898 1239 954 mundissimum

164 969 258 1041 sit.
280 967 482 1041 7Altare
506 967 582 1041 sit
601 975 949 1041 coopertum
968 969 1041 1024 de
1070 987 1239 1041 inun-

162 1040 258 1095 dis
280 1040 482 1114 lineis.
512 1040 700 1111 Super
719 1039 912 1095 altare
937 1039 1101 1114 nihil
1131 1059 1240 1114 po:

163 1118 346 1166 natur
373 1111 487 1165 nisi
521 1126 739 1184 capsae,
773 1116 827 1184 et
872 1111 1153 1184 reliquiae;
1187 1112 1241 1184 et

164 1188 427 1255 quatuor
473 1190 498 1222 ο
536 1181 874 1255 Evangelia,
918 1181 1167 1255 _et'pixis
1216 1183 1242 1223 ἀ

164 1253 307 1326 cum
331 1268 579 1326 corpore
603 1254 834 1326 Domini
860 1253 938 1309 ad
958 1253 1241 1326 viaticum

164 1324 458 1392 inﬁrmis;
495 1336 518 1364 θ
547 1329 760 1380 caetera
789 1325 850 1379 in
877 1325 1065 1382 nitido
1111 1326 1243 1382 loco

164 1395 594 1451 recondantur.

236 1470 322 1522 IX.
359 1466 584 1523 Missale
605 1466 1012 1538 plenarium,f
1047 1467 1245 1524 lectio-

162 1537 944 1608 narium,autiphonarium,
965 1554 989 1591 ε
1019 1546 1243 1595 utrum-

162 1609 536 1682 queilibrum
558 1626 633 1682 in.
661 1610 1064 1666 Homeliarum
1092 1627 1244 1665 unu-

166 1679 458 1753 squisque
484 1679 725 1753 habeat.

240 1754 318 1807 Χ.
366 1751 586 1813 Locus,
645 1752 704 1806 in
775 1752 1091 1808 secretario
1152 1751 1248 1808 vel

160 1824 339 1895 juxta
375 1822 564 1897 altare
608 1823 680 1878 sit
724 1828 1113 1897 praeparatus,
1143 1823 1247 1879 ubi

167 1911 333 1967 aqua
363 1894 755 1967 effundatur;
778 1894 1026 1967 quando
1076 1911 1247 1967 sacra

166 1965 313 2022 vasa
347 1965 695 2035 abluuntur,
722 1965 923 2038 ibique
972 1983 1076 2038 vas
1111 1966 1246 2038 niti-

167 2038 318 2110 dum
350 2053 490 2092 cum
520 2052 675 2110 aqua
704 2037 998 2110 pendeat;
1025 2037 1129 2093 ubi
1156 2054 1246 2094 sa-

167 2107 388 2191 cerdos
411 2107 625 2163 manus
646 2107 804 2164 lavet
819 2113 959 2182 post
980 2117 1248 2165 Commu-

169 2194 425 2235 nionem

249 2251 355 2305 XI.
386 2250 647 2306 Ecclesiae
680 2250 798 2307 sint
826 2249 978 2325 bene
1008 2264 1251 2325 cooper-

168 2326 335 2381 tae.et
367 2325 693 2392 cameratas;
728 2324 947 2378 atrium
976 2322 1246 2379 ecclesias

174 2392 452 2465 undique
479 2393 503 2432 δ
528 2400 857 2465 mitratum.

243 2464 365 2520 XII.
431 2464 638 2520 Nullus
695 2470 860 2520 extra
926 2464 1248 2521 Ecclesiam

168 2552 276 2609 per
300 2535 542 2609 domos,
576 2536 670 2592 vel
690 2537 752 2592 in
782 2536 927 2592 locis
961 2552 1082 2592 non
1115 2553 1251 2592 con-

171 2608 417 2663 secratis
452 2609 704 2664 missam
728 2613 923 2664 cantet
962 2610 998 2677 ί,
1029 2624 1139 2664 nec
1162 2625 1251 2664 so-

170 2678 264 2734 lus
294 2684 518 2735 cantet.

242 2752 382 2806 XIII.
429 2750 695 2823 Quisque
733 2750 1047 2823 presbyter
1085 2748 1250 2823 cleri-

172 2837 316 2894 cum
373 2823 409 2894 ig
451 2821 696 2894 habeat.
737 2821 857 2894 ‘qui
913 2821 1249 2894 epistolam,

174 2892 265 2946 vel
281 2892 595 2965 lectionem
615 2892 791 2957 legat;
812 2892 982 2965 eique
1011 2893 1087 2948 ad
1110 2893 1251 2947 mis-

174 2978 304 3037 sam
323 2963 711 3036 respondeat,
731 2970 783 3019 et
805 2963 943 3020 cuin
971 2980 1093 3037 quo
1118 2976 1254 3036 psa-

174 3034 327 3091 lmos
358 3034 557 3091 cantet
584 3037 631 3091 ι.

270 3815 403 3868 XVI.
447 3811 719 3885 Inﬁrmos
756 3811 1006 3885 visitate,
1040 3826 1263 3885 eosque

196 3886 322 3939 Deo
370 3883 759 3951 reconciliate,
800 3882 818 3927 ι
874 3883 1005 3939 oleo
1060 3882 1265 3940 sancto

198 3953 426 4023 ungite,
443 3959 496 4009 et
523 3955 768 4027 propria
790 3969 976 4009 manu
998 3968 1267 4011 commu-

194 4027 412 4081 nicate.
446 4027 651 4098 Nullus
681 4031 1007 4098 praesumat
1036 4028 1269 4098 tradere

192 4097 697 4169 communionem
712 4097 889 4169 laico,
911 4097 1005 4153 vel
1034 4097 1269 4161 femina;

194 4168 271 4224 ad
300 4168 625 4223 ferendum
649 4167 909 4223 inﬁrmo.

259 4239 442 4295 XV.m
487 4236 691 4295 Nullus
730 4254 970 4295 sacrum
1010 4234 1273 4294 chrisma

189 4310 458 4378 vendat;
506 4309 707 4365 nullus
746 4326 857 4382 pro
875 4310 1270 4382 baptizandis,

192 4382 283 4437 vel
331 4397 452 4454 pro
466 4453 472 4454 ί
487 4397 737 4454 corpore
748 4381 1018 4454 ’Domini,
1048 4381 1138 4437 vel
1161 4396 1274 4454 pro

190 4451 699 4526 reconciliatione,
733 4451 824 4507 vel
868 4451 1274 4526 prosepultu-

191 4540 273 4587 ra,
326 4524 427 4579 vel
467 4536 577 4596 pro
618 4522 1044 4596 consecrandis
1076 4522 1273 4596 'eccle-

197 4596 299 4668 siis
347 4592 609 4668 pretium
656 4598 908 4668 quierat,
955 4592 1051 4651 Vel
1096 4594 1278 4668 eccle-

195 4667 318 4741 sias
347 4664 697 4741 aliquorum
723 4666 867 4723 data
895 4666 1153 4741 pecunia
1182 4683 1280 4722 su-

192 4736 444 4793 briuiat.

328 4809 413 4861 VI.
460 4806 678 4875 Videte,
708 4823 785 4880 ne
830 4824 935 4880 per
977 4807 1279 4880 negligen-

199 4878 361 4935 tiam
404 4884 656 4934 vestram
701 4878 859 4934 ullus
909 4879 1108 4936 infans
1153 4879 1280 4935 sine

195 4947 516 5023 baptismo
542 4951 853 5023 moriatur.

265 5018 437 5080 XVII.
460 5022 665 5078 Nullus
690 5024 956 5078 vestrum
983 5020 1057 5077 sit
1084 5018 1281 5078 ebrios

265 5167 292 5195 ι
322 5151 527 5234 Victor
555 5157 613 5234 et
639 5156 789 5234 Aug.
843 5148 1387 5234 tantare..lteliqt_1a
1405 5149 1481 5234 _in
1510 5151 1862 5234 augustano

198 5224 446 5299 desunt,
480 5224 586 5281 sed
610 5222 820 5299 statim
848 5223 1159 5299 subjungit
1179 5222 1372 5282 Nulla
1388 5222 1643 5295 femina,
1682 5226 1790 5277 etc.

266 5298 296 5340 ι)
324 5292 555 5352 Victor.
593 5292 875 5353 Cantare.

271 5380 297 5411 σ
325 5372 485 5439 Aug.
516 5371 575 5441 et
600 5367 873 5441 Victoria.
905 5365 1029 5422 Aut
1054 5364 1215 5437 forte
1235 5369 1495 5441 quatuor
1522 5366 1634 5419 etc.

267 5441 298 5483 ἀ
326 5445 489 5509 Aug.
522 5439 787 5495 Buz‘ida.

274 5527 297 5555 ο
325 5506 486 5580 Aug.
518 5514 667 5567 Cum
696 5523 946 5578 corpore
972 5510 1216 5566 Domini
1240 5506 1322 5580 ad
1348 5507 1639 5578 inﬁmos.

273 5585 290 5625 ί
328 5579 489 5651 Aug.
524 5586 583 5638 et
613 5582 822 5637 Victor.
852 5585 915 5635 ut
943 5581 1001 5636 in
1031 5579 1301 5637 Lucensi.

275 5667 302 5722 9
331 5659 492 5722 Aug.
528 5657 593 5707 ut
621 5652 683 5707 in
715 5652 978 5707 Lucensi.

272 5720 305 5795 ξ
336 5720 479 5795 Αιιὲ

508 5728 566 5779 et
592 5722 874 5780 Victorin.
905 5724 996 5780 Sit
1019 5737 1172 5793 sarpe
1198 5722 1514 5778 munitum.

279 5791 300 5833 λ
338 5787 474 5857 Nec
497 5795 667 5853 colus
711 5798 929 5855 cantet.
977 5787 1236 5855 Deestin
1277 5794 1431 5865 Aug.
1476 5794 1534 5853 et
1559 5787 1871 5850 Victorino.

1741 142 2031 215 HOIIILIA

1659 293 1859 336 ueni-:1
1897 286 2100 336 sunto.

1346 403 1425 460 ad
1450 404 1648 460 nullos
1678 404 1826 459 alios
1855 420 2003 458 usus
2037 403 2172 458 sint.
2208 403 2413 459 Nullus

1345 477 1406 532 in
1454 476 1613 545 alba,
1658 476 1867 548 quain
1909 490 2019 530 suo
2051 491 2165 530 usu
2211 475 2411 548 utitur,

1344 545 1935 673 praesumat—missas
1976 550 2236 601 cantare.
2283 545 2416 602 Nul-

1372 636 1440 673 us
1469 619 1529 673 in
1578 619 1798 673 ligneo.
1844 617 2151 673 plumbeo.
2199 621 2303 672 aut
2334 618 2413 671 vi-

1372 636 1440 673 us
1469 619 1529 673 in
1578 619 1811 689 ligneo,
1844 617 2151 689 plumbeo,
2199 621 2303 672 aut
2334 618 2413 671 vi-

1346 694 1469 745 treo
1490 689 1673 745 calice
1700 688 1919 744 audeat
1946 689 2197 742 missam
2216 704 2412 755 agere.

1346 761 1515 816 Nulla
1567 760 1789 816 femina
1834 759 1911 814 ad
1952 759 2133 814 altare
2183 758 2415 813 Domini

1347 830 1612 889 accedat.
1646 836 1703 886 et
1734 830 1980 885 calicem
2017 829 2245 884 Domini
2277 844 2417 883 con-

1345 904 1554 973 tingat.
1589 902 1908 974 Corporale
1948 899 2414 974 mundissimum

1346 972 1641 1045 sit.Altare
1673 972 1748 1028 sit
1776 978 2123 1045 coopertum
2155 972 2417 1045 mundis;

1348 1044 1514 1100 simis
1544 1044 1760 1100 linteis.
1812 1041 1999 1116 Super
2046 1043 2229 1098 altare
2270 1041 2415 1116 nihil

1346 1120 1626 1188 ponatur,
1676 1115 1786 1170 nisi
1835 1113 2031 1187 capsae
2083 1130 2221 1188 cum
2280 1113 2411 1168 reli-

1347 1185 1503 1259 quiis
1535 1185 1927 1259 sanctorum;
1949 1190 2051 1240 aut.
2091 1185 2238 1259 forte
2267 1200 2414 1256 qua-

1348 1255 1484 1313 tuor
1542 1263 1750 1314 sancta
1808 1258 1905 1311 Dei
1940 1255 2415 1323 I‘Jvangclia,'aut

1349 1329 1524 1410 pyais
1564 1344 1701 1383 cum
1752 1344 2009 1410 corpore
2054 1328 2286 1410 Domini
2337 1325 2413 1407 ad

1349 1398 1631 1471 viaticum
1654 1416 1762 1471 pro
1794 1398 2044 1471 infirmis
2070 1416 2081 1452 :
2116 1402 2328 1471 cratera
2354 1398 2413 1471 in

1348 1471 1538 1526 nitido
1569 1468 1701 1525 loco
1733 1469 2155 1525 recondantur.
2191 1468 2414 1524 Missale

1349 1541 1727 1613 plenarium,
1773 1547 1829 1596 et
1880 1540 2311 1602 Iectionariuin,
2361 1544 2417 1594 et

1351 1612 1840 1684 antiphonarium
1897 1626 2275 1683 unaquaeque
2326 1627 2418 1684 ec-

1351 1683 1529 1740 clesia
1550 1684 1984 1739 habeat.l.ocus
2001 1684 2059 1737 in
2078 1683 2417 1743 secretario,

1354 1762 1455 1810 aut
1490 1755 1663 1826 juxta
1716 1755 1805 1826 sit
1862 1758 2252 1826 praeparatus,
2315 1752 2418 1807 ubi

1352 1825 1511 1899 aqua
1529 1825 1753 1899 effundi
1777 1825 1982 1898 possit,
2004 1825 2249 1899 quando
2271 1840 2418 1879 vasa

1354 1896 1524 1953 sa'cra
1550 1896 1895 1965 abluantur,
1954 1904 2009 1952 et
2028 1896 2139 1951 ’ibi
2168 1897 2415 1951 linteum

1352 1969 1607 2025 nitidum
1635 1985 1773 2040 cum
1807 1978 1966 2040 aqua
1992 1967 2420 2040 dependeat,et

1354 1985 1607 2025 mnuum
1635 1985 1773 2023 cum
1807 1985 1966 2040 aqua
1992 1985 2065 2023 ae
2114 1985 2419 2037 enaeat,et

1354 2040 1433 2095 ibi
1483 2039 1767 2095 sacerdos
1808 2054 2027 2094 manus
2072 1985 2235 2111 Favet
2282 2044 2419 2111 post

1354 2111 1878 2167 communionem.
1956 2109 2226 2165 Ecclesiae
2288 2109 2419 2163 'sint

1356 2189 1651 2255 cooperta:
1682 2181 1856 2249 bene,
1910 2184 1965 2236 et
1995 2185 2331 2255 camerataa,
2362 2184 2421 2235 et

1356 2251 1573 2310 atrium
1605 2253 1677 2308 sit
1702 2266 1940 2325 semper
1962 2251 2345 2307 mundatum.

1434 2392 1642 2451 Nullus
1659 2399 1825 2450 extra
1847 2392 2163 2449 ecclesiam
2190 2404 2296 2464 per
2317 2389 2420 2446 do-

1357 2483 1515 2530 mos,
1543 2470 1644 2521 aut
1688 2466 1749 2520 in
1788 2465 1932 2520 locis
1962 2480 2083 2520 non
2116 2479 2421 2519 consecra-

1356 2538 1428 2594 tis
1446 2538 1660 2593 missas
1706 2540 1903 2592 cantet
1927 2537 2050 2590 sine
2072 2535 2308 2590 licentia
2329 2532 2424 2588 sui

1358 2609 1644 2680 episcopi.
1680 2608 1884 2680 Omnis
1919 2608 2232 2680 presbyter
2253 2604 2423 2680 _cler_i-

1358 2675 1496 2736 cum
1528 2675 1750 2734 habeat
1775 2675 2129 2746 scholarem',
2163 2676 2266 2749 qui
2299 2675 2421 2749 epi:

1360 2751 1599 2817 stolam,
1620 2750 1711 2805 vel
1741 2750 2051 2805 lectionem
2068 2745 2244 2814 legat,
2276 2745 2424 2803 etad

1360 2824 1606 2877 missam
1642 2821 2023 2893 respondeat,
2059 2837 2195 2875 cum
2223 2835 2345 2891 quo
2371 2823 2427 2893 et

1358 2894 1625 2966 psalmos
1656 2888 1869 2966 cantet.
1905 2893 2104 2966 Nullus
2146 2888 2282 2966 cum
2310 2888 2426 2943 cal-

1359 2962 1619 3027 caribus,
1689 2965 1783 3018 vel
1862 2963 2111 3017 cultellis
2177 2962 2425 3015 missam

1361 3041 1579 3107 cantet,
1620 3034 1762 3107 quia
1810 3034 2105 3107 indecens
2123 3037 2182 3107 e_t_
2218 3036 2425 3107 contra

1359 3106 1595 3176 regulas
1628 3102 1898 3160 Ecclesiae
1926 3108 2033 3158 est.
2069 3102 2343 3176 Calicem,
2371 3104 2429 3176 et

1364 3170 1631 3233 oblatam
1661 3181 1823 3231 recta
1870 3191 2042 3230 cruce
2084 3174 2335 3243 signate,
2366 3170 2429 3226 id

1364 3254 1449 3304 est
1480 3263 1603 3303 non
1632 3247 1695 3301 in
1734 3244 1954 3302 circulo
2004 3250 2061 3300 et
2098 3244 2429 3299 variatione

1362 3319 1708 3444 digitorum,
1747 3322 1846 3398 .ut
1888 3316 2130 3390 plurimi
2171 3313 2427 3396 iaciunt,

1364 3407 1425 3444 se
1515 3389 1793 3444 districtis
1836 3386 2079 3443 duobus
2126 3384 2342 3444 digitis.
2377 3386 2427 3439 et

1364 3384 1470 3446 sed
1515 3384 1793 3445 districtis
1836 3384 2079 3443 duobus
2126 3384 2342 3456 digitis,
2377 3386 2432 3439 et

1364 3460 1576 3534 pollice
1634 3461 1792 3534 intus
1823 3459 2090 3534 recl_uso,_
2134 3473 2241 3534 per
2275 3470 2429 3534 quos

1366 3526 1565 3588 tinitas
1595 3531 1896 3597 annuitur,
1938 3529 2097 3585 istud
2127 3526 2367 3597 signum
2392 3526 2433 3595 σιν

1364 3608 1523 3659 recte
1564 3603 1757 3659 facere
1808 3601 2080 3669 studete;
2117 3614 2242 3655 non
2272 3598 2434 3669 enim

1367 3674 1535 3731 aliter
1562 3673 1901 3747 quidquam
1928 3667 2173 3746 potestis
2193 3667 2435 3725 benedi-

1368 3762 1520 3804 cere.

1442 3816 1716 3872 Inﬁrmos
1748 3814 1999 3879 visitate,
2032 3817 2089 3869 et
2112 3814 2177 3868 ut
2208 3824 2318 3865 sua
2346 3818 2439 3864 ra-

1373 3888 1734 3961 tionabiliter
1778 3886 2104 3961 disponant
2156 3883 2440 3961 admone-

1375 3964 1463 4027 te;
1496 3958 1712 4031 deinde
1737 3955 2228 4031 reconciliate,_et
2270 3955 2442 4031 justa

1376 4025 1753 4103 Apostolum,
1772 4028 1903 4082 oleo
1926 4032 2132 4081 sancto
2152 4025 2439 4103 inungite,

1379 4099 1448 4157 et"
1463 4100 1705 4173 propria
1736 4113 1923 4153 manu
1961 4099 2400 4173 communicate
2426 4107 2441 4158 ;

1383 4117 1435 4157 Bt
1463 4117 1705 4226 paplprla
1736 4117 1923 4153 manu
1961 4117 2400 4174 communicare
2426 4117 2441 4158 ς

1383 4176 1495 4229 etn
1547 4242 1560 4244 _
1590 4187 1660 4225 us
1704 4173 2035 4244 praesumat
2072 4180 2446 4244 communio:

1380 4259 1517 4300 nem
1546 4234 1831 4297 laico‘aut
1853 4239 2087 4295 feminae
2112 4238 2342 4294 tradere
2368 4234 2445 4291 ad

1380 4313 1773 4371 deferendum
1806 4310 1883 4367 ad
1913 4312 2205 4365 infirmos.
2240 4306 2444 4363 Nullus

1380 4394 1647 4465 vestrum
1676 4401 1786 4465 prp
1807 4381 2197 4464 baptizandis.
2207 4376 2446 4465 infanti-

1382 4458 1518 4529 bus,
1548 4460 1651 4513 aut
1678 4448 1927 4511 inﬁrmis
1968 4448 2445 4529 reconciliandis,

1383 4521 1512 4603 aut'
1545 4529 1794 4603 mortuis
1849 4521 2223 4603 sepeliendis,
2249 4536 2447 4603 “prte-

1383 4600 1575 4656 mium
1606 4602 1709 4655 aut
1741 4591 1961 4654 muniis
1992 4597 2188 4665 exigat
2249 4591 2448 4647 Videte

1384 4680 1463 4744 ne
1514 4684 1622 4744 per
1671 4668 2111 4744 negligentiam
2144 4735 2161 4744 _
2186 4667 2448 4744 vestram

1386 4735 1544 4799 ullus
1597 4735 1795 4797 infans
1852 4735 2083 4810 absque
2144 4735 2448 4810 baptismo

1387 4814 1695 4870 moriatur.
1769 4804 2006 4867 Nullus'
2038 4804 2302 4863 vestrum
2375 4804 2450 4859 sit

1389 4885 1685 4953 ebriosus,
1747 4881 1949 4953 nullus
2009 4879 2082 4934 sit
2136 4876 2447 4953 litigiosus,

1388 4957 1532 5029 quia
1564 4946 1803 5029 servum
1848 4951 1950 5029 Dei
1982 4965 2102 5006 non
2141 4946 2452 5029 decet_liti7

1392 5018 1556 5100 gare.
1588 5025 1795 5083 Nullus
1823 5025 2093 5081 vestrum
2110 5036 2281 5077 arma
2304 5018 2454 5075 ferat

1975 5432 2220 5487 Missam
2242 5432 2462 5494 cantet,

2760 282 3028 336 incussis
3059 280 3237 333 cobet
3268 280 3365 334 iis.

2598 402 2693 458 VI.
2741 401 2953 475 Nullus
2997 408 3136 458 cum
3179 396 3338 472 alba,
3380 417 3502 475 qua
3528 403 3592 475 in

2526 482 2668 531 suos
2699 491 2846 530 usus
2875 473 3077 537 utitur,
3102 473 3430 537 praesumat
3458 473 3596 529 mis-

2528 563 2660 602 sam
2700 548 2960 617 cantare.
3012 542 3319 617 Nullusin
3368 542 3590 617 ligneo,

2524 622 2641 689 aut,
2663 616 2967 689 plumbeo,
3021 619 3125 672 aut
3174 612 3360 672 vitreo
3409 612 3592 673 calice

2526 688 2746 744 audeat
2771 688 3018 743 missam
3044 691 3304 743 cantare.

2596 761 2705 814 VII.
2723 759 2892 815 Nulla
2918 758 3160 829 femina,
3181 761 3316 827 etc.,
3340 762 3408 814 ut
3427 758 3595 828 apud

2522 829 2684 885 Mart
2693 833 2908 887 eniam.

2597 901 2739 956 Vlll.
2771 900 3106 972 Corporale.
3231 941 3245 956 .
3284 941 3297 954 .
3336 932 3348 954 .
3381 942 3394 955 .
3425 903 3594 972 et_re-

2522 969 2744 1044 liquite,
2774 964 2905 1044 aut-
2929 973 3076 1027 forte
3126 964 3199 1024 IV
3251 970 3589 1044 Evangelia,

2525 1041 2628 1099 aut
2655 1041 2833 1098 Buxis
2861 1059 2996 1097 cum
3039 1058 3308 1115 corpore,
3357 1048 3491 1111 etc.,
3524 1041 3591 1098 ut

2525 1115 2691 1184 apud
2718 1115 3008 1170 Mariane.

2598 1470 2687 1539 IX.
2712 1466 2939 1523 Missale
2980 1465 3346 1539 plenari’um,
3374 1466 3509 1539 etc.,
3533 1456 3599 1539 ut

2525 1538 2691 1607 apud
2768 1507 3169 1597 Marteitzium.
3244 1507 3347 1594 sed
3432 1507 3595 1593 de’esi

2525 1616 2850 1682 utrumque
2900 1609 3121 1665 librum
3172 1614 3247 1665 XL
3305 1608 3601 1665 Homelia-

2528 1697 2685 1736 rum.

2598 1756 2658 1807 X.
2695 1754 2881 1807 Locus
2912 1752 2972 1807 in
3005 1752 3287 1821 sacrario,
3330 1757 3464 1819 etc.,
3503 1767 3597 1807 re-

2530 1824 2694 1895 liqua
2723 1823 2975 1895 utiapud
2996 1824 3384 1881 Martenium.
3431 1863 3445 1877 .
3481 1864 3494 1876 .
3531 1867 3543 1879 .
3582 1864 3595 1876 .

2527 1894 2745 1975 manus
2789 1894 2949 1949 lavet
2994 1899 3130 1950 ante
3164 1900 3222 1951 et
3249 1897 3388 1968 post
3438 1909 3604 1949 com-

2527 1980 2880 2021 munionem
2890 2002 2902 2021 ι

2599 2252 2684 2305 XI.
2766 2248 3060 2314 Ecclesim,
3110 2251 3244 2313 etc.,
3310 2255 3374 2304 ut
3432 2248 3600 2317 apud

2530 2321 2916 2385 Martenium,
2947 2320 3165 2375 atrium
3196 2319 3468 2376 Ecclesiae
3497 2336 3601 2375 sese

2529 2408 2605 2464 pe
2637 2392 2957 2464 munitum.

2602 2466 2711 2518 XII.
2773 2462 2978 2517 Nullus
3048 2465 3216 2516 extra
3280 2460 3599 2517 ecclesiam

2532 2538 2729 2590 cantet
2757 2533 2883 2589 sine
2912 2533 3160 2588 licencia
3183 2532 3276 2587 sui
3306 2531 3598 2605 episcopi.

2603 2675 2737 2730 XIII.
2781 2674 3046 2746 Quisque
3093 2673 3408 2746 presbyter
3437 2672 3604 2729 clei'i-

2535 2761 2673 2801 cum
2704 2745 2800 2803 vel
2828 2745 3163 2803 scholarem
3192 2745 3432 2809 habeat,
3465 2748 3599 2812 etc.,

2534 2818 2768 2887 reliqua
2800 2823 2865 2871 ut
2897 2818 3062 2885 apud
3085 2817 3474 2872 Martenium.

2608 2890 2748 2954 Qua;
2757 2893 3092 2958 sequuntur
3106 2888 3271 2955 apud
3285 2887 3576 2942 Labbeum
3587 2926 3601 2949 ,

2535 2963 2590 3014 et
2620 2960 2683 3014 in
2726 2959 3000 3014 Martene
3043 2958 3482 3024 desiderantur,
3514 2958 3604 3025 μή

2537 3035 2740 3085 nostro
2763 3031 3001 3098 pariter
3024 3029 3259 3085 desunt.

2618 3807 2749 3861 XIV.
2802 3803 3078 3859 Inﬁrmos
3128 3801 3357 3858 visitata
3402 3803 3458 3857 et
3507 3815 3612 3856 eos

2548 3875 2945 3941 reconciliate,
2978 3879 3035 3930 et
3061 3874 3235 3943 juxta
3257 3870 3616 3944 Apostolum

2549 3947 2701 4075 pleo,
2725 3952 2858 4016 etc.,
2884 3951 2950 4001 ut
2978 3947 3042 4001 in
3063 3946 3236 4001 editis
3262 3943 3430 4015 apud
3449 3943 3615 4000 Mar-

2578 4035 2703 4075 ene.

2623 4233 2729 4288 XV.
2759 4229 2962 4287 Nullus
2993 4245 3102 4301 pro
3128 4227 3511 4301 baptizandis
3531 4226 3623 4283 in-

2555 4303 2839 4372 fantibus,
2852 4306 2956 4357 aut
2970 4298 3623 4372 inﬁrmis’irecogneilian-

2555 4375 2669 4437 dis,
2693 4378 2796 4430 aut
2818 4370 3068 4445 mortuis
3089 4370 3444 4445 sepeliendis
3469 4385 3619 4443 prm‘

2556 4446 2747 4502 mium
2773 4443 2867 4500 vel
2894 4458 3146 4500 munera
3157 4443 3384 4513 exigat.

2630 4798 2782 4856 XVI.
2854 4797 3075 4866 Videte,
3124 4800 3260 4863 etc.,
3321 4800 3388 4851 ut
3457 4793 3627 4865 apud

2558 4872 2945 4930 Martenium.

2629 5017 2784 5073 XVII.
2835 5012 3040 5072 Nullus
3091 5015 3361 5069 vestrum
3384 5013 3520 5078 etc.,
3558 5011 3626 5064 ut

2043 5146 2055 5197 i
2097 5149 2247 5213 Aug.
2271 5140 2366 5199 vel
2394 5134 2748 5213 schQIQ’iQm-
2842 5208 2857 5213 _
3034 5207 3044 5213 _
3360 5209 3370 5213 Α
3414 5206 3428 5213 ,
3486 5205 3521 5213 _
3570 5201 3581 5212 .

2043 5218 2068 5257 ι
2096 5205 2247 5285 Aug.
2280 5212 2481 5269 addit:
2513 5208 2930 5285 Nullussolus
2958 5207 3199 5263 missam
3229 5206 3449 5263 cantet.
3484 5205 3630 5285 Dein
3734 5274 3743 5279 _

1974 5275 2224 5343 subdit?
2244 5285 2468 5342 Nullus
2498 5298 2637 5358 cum
2654 5281 3082 5358 paleariaque
3111 5275 3631 5358 speronesrustice

1976 5373 2274 5437 uocamus,
2314 5362 2381 5437 et
2430 5352 2706 5437 culteltis.
2739 5346 3632 5437 egtrinsércusédjpependentiauo

1981 5432 2220 5487 Missam
2242 5424 2462 5494 cantet,
2512 5425 2655 5499 quia
2683 5424 2956 5480 indecens
2986 5424 3072 5478 est
3102 5424 3157 5477 et
3188 5424 3401 5476 contra
3452 5428 3631 5487 regu-

1981 5504 2097 5558 lam
2131 5498 2589 5557 ecclesiasticam
2612 5500 2716 5553 est.
2743 5495 3024 5561 Calicem,
3051 5496 3185 5560 etc.,
3210 5495 3274 5546 ut
3298 5490 3361 5545 in
3382 5487 3632 5545 homilia

1982 5574 2191 5628 Leonis
2226 5570 2563 5625 Labbeana.

2052 5644 2067 5682 ι
2103 5648 2253 5710 Aug.
2288 5646 2339 5696 et
2357 5643 2547 5709 juxta
2574 5635 2923 5710 Apostolum
2948 5636 3095 5710 oleo.

2053 5727 2093 5755 ω
2132 5698 2238 5769 xv:
2269 5698 2420 5781 Aug.
2457 5714 2515 5767 et
2555 5698 2835 5779 Victorin,
2863 5707 2926 5763 in
2971 5708 3095 5763 toto
3123 5702 3237 5761 isto
3284 5698 3497 5772 capite,
3525 5699 3633 5755 Lu-

1983 5784 2146 5843 censi
2169 5783 2481 5844 cohaerent.
