4092 6176
350 214 353 219 .
460 127 567 197 ρτο

751 261 1009 302 ΗΔΒΤΕΝΙῙ
1038 257 1239 305 ΕϋιΤῙΟ.

469 391 593 436 sus.
621 370 912 439 litigiosus
940 376 986 435 ι,
1014 364 1241 439 nullus
1259 379 1431 418 arma
1466 361 1528 416 in

469 434 755 499 seditione
802 434 979 503 ferat,
1000 434 1200 490 nullus
1229 434 1257 474 ι»
1284 450 1528 502 canum,

466 512 561 569 vel
589 512 793 568 avium
815 507 967 581 jocis
996 505 1294 562 inserviat.
1326 503 1532 560 Nullus

466 585 528 641 in
556 579 829 639 tabernis
845 579 1031 635 bibat.

539 795 738 850 XVIII.
782 790 1214 864 Unusquisque
1242 792 1532 864 vestrum,

470 870 765 937 quantum
824 858 999 937 sapit,
1058 858 1217 937 plebi
1276 875 1398 937 suae
1458 858 1534 937 de

472 928 814 1005 Evangelio,
847 944 870 970 °
898 928 1271 1005 'deep'istola,
1303 930 1391 1005 vel
1432 928 1533 1005 ali-

515 1024 593 1085 ua
621 1001 824 1085 divina
846 1001 1177 1085 “Scriptura
1227 1001 1535 1085 Dominico

514 1079 587 1151 ie,
629 1078 724 1134 vel
750 1076 912 1132 festis
959 1072 1172 1131 diebus
1202 1072 1533 1129 annuntiet.

544 1292 687 1348 XIX.
731 1292 946 1347 Curam
977 1303 1336 1360 pauperum.
1372 1300 1537 1360 pere-

475 1363 804 1432 grinorum,
836 1358 1248 1432 orphano‘rum
1296 1358 1537 1432 habeat,

475 1428 699 1514 eosque
726 1428 1167 1514 ad‘pr'anclium
1218 1428 1541 1514 invitethut

474 1504 536 1560 in
556 1498 668 1571 his,
693 1508 750 1560 et
778 1498 909 1558 aliis
928 1500 1279 1573 hujusmodi
1302 1516 1338 1555 a
1362 1498 1537 1555 vobis

476 1574 576 1632 alii
605 1574 950 1648 exemplum
975 1572 1235 1645 capiant.

551 1989 654 2041 XX.
697 1983 871 2040 Omni
921 1982 1016 2039 die
1066 1980 1375 2037 Dominico
1405 1984 1542 2035 ante

481 2057 717 2114 Missam
746 2070 1003 2126 aquam
1033 2051 1433 2126 benedictam__
1460 2050 1545 2126 ia-

482 2128 610 2193 cite,
636 2125 796 2181 unde
818 2122 1083 2197 populus
1114 2124 1140 2158 ίι
1169 2123 1371 2179 etloca
1399 2122 1542 2177 ﬁde-

479 2198 627 2255 lium
658 2199 1079 2269 aspergantur.

553 2269 680 2325 XXI.
708 2263 886 2325 Sacra
906 2282 1071 2335 vasa,
1105 2264 1199 2320 vel
1227 2263 1544 2320 vestimen-

481 2345 542 2396 ta
591 2338 984 2395 sacerdotalia
1037 2352 1161 2392 non
1216 2335 1432 2391 dentur
1482 2335 1544 2390 in

479 2409 897 2466 vadimonium
926 2407 1300 2477 negotiatori,
1319 2406 1416 2463 vel
1445 2406 1546 2461 ali-

483 2482 579 2536 cui
610 2479 899 2535 saeculari.

552 2553 704 2605 XXII.
764 2548 971 2603 Nullus
1028 2551 1289 2602 vestrum
1340 2546 1542 2601 minus

482 2618 661 2699 digne
708 2617 1544 2699 pcenitentem"cujuscunque

481 2686 571 2745 rei
595 2686 786 2759 gratia
797 2687 874 2743 ad
884 2686 1427 2759 reconciliationem
1442 2686 1545 2741 ad-

482 2756 682 2828 ducat,
713 2763 770 2814 et
794 2758 846 2814 ei
876 2756 1412 2813 reconcialiationis
1435 2761 1545 2811 tes-

481 2830 798 2887 timonium
824 2829 993 2885 ferat.

554 2903 760 2958 XXIII.
794 2900 1002 2956 Nullus
1027 2903 1287 2955 vestrum
1329 2915 1543 2955 usuras

483 2973 699 3044 exigat,
715 2978 770 3029 et
789 2971 1118 3044 conductor
1142 2971 1232 3044 sui
1250 2979 1270 3005 °
1293 2970 1542 3028 senioris

482 3042 710 3102 existat.
742 3044 856 3100 Res
901 3042 1340 3115 etefacultates,
1391 3057 1543 3115 quas

479 3121 617 3191 post
645 3115 827 3191 diem
880 3114 1271 3191 ordinationis
1334 3114 1543 3191 vestras

481 3185 807 3261 acquiritis,
851 3187 929 3261 ad
978 3186 1290 3261 ecclesiam
1323 3185 1419 3241 cui
1447 3185 1546 3241 de-

480 3257 711 3316 servitis
740 3259 757 3294 τ
781 3258 1072 3331 pertinere
1099 3257 1315 3331 sciatis.

553 3332 726 3385 XXIV.
770 3328 974 3384 Nullus
1030 3329 1154 3383 sine
1185 3328 1449 3395 scientia,
1489 3331 1546 3382 et

483 3414 781 3455 consensu
800 3404 1005 3452 nostro
1022 3398 1332 3453 ecclesiam
1346 3399 1546 3467 acqui-

481 3472 592 3545 rat.
650 3467 852 3545 l_\'ullus
901 3482 1006 3545 per
1046 3474 1402 3545 potestatem
1439 3484 1540 3545 saa-

484 3535 776 3592 cularium
851 3535 1163 3590 ecclesiam
1236 3536 1541 3603 obtineat;

484 3605 684 3662 nullus
713 3603 1029 3675 ecclesiam
1062 3606 1139 3661 ad
1181 3621 1369 3675 quam
1412 3606 1544 3660 titu-

481 3676 638 3732 latus
697 3680 784 3732 est
830 3674 1105 3744 dimittat,
1139 3674 1319 3731 et’ad
1363 3675 1544 3732 aliam

483 3763 665 3803 causa
695 3748 957 3819 quaestus
986 3747 1217 3819 migret.

554 3817 949 3891 XXVfNullus
981 3818 1179 3891 plures
1208 3822 1405 3891 teneat
1454 3833 1545 3874 ec-

484 3890 697 3963 clesias
721 3889 849 3945 sine
866 3888 1121 3963 aliorum
1136 3890 1357 3946 auxilio
1386 3905 1545 3963 pres-

481 3961 828 4088 blyterorum
857 3979 869 4029 ;
902 3960 1241 4017 nullatenus
1293 3960 1414 4018 una
1456 3978 1547 4019 ec-

485 4050 517 4088 c
542 4034 665 4087 esia
693 4032 844 4088 inter
867 4032 1067 4088 nlures
1096 4032 1415 4088 dividatur.

485 4032 665 4088 clesia
693 4032 844 4089 inter
867 4032 1067 4089 plures
1096 4032 1415 4088 dividatur.

555 4105 729 4176 XXVI.
786 4103 1004 4176 Nullus
1059 4103 1299 4176 alterius
1372 4119 1544 4176 paro:

484 4173 790 4239 chianum,
822 4175 937 4229 nisi
991 4174 1053 4229 in
1106 4174 1333 4243 itinere,
1361 4173 1464 4230 aut
1493 4175 1545 4230 si

484 4243 599 4325 sibi
643 4244 930 4325 placitum
980 4244 1177 4325 fuerit
1203 4245 1282 4325 ad
1310 4248 1544 4303 Missam

481 4315 749 4389 recipiat.
786 4315 988 4389 Nullus
1011 4316 1074 4389 in
1103 4316 1344 4389 alterius
1375 4332 1547 4389 paro-

483 4386 624 4444 chia
650 4386 775 4442 sine
804 4396 833 4432 δ’
858 4386 1096 4443 licentia
1142 4387 1297 4443 illius
1327 4386 1540 4444 cantet.

553 4458 762 4516 XXVII.
827 4458 1031 4514 Nullus
1091 4458 1391 4515 decimam
1465 4459 1543 4516 ad

482 4530 670 4588 alium
692 4530 1090 4603 pertinentem
1113 4530 1361 4603 recipiat
1386 4532 1434 4586 ιι.

552 4603 775 4661 XXVIII.
804 4603 1009 4660 Nullus
1038 4603 1423 4674 pmnitentem
1453 4604 1542 4659 in-

481 4675 623 4732 vitet
652 4691 894 4732 carnem
918 4673 1309 4743 manducare,
1340 4675 1433 4731 vel
1459 4676 1544 4732 vi-

482 4762 632 4802 num
661 4746 886 4821 bibere,
914 4746 1029 4803 nisi
1057 4762 1167 4821 pro
1188 4762 1260 4821 eo
1290 4746 1365 4821 ad
1394 4763 1542 4821 prae-

484 4816 1102 4891 sens__e_leemgsynam
1129 4817 1375 4891 dederit.

1877 117 2127 173 LEONIS
2162 116 2362 173 ΡΑΡιΕ
2400 116 2465 170 IV

1942 255 2142 296 LABREI
2188 255 2366 295 EDITIO
2375 280 2387 293 .

1638 365 1697 421 in
1724 436 1727 437 ν
1757 363 2066 437 seditione.
2106 364 2249 437 quia
2298 378 2466 419 arma
2508 365 2704 417 vestra

1641 435 1929 510 spiritalia
1960 435 2181 491 debent
2210 449 2363 489 esse.

1712 648 1918 706 Nullus
1938 662 2178 713 canum,
2198 649 2303 702 aut
2331 645 2536 701 avium
2550 641 2702 715 jocis

1638 720 1939 778 inserviat.
1974 718 2180 775 Nullus
2211 717 2274 773 in
2325 713 2587 773 tabernis
2616 713 2706 770 bi-

1640 793 1766 848 bat.
1782 790 2205 867 Unusquisque
2216 794 2485 867 vestrum
2496 790 2710 867 (quan:

1640 870 1769 919 tum
1798 863 1851 918 ei
1872 856 2067 929 dat—ur,
2098 856 2152 914 ét
2176 860 2236 914 in
2260 875 2320 914 se
2352 860 2456 931 est)
2480 856 2707 931 aliquid

1640 935 1715 990 de
1736 950 1912 1008 sacro
1946 927 2445 1008 Evangeliohvel;
2461 927 2535 983 de
2556 927 2707 1008 ’ἐρί-

1643 1005 1805 1085 stolis
1834 998 2242 1085 apostolorum
2262 1001 2374 1085 die.
2402 998 2708 1055 Dominico

1642 1076 1738 1133 vel
1767 1071 1926 1131 festis
1977 1073 2189 1144 diebus
2219 1071 2379 1144 plebi
2420 1087 2551 1144 suae
2599 1085 2707 1125 an-

1641 1147 1891 1203 nuntiet.
1924 1140 2365 1215 Unusquisque
2395 1140 2709 1215 presbyter

1644 1217 1909 1275 ofﬁcium
1927 1211 2280 1271 suum'recte
2294 1211 2593 1277 addiscati
2604 1211 2709 1283 qui

1646 1294 1846 1345 autem
1879 1292 1967 1343 est
1993 1286 2343 1352 illitteratus,
2377 1284 2455 1339 ab
2511 1282 2709 1339 ofﬁcio

1648 1358 2050 1432 suspendatur
2088 1356 2201 1412 nisi
2251 1354 2546 1432 emendet.
2571 1357 2707 1432 Ver-

1645 1426 1795 1487 bum
1819 1428 2073 1491 Domini.
2105 1433 2162 1483 et
2181 1443 2304 1482 non
2324 1426 2559 1483 fabulas
2587 1426 2712 1481 ina-

1646 1518 1753 1559 nes
1782 1517 1854 1557 ex
1900 1501 2079 1557 corde
2107 1502 2304 1554 vestro
2342 1497 2571 1553 debetis
2600 1511 2709 1568 po-

1646 1573 1791 1646 pulo
1829 1571 2205 1636 annuntiare,
2257 1573 2312 1625 et
2361 1568 2706 1646 praedicare.

1647 1639 1867 1701 Curam
1940 1657 2299 1716 pauperum,
2362 1639 2710 1716 peregrino:

1647 1732 1802 1783 rum,
1833 1720 1890 1771 et
1915 1711 2327 1786 orphanorum
2361 1711 2576 1786 habete
2610 1727 2622 1764 :
2656 1714 2713 1766 et

1649 1788 1729 1845 ad
1755 1782 2074 1861 prandiola
2101 1787 2303 1861 vestra
2314 1798 2424 1861 eos
2444 1782 2707 1861 invitate:

1651 1851 1844 1915 Estote
1885 1854 2233 1929 hospitales,
2264 1859 2329 1909 ut
2348 1853 2585 1929 a_vobis
2614 1851 2713 1908 alii

1649 1931 1881 1986 bonum
1912 1924 2156 1983 sumant
2183 1924 2550 1996 exemplum.

1722 2000 1898 2057 Omni
1926 1999 2020 2054 die
2049 1994 2379 2052 Dominica'
2401 2001 2538 2051 ante
2577 1994 2713 2050 mis-

1652 2088 1785 2127 sam
1806 2086 2029 2143 aquam
2058 2067 2413 2143 benedicite,
2431 2067 2590 2143 unde
2613 2081 2715 2138 po-

1650 2143 1830 2217 pulus
1860 2137 2241 2217 aspergatur;
2265 2143 2321 2217 e_t
2341 2137 2419 2193 ad
2439 2137 2553 2193 hoc
2582 2137 2715 2217 pro:

1650 2211 1850 2286 prium
1880 2211 1987 2267 vas
2011 2211 2249 2286 habete.
2276 2212 2454 2286 Sagra
2475 2225 2642 2286 vasa,
2658 2211 2715 2286 et

1652 2278 2005 2341 vestimenta
2027 2280 2418 2337 sacerdotalia
2434 2280 2611 2352 nolite
2632 2278 2716 2352 pi-

1694 2356 1822 2411 nori
1834 2354 1999 2410 dare.
2016 2357 2055 2408 N
2066 2352 2184 2407 ullu
2193 2368 2220 2406 s
2236 2367 2337 2406 ves
2346 2357 2500 2406 trum
2511 2351 2712 2406 minus

1698 2428 1830 2495 igne
1868 2425 2250 2497 poenitentem
2269 2422 2715 2497 “cujuscunque

1650 2491 1735 2553 rei
1742 2491 1941 2565 gratia
1955 2493 2033 2550 ad
2049 2493 2589 2549 reconciliationem
2614 2491 2710 2548 ad-

1651 2568 1851 2632 ducat,
1885 2571 1942 2621 et
1971 2565 2021 2620 ei
2054 2565 2457 2620 testimonium
2505 2579 2713 2619 recon-

1651 2636 1964 2692 ciliationis
1993 2636 2160 2691 ferat.
2204 2634 2407 2690 Nullus
2448 2638 2713 2689 vestrum

1650 2723 1866 2763 usuras
1892 2707 2089 2775 exigat
2104 2710 2167 2762 ut
2186 2705 2514 2762 conductor
2533 2704 2716 2760 fcene-

1649 2784 1918 2835 ratorum
1944 2779 2171 2845 existat;
2189 2780 2369 2839 res,et
2382 2775 2713 2845 facultates,

1651 2866 1803 2923 quas
1835 2854 1972 2923 post
1999 2847 2436 2923 ordinationem
2455 2852 2714 2923 vestram

1652 2918 1979 2994 acquiritis,
2014 2919 2214 2994 sciatis
2267 2918 2345 2994 ad
2370 2918 2715 2994 __I:Icclesia_m

1652 2989 1905 3064 matrem
1934 2991 2247 3064 pertinere.
2280 2989 2484 3045 Nullus
2500 2990 2625 3044 sine
2647 2989 2715 3044 li-

1653 3063 1845 3136 centia
1891 3061 2170 3136 episcopi
2204 3076 2311 3136 per
2365 3065 2713 3136 potestatem

1653 3132 2001 3192 saecularem
2054 3132 2384 3188 ecclesiam
2422 3132 2711 3204 acquirat.

1651 3207 1855 3285 Nullus
1909 3205 2223 3285 presbyter
2269 3204 2386 3285 sub
2427 3209 2715 3285 potestate

1649 3274 1941 3335 laicorum
1972 3274 2258 3344 minister,
2290 3279 2394 3331 aut
2428 3274 2716 3330 castaldio

1651 3350 1772 3405 ﬁat.
1808 3348 2012 3405 Nullus
2041 3363 2150 3419 per
2176 3347 2499 3419 pecuniam
2528 3346 2713 3419 eccle-

1653 3421 1805 3475 siam
1834 3417 2073 3474 alterius
2119 3417 2487 3489 su’pplantct.
2515 3418 2716 3489 Nullus

1652 3490 1986 3552 ecclesiam,
2013 3488 2091 3543 ad
2147 3487 2333 3559 quam
2356 3487 2716 3559 hintitulatus

1652 3565 1762 3627 est,
1789 3559 2064 3614 dimittat.
2098 3557 2185 3613 et_
2206 3558 2283 3613 ad
2314 3557 2516 3622 aliam,
2550 3574 2714 3628 quae-

1652 3635 1777 3701 stus
1808 3628 2171 3701 gratia,__sine
2190 3628 2426 3701 licentia
2452 3628 2718 3701 episcopi

1651 3699 1883 3780 migret.
1926 3698 2129 3779 Nullus
2154 3698 2382 3780 ‘plures
2437 3698 2716 3780 ecclesias

1650 3774 1849 3827 teneat
1905 3769 2033 3824 sine
2097 3769 2394 3841 adiutorio
2463 3769 2717 3826 aliorum

1650 3841 2162 3915 presbyterorum.
2182 3840 2554 3915 '_Nullatenus_
2598 3858 2717 3899 una

1652 3911 2092 3985 eccles’ialinter
2148 3911 2346 3985 plures
2395 3912 2714 3970 dividatur.

1651 3985 1857 4042 Nullus
1874 3983 2115 4055 alterius
2132 3983 2590 4055 parochianum,
2606 3986 2717 4041 nisi

1650 4056 1876 4115 itinere,
1902 4057 1949 4111 si
1980 4054 2091 4110 sibi
2121 4054 2403 4126 placitum
2428 4056 2618 4119 fuerit.
2638 4056 2717 4112 ad

1651 4129 1900 4206 missam
1943 4127 2439 4206 recipiat._Nullus
2486 4128 2546 4182 in
2578 4127 2717 4206 alte:

1651 4199 1804 4271 rius;
1837 4196 2125 4271 parochia
2181 4196 2443 4271 absque_
2491 4198 2717 4270 proprii

1651 4267 1983 4342 presbyteri
2007 4267 2331 4342 voluntate;
2354 4268 2453 4342 vel
2469 4267 2714 4342 rogans,

1651 4338 1866 4396 missas
1896 4344 2111 4395 cantet.
2161 4338 2368 4395 Nullus
2419 4339 2717 4397 decimam

1651 4410 1957 4483 adhaliam
2000 4411 2394 4483 pertinentem
2448 4410 2712 4483 recipiat.

1650 4481 1857 4538 Nullus
1906 4481 2294 4554 paenitentem
2331 4481 2544 4554 invitet
2572 4481 2715 4537 car.

1649 4569 1793 4610 nem
1812 4552 2181 4610 manducare
2194 4556 2249 4607 et
2263 4552 2467 4608 bibere
2483 4553 2712 4621 vinum,

1650 4624 1765 4681 nisi
1806 4640 1913 4697 pro
1947 4640 2017 4697 eo
2059 4624 2136 4680 ad
2165 4639 2431 4697 praesens
2465 4624 2716 4682 eleemo—

1650 4695 1867 4772 synain
1890 4695 2088 4752 faciat.

3031 241 3296 283 LUCENSIS
3335 241 3514 283 CODBX
3552 241 3648 282 HS.

2809 350 2975 421 apud
3000 351 3409 424 Mai-lenium;
3439 350 3711 424 additae
3740 350 3880 424 quia

2811 420 2982 477 servo
3038 423 3136 493 Dei
3184 437 3307 477 non
3349 426 3584 493 oportet
3628 420 3881 491 litigare.

2811 492 3016 549 Nullus
3044 492 3262 564 arferat
3283 492 3478 563 [arma
3504 492 3675 564 ferat]
3708 493 3769 549 in
3800 510 3883 549 se-

2810 564 3052 637 ditione,
3070 563 3231 637 quia
3255 579 3429 620 arma
3469 563 3683 637 nostra
3713 566 3883 637 spiri-

2812 635 2997 708 tualia
3024 634 3273 708 debent
3314 650 3465 691 esse.
3513 634 3777 708 Reliqui:
3822 646 3885 692 tu

2814 706 2983 777 apud
3007 706 3396 777 Martenium.

2884 778 3063 858 XVIII.
3125 776 3547 858 Unusquisque
3618 781 3885 858 vestrum

2815 854 3111 921 quantum
3126 847 3593 921 sapitplebisuae
3609 847 3685 904 de
3703 851 3886 921 Evan-

2817 918 2969 989 gelio
3000 918 3090 974 vel
3121 918 3408 990 Apostolo
3434 918 3529 974 die
3552 919 3884 990 Dominica,

2815 995 2872 1046 et
2900 990 3061 1046 festis
3086 989 3301 1046 diebus
3331 989 3671 1047 annuntiet.

2817 1061 3075 1117 Verbum
3101 1060 3358 1129 Domini,
3389 1066 3446 1117 et
3476 1076 3600 1116 non
3650 1062 3888 1118 fabulas

2814 1134 3023 1189 inanes
3065 1148 3139 1187 ex
3168 1132 3349 1188 corde
3406 1138 3604 1189 vestro
3659 1133 3889 1190 debetis

2815 1203 3165 1276 praedicare.

2888 1275 3014 1330 XIX.
3059 1277 3279 1347 Curam
3337 1289 3695 1347 pauperum,
3749 1280 3887 1345 etc.,

2817 1352 2882 1401 ut
2908 1346 3074 1415 apud
3103 1346 3640 1403 Martenium’.......

2890 1985 2993 2040 XX.
3037 1980 3210 2054 omni
3248 1981 3343 2037 die
3383 1983 3727 2054 Dominico,
3758 1988 3891 2051 etc.,

2821 2061 2887 2110 ut
2932 2053 3098 2124 apud
3139 2054 3698 2111 Martenium........
3736 2054 3894 2111 unde

2821 2124 3501 2253 Eéﬁ‘éiufasai‘i‘ifé‘é‘m’
3533 2130 3594 2181 εί
3644 2125 3731 2182 δά
3782 2127 3893 2183 h°°

2892 2270 3019 2324 XXI.
3064 2269 3244 2324 Sacra
3268 2281 3437 2329 vasa,
3469 2270 3607 2331 etc.,
3631 2272 3702 2323 ut
3730 2268 3895 2331 apud

2820 2339 3372 2395 Martenium........
3395 2337 3460 2393 in
3478 2337 3724 2394 vadium
3746 2337 3889 2394 dare

2822 2411 3194 2481 negotiatori,
3224 2414 3330 2465 aut
3355 2408 3716 2465 tabernario.

2892 2625 3043 2679 XXII.
3087 2620 3294 2678 Nullus
3319 2624 3588 2687 vestrum,
3634 2622 3773 2687 etc.,
3806 2625 3873 2674 ut

2823 2694 2989 2763 apud
3018 2694 3413 2750 Martenium.

2892 2908 3069 2963 XXIII.
3113 2905 3318 2962 Nullus
3349 2909 3638 2972 vestrum,
3670 2908 3806 2973 etc,,
3830 2910 3894 2959 ut

2823 2978 2987 3048 apud
3039 2979 3596 3034 Martenium........
3644 2979 3702 3031 et
3734 2991 3897 3048 con-

2822 3046 3035 3105 ductor
3082 3048 3176 3104 sui
3227 3048 3602 3104 foeneratoris
3655 3046 3890 3115 existat,

2824 3126 3095 3177 etc........
3146 3119 3226 3175 ad
3274 3119 3604 3175 Eaclesiam
3641 3122 3895 3173 matrem

2825 3193 3139 3263 pertinere.

2895 3335 3069 3390 XXIV.
3104 3332 3309 3390 Nullus
3332 3332 3458 3387 sine
3476 3331 3749 3395 scientia,
3765 3334 3897 3396 etc.,

2824 3411 2891 3460 ut
2943 3405 3108 3474 apud
3152 3405 3727 3475 Λὶῐανερηιίιπι........⁸
3776 3402 3900 3475 epi-

2826 3476 2993 3601 scopi
3022 3492 3132 3556 per
3152 3480 3509 3555 potestatem
3546 3473 3901 3529 saecularem

2826 3564 2925 3602 ecc
2950 3563 3141 3602 esmm
3192 3546 3477 3602 obtineat.
3531 3544 3743 3601 Nullus
3796 3560 3901 3602 Der

2824 3560 3141 3602 θοοιθειειω
3192 3560 3477 3602 onuneat.
3531 3560 3743 3601 lVllllUS
3796 3560 3903 3602 Der

2824 3560 3141 3602 echeSiam
3192 3560 3477 3602 onuneat.
3531 3560 3743 3601 nullus
3796 3560 3903 3617 per

2823 3618 3142 3691 pecuniam
3162 3616 3402 3691 alterius
3420 3615 3745 3673 ecclesiam
3764 3631 3904 3691 sup:

2866 3687 3347 3772 lantet..Nullus,
3402 3694 3536 3755 etc.,
3590 3693 3658 3742 ut
3732 3686 3901 3756 apud

2887 3767 3211 3817 artem'um.

2894 3833 3043 3887 XXV.
3068 3830 3282 3903 Nullus
3298 3828 3502 3903 plures
3519 3832 3743 3899 teneat,
3759 3832 3898 3896 etc.,

2824 3908 2889 3959 ut
2912 3902 3078 3972 apud
3106 3902 3501 3958 Martenium.

2895 4116 3068 4170 XXVI.
3104 4115 3270 4171 Deest
3302 4113 3505 4169 nullus
3529 4110 3765 4168 alterius
3785 4125 3897 4184 pa-

2822 4185 3366 4243 rochianum........
3395 4183 3662 4257 recipiat.

2894 4471 3094 4526 XXVII.
3134 4468 3338 4525 Nullus
3390 4466 3721 4535 decimam,
3762 4469 3900 4533 etc.,

2825 4547 2890 4597 ut
2922 4540 3089 4610 apud
3108 4539 3502 4596 Martenium.

2894 4608 3116 4668 XXVIII.
3187 4610 3393 4667 Nullus
3478 4608 3903 4682 pcenitentem,

2825 4687 2959 4755 etc.,
2988 4689 3053 4739 ut
3078 4683 3245 4753 apud
3274 4683 3666 4740 Martenium.

554 4885 991 4970 XXIX..N.ulltis‘
1006 4895 1338 4970 praesumat
1350 4890 1545 4970 _bapti-
1651 4967 1661 4970 _
1720 4892 2242 4970 Nullusbaptizare
2255 4893 2717 4970 pr_aasumat,nisi

484 4968 639 5020 tare,
690 4958 808 5010 nisi
852 4958 917 5012 in
960 4958 1164 5026 vigilia
1206 4958 1459 5018 Pascha;
1485 4969 1539 5021 et
1647 4967 1710 5025 in
1723 4966 1940 5035 vigiliis
1956 4958 2293 5034 Pischm,e't
2313 4958 2708 5037 Pentecostes,

555 5085 582 5112 ι
613 5079 765 5146 Aug.
798 5082 854 5134 et
871 5078 1083 5135 Victor.
1113 5095 1252 5136 cum
1277 5085 1554 5142 Lucensis
1584 5089 1904 5146 cohaerent.

552 5146 582 5188 ι)
608 5150 757 5216 Aug.
788 5152 845 5205 et
872 5149 1083 5205 Victor.
1117 5167 1257 5206 cum
1289 5155 1554 5213 Lucensi.

555 5231 579 5259 ο
606 5220 759 5288 Aug.
791 5223 848 5275 et
873 5220 1146 5277 Yictorin.
1180 5223 1479 5282 cohaerent
1508 5229 1763 5284 Labbeo.

556 5289 586 5372 ᾗ
626 5292 795 5370 Deest
820 5290 881 5372 in
904 5289 1179 5372 Victerin.
1210 5298 1268 5348 et
1288 5295 1537 5372 August.
1565 5300 1723 5355 Lara
1743 5299 2031 5367 ﬁdelium.
2065 5300 2130 5355 In

483 5360 729 5487 relit‘iliis
751 5360 1053 5417 cohaerent
1073 5364 1339 5420 Lucensi.

555 5441 577 5468 ο
661 5431 893 5487 ictorin.
911 5433 1072 5487 Novi
1089 5435 1339 5487 fenerat

661 5430 1072 5489 ictorin.Novi
1086 5435 1488 5504 feneratoris.
1529 5441 1674 5509 Aug.
1708 5441 1804 5496 sui
1852 5441 2124 5511 faenoris.

2896 4899 3109 4954 XXXIX.
3150 4894 3373 4968 Nullus
3394 4897 3751 4968 praesumat,
3771 4894 3907 4950 etc.‘

2820 4979 2885 5026 ut
2913 4968 3081 5039 apud
3108 4966 3501 5024 Martenidm.

2312 5088 2331 5123 τ
2361 5090 2520 5171 .4116-
2548 5092 2909 5171 etVictprin-
2943 5097 3008 5171 με
3038 5093 3099 5171 in
3133 5090 3402 5171 Lucensi-

2309 5172 2335 5234 β
2361 5160 2445 5234 [te
2468 5160 2530 5234 in
2557 5160 2858 5222 Victorino
2883 5183 2896 5234 ;
2931 5163 3098 5220 deest
3129 5164 3192 5219 in
3217 5164 3468 5232 August.

2306 5231 2335 5304 ιθ
2364 5231 2587 5304 Nullus
2610 5231 2924 5304 decimam,
2957 5240 3069 5292 etc.
3104 5236 3278 5290 Deest
3307 5231 3369 5290 in
3401 5235 3660 5304 August.

2239 5302 2597 5444 animi?“
2614 5302 2941 5377 prmum“
2973 5307 3301 5378 baptizare,
3347 5310 3460 5363 etc.
3497 5302 3677 5361 Deest
3702 5303 3768 5361 in
3800 5306 3914 5360 Au-
