4106 6174
231 213 342 267 689

1752 205 2135 265 EPISTOLIE.

3543 218 3647 270 690

226 336 517 418 ξτφςεῑθθ,
546 332 856 418 Dominico
885 332 980 415 die
1008 332 1270 418 dilueulo
1291 332 1353 389 in
1382 331 1695 418 basilicam
1719 332 1882 418 beati
1910 338 1957 390 A
1992 331 2288 418 iibrasem
2323 337 2603 418 spatham
2632 353 2771 418 cum
2802 353 2949 393 auro
3009 337 3333 409 purissimo
3372 337 3639 418 ligatam.

224 405 381 461 Petri
412 403 667 476 apostoli
698 402 1103 476 ab'episcopis
1120 404 1297 473 clero,
1320 403 1678 476 proceribus
1698 402 1883 476 dedu-

222 480 359 548 ctus
402 474 511 544 est,
544 479 602 530 et
651 474 738 548 in__
770 474 1093 548 conspectu
1147 474 1441 548 omnium,
1470 474 1882 547 imperialibus

221 547 430 619 missis
458 544 939 619 cernentibusiii
975 546 1304 619 apostolica
1330 546 1491 614 sede,
1522 544 1584 619 ut
1612 562 1745 601 mos
1770 548 1876 612 est,

220 624 283 675 et
296 618 549 690 antiqua
568 616 802 690 traditio
820 616 1035 683 dictat,—
1044 622 1430 674 consecratus
1448 617 1878 690 ordinatusque

221 694 313 762 est
343 687 629 762 pontifex.
656 689 996 762 Portuensis
1018 705 1161 745 vero
1192 690 1509 762 episcopus
1531 687 1879 761 prohibetur

220 760 302 817 ab
332 758 607 833 ecclesia,
629 758 1091 833 ordinationem,
1121 758 1305 833 quam
1337 758 1628 816 debuerat
1650 774 1877 833 ;_super

219 848 365 888 eum
392 830 736 905 nullatenus
758 831 915 905 fecit,
936 832 1100 905 quod
1122 830 1501 905 anathemate
1523 846 1650 886 sese
1665 830 1878 901 junxe-

216 908 341 1030 ι·αὲ
361 919 431 1030 ate
459 902 523 958 in
552 902 798 976 perjurii
821 902 1173 974 voraginem
1222 902 1516 959 ceciderat
1539 907 1718 974 atque
1746 916 1875 957 ma-

216 990 293 1030 ne
343 989 383 1030 a
411 1014 425 1027 .

215 979 425 1031 nebat.

288 1048 428 1101 Post
447 1059 619 1100 sacra
643 1049 843 1100 autem
870 1048 1014 1100 tunc
1044 1044 1368 1101 missarum
1397 1043 1690 1099 solemnia
1720 1042 1871 1098 cele-

215 1116 409 1183 brata,
427 1117 487 1172 in
501 1114 1546 1197 pairiarchiiLateranensispontifes
1562 1114 1872 1197 ordinatus

218 1186 615 1244 reversus—est
642 1187 978 1243 ecclesiam.
1010 1190 1188 1243 Erant
1215 1186 1373 1242 enim
1412 1186 1783 1249 mitissimus,
1816 1190 1873 1242 et

215 1259 502 1315 omnibus
531 1258 716 1333 sacris
746 1258 1062 1333 decoratus
1090 1257 1595 1333 operibus,_vuitu
1624 1255 1871 1333 pulcher

213 1335 273 1386 et
297 1336 499 1386 mente
528 1332 749 1400 clarus,
781 1329 974 1386 dulcis
996 1327 1205 1401 verbo,
1227 1329 1500 1385 doctrina
1518 1327 1865 1385 benevolus.

210 1419 478 1476 Michael
525 1419 690 1488 ﬁlius
755 1418 1094 1488 Theophili,
1154 1420 1481 1488 imperator
1535 1416 1867 1485 orientalis,

696 1490 856 1546 dona
894 1491 1078 1545 mittit
1117 1491 1384 1545 Romam.

278 1581 471 1660 Hujus
488 1578 874 1660 temporibus
904 1578 1148 1660 Michael
1169 1577 1338 1660 ﬁlius.
1353 1575 1662 1660 Theophili
1683 1575 1867 1660 impe-

205 1646 422 1707 ratoris
481 1646 1150 1722 Constantinopolitanae
1208 1649 1375 1722 urbis
1412 1646 1739 1722 imperator
1772 1646 1866 1702 'ob

204 1737 480 1778 amorem
535 1719 947 1794 apostolorum
1005 1720 1166 1776 misit
1216 1721 1294 1776 ad
1348 1719 1594 1794 beatum
1623 1719 1863 1794 Petrum

200 1794 545 1873 apostolum
574 1788 812 1873 'dorum
884 1807 991 1873 per
1027 1808 1279 1873 manum
1328 1790 1524 1848 Lazari
1558 1788 1860 1873 monachi,

201 1860 260 1937 ei
285 1864 557 1937 pictoris;
587 1864 728 1937 artis
754 1860 935 1937 nimie
956 1862 1422 1937 eruditi,_genere
1450 1878 1592 1917 vero
1623 1860 1860 1937 ghazai,

197 1935 260 1992 id
282 1930 372 1992 est
396 1934 790 2007 Evangelium
813 1934 887 1990 de
911 1950 1059 2007 auro
1080 1930 1426 2007 purissimo,
1437 1949 1577 2007 cum
1609 1930 1860 2007 diversis

194 2006 506 2078 lapidibus
534 2002 829 2078 pretiosis.
856 2002 1113 2078 calicem
1133 2021 1275 2078 vero
1298 2004 1564 2078 similiter
1586 2002 1666 2078 _de
1687 2018 1856 2078 aure,

195 2072 594 2151 et'lapidibiis
647 2076 1106 2151 circumdatum,
1150 2076 1398 2151 reticulo
1445 2074 1745 2151 pendente
1783 2072 1858 2128 de

198 2144 464 2220 geminis
478 2147 627 2220 albis
656 2147 928 2220 pretiosis
953 2148 1119 2203 mirae
1132 2144 1591 2220 pulchritudinis
1616 2144 1859 2220 decorae

197 2216 338 2277 tum
364 2223 423 2277 et
446 2219 573 2275 vela
585 2216 707 2275 duo
728 2219 803 2274 de
814 2219 1072 2289 olovero,
1087 2216 1225 2276 cum
1245 2235 1418 2274 cruce
1431 2217 1505 2273 de
1524 2216 1786 2281 olovero,
1801 2218 1859 2289 et

196 2291 341 2347 lista
370 2290 629 2363 similiter
658 2290 733 2363 die
764 2285 1178 2363 chrysoclavo,
1197 2294 1254 2346 et
1275 2305 1462 2362 parva
1484 2285 1857 2363 cogopertoria

191 2363 393 2435 ipsius
421 2361 638 2435 calicis,
663 2362 815 2418 sicut
843 2357 976 2435 mos
1002 2357 1469 2435 Grtec'oruinest.
1507 2357 1780 2435 Similiter
1799 2361 1858 2413 et

189 2428 429 2515 vestem
471 2432 546 2488 de
574 2428 1620 2515 purpura‘imperialimundasuper
1654 2428 1854 2515 altare

189 2505 412 2586 majus.
435 2500 710 2586 ex‘oinni
727 2508 894 2586 parte
941 2500 1080 2559 cum
1110 2503 1357 2586 historia
1386 2507 1442 2586 et
1468 2500 1766 2586 caneellis,
1799 2503 1856 2555 et

186 2572 345 2633 rosis
375 2575 453 2631 de
485 2572 877 2648 chrysoclavo
907 2591 1146 2648 magnae
1177 2572 1635 2648 pulchritudinis
1679 2572 1854 2628 deor-

188 2652 424 2713 natam,
454 2644 636 2704 etiam
680 2652 736 2702 et
781 2646 982 2702 velum
1020 2644 1110 2702 'de
1159 2644 1417 2702 s'tauraci
1463 2659 1674 2714 unum,
1715 2658 1855 2698 cum

188 2734 371 2776 cruce
398 2718 474 2775 de
506 2717 918 2791 chrysoclavo,
944 2722 1004 2773 et
1028 2717 1236 2774 litteris
1264 2717 1339 2773 de
1369 2732 1517 2772 auro
1545 2714 1781 2771 Graecis.

279 2810 595 2866 Saxonum
621 2823 735 2864 rex
762 2807 1071 2879 religionis
1102 2822 1285 2863 causa
1314 2807 1561 2862 Romam
1584 2804 1757 2874 petit.

261 2898 462 2971 Hujus
479 2896 855 2971 temporibus
868 2898 1318 2971 rex_Saxonu_m,
1337 2894 1581 2971 nomine
1591 2935 1648 2971 ι..
1667 2907 1853 2949 causa

186 2964 482 3026 orationis
510 2964 778 3034 veniens,
807 2968 1022 3024 relictis
1052 2968 1335 3024 omnibus
1385 2966 1508 3021 suis
1531 2964 1732 3032 rebus,
1758 2979 1850 3020 re-

409 3039 727 3122 proprium
753 3056 929 3122 suum
956 3038 1202 3122 dimisit,
1234 3041 1491 3122 ilomam
1518 3050 1850 3122 properans
1882 3044 1921 3100 (ς,

184 3105 266 3169 εἶά
292 3105 510 3167 limina
530 3105 1208 3184 apostolorumPetriet
1234 3107 1414 3184 Pauii,
1435 3105 1571 3162 cum
1589 3105 1851 3184 multiiu-

185 3184 331 3239 dine
361 3175 597 3255 populi;
617 3187 676 3237 et
703 3181 914 3255 obtulit
940 3181 1101 3255 dona
1130 3180 1307 3235 beato
1348 3175 1845 3255 Petro__apostolo,

186 3248 483 3333 eoronam
503 3248 744 3309 ex'auro
764 3252 1085 3333 purissimo
1110 3254 1464 3333 pensantem
1486 3248 1672 3303 libras
1703 3248 1847 3333 qua-

191 3330 352 3391 tuor,
381 3324 607 3380 bancas
638 3340 708 3380 ex
738 3321 888 3380 auro
918 3321 1245 3396 purissimo
1286 3321 1442 3378 duas
1489 3325 1846 3393 pensantem

1994 404 2136 479 Item
2177 404 2476 479 imagines
2505 409 2659 465 duas
2692 409 2954 463 minores
2987 404 3055 463 ex
3085 425 3233 463 auro
3282 408 3638 479 purissimo;

1993 476 2285 550 gabathas
2324 476 2590 535 Saxiscas
2620 480 2694 535 de
2749 485 2995 549 argento
3026 476 3312 535 exaurato
3359 476 3637 550 quatuor.

1993 548 2209 623 Saraca
2238 549 2578 623 deplovero
2600 568 2740 623 cum
2757 551 3150 623 chrysoclavo
3168 566 3318 623 uno.
3347 548 3637 623 Ciamisias

1990 617 2160 693 albas
2210 617 2899 693 sigillatasrholoserica's
2951 640 3087 678 cum
3129 622 3539 693 chrysoclavo,
3584 627 3640 678 et

1987 688 2120 743 vela
2151 688 2385 761 majora
2407 693 2479 747 de
2503 692 2751 748 fundato
2781 693 2922 748 duo.

2062 762 2125 815 Et
2176 761 2301 837 ipse
2351 779 2455 837 rex
2515 765 2829 833 Saxorum,
2882 764 3220 837 postulante
3286 763 3636 837 santissimo

1987 829 2213 912 domno
2232 833 2552 912 Depedicto
2583 850 2762 912 papa,
2798 829 3330 912 ut_l_ace1'etrogam
3354 835 3423 912 in
3454 834 3636 912 eccle:

1989 902 2091 976 sia
2112 902 2266 958 beati
2310 905 2454 976 Petri
2487 902 2739 976 apostoli
2772 906 3078 976 publicam
3104 906 3178 961 de
3200 902 3472 976 pondere
3504 906 3635 961 auri

1956 972 2079 1028 ‘vel
2104 979 2343 1054 argenti
2393 972 2704 1054 librarum,
2737 972 3052 1054 episcopis,
3082 972 3460 1054 presbyteris,
3502 976 3631 1054 dia-

1983 1046 2177 1125 equis,
2201 1050 2255 1101 et
2306 1046 2582 1102 universo
2628 1046 2791 1125 clero
2828 1052 2882 1102 et
2930 1046 3319 1125 optimatibus
3349 1048 3631 1103 Romanis

1981 1115 2185 1171 tribuit
2204 1132 2439 1180 aurum,
2471 1118 2694 1189 populo
2722 1134 2865 1174 vero
2896 1115 3192 1173 minutum
3220 1123 3557 1182 argentum.

2053 1189 2118 1242 Et
2170 1188 2565 1258 postmodum
2605 1189 2773 1244 ﬁnita
2816 1206 2998 1246 causa
3040 1190 3323 1245 orationis
3350 1206 3628 1244 reversus

1979 1262 2068 1343 est
2095 1258 2173 1312 ad
2194 1259 2401 1343 [prium
2431 1276 2684 1343 regnum
2717 1277 2935 1343 suum;
2963 1266 3017 1315 et
3048 1265 3184 1341 post
3226 1276 3453 1331 paucos
3501 1260 3629 1316 dies

1978 1330 2160 1402 vitam
2188 1330 2396 1402 ﬁnivit,
2427 1335 2480 1385 et
2506 1331 2763 1402 perrexit
2792 1331 2871 1386 ad
2900 1330 3240 1387 Dominuml

2047 1399 2289 1475 multum
2320 1399 2578 1473 denique
2607 1402 2767 1457 idem
2795 1403 3015 1475 praesul
3040 1408 3381 1475 sanctarum
3404 1400 3502 1455 Dei
3535 1416 3627 1475 ec-

1977 1468 2289 1546 clesiarum
2339 1468 2562 1546 curaui
2602 1468 2831 1546 gerens,
2863 1490 3220 1546 semperque
3268 1474 3367 1544 pio
3411 1472 3626 1546 mentis

1976 1540 2292 1622 affectu‘ac
2322 1543 2519 1622 studio
2549 1544 2610 1599 in
2630 1544 2879 1622 illarum
2906 1540 3296 1622 reparatione
3331 1544 3622 1622 gaudens,

1974 1612 2035 1683 in
2064 1612 2311 1668 basilica
2340 1615 2508 1683 regni
2537 1615 2825 1671 caelorum
2874 1612 3059 1679 cum
3070 1616 3152 1671 eri
3195 1614 3503 1679 nutritoris
3530 1613 3624 1667 sui

1897 1687 1937 1742 Β
1974 1682 2163 1739 fatum
2194 1682 2544 1741 cantharum
2579 1690 2923 1755 argenteum
2949 1687 3255 1742 sedentem
3276 1686 3336 1740 in
3364 1685 3621 1757 pedibus

1973 1759 2233 1828 quatuor
2251 1771 2298 1828 _a
2326 1757 2634 1828 Saracenis
2664 1758 2806 1813 olim
2838 1758 3127 1827 ablatum,
3156 1759 3215 1813 in
3259 1756 3381 1828 quo
3409 1756 3485 1812 ad
3517 1756 3620 1809 de-

1972 1840 2076 1906 eus
2127 1826 2338 1906 jpsius
2402 1827 2663 1906 basilicae
2742 1829 2803 1906 in
2883 1826 3119 1906 diebus
3184 1826 3366 1906 festis,
3440 1833 3619 1906 atque

1972 1896 2291 1976 Dominicis
2316 1897 2562 1976 lucerna
2588 1899 2764 1954 simul
2795 1904 2855 1976 ei
2875 1901 3026 1976 cerei
3050 1899 3431 1976 ponebantur
3449 1896 3623 1967 juita

1967 1966 2275 2041 lectorium
2308 1968 2557 2024 miriﬁco
2603 1986 2782 2041 opere
2830 1971 2981 2037 fecit,
3017 1966 3086 2026 ac
3131 1966 3622 2039 renovavit’pen-

1968 2054 2109 2093 sans
2134 2037 2432 2094 libras.....
2464 2042 2598 2095 Erat
2621 2037 2779 2095 enim
2808 2042 2883 2097 ad
2909 2042 3094 2096 divini
3120 2041 3311 2096 cultus
3349 2037 3617 2094 amorem

1966 2124 2204 2181 semper
2232 2110 2491 2192 intentus
2519 2111 2809 2192 pacisque
2843 2117 3093 2177 amator,
3123 2117 3179 2166 et
3207 2110 3479 2192 omnium
3522 2125 3619 2162 su-

1965 2180 2290 2252 pernorum
2330 2180 2564 2253 pudicis
2587 2180 2858 2237 moribus
2888 2198 3140 2255 operum
3172 2181 3379 2237 cultor.

2070 2287 2245 2357 Papa
2275 2288 2603 2357 sepultura
2634 2290 2989 2344 clericorum
3022 2290 3169 2343 solet
3208 2288 3507 2343 interesse.

2034 2392 2141 2465 Hie
2168 2392 2471 2448 constituit
2500 2397 2563 2448 ut
2593 2410 2732 2449 cum
2758 2394 3093 2465 episcopus,
3139 2393 3231 2448 vel
3283 2391 3613 2465 presbyter,

1965 2463 2765 2537 autdiaconus‘moreretur,
2794 2463 3064 2537 pontifex
3106 2481 3227 2519 una
3250 2463 3387 2537 eum
3419 2463 3614 2537 omni-

1961 2535 2078 2590 bus
2134 2534 2443 2609 episeopis
2486 2540 2547 2609 et
2589 2533 2972 2609 presbyteris,
3018 2540 3196 2609 atque
3235 2533 3612 2609 diaeonibus,

1960 2604 2198 2662 necnon
2246 2610 2305 2661 et
2343 2604 2842 2677 reliquis'clericis
2888 2607 2965 2661 ad
3015 2604 3145 2676 ejus
3203 2604 3615 2677 sepeliendum

1962 2693 2194 2759 corpus.
2205 2681 2267 2759 et
2293 2676 2846 2759 commendandam
2866 2677 3156 2759 animam,
3180 2676 3539 2759 conveniret.

2035 2745 2309 2820 Similiter
2331 2747 2517 2820 etiam
2563 2748 2681 2820 ipsi
2709 2747 2989 2820 facerent,
3046 2764 3185 2820 eum
3237 2745 3506 2820 pontifex
3536 2745 3614 2820 ab

1960 2819 2074 2891 hac
2102 2819 2233 2891 luce
2262 2817 2791 2891 migrassetnguod
2818 2835 2941 2874 non
2977 2817 3186 2874 Solum
3238 2817 3459 2891 docuit,
3508 2817 3615 2891 sed

1961 2895 2017 2946 et
2046 2890 2200 2945 fecit.
2244 2887 2440 2961 Cujus
2460 2887 3006 2961 ,vestig'iafsequens
3055 2904 3365 2961 successor
3393 2888 3523 2957 ejus
3553 2887 3615 2941 in

1961 2976 2149 3017 causa
2192 2960 2426 3085 pietatis
2456 2960 2661 3031 hujus,
2691 2960 2845 3015 sicut
2872 2966 2926 3016 et
2951 2962 3013 3015 iu
3043 2960 3268 3015 caeteris
3300 2975 3439 3012 eum
3478 2962 3611 3011 tan-

1961 3048 2147 3085 auam
2239 3047 2386 3085 teres
2430 3030 2857 3085 devotissimus
2887 3032 3150 3085 imitatus
3179 3032 3285 3084 est.
3336 3029 3432 3082 Hic
3482 3028 3611 3081 fecit

1960 3048 2147 3104 quam
2195 3028 2386 3104 haeres
2430 3028 2857 3087 devotissimus
2887 3032 3150 3085 imitatus
3179 3032 3285 3104 e‘st.
3336 3029 3432 3104 Hic
3482 3028 3613 3081 fecit

1959 3098 2396 3181 ordinationem
2444 3117 2642 3181 .unam
2676 3117 2804 3181 ‘per
2864 3116 3132 3156 mensem
3198 3098 3605 3181 Decembrem.

1957 3173 2339 3252 presbyteros
2356 3172 2642 3243 quinque.
2657 3169 2978 3227 diaconum
2996 3186 3187 3225 unum
3210 3174 3265 3224 et
3291 3169 3607 3292 episcopos

1960 3260 2064 3292 nar
2093 3243 2330 3292 diversa
2357 3242 2489 3292 loca
2518 3258 2770 3292 numero
2819 3243 3132 3292 sexaginta
3161 3257 3284 3292 sex.
3334 3242 3489 3292 Senu
3516 3244 3607 3292 tus

1960 3242 2064 3316 per
2093 3242 2330 3298 diversa
2356 3242 2489 3316 loca
2518 3242 2770 3316 numero
2819 3243 3132 3316 sexaginta
3161 3257 3284 3316 sex.
3334 3242 3610 3316 Sepultus

1958 3309 2099 3371 vero
2126 3320 2215 3370 est
2242 3320 2377 3370 ante
2404 3314 2559 3370 fores
2586 3313 2851 3370 basilicae
2879 3314 3041 3369 beati
3069 3312 3215 3368 Petri
3244 3309 3517 3383 apostoli.

189 3444 3061 3469 Μ

909 3576 1697 3700 BENEDICTI
1817 3573 1992 3691 ΙΙΙ
2120 3570 2879 3692 EPISTOL/E.

1687 3785 1918 3859 (Mansi,
1952 3784 2113 3856 ibid.)

702 3999 1048 4059 EPISTOLA
1086 4002 1319 4057 PRIMA.

320 4106 397 4145 AD
436 4107 771 4147 BINCMABUM
811 4105 1288 4147 ARCHIEPISCOPL’M
1326 4100 1683 4142 RBEMENSEM.

179 4180 519 4248 Conﬁrmat
548 4181 843 4250 synodum
868 4181 1341 4237 Suessionensem
1367 4194 1408 4250 ni
1436 4192 1570 4233 cum
1596 4174 1839 4250 privile-

317 4252 436 4322 giis
470 4247 755 4308 Ecclesia:
782 4256 835 4308 et
867 4252 1302 4321 archiepiscopi
1332 4247 1692 4305 Bhemensis.

245 4343 599 4396 Benzmc'rus
655 4340 976 4413 episcopus
1030 4356 1237 4395 servus
1286 4352 1596 4394 servorum
1627 4334 1727 4390 Dei
1755 4349 1838 4389 re-

173 4429 599 4485 verentissimo
628 4434 685 4484 et
705 4428 1089 4484 sanctissimo
1115 4425 1395 4483 confratri
1426 4429 1629 4481 nostro
1661 4423 1835 4478 Hinc-

173 4534 353 4574 maro
429 4516 884 4591 archiepiscopo
953 4522 1174 4574 sanctae
1231 4514 1580 4572 Rhemensis
1645 4511 1837 4568 Eccle-

172 4606 301 4662 site.

250 4695 664 4751 Probabilium
687 4711 1119 4768 sacrorumque
1138 4693 1515 4750 definitiones
1535 4696 1838 4763 gestorum

173 4781 557 4839 audientium
589 4788 820 4840 mentes
842 4782 1195 4852 exhilarant,
1223 4782 1566 4855 faciuntque
1588 4780 1835 4843 alacres,

169 4876 235 4927 et
270 4870 336 4926 in
363 4875 590 4928 tantum
612 4872 959 4928 mortalium
980 4871 1182 4927 laetitia
1211 4871 1394 4927 corda
1417 4870 1663 4942 replent,
1695 4872 1758 4924 ut
1777 4867 1834 4922 in

166 4958 517 5017 Conditoris
572 4960 849 5016 omnium
909 4959 1236 5017 exuberent
1278 4959 1509 5026 laudes,
1562 4956 1838 5029 facilique

167 5049 395 5105 intuitu
428 5048 670 5105 illarum
702 5048 1059 5105 conﬁrment
1088 5048 1387 5121 proficuas
1408 5047 1763 5104 intentiones
1784 5048 1840 5101 et

170 5144 363 5206 actus,
396 5138 726 5212 validoque
761 5142 819 5195 et
852 5138 1207 5195 inconvulso
1261 5154 1596 5212 propagare
1625 5136 1839 5193 funda-

168 5229 335 5284 mine
358 5228 690 5284 certamine
721 5228 943 5298 ingenti
974 5233 1315 5301 procurent.
1336 5228 1527 5284 Nostri
1552 5226 1841 5300 quemad-

168 5318 434 5374 modum
466 5317 767 5390 pontiticis
796 5334 899 5374 cor
927 5317 1250 5374 dulcisonis
1290 5323 1404 5373 tum
1460 5315 1840 5385 benignitatis

169 5407 459 5481 apicibus
506 5406 699 5462 laetius
741 5407 1018 5464 effectum
1058 5412 1144 5464 est
1174 5412 1231 5464 et
1274 5407 1566 5463 hilarius:
1600 5410 1841 5463 strenua

168 5514 333 5570 quos
365 5496 744 5570 perlegentes
771 5499 1175 5571 inquisitione,
1205 5504 1424 5555 nostris
1450 5504 1505 5553 te
1534 5514 1666 5553 esse
1696 5516 1840 5556 con-

163 5588 460 5659 junctum
513 5586 812 5643 dilectioni
852 5588 1099 5646 internis
1125 5589 1406 5647 novimus
1445 5588 1656 5659 oculis,
1689 5589 1839 5647 divi-

244 5686 272 5715 ι
317 5681 444 5746 lvo,
474 5680 647 5757 parte
676 5692 754 5745 iv,
782 5693 913 5755 cap.
950 5678 1068 5737 156.

1949 3989 2164 4061 nisque
2233 3986 2730 4060 prosperitatibus
2800 3984 3126 4055 efﬁcacem,
3186 3995 3210 4020 δ
3265 3984 3600 4057 synodique

1951 4081 2179 4134 textum
2244 4076 2580 4133 imminenti
2638 4075 2986 4132 ventilantes
3050 4074 3285 4141 intuitu,
3350 4075 3599 4146 ejusque

1947 4171 2136 4223 actus.
2169 4182 2357 4239 quam
2389 4165 2553 4237 apud
2582 4165 2913 4221 Suessionis
2945 4164 3243 4220 civitatem
3292 4167 3392 4217 tua
3420 4162 3601 4219 beati-

1947 4256 2092 4312 tudo
2125 4255 2350 4311 studuit
2376 4255 2700 4325 celebrare,
2732 4272 2871 4311 cum
2899 4254 3195 4328 episcopis
3236 4258 3348 4309 tuae
3379 4254 3596 4308 dioece-

1947 4362 2100 4414 seos,
2146 4344 2708 4418 venerabilibusque
2756 4344 3241 4416 archiepiscopis,
3301 4343 3598 4398 Wenilone

1947 4434 2166 4490 scilicet
2220 4434 2564 4498 Senonensi,
2615 4434 2913 4490 Amalrico
2962 4432 3316 4501 Turonensi,
3350 4432 3598 4503 aliisque

1922 4523 2265 4596 “episc0pis,
2298 4527 2365 4579 ut
2420 4523 2649 4596 scriptis
2704 4524 2764 4578 in
2808 4540 2878 4580 ea
2910 4521 3224 4588 contulisti,
3276 4520 3596 4591 subtilique

1948 4612 2457 4668 demonstratione
2480 4613 2746 4685 pandere
2767 4611 3103 4686 procurasti
3133 4627 3145 4665 :
3179 4625 3314 4682 quae
3349 4608 3425 4663 ad
3463 4623 3598 4680 pro-

1946 4702 2168 4757 fectum
2198 4706 2419 4756 sanctae
2447 4707 2776 4757 noscuntur
2805 4700 3073 4757 Ecclesia}
3102 4699 3216 4772 piis
3255 4696 3598 4752 auctoribus

1948 4794 2169 4846 statuta
2217 4789 2445 4845 sancita
2499 4790 2850 4862 reperimus,
2892 4790 3191 4863 praecipue
3242 4788 3302 4843 in
3369 4786 3594 4859 quibus

1949 4878 2322 4951 aequiparare
2355 4882 2408 4933 te
2462 4878 2618 4933 viros
2661 4878 2791 4934 illos
2845 4879 3287 4951 prospeximus,
3319 4876 3423 4949 qui
3474 4891 3598 4931 non

1947 4966 2191 5025 terrenis
2236 4967 2488 5033 actibus,
2518 4967 2881 5040 caducisque
2913 4968 3183 5024 delectati
3217 4971 3355 5022 sunt
3402 4970 3601 5022 obser-

1947 5057 2311 5124 vationibus,
2345 5057 2698 5131 inﬁnitoque
2726 5059 2827 5114 Dei
2856 5058 2980 5114 zelo
3011 5057 3265 5124 accensi,
3319 5056 3596 5113 ecclesia-

1950 5146 2094 5203 stica
2115 5146 2577 5219 promulgarunt
2602 5151 2819 5204 statuta
2845 5152 2900 5204 et
2928 5148 3189 5203 ordines.
3206 5148 3340 5202 Haec
3358 5162 3600 5202 cernen-

1952 5242 2055 5302 tes,
2090 5235 2167 5291 ad
2192 5251 2262 5291 ea
2288 5253 2423 5309 quia
2451 5237 2620 5309 cupis
2645 5237 2987 5294 nullatenus
3021 5254 3130 5293 nos
3161 5237 3447 5292 inclinare
3471 5252 3600 5291 am-

1947 5325 2230 5397 bigimus,
2284 5330 2398 5382 tuae
2453 5327 2854 5383 venerationis
2912 5327 3239 5399 adimplere
3298 5327 3603 5399 cupientes

1951 5414 2251 5471 affectum.
2277 5418 2341 5470 Et
2360 5416 2503 5479 quia
2524 5421 2588 5472 ut
2614 5416 2861 5473 devotus
2883 5416 3198 5488 fidelisque
3229 5417 3287 5470 in
3320 5414 3603 5469 omnibus

1949 5503 2128 5571 ﬁlius,
2148 5520 2259 5575 pro
2280 5504 2671 5561 instructione
2695 5524 2799 5562 seu
2825 5505 3277 5560 conﬁrmatione
3302 5509 3603 5573 gestorum

1951 5607 2020 5648 ac
2048 5591 2395 5661 regularum
2424 5594 2983 5664 ecclesiasticarum,
3005 5609 3240 5663 semper
3267 5592 3343 5649 ad
3371 5593 3527 5659 hanc
3551 5594 3603 5640 te
