4106 6174
327 288 341 303 κ
441 202 538 261 691

1553 193 1910 250 BENEDICTI
1952 193 2022 249 ΙΙΙ
2059 189 2130 251 Β(

2240 192 2323 248 .Nl
2361 190 2742 247 PONTIFICIS
3753 180 3863 239 692

443 322 650 382 sedem
680 332 983 376 recurrere
1007 316 1516 389 contemplemur;
1538 316 1959 374 *deﬁnitiones
1984 315 2095 371 fra-
2122 316 2171 373 Α
2209 304 2505 370 conn'ectit
2545 314 2865 384 consortio,
2899 318 2956 371 et
2983 310 3106 386 poli
3148 308 3417 385 perducit
3455 305 3534 365 ad
3573 305 3816 364 climata
3847 320 3866 363 :

443 409 735 470 ternitatis
766 414 903 473 tuae,
924 410 982 464 et
1006 413 1351 465 ceterorum
1373 409 1819 482 episcoporum,
1848 423 2004 480 quas
2034 405 2096 461 in
2208 404 2616 461 atrocitatibus
2653 409 2874 471 autem,
2908 401 3263 474 actibusque
3301 396 3600 459 malorum
3628 397 3869 482 lumen—-

444 500 696 577 praefata
726 498 961 571 synodo
990 498 1335 570 apostolicis
1367 476 1812 571 canoni-cisque‘
1844 476 2099 552 auctori-
2210 497 2431 563 tamur,
2460 509 2723 566 quorum
2770 491 3093 549 sceleribus
3141 488 3564 555 circumdatur,
3599 491 3657 544 et

445 590 669 650 tatibus
697 587 955 663 propriis
984 586 1184 656 digitis
1209 587 1530 660 roborasti,
1556 590 1602 644 si
1645 589 1724 644 ita
1755 591 1860 654 est,
1893 589 2101 642 nostro
2209 581 2384 637 malis
2414 597 2625 638 eorum
2663 581 2934 656 operatio
2964 583 3169 637 manet
3204 595 3218 635 :
3251 592 3511 650 quorum
3542 577 3603 632 in
3633 577 3874 632 cunctis

444 686 514 739 ut
552 680 785 752 scriptis
824 677 1172 750 praesulatui
1200 678 1485 736 intimasti
1523 686 1580 735 et
1620 683 1921 749 gestorum
1955 676 2101 733 serie
2210 687 2421 728 cursus
2441 676 2533 727 est
2562 668 2947 737 detestabilis,
2970 666 3416 743 perseverantia
3436 681 3618 732 saeva,
3640 664 3875 720 infelix-

451 768 1032 832 demontrasti,ratas
1051 783 1154 824 eas
1184 768 1430 842 quidem
1455 768 1830 824 deﬁnitiones
1862 770 2102 840 aposto-
2209 776 2328 832 quc
2353 761 2575 833 OpiniO-
2604 758 2831 826 Quibus
2864 762 2901 815 Η
2912 759 3187 814 ubertum
3216 756 3518 822 Clericum,
3551 753 3875 828 quondam

446 860 563 916 lica
615 857 743 915 fore
796 855 1259 929 promulgamus
1320 857 1690 919 auctoritate,
1748 870 2104 929 semperque

449 962 697 1009 manere
726 946 1066 1011 statuimus,
1092 949 1157 1001 ut
1184 945 1325 1001 inde
1348 947 1598 1019 quaestio
1624 945 1803 1003 nullis
1837 945 2105 1018 aliquan-

451 1037 532 1095 do
589 1034 961 1109 temporibus
1018 1034 1264 1104 oriatur,
1324 1039 1381 1091 et
1448 1036 1779 1109 aspirantes
1844 1033 2105 1093 indebite

451 1125 749 1185 anhelitus
775 1124 1105 1196 compressi
1136 1123 1404 1180 funditus
1454 1129 1744 1196 perpetuo
1772 1126 2057 1181 maneant
2089 1139 2102 1179 :

450 1231 529 1273 ne
573 1213 835 1285 amplius
872 1212 1134 1268 ullorum
1175 1213 1713 1269 contradicentium
1745 1210 2108 1268 adversitati-

2216 850 2460 904 Busonis
2510 849 2722 915 ﬁlium,
2767 848 3053 904 relatione
3103 845 3361 904 similem
3411 860 3539 902 esse
3578 844 3876 914 cognovi-

2211 955 2381 1006 mus;
2414 938 2518 1011 qui
2548 938 2728 994 tantis
2757 937 3139 1010 squaloribus
3187 934 3464 1001 irretitus,
3494 938 3757 990 mentem
3791 932 3878 989 ad

2214 1043 2475 1099 superna
2527 1043 2650 1083 non
2703 1026 3049 1094 sublevans,
3082 1024 3189 1079 aevi
3243 1022 3525 1095 perennis
3570 1021 3882 1097 particeps

2214 1131 2342 1172 esse
2369 1114 2534 1175 nolit.
2560 1114 2871 1171 Multorum
2897 1129 3036 1169 vero
3055 1111 3574 1182 ingemiscentium
3598 1109 3886 1166 clamoris-

2212 1204 2328 1260 bus
2382 1203 2721 1271 hominum,
2753 1202 3163 1274 horriﬁcisque
3212 1199 3662 1265 assertionibus,
3693 1198 3889 1271 plura

450 1303 569 1362 bus
602 1302 702 1359 Dei
731 1301 1117 1358 conturbetur
1146 1301 1407 1359 Ecclesia
1433 1321 1446 1370 ;
1481 1302 1585 1357 sed
1628 1301 1910 1356 omnibus
1942 1304 2110 1355 eruta
2215 1292 2465 1348 infelicis
2497 1308 2622 1347 sum
2654 1291 2923 1347 audaciae
2951 1290 3134 1357 mala,
3163 1288 3446 1361 dirasque
3475 1287 3882 1360 perpetratio-

456 1410 631 1453 saevas
674 1392 1152 1469 pertractationis
1209 1392 1511 1449 erroribus
1560 1392 1725 1449 unita
1767 1407 2002 1464 semper
2048 1390 2108 1445 in
2215 1398 2323 1438 nes
2370 1383 2554 1437 nostri
2600 1380 2959 1454 praesulatus
2991 1378 3329 1434 didicerunt
3373 1376 3568 1469 legati.
3615 1375 3888 1469 Qualiter

458 1464 694 1542 Christo
736 1484 1105 1554 permaneat.
1135 1481 1163 1522 b
1190 1481 1346 1537 Inter
1394 1482 1522 1538 haec
1580 1482 1826 1553 quidem
1881 1486 1939 1537 et
1997 1480 2111 1536 hoc
2218 1471 2361 1528 olim
2389 1487 2698 1527 sacrorum
2716 1470 2825 1525 fuit
2846 1470 3203 1540 conjunctus
3228 1482 3481 1524 numero
3498 1464 3881 1533 clericorum,

458 1572 784 1639 sancimus,
808 1585 883 1625 ne
913 1570 1164 1643 quilibet
1189 1574 1305 1626 ture
1345 1570 1673 1626 diceeeseos
1710 1569 1930 1639 regulis
1963 1568 2105 1624 sub-
2219 1562 2372 1619 adeo
2394 1564 2458 1617 ut
2487 1560 2547 1617 in
2577 1559 2793 1616 divinis
2821 1557 3195 1615 celebrandis
3216 1555 3512 1637 mysteriis
3540 1570 3711 1611 more
3738 1554 3888 1643 sub-

451 1663 647 1735 jectus
677 1642 970 1731 Ecclesiae,
1002 1663 1058 1714 te
1089 1663 1452 1732 contempto,
1478 1659 1724 1732 impune
1755 1658 1975 1714 audeat
2006 1674 2113 1714 seu
2142 1670 2184 1729 3
2218 1649 2613 1708 diaconorum
2644 1664 2845 1705 sacras
2883 1646 3167 1704 lectiones
3204 1642 3635 1735 conscendens

456 1732 658 1809 valeat
704 1748 901 1806 aliena
949 1752 1222 1822 expetere
1254 1751 1356 1809 aut
1403 1754 1749 1822 exspectare
1774 1748 2023 1817 judicia,
2050 1751 2114 1802 ut

2240 1754 2363 1795 iem
2392 1738 2620 1810 populo
2650 1736 2972 1795 nuntiaret.
3027 1740 3191 1793 Nunc
3221 1740 3442 1797 autem,
3473 1732 3641 1804 quod
3684 1732 3887 1804 lacry.

461 1838 767 1897 ulmorum
796 1836 1213 1895 traditionibus
1242 1821 1964 1910 Patrumwanonumque
1984 1851 2118 1908 pro.
2223 1831 2458 1883 mentes
2488 1825 2824 1892 referimus,
2857 1824 3203 1898 iniquorum
3260 1821 3885 1878 sceleratissimorum-

459 1925 934 1999 mulgationibus
956 1931 1047 1984 est
1072 1927 1458 1983 constitutum
1484 1943 1497 1982 :
1531 1927 1697 1983 salvo
1726 1927 1787 1982 in
1833 1926 2118 1982 omnibus
2223 1931 2343 1992 que
2359 1914 2676 1972 hominum
2707 1912 3262 1969 conversationibus
3282 1910 3885 1981 sociatus,infaustm-

456 1998 611 2090 jure
644 2013 986 2088 apostolicae
1025 2018 1244 2072 nostras
1286 2015 1465 2086 sedis,
1515 2019 1579 2071 ut
1629 2016 1708 2071 ab
1741 2015 1891 2090 ipso
1936 2013 2119 2073 veluti
2225 2021 2344 2078 que
2372 2005 2505 2062 vita
2537 2003 2756 2073 unitus,
2789 2007 2845 2059 et
2874 2002 3075 2060 multis
3112 2000 3363 2075 piaculis
3409 1998 3913 2090 criminibusque

462 2088 695 2167 Christo
724 2108 782 2163 et
807 2105 991 2162 sacris
1021 2109 1109 2162 est
1156 2111 1402 2162 cautum
1433 2088 1792 2162 canonibu's.
1828 2103 1942 2162 Sed
1972 2120 2118 2161 cun-
2226 2095 2464 2168 plenus,
2497 2093 2576 2149 ad
2605 2092 3099 2165 periclitationem
3131 2106 3276 2161 suae,
3304 2089 3473 2162 quod
3501 2104 3626 2147 non
3654 2088 3887 2149 debue-

463 2196 562 2268 cti,
591 2196 715 2252 sive
744 2195 806 2253 in
832 2195 1201 2269 prmfatione,
1231 2195 1355 2253 sive
1384 2195 1446 2252 in
1498 2195 1867 2268 subjectione
1896 2195 2119 2259 debita,

2240 2186 2340 2251 rat,
2389 2183 2605 2239 animae
2649 2181 2856 2254 iniquo
2910 2180 3233 2237 certamine
3274 2177 3479 2247 tendit,
3526 2181 3586 2234 et
3634 2181 3887 2234 cruenta

463 2265 739 2345 ordinem
786 2265 866 2342 ab
897 2284 1312 2343 ecclesiasticis
1340 2284 1562 2356 regulis
1592 2265 1873 2343 traditum
1916 2284 2118 2339 obser-
2228 2271 2546 2347 tyrannide
2588 2274 2951 2345 perseverat.
2988 2272 3053 2325 Et
3100 2268 3214 2325 hoc
3257 2266 3471 2356 multis
3496 2265 3884 2356 narrantibus

463 2379 673 2435 vantes
713 2374 1018 2442 obediant,
1054 2378 1111 2431 et
1155 2353 1482 2430 studiosius
1530 2375 1944 2449 obtemperare
1982 2389 2119 2446 pro-

2240 2360 2568 2430 audierunt,
2598 2359 2763 2432 quod
2789 2374 2929 2415 cum
2951 2358 3199 2417 scenicis
3224 2355 3577 2414 mulieribus
3612 2353 3884 2429 quotidie

466 2465 693 2525 curent.
727 2470 750 2499 ο
781 2464 846 2518 Et
892 2462 1007 2519 hoc
1057 2463 1539 2536 promulgamus,
1571 2445 1753 2538 atque
1782 2445 2119 2531 statuimus,
2230 2450 2446 2520 degere
2476 2465 2599 2505 non
2628 2448 2878 2515 dubitet.
2905 2463 3041 2520 quae
3089 2448 3323 2538 animus
3370 2445 3619 2538 perdunt
3662 2450 3716 2501 et
3744 2457 3878 2501 cor-

466 2555 533 2608 ut
561 2554 640 2616 te,
669 2548 772 2621 qui
806 2550 935 2620 ejus
960 2532 1284 2623 provincias
1311 2532 1539 2625 primas
1566 2532 1957 2618 dignosceris,
1989 2550 2122 2605 nul-

2240 2554 2381 2612 pora
2401 2539 2693 2608 sauciant,
2712 2538 2791 2593 ad
2811 2539 3055 2610 imaque
3076 2535 3406 2605 deducunt.
3419 2537 3483 2590 Et
3495 2532 3638 2625 quia
3662 2545 3882 2603 aggre-

466 2637 583 2696 lius
610 2652 885 2709 unquam
915 2620 1543 2704 infestatione,vcontra
1569 2639 1861 2694 canonica
1889 2642 2128 2711 aposto—
2233 2626 2471 2699 satione
2502 2625 2828 2682 mllltOI'llm
2857 2625 3172 2681 hominum
3220 2623 3333 2680 Sibi
3378 2620 3686 2711 noxiorum
3724 2632 3883 2677 (⁵οΠ·-

466 2727 702 2805 licatu
769 2726 1030 2794 decreta,
1089 2728 1212 2782 sive
1272 2726 1501 2799 judicia
1559 2726 1957 2784 ecclesiastica
2020 2726 2125 2784 tibi
2228 2716 2457 2788 juncta:
2490 2714 2682 2805 multa
2814 2713 3061 2805 Plebem
3102 2712 3359 2805 βοφίυξ»
3389 2710 3646 2805 Ρῗθξίοεθξ
3688 2724 3888 2805 (Nam

472 2798 819 2884 commissa,
859 2819 964 2873 aut
1017 2815 1228 2872 virtute
1274 2798 1380 2872 aut
1424 2815 1703 2874 facultate
1751 2815 1990 2883 nudari,
2025 2819 2130 2873 aut
2231 2803 2861 2879 Passioneefaucibus
2885 2802 3241 2876 nequissimi
3258 2801 3473 2875 eripuit
3493 2798 3684 2856 leonis
3706 2803 3890 2872 atque

471 2908 609 2963 ante
658 2905 1029 2963 audientiam
1073 2905 1325 2961 Romani
1370 2905 1666 2978 pontiﬁcis
1697 2921 1733 2962 ο,
1761 2922 2128 2978 quocunque;
2234 2893 2506 2955 redemit,
2533 2892 2861 2950 homicidia
2890 2892 3290 2953 etinnumera
3315 2889 3627 2978 adulteria,
3654 2893 3891 2978 turpes-

472 2994 751 3052 damnari
780 2994 1097 3051 statuimus
1125 3010 1138 3050 :
1174 2995 1282 3050 sed
1312 2976 1801 3068 si—compellatus‘
1824 2976 2128 3068 appellare
2168 3021 2208 3077 ρ
2235 2981 2807 3077 que_f0rI{i<}§1ti0nes
2835 2996 2905 3077 89
2931 2980 3412 3052 ἀθρΐωάδῐῖοηθε
3435 2977 3683 3077 ΔῘΠξςθίίᾶε
3710 2981 3773 3077 εξ
3793 2976 3896 3033 in'

472 3082 553 3141 ad
577 3083 737 3140 hanc
759 3087 1029 3141 sanctam
1060 3083 1267 3139 sedem
1290 3063 1569 3151 volueris,
1601 3063 1920 3157 apostolici
1952 3100 2127 3157 papae

2240 3068 2669 3139 sustentabiles
2701 3072 3042 3141 perpetrare
3087 3082 3211 3123 non
3259 3072 3469 3122 cesset.
3515 3070 3641 3122 Non
3692 3063 3898 3120 solum

466 3173 698 3248 judicio
744 3174 1062 3244 reservari,
1092 3176 1323 3245 nostra,
1354 3174 1479 3231 imo
1507 3152 1666 3231 beati
1695 3174 1842 3230 Petri
1873 3152 2129 3231 auctori-
2238 3158 2385 3229 Ῑλῖθον
2416 3158 2524 3214 Sed
2569 3162 2626 3248 {at
2667 3156 2943 3248 Plurimi?
2969 3157 3148 3212 etiam
3199 3154 3643 3248 afﬁrmatibus
3667 3152 3897 3248 disice-

470 3267 591 3323 tate
618 3264 1006 3339 prmeipimus
1037 3280 1051 3319 :
1082 3279 1194 3321 nec
1223 3264 1402 3321 alicui
1427 3265 1846 3337 cujuscunque
1873 3265 1995 3336 juri
2038 3263 2132 3319 vel

466 3352 699 3426 judicio
722 3357 777 3408 te
804 3351 1041 3424 subjici,
1064 3357 1314 3425 excepta
1336 3357 1635 3425 potestate
1661 3354 1819 3409 sedis
1849 3356 2131 3409 Romanae

472 3439 850 3514 pontiﬁcum.
879 3441 908 3478 ἀ
937 3443 1003 3496 Et
1025 3441 1142 3497 hoc
1188 3441 1492 3511 volumus,
1515 3458 1591 3497 ne
1617 3442 1864 3513 quilibet
1891 3458 1962 3498 ex
1992 3458 2132 3515 pro-

474 3521 676 3579 vincia
702 3526 761 3579 et
785 3522 1030 3579 dioecesi
1080 3524 1397 3597 metropoli
1438 3529 1553 3581 tuae
1585 3526 1809 3597 tibique
1840 3526 2129 3597 subjecta,

473 3610 574 3683 jus
597 3611 933 3668 secundum
961 3612 1397 3671 ecclesiasticas
1429 3614 1880 3671 constitutiones
1908 3615 2133 3687 prima-

476 3701 565 3758 tui
595 3700 872 3758 Ecclesiaa
898 3705 1015 3758 tuae
1037 3706 1094 3759 et
1113 3702 1217 3759 tibi
1246 3702 1517 3760 debitum
1543 3696 1790 3776 quoquo
1822 3705 2003 3761 modo
2029 3720 2136 3778 per

478 3793 891 3863 contemptum
922 3791 1271 3859 convellere,
1299 3796 1404 3849 aut
1431 3791 1539 3849 tibi
1582 3792 1677 3848 vel
1714 3792 1987 3849 Ecclesiae
2018 3799 2134 3851 tuae

477 3894 911 3954 quamcunque
938 3880 1287 3937 violentiam
1335 3884 1544 3937 contra
1584 3882 1799 3938 eadem
1844 3882 2136 3940 canonica

479 3968 818 4035 constituta,
838 3972 893 4025 et
918 3966 1588 4027 decreta’Romanorum
1610 3970 1983 4043 pontiﬁcum,
2007 3988 2137 4045 per-

478 4056 753 4116 tinaciter
791 4056 1007 4115 inferre
1048 4063 1395 4133 praesumat,
1423 4074 1563 4116 cum
1609 4061 2007 4118 anathematis
2043 4062 2133 4123 in-

476 4144 864 4218 terpositione
893 4151 1100 4204 nostra
1129 4146 1481 4219 apostolica,
1524 4151 1579 4204 et
1622 4147 1784 4205 beati
1809 4150 1957 4206 Petri
1987 4165 2132 4223 apo-

481 4232 775 4293 stolorum
803 4235 1090 4310 principis
1121 4236 1488 4305 auctoritate,
1512 4237 1924 4311 prohibemus.
1958 4240 2137 4313 Opta-

481 4338 622 4381 mus
650 4322 1078 4383 fraternitatem
1109 4328 1275 4383 tuam
1324 4325 1387 4382 in
1435 4327 1664 4389 Christo
1694 4343 1857 4386 nunc
1899 4332 1956 4386 et
1985 4343 2137 4385 sem-

482 4427 595 4487 per
613 4410 769 4471 bene
797 4412 1016 4472 valere.

1090 4503 1427 4561 EPISTOLA
1464 4506 1531 4560 ll.

613 4616 689 4659 ΔΙ)
723 4616 1026 4660 ΕΡΙΞΟΟΡΟΒ
1063 4617 1118 4659 1N
1156 4617 1334 4658 REGNO
1374 4616 1574 4658 CAROLI
1612 4616 2003 4659 CONSTITUTOS.

481 4688 787 4750 Adversus
832 4691 1170 4750 Hubertum
1227 4692 1534 4760 clericum,
1557 4696 1625 4746 ut
1670 4692 1840 4761 infra
1869 4693 1991 4749 dies
2034 4694 2144 4750 tri-

552 4763 738 4836 ginta
756 4764 1006 4836 Romam
1034 4762 1256 4829 veniat,
1285 4762 1360 4818 de
1383 4762 1736 4820 criminibus
1764 4778 2017 4836 quorum
2047 4765 2141 4822 in-

554 4833 963 4889 simulabatur
989 4848 1406 4904 responsurus.

554 4928 901 4987 Bnasmcras
942 4930 1282 5003 episcopus,
1316 4946 1522 4987 servus
1569 4945 1883 4990 servorum
1926 4934 2027 4990 Dei
2053 4949 2143 4990 re-

482 5016 909 5075 verentissimis
956 5021 1012 5075 et
1055 5020 1447 5076 sanctissimis
1497 5021 1966 5096 archiepiscopis
1994 5038 2141 5079 cun-

483 5106 714 5181 ctisque
751 5106 1052 5181 episcopis
1081 5109 1142 5165 in
1173 5109 1366 5167 Caroli
1385 5110 1630 5184 gloriosi
1657 5112 1815 5184 regis
1844 5127 1988 5182 rego
2016 5128 2144 5170 mo-

482 5198 782 5259 tantibus.

555 5290 863 5346 Bonorum
904 5306 1144 5366 semper
1171 5290 1533 5351 innovamur
1562 5292 1790 5358 auditu,
1822 5295 1879 5348 et
1909 5292 2142 5351 actibus

482 5378 901 5439 hilarescimus
946 5384 1134 5439 Deum
1179 5383 1573 5455 diligentium,
1623 5381 1827 5437 animo
1881 5396 2142 5454 superna

482 5470 857 5547 pollentium,
907 5487 1063 5546 quos
1107 5472 1416 5530 beatitudo
1472 5470 1755 5527 sublimat
1814 5470 2141 5548 divinoque

553 5588 579 5616 ι
616 5579 738 5662 Ivo,
769 5582 940 5653 parte
964 5596 1046 5651 1v,
1077 5595 1214 5710 cap.
1260 5580 1382 5637 156.

553 5651 582 5699 δ
609 5652 985 5710 Hincmarus.
1015 5664 1146 5710 eius
1172 5688 1188 5710 .
1219 5650 1273 5710 6.
1302 5662 1362 5710 c.

551 5651 582 5699 δ
609 5649 985 5724 maculatus,
1015 5649 1188 5725 epist.
1219 5650 1273 5721 6,
1302 5662 1362 5718 c,
1388 5649 1485 5710 2t.

2164 4372 2213 4429 D

2237 3252 2396 3315 runt,
2427 3245 2593 3320 quod
2624 3246 3059 3303 monasterium
3108 3245 3299 3302 sancti
3327 3244 3689 3317 gloriosique
3734 3244 3902 3300 Mau-

2239 3337 2354 3392 ritii
2381 3335 2684 3408 martyris,
2707 3334 3050 3408 apostolicis
3075 3334 3396 3408 privilegiis
3424 3334 3746 3401 munitum,
3765 3335 3900 3388 tan-

2240 3431 2303 3482 ta
2348 3425 2649 3481 ferocitate
2692 3424 2956 3497 pervasit
2989 3429 3052 3481 ut
3094 3423 3297 3482 nullus
3336 3429 3465 3495 jam
3512 3423 3721 3496 prisca
3756 3420 3901 3477 reli-

2241 3513 2437 3585 gionis
2469 3514 2530 3568 in
2561 3517 2632 3568 eo
2671 3513 2822 3569 ordo
2853 3517 3136 3568 servetur.
3158 3515 3309 3568 Nam
3337 3510 3441 3567 illa
3467 3527 3603 3584 quae
3632 3514 3753 3566 Deo
3779 3509 3903 3565 ibi-

2241 3602 2378 3659 dem
2410 3601 2844 3658 famulantibus
2881 3617 2956 3658 ex
2997 3617 3113 3673 ope
3153 3600 3344 3674 ipsius
3382 3599 3902 3666 ministrabantur,

2242 3706 2403 3746 nunc
2434 3690 2871 3759 meretricibus,
2893 3689 3168 3759 canibus,
3192 3694 3373 3763 atque
3404 3688 3635 3752 avibus,
3652 3688 3906 3759 nequis-

2244 3779 2409 3837 simis
2433 3794 2671 3834 necnon
2704 3779 3052 3834 hominibus
3075 3794 3186 3834 sua
3200 3778 3533 3847 largiuntur
3559 3777 3907 3849 praceptio-

2242 3884 2338 3925 ne.
2373 3868 2558 3941 quue
2608 3868 3035 3925 monasterium
3082 3868 3161 3924 ab
3209 3867 3470 3924 Ecclesia
3510 3865 3767 3932 ﬁndens,
3801 3864 3905 3920 Ai-

2244 3959 2509 4030 moinus,
2554 3960 2650 4015 cui
2693 3960 3010 4032 praesidere
3049 3959 3367 4015 videbatur
3406 3960 3670 4026 antistes,
3700 3971 3908 4012 sacro-

2242 4066 2380 4106 rum
2405 4065 2709 4106 canonum
2732 4052 3091 4122 Patrumque
3111 4048 3342 4105 violans
3365 4045 3907 4107 sanctioneainde-

2245 4144 2446 4195 center
2492 4138 2797 4211 possidere
2842 4153 2965 4193 non
3016 4136 3266 4194 dubitet.
3303 4140 3367 4192 Et
3414 4137 3561 4210 quia
3602 4138 3911 4191 monaste-

2244 4227 2401 4285 rium
2421 4228 2481 4283 in
2497 4227 3074 4283 commemoratione
3095 4226 3259 4283 beati
3272 4225 3428 4282 Petri
3445 4224 3701 4299 apostoli
3716 4225 3914 4280 Luxa-

2250 4316 2329 4373 vii
2356 4315 2764 4384 constitutum,
2813 4317 2986 4388 cujus
3035 4315 3275 4373 claustri
3323 4314 3520 4372 aditus
3549 4311 3915 4371 mulieribus

2249 4419 2566 4478 nunquam
2594 4403 2807 4478 patuit,
2829 4403 3032 4461 hostili
3060 4403 3244 4460 modo
3271 4403 3599 4473 ingressus,
3628 4417 3769 4458 cum
3798 4400 3915 4456 illi-

2249 4493 2380 4549 citis
2425 4492 2778 4549 mulieribus
2824 4508 2933 4565 per
2975 4492 3204 4567 aliquot
3230 4492 3358 4548 dies
3385 4489 3752 4549 commorari
3780 4505 3916 4548 non

2248 4582 2574 4655 trepidarit.
2608 4581 2949 4644 Quamdam
2986 4582 3165 4638 etiam
3193 4581 3529 4652 mulierem,
3560 4595 3695 4654 quae
3718 4594 3919 4636 causa

2249 4671 2548 4745 pudicitiae
2580 4688 2616 4728 a
2645 4672 2890 4745 proprio
2922 4688 2984 4728 se
3013 4672 3141 4727 viro
3162 4670 3524 4738 dissociavit,
3557 4673 3795 4742 Deoque
3849 4684 3918 4725 se

2250 4761 2430 4830 vovit,
2465 4765 2644 4835 atque
2675 4752 2874 4817 dicare
2901 4760 3192 4833 promisit,
3213 4765 3269 4815 et
3283 4759 3681 4833 postmodum
3701 4757 3922 4815 diabo-

2248 4850 2291 4906 li
2314 4849 2517 4921 jaculo
2549 4849 2845 4907 terebrata
2890 4853 3071 4922 atque
3118 4863 3423 4921 percussa,
3460 4864 3497 4904 a
3536 4848 3920 4904 monasterio

2252 4938 2507 5010 fugiens,
2536 4939 2779 4994 cuidam
2804 4937 3076 4995 adultero
3098 4937 3310 5009 juncta
3331 4953 3455 4992 suae
3482 4952 3544 4991 se
3573 4935 3924 4993 defensioni

2253 5028 2552 5098 submisit,
2565 5030 2870 5101 postremo
2886 5042 3028 5083 vero
3045 5025 3669 5099 archiespiscoporum
3685 5025 3925 5099 episco-

2251 5132 2593 5191 porumque
2621 5115 2877 5188 quaesita
2907 5115 3084 5171 coetui
3112 5115 3339 5172 minine
3394 5118 3483 5171 est
3528 5120 3918 5187 prmsentata,

2250 5205 2355 5280 qui
2387 5220 2507 5261 una
2537 5221 2676 5260 cum
2718 5204 3139 5260 defensoribus
3169 5205 3294 5260 suis
3325 5220 3460 5261 eam
3508 5203 3588 5259 ab
3636 5204 3925 5260 ecclesia-

2251 5295 2399 5352 stica
2447 5293 2875 5350 communione
2916 5294 3313 5366 expulerunt;
3355 5294 3649 5349 hactenus
3694 5309 3919 5366 usque,

2250 5384 2521 5441 divinum
2547 5398 2669 5438 non
2703 5383 2917 5439 timens
2943 5382 3261 5454 judicium,
3286 5399 3397 5439 sua
3435 5381 3793 5438 defensione
3826 5397 3920 5437 re-

2250 5472 2435 5530 tinere
2482 5487 2605 5529 non
2653 5475 2861 5530 cesset.
2886 5474 3242 5547 Pacemque,
3274 5487 3462 5551 quam
3508 5471 3665 5529 inter
3717 5470 3924 5529 Ludo-

2320 5588 2343 5616 ο
2380 5578 2552 5646 lbid.,
2574 5581 2665 5636 24.

2321 5648 2349 5687 ἀ
2376 5649 2550 5725 lbid,,
2581 5663 2633 5710 c.
2656 5649 2748 5709 26.
