4106 6174
1782 196 2161 257 EPISTOLE.

3581 206 3688 270 094

256 320 459 376 νίουω
499 317 878 375 ωυυίνίωυε
930 322 1222 378 Casam“!
1278 335 1518 393 εοωρθι·
1548 322 1911 389 Augustum.
1945 324 1992 375 Α
2032 326 2371 402 principum
2403 333 2637 391 statutis
2654 335 3029 406 adjuventur,
3054 335 3417 391 aestimantes
3436 337 3685 393 terrenas

253 422 522 480 suosque
554 406 843 476 gloriosos
859 420 1316 478 germanos,sua
1332 408 1667 465 miserrima
1688 407 1915 481 cupidi-

250 501 394 566 tate,
426 496 507 552 ad
530 495 854 553 multorum
885 497 1353 554 Christianorum
1369 512 1581 555 necem
1609 503 1789 571 atque
1810 513 1914 569 pe-

246 585 512 642 riculum
537 584 826 654 scindere,
846 590 911 642 ut
936 587 1302 658 audivimus,
1319 604 1443 644 non
1462 587 1915 644 dubitavitJlmc

249 682 307 732 et
334 674 531 733 multa
560 675 779 732 horum
818 675 1034 733 similia
1072 676 1146 732 de
1193 692 1264 733 eo
1318 676 1646 746 audientes,
1706 674 1911 748 profu-

251 765 337 821 sis
356 764 649 837 lacrymis
679 764 1190 831 condolemus,ne
1223 782 1349 822 suae
1380 765 1712 835 fragilitatis
1742 765 1802 820 in
1818 764 1913 820 his

248 869 393 910 eum
422 851 561 909 ﬁnis
589 852 918 923 contingat,
952 854 1244 926 Erebique
1272 853 1543 924 voragini
1575 853 1906 910 addicatur.

247 943 576 1016 Propterea
633 941 931 1013 volumus,
973 948 1032 1000 et
1084 942 1417 1016 apostolica
1469 958 1593 999 sum
1644 941 1911 1014 praecipi-

246 1045 392 1087 mus
454 1030 803 1087 auctoritate
845 1030 1175 1099 industriae,
1241 1035 1303 1086 ut
1356 1031 1523 1089 omni
1576 1029 1914 1104 postposita

248 1117 660 1185 excusatione,
711 1118 1035 1191 ablataque
1087 1119 1329 1191 ingenio
1364 1124 1501 1192 post
1525 1119 1764 1192 triginta
1793 1117 1913 1173 die-

250 1222 387 1263 rum
432 1206 747 1273 curricula,
782 1224 989 1281 .quam
1020 1208 1150 1264 haec
1205 1207 1287 1265 illi
1333 1207 1508 1265 fuerit
1555 1210 1914 1279 prmsentata

246 1296 520 1369 epistola,
555 1296 664 1353 iter
686 1297 969 1354 inchoare
999 1313 1123 1354 non
1145 1297 1366 1370 pigeat,
1409 1300 1785 1368 Romamque
1814 1311 1912 1352 ce-

243 1385 354 1443 leri
384 1386 583 1442 studio
613 1400 937 1459 properare
968 1386 1205 1443 festinet
1232 1406 1243 1442 :
1272 1385 1800 1460 utprmsentialiter
1824 1384 1910 1440 vi-

242 1475 389 1532 dere
410 1476 744 1546 valeamus,
784 1481 965 1548 atque
990 1492 1376 1546 cognoscere,
1422 1476 1470 1531 si
1524 1475 1716 1532 taliter
1754 1474 1913 1531 circa

242 1581 386 1621 eum
410 1566 540 1621 haec
564 1582 700 1637 quae
732 1565 1016 1621 dicuntur
1035 1554 1310 1629 existant,
1346 1570 1410 1621 ut
1435 1564 1681 1637 spiritali
1711 1563 1913 1620 ablue—

240 1671 305 1712 re
335 1671 595 1712 censura
620 1666 921 1721 curemus,
945 1655 1333 1728 sauciataque
1360 1655 1635 1711 membra
1654 1653 1911 1711 cmlestis

239 1745 573 1802 reformare
603 1745 916 1801 medicinae
966 1745 1214 1817 collyrio
1255 1746 1583 1803 valeamus.
1618 1744 1909 1817 Cupimus

240 1835 406 1890 enim
436 1833 607 1889 illum
636 1834 815 1889 tantis
860 1838 1096 1889 erutum
1126 1848 1256 1890 esse
1284 1834 1534 1903 delictis,
1555 1837 1613 1889 et
1638 1848 1912 1905 supernae

240 1924 453 1996 patriae
485 1923 668 1979 sacris
690 1923 936 1979 monitis
965 1923 1251 1995 perﬁcere
1282 1922 1490 1979 civem.
1508 1922 1564 1978 Si
1596 1926 1799 1980 autem
1818 1938 1913 1978 ve.

238 2014 370 2069 nire
397 2012 838 2083 neglexerit,ad
868 2018 1258 2083 nostramque
1280 2011 1672 2084 apostolicam
1703 2011 1910 2067 sedem

244 2102 583 2158 secundum
598 2100 1061 2173 praeceptionem
1080 2114 1326 2173 pergere
1346 2098 1774 2170 noluerit,scire
1803 2115 1910 2155 vos

246 2191 547 2257 volumus,
579 2190 722 2262 quia
747 2206 890 2246 mox
910 2190 1078 2246 illum
1104 2190 1183 2246 ab
1212 2189 1615 2246 ecclesiastica
1640 2203 1908 2244 commu-

248 2279 434 2334 nione
463 2278 831 2349 expellimus,
862 2279 944 2333 ita
993 2283 1057 2334 ut
1104 2294 1214 2334 nec
1252 2277 1592 2346 vobiscum,
1620 2291 1732 2332 nec
1759 2291 1901 2331 cum

246 2367 387 2423 ullis
415 2367 758 2422 Christianae
806 2367 1134 2423 cultoribus
1191 2367 1329 2423 ﬁdei
1382 2366 1748 2421 consortium
1796 2364 1905 2421 ha-

235 2456 401 2521 beat,
431 2462 491 2511 et
521 2472 557 2511 a
589 2456 897 2512 Dominico
925 2472 1174 2528 corpore
1205 2455 1620 2526 sanguineque
1649 2470 1789 2509 eum
1824 2454 1908 2509 fa-

235 2547 436 2603 cimus
469 2546 754 2602 alienum.
790 2548 1080 2617 Optamus
1109 2546 1540 2602 beatitudinem
1562 2546 1822 2601 vestram
1842 2542 1903 2599 in

233 2637 478 2693 Christo
506 2636 665 2692 bene
691 2635 912 2691 valere.

844 2760 1177 2818 EPISTULA
1213 2758 1304 2817 Ill.

677 2888 745 2925 AD
784 2886 1079 2925 EPISCOPOS
1120 2886 1441 2925 GALLIABUM

342 2982 416 3037 In
450 2980 964 3049 conﬁrmationem
1011 2979 1466 3048 privilegiorum
1501 2976 1787 3034 Corbeiae.

306 3089 657 3144 Bsnsmcrus
678 3086 1018 3158 episcopus,
1049 3101 1254 3140 servus
1282 3100 1594 3140 servorum
1628 3084 1749 3152 Dei,
1773 3083 1902 3138 uni-

235 3178 425 3234 versis
453 3175 756 3249 episcopis
805 3175 1150 3230 Galliarum:

309 3271 331 3295 '
357 3268 506 3321 Cum
520 3268 806 3320 Romanas
827 3263 986 3319 sedis
1004 3264 1346 3334 pontificem
1376 3266 1605 3317 constet
1625 3260 1899 3316 omnium

246 3356 643 3411 Eeclesiarum
674 3354 885 3410 Christi
926 3359 1107 3426 caput
1162 3358 1343 3424 atque
1386 3350 1718 3423 principem
1751 3348 1896 3416 fore,

244 3449 542 3516 tanquam
590 3444 740 3500 beati
780 3444 931 3499 Petri
970 3442 1258 3515 principis
1291 3439 1709 3513 apostolorum
1740 3436 1898 3492 vices

237 3538 548 3605 agentem.
581 3532 673 3588 cui
701 3533 965 3590 Christus
994 3530 1171 3587 totius
1200 3529 1472 3586 Ecclesiae
1517 3527 1896 3584 committens

237 3623 649 3697 principatum
703 3622 896 3677 fatur:
952 3622 1037 3676 Tu
1069 3636 1125 3677 es
1173 3621 1410 3686 Petrus,
1441 3624 1494 3676 et
1524 3632 1705 3687 super
1739 3615 1897 3671 hanc

239 3720 472 3783 petram
514 3712 821 3780 καίνει-αὺο
853 3710 1181 3766 Ecclesiam
1224 3724 1437 3775 meam,
1492 3713 1546 3764 et
1598 3706 1707 3761 tibi
1734 3703 1893 3760 dabo

244 3802 441 3857 claves
466 3801 637 3871 regni
658 3800 939 3856 calorum
989 3798 1229 3869 (Matth.
1282 3813 1399 3863 xvr,
1434 3799 1547 3862 l8),
1599 3792 1897 3850 cunctatio

246 3888 393 3945 nulli
416 3888 681 3944 ﬁdelium
704 3887 1076 3959 relinquitur,
1125 3884 1292 3958 quod
1318 3883 1609 3940 universis
1632 3880 1898 3939 ecclesiis

246 3978 709 4035 sollicitudinem
736 3978 1126 4049 praetendere,
1157 3979 1214 4030 et
1242 3973 1517 4031 omnium
1566 3973 1627 4028 in
1667 3971 1898 4026 Christo

238 4067 614 4124 credentium
672 4065 866 4137 saluti,
922 4065 1077 4139 paci,
1113 4067 1292 4135 atque
1325 4062 1508 4135 quieti
1558 4059 1899 4133 prospicere

233 4173 349 4213 nos
371 4160 674 4229 oporteat,
706 4161 769 4211 ut
792 4160 847 4210 et
866 4168 1001 4226 quae
1023 4167 1215 4226 prava
1235 4156 1393 4213 sunt.
1425 4150 1819 4220 corrigantur,
1842 4150 1900 4202 et

233 4262 370 4319 quae
398 4249 557 4310 rata,
587 4244 961 4309 roborentur,
995 4258 1131 4315 qum
1161 4245 1443 4313 corrupta
1471 4244 1623 4299 sunt.
1669 4253 1897 4294 reetau-

232 4339 467 4399 rentur,
496 4349 632 4404 quae
658 4337 859 4388 autem
878 4331 1130 4402 integra,
1151 4333 1597 4387 conserventur.
1622 4328 1893 4398 Cumque

232 4426 397 4481 hanc
422 4438 638 4479 curam
668 4423 826 4478 circa
851 4420 1209 4478 universalis
1233 4419 1503 4476 Ecclesiae
1532 4434 1751 4490 corpus
1789 4430 1895 4487 per

234 4516 423 4572 totius
448 4512 616 4569 orbis
652 4512 1028 4569 latitudinem
1072 4509 1309 4566 diffusae
1340 4508 1637 4565 custodire
1675 4505 1898 4562 debea-

139 4612 144 4615 '
238 4619 401 4668 mus,
435 4600 683 4674 speciali
745 4606 942 4657 tamen
974 4598 1372 4671 praerogativa
1399 4602 1538 4670 post
1566 4600 1900 4653 Romanam

243 4695 427 4762 atque
449 4689 713 4745 Italicam
734 4704 875 4756 erga
889 4686 1173 4743 ecclesias
1205 4686 1538 4742 Gallicanae
1560 4683 1734 4740 nobis
1765 4697 1902 4737 con-

245 4779 411 4833 venit
453 4778 798 4839 observare,
843 4775 1371 4848 quemadmodum
1424 4772 1900 4846 prmdecessores

249 4871 486 4922 nostros
512 4866 723 4923 fecisse
775 4863 1164 4920 manifestum
1193 4867 1303 4919 est.
1354 4860 1527 4929 Quod
1564 4862 1902 4932 competen-

244 4954 368 5010 tius
410 4970 572 5011 nunc
626 4970 870 5027 quoque
909 4952 1036 5010 ﬁeri
1067 4955 1341 5024 oportere
1396 4952 1521 5023 ipse
1560 4946 1903 5021 reipublicae

240 5048 437 5100 status
462 5043 831 5109 testiﬁcatur,
862 5040 1364 5114 quandoquidem
1394 5044 1715 5111 utramque
1761 5051 1899 5108 pro-

236 5133 509 5189 vinciam
536 5133 714 5188 unius
761 5131 996 5204 imperii
1049 5136 1350 5204 sceptrum
1405 5146 1529 5197 non
1585 5126 1814 5192 dividit,
1847 5128 1905 5180 et

240 5226 534 5279 Romanae
557 5221 819 5290 dignitas
841 5221 1117 5277 Ecclesiae
1144 5236 1265 5276 una
1285 5235 1426 5275 cum
1444 5224 1675 5275 terreno
1691 5214 1905 5289 princi-

237 5316 391 5385 patu
421 5311 735 5383 utriusque
762 5310 1080 5383 provinciae
1126 5324 1382 5377 regnum
1421 5306 1724 5364 communi
1770 5306 1902 5375 jure

236 5401 604 5474 disponiLut
631 5404 900 5454 etrerum
919 5398 1217 5471 principes
1232 5413 1342 5453 sua
1366 5396 1604 5452 decreta
1622 5397 1903 5451 Romanae

237 5491 522 5549 Ecclesiae
544 5490 785 5546 sancitis
807 5489 1226 5562 praemuniant,
1256 5492 1315 5545 et
1337 5486 1735 5545 ecclesiastica
1768 5486 1907 5557 jura

312 5604 334 5628 '
365 5597 510 5670 Vide
535 5595 911 5670 spicilegium
935 5596 1189 5667 Acherii,
1218 5598 1367 5651 tem.
1392 5594 1485 5658 Vl,
1521 5608 1583 5669 p.
1607 5598 1731 5652 397.

317 5671 348 5714 δ
372 5667 609 5729 Scilicet
627 5667 971 5728 Bertefrido.

2028 418 2368 489 reipublicae
2401 425 2654 480 rectores
2706 429 2845 481 tunc
2897 438 2961 480 se
2990 424 3242 479 felicitur
3280 424 3598 497 imperare,
3634 426 3682 482 si

2028 508 2155 563 suis
2180 513 2592 569 sanctionibus
2623 513 2953 587 apostolica
2991 512 3429 569 confmderetur
3474 519 3683 571 aucto-

2028 598 2193 669 ritas,
2225 616 2410 672 quam
2441 603 2588 658 dum
2615 604 2676 658 in
2702 602 2877 658 nobis
2926 602 3265 675 suscipiunt
3295 618 3365 658 ac
3396 618 3686 659 veneran-

2025 689 2139 757 tur,
2170 689 2341 746 illum
2380 707 2444 746 se
2476 693 2782 764 suscipere
2813 691 3191 759 gratulantur
3215 691 3321 763 qui
3365 690 3680 764 discipulis

2024 777 2146 830 suis
2176 777 2457 850 loquitur,
2485 781 2690 837 dicens
2717 799 2728 835 :
2766 780 2880 847 Qui
2910 794 3012 836 vos
3059 781 3293 849 recipit,
3340 792 3433 835 me
3465 783 3680 850 recipit

2022 867 2287 937 (Matt/1.,
2317 870 2397 940 ι).
2446 870 2589 925 Hinc
2619 886 2649 925 e
2703 869 3003 925 contrario
3048 869 3123 926 de
3164 870 3684 942 contemptoribus

2021 956 2102 1011 ait
2125 974 2138 1011 :
2164 956 2279 1023 Qui
2302 973 2401 1014 vos
2425 960 2673 1028 spernit,
2707 973 2799 1015 me
2824 959 3054 1027 spernit
3086 958 3255 1029 (Luc.
3289 960 3367 1028 x).

2094 1046 2272 1113 Igitur
2293 1062 2452 1113 cum,
2487 1047 2642 1103 sicut
2674 1046 2900 1101 dictum
2930 1050 3036 1113 est,
3088 1046 3433 1118 apostolicae
3466 1046 3678 1102 sollici-

2023 1135 2213 1190 tudini
2240 1136 2592 1192 universalis
2626 1135 2895 1192 Ecclesiae
2916 1135 3142 1191 credita
3171 1136 3247 1191 sit
3274 1136 3673 1208 dispensatio,

2022 1229 2079 1279 et
2103 1240 2213 1295 pro
2243 1230 2594 1281 cunctorum
2620 1225 2890 1281 ﬁdelium
2922 1228 3077 1280 statu
3104 1230 3427 1296 perpetuas
3457 1229 3676 1281 nostra:

2023 1314 2403 1371 sollicitudini
2430 1316 2661 1385 vigilias
2703 1314 3074 1387 prrstendere
3123 1314 3459 1381 conveniat,
3488 1315 3679 1369 maxi-

2022 1420 2123 1459 ma
2147 1409 2350 1460 tamen
2381 1404 2687 1474 diligentia
2716 1419 2923 1458 curam
2951 1418 3160 1458 earum
3185 1402 3478 1458 debemus
3497 1402 3679 1457 eccle-

2023 1493 2250 1548 siarum
2286 1508 2509 1563 gerere,
2562 1506 2825 1565 quarum
2873 1492 3190 1564 specialius
3233 1491 3677 1563 providentiam

2022 1584 2171 1637 ratio
2204 1583 2464 1653 suscepti
2499 1580 2676 1638 oﬁicii
2717 1596 2753 1636 a
2792 1581 2968 1636 nobis
3004 1579 3179 1636 docet
3228 1580 3569 1649 agendam;
3613 1583 3678 1635 ut

2020 1686 2143 1727 non
2175 1671 2369 1728 solum
2391 1686 2462 1727 ea
2490 1686 2627 1743 quas
2656 1670 2945 1725 hactenus
2991 1669 3053 1724 in
3089 1684 3199 1725 suo
3239 1673 3397 1724 statu
3442 1682 3679 1741 perma-

2021 1766 2165 1817 nent
2192 1763 2547 1817 intemerata
2576 1765 2906 1823 serventur,
2940 1775 3144 1814 verum
3188 1774 3260 1814 ea
3315 1773 3452 1831 qum
3499 1757 3676 1830 lapsa

2022 1856 2161 1906 sunt
2191 1867 2224 1903 a
2251 1850 2463 1923 prioris
2486 1849 2696 1904 formae
2722 1848 3074 1917 dignitatem
3104 1847 3488 1903 reducantur.
3510 1846 3675 1902 Unde

2022 1945 2351 2008 cognoscat
2379 1939 2651 1994 omnium
2683 1938 3010 2010 praesulum
3039 1942 3385 1992 sanctorum
3405 1950 3513 2009 per
3547 1935 3674 1992 Gal-

2018 2028 2130 2084 lias
2158 2027 2661 2084 commorantium
2717 2026 3045 2081 reverenda
3098 2025 3450 2087 fraternitas,
3506 2022 3673 2095 quod

2019 2118 2106 2172 vir
2130 2116 2486 2172 venerabilis
2515 2116 2663 2181 Odo,
2687 2114 2878 2170 abbas
2912 2130 2985 2169 ex
3013 2114 3379 2169 monasterio
3409 2111 3671 2168 Corbeiaa

2016 2203 2336 2275 provincias
2368 2203 2712 2265 Galliarum,
2742 2203 2907 2274 quod
2940 2206 3027 2258 est
3047 2206 3457 2257 constructum
3482 2200 3542 2255 in
3572 2215 3669 2272 pa-

2017 2308 2094 2362 go
2121 2292 2513 2348 Ambianensi
2546 2308 2727 2364 super
2756 2292 3002 2346 fluvium
3052 2294 3334 2355 Summae,
3376 2289 3521 2345 adiit
3558 2304 3671 2343 nos

2014 2397 2121 2454 per
2151 2381 2549 2437 venerabilem
2584 2381 2931 2435 Anselnmm
2984 2380 3286 2443 abbatem,
3337 2384 3547 2451 petens
3607 2381 3673 2433 ut

2013 2476 2232 2528 nostrae
2271 2470 2637 2526 auctoritatis
2696 2469 3069 2541 privilegium
3132 2483 3313 2539 super
3362 2467 3668 2522 electionis

2011 2558 2271 2630 propriae
2300 2562 2479 2615 statu.
2498 2563 2552 2612 et
2575 2574 2774 2613 rerum
2802 2572 3050 2612 suarum
3072 2557 3261 2613 libera
3280 2556 3669 2628 possessione

2014 2662 2120 2701 seu
2171 2646 2618 2720 dispensatione
2647 2646 2935 2718 praedicto
2986 2646 3355 2700 monasterio
3406 2643 3669 2699 Corbeim

2012 2736 2500 2792 concederemus.
2535 2735 2800 2790 Ostendit
2828 2750 3072 2807 quoque
3126 2734 3303 2790 nobis
3362 2732 3671 2805 privilegia
3706 2774 3713 2781 .

2013 2825 2091 2881 ab
2116 2826 2418 2898 episcopis
2440 2824 2620 2891 edita,
2646 2840 2836 2880 unum
2869 2841 2903 2879 a
2933 2824 3189 2896 praesule
3211 2822 3599 2878 Ambianensi
3619 2834 3665 2885 b,

2011 2915 2090 2971 ad
2121 2916 2295 2985 cujus
2323 2914 2628 2969 dioecesim
2662 2913 2830 2967 locus
2858 2912 2953 2967 ille
2983 2914 3255 2983 pertinet,
3277 2920 3329 2966 et
3364 2911 3668 2982 coepisco-

1932 3035 1972 3091 Ο
2011 3005 2105 3076 pis
2136 3003 2258 3091 suis
2276 3002 2499 3057 factum
2523 3008 2702 3072 atque
2723 3000 3074 3055 roboratam
3086 3003 3216 3071 jam
3247 3000 3509 3091 antiquis
3522 3004 3667 3052 tem-

2008 3090 2295 3163 poribus;
2328 3095 2385 3144 et
2414 3089 2566 3144 alius
2598 3089 2676 3144 ab
2697 3089 3148 3159 archiepiscopo
3194 3085 3542 3142 Rhemensis
3567 3086 3667 3138 Ec-

2009 3180 2200 3236 clesiae
2234 3179 2551 3233 Hincmaro
2583 3182 2638 3232 et
2698 3177 3008 3231 universali
3057 3175 3309 3231 concilio
3354 3174 3665 3245 episcopo-

2007 3285 2143 3325 rum
2165 3267 2488 3324 Galliarum
2518 3265 2724 3337 paucis
2756 3264 3263 3321 intercedentibus
3283 3262 3457 3319 annis
3487 3276 3664 3316 cons~

2006 3358 2265 3429 criptum
2296 3360 2353 3411 et
2399 3353 2939 3426 subscriptionibus
2988 3354 3244 3425 propriis
3287 3353 3661 3417 roboratum,

2006 3444 2345 3519 petentibus
2376 3450 2439 3498 ut
2480 3444 2557 3498 ad
2585 3458 3005 3515 quoscunque,
3030 3443 3154 3497 sive
3184 3443 3500 3513 episcopos
3539 3439 3664 3493 sive

2006 3535 2256 3592 abbates
2287 3532 2643 3605 pervenerit,
2686 3531 3058 3587 subscribere
3085 3545 3210 3585 non
3240 3531 3579 3599 graventur.
3600 3530 3666 3581 In

2004 3624 2228 3698 quibus
2249 3621 2573 3695 privilegiis
2603 3621 2909 3677 decretum
2957 3626 3064 3687 est,
3096 3624 3160 3675 ut
3182 3618 3502 3692 praefatum
3530 3630 3664 3671 mo-

2004 3713 2336 3771 nasterium
2372 3710 2634 3768 Corbeite
2665 3715 2723 3765 ct
2744 3725 2947 3765 rerum
2973 3725 3223 3765 suarum
3240 3708 3491 3764 liberam
3514 3703 3667 3761 obti-

2005 3808 2188 3859 neant
2216 3800 2692 3856 dominationem
2722 3803 2779 3853 et
2820 3798 3077 3867 eligendi
3107 3797 3220 3853 sibi
3264 3796 3547 3851 abbatem
3586 3792 3663 3849 de

2006 3891 2129 3947 suis
2160 3904 2400 3961 semper
2444 3886 2710 3942 habeant
2757 3890 3133 3957 potestatem.
3184 3882 3660 3943 Contradictores

2007 3995 2146 4036 vero
2173 3984 2231 4034 et
2270 3979 2678 4049 repugnantes
2732 3974 2875 4029 huic
2908 3973 3220 4033 sanctioni
3278 3970 3659 4029 anathemate

2006 4071 2300 4142 perpetuo
2336 4064 2740 4122 damnandos.
2778 4066 2967 4137 Super
2996 4064 3127 4119 haec
3153 4068 3357 4119 autem
3378 4059 3658 4129 magniﬁ-

2008 4158 2060 4214 ci
2084 4154 2461 4229 imperatoris
2492 4153 2749 4210 Lotharii
2772 4157 2829 4209 et
2855 4152 3135 4209 Ludovici
3155 4169 3225 4209 ac
3250 4150 3477 4209 Caroli°
3492 4164 3662 4205 man-

2007 4247 2218 4305 datum
2250 4248 2429 4315 atque
2464 4242 2821 4315 supplicatio
2850 4242 3102 4299 accessit
3145 4241 3407 4313 idipsum
3457 4243 3661 4312 postu-

2006 4334 2203 4405 lantis,
2232 4332 2506 4390 videlicet
2532 4336 2598 4388 ut
2640 4332 3063 4404 episcoporum
3100 4330 3411 4404 privilegia
3450 4332 3663 4386 nostra

2008 4437 2251 4496 quoque
2280 4424 2631 4479 auctorttate
2660 4421 3061 4477 ﬁrmarentur.

2078 4516 2196 4570 Nos
2222 4511 2424 4583 itaque
2445 4514 2774 4575 cernentes,
2791 4510 3134 4581 religiosam
3157 4509 3283 4564 fore
3311 4506 3658 4579 postulatio-

2007 4617 2169 4667 nem,
2200 4614 2396 4673 neque
2416 4598 2495 4655 ab
2516 4599 2852 4671 apostolica
2882 4597 3278 4655 sollicitudine
3301 4598 3662 4668 praetereun-

2010 4691 2158 4746 dum
2213 4687 2380 4760 quod
2426 4703 2536 4759 pro
2580 4702 2892 4743 servorum
2939 4688 3044 4742 Dei
3083 4685 3303 4758 quiete,
3354 4688 3411 4739 et
3470 4681 3660 4737 sancti

2009 4777 2323 4852 pontiﬁces
2366 4775 2460 4847 pie
2513 4780 2864 4841 statuerunt,
2910 4779 2967 4831 et
3012 4773 3320 4843 magniﬁci
3360 4770 3662 4846 principes

2010 4863 2283 4933 religiose
2311 4862 2630 4932 rogabant,
2659 4867 2717 4919 et
2744 4862 2937 4919 abbas
2969 4861 3458 4933 congregationis
3505 4861 3663 4931 ejus-

2013 4955 2150 5010 dem
2180 4950 2525 5008 necessario
2553 4950 2919 5024 postulabat,
2940 4951 3284 5008 censuimus
3303 4950 3500 5021 rogati
3516 4965 3662 5006 con-

2012 5042 2222 5099 cedere
2250 5040 2419 5113 quod
2466 5040 2620 5096 ultro
2668 5040 2922 5098 decebat
2974 5042 3245 5098 nostram
3296 5040 3663 5113 postoralem

2014 5129 2473 5201 sollicitudinem
2495 5130 2795 5187 exhibere.

2085 5218 2490 5289 Cognovimus
2518 5220 2716 5282 etiam.
2733 5219 3020 5277 referente
3032 5219 3357 5277 venerabili
3381 5218 3666 5276 Anselmo

2014 5310 2233 5366 abbate
2262 5308 2630 5379 coenobium,
2650 5309 2726 5364 de
2748 5325 2872 5381 quo
2887 5310 3150 5380 agimus,
3182 5325 3219 5365 a
3249 5307 3667 5381 praecellentis-

2016 5399 2171 5455 sima
2198 5397 2564 5454 Francorum
2594 5398 2800 5467 regina
2812 5398 3102 5455 Balthilde
3116 5397 3395 5455 nobiliter
3410 5398 3673 5454 rediﬁca-

2012 5494 2166 5551 tum,
2180 5490 2238 5542 et
2251 5504 2289 5541 a
2302 5488 2512 5559 primm
2534 5485 2899 5543 fundationis
2916 5505 3041 5545 suae
3062 5492 3222 5544 statu
3237 5503 3376 5544 cum
3393 5487 3669 5543 nobilita-

2086 5598 2105 5623 '
2132 5592 2432 5666 Spicilegii
2456 5597 2602 5651 tom.
2631 5594 2729 5663 VI,
2754 5609 2894 5667 pag.
2927 5598 3051 5653 887.
