4106 6174
403 172 504 224 695

1473 177 1901 234 BENEDICTUS
1939 176 2009 229 IlI
2051 170 2313 226 ROMANI
2355 167 2743 230 PONTIFICIS

3721 174 3824 227 696

349 325 352 327 λ
404 295 458 348 te
493 298 841 350 sanctorum
874 312 1139 352 Virorum
1170 303 1227 354 et
1257 299 1935 370 religionismonachicte
1952 299 2055 355 ob-
2088 299 2135 351 Α
2171 300 2515 353 convertere
2547 303 2824 372 sumptus
2855 297 3275 372 praesumant?
3307 296 3362 353 Si
3395 297 3554 352 enim
3588 296 3835 354 clerico-

405 384 731 451 servantia;
759 388 886 440 tum
931 403 1174 460 quoque
1212 390 1556 463 principum
1586 396 1948 449 Francorum
1978 391 2059 446 fa—

409 472 565 527 voris
596 473 1015 543 praerogativa,
1050 480 1102 531 et
1134 479 1483 535 muniminis
1512 481 1879 554 protectione
1904 497 2058 535 sem-

404 576 512 634 per
539 559 832 617 ﬂoruisse.
866 565 995 628 Qua
1015 564 1090 620 de
1127 583 1188 622 re
1215 566 1436 624 factum
1469 574 1577 638 est,
1603 575 1668 626 ut
1697 576 1754 626 et
1780 569 2062 626 immuni-

405 654 557 706 tates
585 666 788 707 rerum
820 669 1090 722 suarum,
1123 661 1178 712 et
1206 657 1513 730 privilegia
1565 660 1822 730 eligendi
1871 659 2060 716 abba-

407 744 526 795 tem
582 756 795 796 omnes
837 743 888 796 ei
940 745 1354 815 concederent,
1412 764 1885 823 concessumque
1937 749 2061 804 fore

405 829 708 901 perpetuis
750 829 964 886 diebus
1008 834 1413 898 decernerent,
1459 854 1824 912 suarumque
1865 839 2060 894 muni-

408 922 614 974 menta
645 922 1102 978 concessionum
1160 924 1218 980 in
1274 925 1535 982 archivis
1590 929 1936 984 monasterii
1984 928 2062 984 ad

405 1007 761 1064 memoriam
801 1008 1136 1067 futurorum
1181 1014 1477 1072 servanda
1508 1021 1884 1089 reponerent.
1928 1017 2063 1082 Qui-

405 1095 520 1151 bus
543 1096 794 1165 cognitis
829 1100 1110 1155 omnibus
1167 1102 1334 1157 nefas
1365 1120 1496 1159 esse
1537 1105 1819 1160 duximus
1861 1106 1908 1160 si
1939 1122 2062 1161 non

407 1185 823 1254 religiosorum
857 1189 1197 1261 principum
1229 1192 1606 1249 devotionem
1638 1200 1974 1266 sequentes,
2009 1200 2065 1250 et

407 1278 751 1330 sanctorum
782 1278 1110 1348 praesulum
1143 1281 1418 1352 exempla
1449 1283 1822 1347 comitantes,
1846 1289 2064 1339 nostrae

407 1364 693 1420 cessionis
722 1367 1134 1422 auctoritatem
1166 1372 1529 1426 monasterio
1555 1372 1816 1428 Corbeiai
1847 1373 2063 1428 tribue-

405 1468 628 1518 remus,
654 1469 728 1509 ne
759 1454 864 1528 qui
896 1456 1070 1527 primi
1110 1463 1354 1530 propter
1384 1460 1723 1531 apostolicae
1766 1461 1922 1517 sedis
1952 1461 2066 1534 pri-

404 1546 638 1598 matum
669 1543 728 1598 in
757 1544 1165 1602 ecclesiasticis
1196 1549 1446 1617 negotiis
1477 1549 1868 1621 disponendis
1898 1551 2064 1606 inve-

2168 402 2324 451 rum,
2353 388 2456 458 qui
2481 388 2555 443 de
2583 390 2844 461 propriis
2873 389 3188 444 abundant
3218 387 3525 457 reditibus,
3558 403 3834 444 commu-

2169 475 2388 531 nicatio
2419 477 2769 548 prohibetur
2794 494 2932 534 cum
2951 478 3034 533 eis
3063 493 3199 549 quae
3226 476 3614 533 conferuntur
3640 477 3832 534 eccle-

2170 564 2290 630 sise,
2325 564 2550 620 nedum
2579 565 2662 620 illi
2689 565 3043 638 acceperint,
3077 565 3180 637 qui
3228 565 3303 622 de
3333 563 3591 637 propriis
3641 565 3837 622 abun-

2169 653 2334 719 dant,
2357 669 2566 709 eorum
2594 654 2698 727 qui
2727 655 2898 710 nihil'
2920 654 3148 710 habent
3171 653 3378 727 inopia
3405 669 3529 708 non
3567 653 3832 724 levetur;

2169 758 2291 814 qua
2319 743 2663 800 conscentia
2683 745 3008 817 episcopus
3035 759 3156 798 sua:
3197 741 3538 815 sumptibus
3563 743 3837 800 ecclesiae

2172 830 2497 900 sufﬁciens,
2522 849 2658 905 quae
2691 849 3003 888 servorum
3030 832 3133 886 Dei
3157 832 3375 888 fuerint
3409 831 3619 887 usibus
3649 831 3835 889 colla-

2172 923 2229 977 ta
2258 927 2585 994 praesumat
2633 923 3018 992 contingere?
3070 925 3183 978 Nec
3225 926 3458 977 veretur
3517 921 3684 994 quod
3721 937 3840 994 per

2170 1011 2526 1082 prophetam
2570 1011 2860 1067 Dominus
2905 1011 3229 1084 exprobrat
3276 1009 3688 1067 sacerdotibus
3736 1011 3838 1068 di-

2169 1115 2350 1154 cens:
2397 1101 2636 1169 Rapina
2660 1103 2953 1171 pauperis
3002 1102 3064 1156 in
3105 1100 3376 1157 domibus
3431 1101 3639 1156 vestris
3685 1102 3834 1172 (Isa.

2169 1194 2276 1255 ιιι).
2310 1191 2608 1261 Pauperes
2655 1191 2816 1246 enim
2847 1190 3056 1246 Christi
3087 1205 3219 1246 esse
3249 1189 3386 1262 quis
3437 1189 3679 1259 nesciat,
3717 1192 3838 1262 qui

2171 1283 2619 1334 contemnentes
2649 1279 3049 1336 substantiam
3079 1279 3311 1347 mundi,
3339 1277 3656 1335 Salvatoris
3684 1295 3836 1335 nos-

2170 1369 2243 1422 tri
2267 1368 2514 1438 vestigia
2546 1373 2860 1438 sectantes,
2882 1369 3142 1442 quicum
3168 1374 3313 1424 esset
3342 1367 3503 1424 dives
3519 1383 3634 1437 pro
3658 1369 3837 1426 nobis

2167 1474 2401 1529 pauper
2429 1461 2670 1529 effectus
2699 1466 2784 1516 est
2815 1461 2900 1528 (ΙΙ
2934 1461 3070 1516 Cor.
3094 1460 3233 1531 Vill),
3268 1463 3490 1515 sanctae
3513 1459 3839 1530 professio-

2171 1549 2265 1603 nis
2294 1549 2529 1604 titulum
2560 1549 2670 1605 sibi
2701 1549 2938 1606 divitias
2970 1549 3335 1606 arbitrantur
3356 1551 3382 1605 ?

405 1630 519 1686 niri
547 1631 898 1700 debeamus,
924 1634 1037 1707 ipsi
1065 1637 1419 1705 posteriores
1448 1640 1851 1710 reperiamur;
1880 1643 1937 1696 et
1959 1639 2065 1712 qui
2101 1655 2142 1706 Β
2247 1637 2526 1710 Quisquis
2546 1639 2724 1708 igitur
2745 1638 2971 1711 aliquid
3002 1639 3220 1695 horum
3244 1654 3381 1710 quae
3403 1637 3623 1694 fuerint
3639 1639 3718 1694 ad
3730 1654 3837 1694 ne-

408 1720 487 1775 ad
509 1737 819 1778 servorum
874 1724 974 1778 Dei
1003 1725 1261 1796 quietem
1301 1727 1780 1799 comparandam
1833 1728 2065 1784 caeteris

407 1810 773 1866 auctoritatis
799 1811 1003 1868 lumen
1025 1819 1307 1885 priestare
1355 1816 1631 1889 exemplo
1661 1820 1866 1873 nostro
1891 1817 2069 1888 jube-

405 1915 563 1963 mur,
621 1900 902 1974 loquente
971 1905 1245 1972 Domino,
1330 1907 1435 1961 Vos
1492 1908 1628 1963 estis
1687 1908 1798 1962 tux
1858 1895 2074 1963 mundi

409 1989 651 2056 (Matth.
682 1991 765 2061 v),
797 1991 913 2063 ipsi
939 2008 1046 2065 per
1071 1993 1445 2064 negligentiae
1495 1999 1762 2067 teporem
1818 1995 2066 2051 minime

411 2078 557 2134 boni
585 2079 783 2153 operis
815 2080 1110 2152 fulgorem
1138 2083 1267 2138 aliis
1298 2084 1700 2156 prtrbeamus.

482 2171 612 2234 Qua
641 2169 715 2226 de
767 2187 830 2226 re
869 2173 1100 2229 noverit
1129 2174 1326 2229 omnis
1373 2174 1632 2230 Ecclesia
1663 2173 1985 2230 Galliarum
2013 2180 2070 2231 et

411 2258 725 2316 universus
758 2260 1182 2336 episcoporum
1213 2268 1400 2320 coetus
1431 2265 1621 2320 eidem
1640 2263 1904 2320 Fcclesiae
1921 2281 2070 2336 prte-

412 2347 760 2417 sidentium,
791 2352 955 2424 quod
978 2352 1290 2424 privilegia
1338 2359 1680 2410 sanctorum
1714 2354 2064 2426 praesulum,

414 2437 536 2492 sive
562 2454 696 2510 quae
727 2439 942 2494 diebus
959 2441 1244 2514 antiquis,
1271 2443 1395 2498 sive
1426 2459 1563 2514 qum
1595 2443 1887 2499 moderno
1917 2447 2064 2500 tem-

411 2540 557 2597 pore
583 2531 750 2596 gesta
773 2533 931 2595 sunt,
946 2531 1308 2586 monasterio
1327 2531 1612 2599 Corbeiae,
1629 2532 1795 2604 quod
1811 2537 1903 2588 est
1923 2549 2067 2590 con-

416 2616 677 2669 tructum
707 2615 769 2670 in
799 2631 958 2686 pago
994 2617 1381 2674 Ambianensi
1418 2635 1598 2692 super
1619 2620 1870 2677 ﬂuvium
1904 2624 2072 2678 Sum-

388 2717 602 2776 ,mam,
625 2703 687 2758 in
734 2705 962 2761 honore
1007 2712 1352 2764 sanctorum
1389 2709 1801 2782 apostolorum
1838 2715 1987 2769 Petri
2015 2718 2070 2770 et

417 2790 607 2862 Pauli,
637 2796 694 2849 et
713 2794 907 2850 sancti
943 2795 1226 2869 Stephani
1273 2799 1750 2872 protomartyris,
1788 2803 2067 2874 praesenti

415 2880 782 2937 auctoritatis
806 2889 1026 2940 nostra
1056 2885 1249 2942 edicto
1277 2887 1635 2943 roboramus
1661 2907 1673 2956 ;
1698 2889 1760 2944 id
1781 2895 1870 2945 est
1888 2895 1952 2946 ut
1975 2907 2070 2945 res

2179 1727 2478 1782 cessitates
2532 1743 2742 1783 eorum
2796 1727 3013 1784 collata
3070 1727 3536 1800 praesumpserit,
3592 1733 3652 1783 et
3709 1727 3837 1783 suis

2179 1816 2514 1871 commodis
2546 1815 2916 1888 applicuerit,
2945 1816 3224 1889 rapinam
3253 1815 3316 1870 in
3353 1815 3608 1871 domum
3657 1832 3837 1872 suam

2179 1905 2253 1960 de
2283 1905 2619 1961 substantia
2647 1906 2934 1979 pauperis
2959 1910 3304 1977 congregat.
3341 1905 3554 1961 Omnia
3588 1921 3838 1979 quoque

2178 2009 2313 2066 quae
2347 1994 2770 2050 suntecclesiis
2805 1993 3008 2051 oblata
3055 1993 3150 2050 vel
3191 1993 3465 2064 delegata
3518 1993 3578 2049 in
3609 2009 3838 2067 paupe-

2178 2100 2333 2146 rum,
2362 2083 2752 2156 pupillorum,
2775 2085 3117 2150 viduarum,
3152 2089 3380 2139 certum
3400 2087 3489 2140 est
3507 2083 3838 2140 necessita-

2178 2177 2265 2228 tes
2320 2173 2639 2230 destinata.
2674 2175 2868 2240 Quare
2898 2173 3175 2246 quisquis
3228 2189 3300 2228 ex
3349 2172 3441 2228 his
3499 2171 3728 2244 aliquid
3775 2173 3839 2228 in

2179 2279 2320 2318 suas
2349 2263 2627 2320 utilitates
2656 2264 2855 2335 exigit,
2878 2263 3155 2336 rapinam
3186 2261 3470 2335 pauperis
3498 2262 3559 2318 in
3580 2262 3835 2318 domum

2179 2370 2351 2409 suam
2383 2359 2729 2424 congestam
2779 2353 3020 2410 detinet.
3057 2357 3122 2409 Et
3175 2352 3481 2425 apostolos
3521 2354 3636 2407 ait:
3681 2352 3833 2418 Quia

2179 2457 2427 2511 rapaces
2457 2458 2707 2513 regnum
2746 2444 2852 2499 Dei
2891 2457 3009 2498 non
3035 2443 3422 2512 possidebunt
3469 2442 3522 2511 (Ι
3555 2441 3688 2496 Cor.
3722 2441 3821 2510 v1).

2180 2531 2344 2587 Unde
2371 2531 2450 2588 ab
2481 2532 2764 2588 omnibus
2791 2548 2925 2604 quae
2984 2530 3352 2587 monasterio
3397 2527 3647 2586 Corbeiaa
3701 2527 3823 2583 fue-

2180 2621 2316 2690 rint,
2351 2620 2443 2677 vel
2463 2621 2688 2684 oblata,
2711 2621 2805 2676 vel
2836 2636 3201 2694 quocunque
3230 2619 3490 2691 legitimo
3528 2618 3660 2689 jure
3688 2633 3831 2689 pos-

2182 2726 2370 2779 sessa,
2399 2711 2459 2765 in
2504 2709 2795 2782 pecuniis,
2828 2710 2889 2766 in
2943 2709 3124 2779 agris,
3156 2709 3217 2764 in
3267 2707 3524 2781 praediis,
3555 2707 3614 2761 in
3642 2704 3841 2762 domi-

2179 2799 2318 2866 bus,
2348 2800 2407 2854 in
2439 2799 2624 2866 cellis,
2660 2803 2764 2855 aut
2792 2798 3074 2866 ecclesiis,
3094 2798 3240 2854 nihil
3269 2814 3340 2854 ex
3370 2797 3455 2852 eis
3476 2795 3587 2851 sibi
3600 2810 3841 2868 praesu-

2182 2893 2307 2944 mat
2336 2892 2439 2944 aut
2486 2888 2830 2960 episcopus,
2891 2891 2995 2944 aut
3035 2887 3380 2960 quicunque
3427 2884 3844 2940 ministrorum

415 2971 790 3042 monasterii,
824 2973 947 3029 sive
977 2991 1351 3049 quaecunque
1379 2993 1415 3033 a
1439 2977 1716 3034 ﬁdelibus
1735 2979 1935 3036 oblata
1949 2980 2071 3037 fue-
2103 3011 2143 3066 ρ
2185 2978 2334 3049 ejus,
2378 2994 2452 3034 ne
2483 2982 2692 3034 contra
2721 2983 2995 3034 nostram
3024 2982 3081 3033 et
3097 2977 3398 3048 majorum
3423 2974 3846 3031 auctoritatem

416 3058 536 3114 rint
564 3059 684 3115 Deo
716 3065 774 3116 et
821 3065 1269 3135 congregationi
1299 3066 1549 3123 fratrum
1580 3068 1806 3125 ibidem
1839 3071 2071 3126 Christo

421 3147 865 3218 famulantium,
897 3152 955 3208 in
1004 3153 1392 3227 dispositione
1433 3157 1668 3214 abbatis
1709 3164 1765 3216 et
1820 3160 2071 3216 fratrum

417 3241 704 3293 maneant
730 3256 743 3306 ;
775 3255 972 3313 neque
997 3243 1316 3317 episcopus
1337 3246 1772 3310 Ambianensis,
1795 3247 1874 3304 ad
1903 3249 2075 3320 cujus

417 3324 724 3382 dioecesim
766 3330 1112 3387 coenobium
1143 3333 1288 3389 illud
1317 3336 1575 3408 respicit,
1608 3337 1835 3410 aliquid
1860 3339 2074 3394 exinde

419 3420 772 3488 praesumat,
805 3423 909 3473 aut
961 3420 1176 3492 aliquis
1227 3423 1671 3496 episcoporum,
1721 3443 1978 3498 quorum
2013 3429 2075 3484 in

419 3505 724 3575 parochiis
764 3521 859 3561 res
901 3512 1005 3563 aut
1035 3509 1316 3565 basilicas
1355 3512 1578 3568 habere
1606 3522 2072 3582 cognoscuntur,

420 3607 616 3665 neque
647 3595 708 3649 in
733 3595 912 3664 agris,
940 3596 1112 3663 villis,
1144 3598 1408 3670 praediis,
1433 3606 1535 3657 aut
1583 3603 1642 3657 in
1673 3603 1764 3657 his
1791 3606 2075 3661 omnibus

421 3696 557 3752 quae
582 3683 660 3738 ad
676 3683 778 3753 jus
809 3689 864 3740 et
885 3685 1358 3759 dominationem
1385 3705 1593 3745 eorum
1615 3693 1959 3764 respiciunt,
1977 3700 2079 3752 aut

423 3769 764 3843 episcopus,
797 3778 902 3828 aut
927 3791 1297 3842 oeconomus,
1329 3795 1434 3833 seu
1471 3779 2081 3854 archipresbyter,aut

424 3860 904 3932 archidiaconus,
930 3869 1034 3919 aut
1058 3865 1304 3936 quilibet
1353 3869 1758 3926 ministrorum
1794 3888 1897 3928 seu
1932 3890 2078 3945 pree-

424 3949 758 4017 positorum
787 3953 916 4022 ejus
945 3959 1049 4010 aut
1071 3963 1402 4014 conventus
1424 3959 1662 4028 faciant,
1689 3966 1790 4016 aut
1807 3964 2080 4022 convivia

426 4043 790 4107 praeparent,
821 4045 924 4097 aut
957 4043 1185 4116 aliquid
1231 4049 1545 4118 potestatis
1588 4050 1723 4120 jure
1754 4050 1866 4106 sibi
1893 4053 2082 4109 vindi-

426 4128 581 4212 cent,
613 4130 717 4182 aut
745 4129 985 4198 exigant
1009 4133 1392 4192 vindicanda.
1441 4140 1557 4193 Hac
1587 4155 1829 4212 quoque
1870 4141 2079 4197 condi-

428 4210 606 4268 tionis
634 4213 764 4285 lege
797 4233 1007 4276 omnes
1037 4222 1301 4297 episcopi
1341 4241 1402 4281 se
1433 4210 1750 4282 conveniri
1779 4231 2074 4302 noverint,

427 4316 688 4372 quorum
720 4310 1037 4378 parochias
1062 4328 1155 4369 res
1187 4313 1555 4371 Corbeiensis
1584 4319 1927 4374 monasterii
1959 4336 2076 4375 res-

425 4390 623 4462 picere
653 4405 1129 4466 cognoscuntur:
1161 4418 1271 4458 nec
1299 4419 1542 4471 novum,
1571 4420 1681 4461 nec
1725 4406 2076 4466 inusitatum

429 4487 708 4571 causetur
736 4486 1061 4561 quisquam
1088 4491 1217 4547 fore
1246 4494 1412 4564 quod
1457 4493 1855 4565 decernimus,
1888 4515 2079 4571 quan-

429 4569 759 4645 doquidem
815 4583 872 4633 et
899 4578 1037 4636 huic
1069 4582 1344 4638 coenobio
1375 4588 1606 4640 constat
1635 4585 1779 4642 olim
1805 4569 1932 4658 jam
1965 4589 2079 4645 hoc

430 4675 808 4737 concessum,
836 4672 893 4724 et
918 4670 1120 4727 multis
1141 4671 1272 4728 aliis
1305 4688 1427 4729 non
1461 4673 1656 4730 solum
1685 4675 1746 4730 in
1776 4675 1962 4734 Gallia
1990 4678 2082 4735 vel

428 4749 492 4805 in
521 4752 706 4820 Italia,
739 4772 949 4814 verum
983 4765 1105 4817 toto
1137 4766 1442 4819 terranum
1492 4764 1654 4831 orbe,
1698 4781 1821 4822 non
1879 4767 2076 4824 solum

428 4841 892 4926 monachorum,
943 4864 1154 4905 verum
1186 4853 1632 4922 ,canonicorum
1673 4857 2075 4926 monasteriis,

427 4925 726 4998 hodieque
757 4935 1161 5004 conspicimus
1191 4957 1435 4998 manere
1478 4943 1777 5000 indultum
1805 4965 1815 5001 :
1850 4951 1907 5002 et
1931 4925 2080 5004 una-

426 5029 684 5107 quaeque
738 5019 988 5078 ecclesia
1051 5025 1230 5083 debet
1285 5047 1529 5089 manere
1585 5033 1706 5089 suis
1753 5035 2076 5107 privilegiis

426 5105 724 5193 contenta,
757 5122 865 5163 nec
901 5109 979 5166 ab
1026 5113 1143 5169 alia
1172 5113 1331 5190 [alio]
1358 5122 1604 5192 pervadi
1651 5105 2075 5193 Vel—usurpari,

424 5191 589 5261 quod
615 5192 854 5252 alterius
888 5199 1038 5269 juris
1067 5217 1199 5260 esse
1229 5191 1611 5282 conspicitur.

495 5282 763 5368 Cumque
781 5286 1101 5348 Galliarum
1128 5299 1500 5368 permaxime
1512 5299 1790 5356 ecclesias
1806 5297 2076 5356 ﬁdelium

422 5367 838 5430 collationibus
867 5394 904 5434 a
927 5381 1047 5438 Deo
1069 5367 1297 5444 constet
1316 5404 1448 5445 esse
1470 5389 1778 5453 ditatas,ut
1799 5402 1980 5442 nemo
1999 5389 2080 5444 sit

419 5455 538 5512 fere
567 5459 1010 5541 episcoporum,
1042 5475 1138 5530 cui
1169 5493 1294 5533 suae
1339 5481 1614 5549 sumptus
1644 5475 1901 5532 ecclesiae
1932 5479 2076 5533 satis

419 5563 720 5624 superque
736 5570 858 5612 non
874 5560 1370 5637 sui‘ﬁciant,cujus
1388 5567 1580 5635 gratia
1592 5566 2071 5636 necessitudinis,

423 5651 554 5710 quae
582 5655 894 5708 servorum
923 5649 1131 5712 Christi
1162 5659 1301 5713 sunt
1329 5654 1545 5712 usibus
1571 5657 1808 5725 collata,
1840 5657 1902 5716 in
1933 5673 2088 5736 δυο-ἵ

2183 3066 2426 3136 faciens,
2442 3081 2650 3136 regum
2665 3082 2910 3139 quoque
2935 3065 3169 3122 decreta
3189 3080 3295 3137 per
3310 3079 3627 3120 servorum
3643 3062 3847 3120 Chris-

2187 3157 2227 3212 ti
2266 3156 2463 3229 quiete
2495 3156 2818 3213 constituta
2847 3162 3258 3224 contemnens,
3305 3169 3476 3210 reum
3533 3169 3597 3209 se
3652 3151 3847 3209 sancti

2183 3245 2414 3302 concilii
2435 3251 2492 3302 et
2520 3250 2822 3319 perpetuae
2843 3243 3248 3301 damnationis
3279 3242 3514 3300 efﬁciat.

2255 3339 2321 3390 Et
2339 3335 2630 3408 quoniam
2661 3334 2944 3390 monachi
2969 3331 3410 3406 tranquillitatis
3441 3334 3852 3404 pacem,etse-

2183 3425 2448 3480 curitatis
2478 3425 2665 3480 otium
2686 3424 2909 3480 habere
2921 3423 3232 3491 dcbent,ut
3257 3425 3376 3478 Deo
3401 3424 3689 3478 vacantes
3709 3435 3854 3494 pro-

2183 3514 2457 3569 fessionis
2490 3530 2612 3569 suae
2637 3513 2907 3583 regulam
2935 3512 3173 3569 valeant
3193 3512 3532 3577 observare,
3554 3526 3669 3565 nec
3691 3510 3854 3582 epis-

2184 3619 2397 3675 copus,
2423 3619 2532 3658 nec
2559 3602 3021 3658 archidiaconus
3051 3603 3182 3672 ejus
3203 3600 3491 3657 accedant
3517 3597 3593 3654 ad
3619 3597 3853 3670 praefa-

2184 3698 2311 3748 tum
2345 3691 2792 3757 monasterium,
2825 3707 2935 3748 nec
2965 3705 3274 3746 servorum
3307 3688 3406 3743 Dei
3430 3686 3696 3760 quietem
3711 3702 3852 3758 per-

2189 3781 2430 3838 turbare
2469 3784 2870 3853 praesumant;
2894 3779 3008 3835 nisi
3030 3779 3176 3835 forte
3203 3784 3308 3835 aut
3337 3775 3550 3842 abbas,
3585 3780 3694 3830 aut
3733 3773 3855 3832 fra-

2188 3876 2306 3926 tres
2341 3870 2594 3941 alicujus
2626 3869 2892 3926 utilitatis
2923 3869 3112 3939 gratia
3128 3883 3267 3924 eum
3283 3881 3496 3922 vocare
3524 3864 3852 3932 voluerint;

2192 3959 2341 4016 alias
2367 3976 2476 4016 nec
2503 3959 2565 4015 in
2595 3959 2902 4030 abbatem,
2928 3973 3033 4014 nec
3068 3958 3129 4012 in
3161 3955 3424 4028 aliquem
3451 3954 3527 4010 de
3558 3952 3850 4009 fratribus

2191 4050 2527 4122 quidquam
2557 4048 2864 4122 potestatis
2895 4046 3182 4114 obtineat,
3215 4059 3411 4117 neque
3459 4059 3569 4116 per
3610 4041 3846 4114 episco-

2185 4139 2386 4213 palem
2411 4139 2634 4194 fastum
2657 4137 2883 4211 aliquid
2909 4136 2969 4192 in
2996 4152 3098 4192 eos
3126 4136 3178 4191 ei
3194 4134 3384 4202 liceat;
3406 4147 3618 4188 verum
3648 4129 3851 4187 abbas

2189 4228 2521 4284 secundum
2552 4226 2825 4296 regulam
2849 4225 3037 4282 sancti
3069 4221 3369 4280 Benedicti
3401 4217 3854 4294 (Cap.65)libe-

2187 4333 2320 4372 ram
2351 4315 2696 4371 monasterii
2727 4315 2818 4370 sui
2848 4314 3069 4370 habeat
3083 4315 3536 4386 potestatem,et
3558 4307 3858 4364 monachi

2189 4406 2267 4462 ad
2289 4408 2418 4478 ejus
2437 4410 2726 4477 tanquam
2748 4404 2822 4460 ad
2848 4403 3106 4476 pastoris
3126 4401 3219 4457 sui
3241 4397 3628 4456 solummodo
3651 4397 3858 4470 respi-

2187 4496 2346 4552 ciant
2377 4493 2896 4565 gubernationem,
2928 4507 3039 4548 nec
3065 4489 3405 4564 episcopale
3447 4485 3857 4542 ministerium

2187 4584 2412 4658 aliquid
2434 4583 2674 4639 ditionis
2696 4598 2876 4655 super
2902 4597 3004 4637 eos
3021 4579 3290 4637 obtineat
3308 4580 3362 4645 (1
3367 4577 3508 4641 bid.,
3528 4593 3581 4632 c.
3603 4576 3857 4646 2).Quo-

2185 4677 2348 4733 niam
2378 4691 2519 4731 cum
2548 4673 2742 4730 abbas
2773 4673 2929 4728 vices
2950 4670 3163 4727 Christi
3186 4670 3247 4725 in
3264 4665 3635 4724 monasterio
3655 4664 3859 4720 credi-

2185 4770 2281 4823 tur
2308 4781 2507 4836 agere,
2560 4762 2819 4836 pastoris
2863 4759 3129 4816 ofﬁcium
3184 4773 3366 4830 super
3417 4754 3676 4811 creditas
3739 4753 3865 4809 sibi

2185 4872 2325 4910 oves
2349 4854 2571 4909 habere
2601 4849 3011 4921 cognoscitur:
3032 4852 3215 4920 utque
3231 4841 3699 4917 dispensationis
3727 4858 3867 4898 suae

2184 4941 2580 4998 ministerium
2607 4953 2881 4994 exercere
2910 4934 3230 5008 praevaleat
3258 4933 3458 5004 digne,
3485 4928 3715 4986 nullius
3751 4931 3866 4986 de-

2183 5031 2284 5087 bet
2310 5027 2652 5103 pertuabari
2687 5029 2981 5098 potestate
3025 5022 3354 5093 subjectus,
3388 5019 3494 5075 sed
3546 5017 3626 5073 ab
3682 5019 3868 5074 omni

2183 5117 2514 5192 episcopali
2535 5115 2684 5171 liber
2711 5112 3142 5182 dominatione,
3162 5110 3461 5167 Christum
3483 5113 3871 5164 tantummo—

2183 5209 2262 5264 do
2274 5206 2542 5278 judicem
2573 5203 2880 5269 sustineat,
2900 5201 3006 5274 qui
3022 5200 3368 5257 redditurus
3393 5201 3482 5253 est
3509 5196 3585 5252 de
3610 5196 3872 5252 creditis

2184 5295 2298 5352 sibi
2325 5293 2541 5352 ovibus
2571 5291 2888 5347 rationem.
2919 5291 3296 5362 Quapropter
3325 5285 3526 5342 modis
3556 5284 3869 5340 omnibus

2184 5387 2521 5450 statuimus;
2541 5388 2606 5438 ut
2617 5381 2941 5454 episcopus
2954 5379 3250 5434 adventus
3265 5376 3357 5431 sui
3372 5373 3695 5448 praesentia
3724 5390 3868 5430 mo-

2183 5474 2425 5532 nasterii
2442 5471 2937 5544 tranquillitatem
2950 5485 3073 5524 non
3086 5467 3506 5540 inquietetmee
3526 5463 3767 5536 aliquid
3805 5465 3864 5519 in

2183 5581 2253 5621 eo
2275 5561 2603 5636 episcopali
2632 5565 2924 5633 potestate
2959 5560 3153 5614 facere
3176 5559 3642 5628 praesumatmec
3667 5552 3868 5608 fratri-

2180 5654 2296 5715 bus
2325 5655 2431 5710 aut
2459 5650 2666 5709 abbati
2699 5650 2887 5709 ullam
2913 5646 3385 5713 molestiam,aut
3415 5640 3865 5714 inquietudini:
