4092 6176
206 246 306 307 697

203 371 712 447 perturbationem
739 371 991 438 ingerat.
1019 370 1190 436 Quod
1209 370 1256 425 si
1287 369 1506 425 violare
1527 381 1863 441 praesump-

203 462 354 531 serit,
389 476 512 516 non
563 460 828 532 pastoris
854 459 1140 526 ofﬁcium,
1205 460 1310 514 sed
1361 457 1653 514 eversoris
1685 461 1862 528 atque

203 548 648 606 conturbatoris
702 547 986 604 Dominici
1035 547 1232 616 gregis
1291 547 1523 604 noverit
1552 561 1612 600 se
1641 545 1863 614 agitare

202 638 619 712 tyrannidem:
651 654 719 693 ac
744 653 848 710 per
889 637 1001 692 hoc
1031 652 1151 692 non
1194 642 1259 692 ut
1302 643 1508 710 pastor
1539 635 1862 707 suscipien-

206 727 346 788 dus,
371 743 584 783 verum
615 731 902 799 tanquam
943 725 1123 798 lupus
1158 725 1236 780 ab
1267 726 1405 781 ovili
1435 725 1640 780 Christi
1671 738 1861 778 remo-

207 815 462 882 vendus,
489 815 887 871 damnationis
919 831 1042 869 sure
1068 830 1278 886 ptenas
1304 813 1698 870 anathematis
1728 829 1861 867 mu-

211 920 389 960 crone
414 920 728 977 percussus
759 904 1034 975 excipiat.
1069 903 1293 958 Altaria
1323 919 1464 957 vero
1521 918 1625 958 seu
1665 901 1863 957 basili-

211 1009 310 1048 cas
341 993 399 1048 in
450 992 806 1048 monasterio
829 997 1077 1061 rogatus
1115 991 1192 1046 ab
1243 991 1458 1047 abbate
1490 1007 1599 1062 pro
1653 988 1865 1047 Christi

204 1081 446 1137 nomine
467 1086 766 1135 consecret
783 1086 964 1152 atque
985 1080 1601 1136 benedicat.Chrisma
1617 1094 1864 1152 quoque

200 1169 326 1224 sive
347 1169 827 1225 sanctiﬁcationis
854 1171 1059 1224 oleum
1100 1169 1350 1238 singulis
1379 1169 1549 1224 annis
1577 1167 1860 1240 praebeat.

198 1257 311 1313 Sed
338 1258 443 1312 etsi
469 1273 653 1329 quem
685 1257 924 1329 petierit
955 1257 1147 1312 abbas
1180 1261 1284 1312 aut
1309 1257 1382 1312 de
1421 1256 1734 1311 monachis
1763 1259 1866 1311 aut

190 1344 265 1400 de
297 1345 602 1401 canonicis
639 1346 763 1401 suis
806 1346 885 1401 ad
928 1345 1189 1418 aliquem
1221 1345 1475 1414 gradum
1507 1344 1864 1400 ecclesiasti-

189 1450 332 1489 cum
387 1433 894 1504 consecrandum,
927 1434 1268 1490 nullatenus
1322 1434 1709 1502 contradicat,
1752 1435 1865 1494 nisi

186 1521 341 1577 forte
368 1523 416 1577 is
448 1538 556 1595 pro
584 1540 709 1596 quo
735 1523 979 1596 petitur,
1014 1523 1299 1592 indignus
1333 1523 1433 1578 tali
1465 1523 1693 1578 honore
1715 1523 1864 1577 veri-

188 1611 330 1666 tatis
359 1612 702 1667 testimonio
733 1611 1218 1684 deprehendatur
1243 1629 1256 1666 :
1287 1612 1576 1683 quoniam
1596 1611 1746 1666 sicut
1771 1612 1861 1666 di-

1721 237 2102 295 EPlSTOLJE.

3526 254 3631 309 698

1975 383 2184 424 verum
2215 371 2394 426 etiam
2443 371 2622 426 divini
2672 370 2823 440 juris
2854 371 3070 426 noxius
3121 376 3370 444 tenetur,
3419 379 3475 430 et
3503 391 3626 433 non

1975 455 2169 512 solum
2225 460 2477 531 raptoris
2531 464 2634 514 aut
2699 461 3034 532 pervasoris
3099 460 3366 531 crimine,
3416 480 3624 520 verum

1973 544 2150 600 etiam
2182 547 2473 618 sacrilegii
2504 551 2644 604 nota
2696 547 3102 614 damnandus,
3137 549 3357 604 ccelesti
3397 550 3625 622 judicio

1973 633 2376 690 mulctabitur.

2047 722 2210 777 Unde
2242 723 2542 793 magniﬁci
2569 724 2867 796 principes
2891 725 3147 794 cogitent
3168 731 3395 797 quanto
3421 743 3483 784 se
3515 729 3624 784 cri-

1972 809 2134 864 mine
2165 817 2301 866 ante
2327 817 2714 884 conspectum
2742 812 2959 868 divinte
2991 815 3315 885 majestatis
3339 815 3625 887 obligent,

1973 899 2076 970 qui
2106 915 2199 953 res
2234 903 2345 954 Deo
2378 901 2622 956 traditas
2667 901 2966 968 invadere,
3001 907 3057 980 et
3085 903 3164 958 ab
3220 904 3626 961 ecclesiasticis

1974 987 2184 1042 usibus
2216 989 2275 1044 in
2309 1005 2450 1044 suas
2497 989 2769 1044 utilitates
2805 997 3146 1046 convertere
3172 1007 3292 1047 non
3326 999 3621 1050 metuunt.

1977 1076 2033 1132 Si
2049 1093 2191 1133 vero
2219 1078 2589 1150 privatorum
2608 1079 2886 1150 quamvis
2899 1079 3297 1148 ingenuorum
3310 1083 3626 1141 hominum

1976 1169 2175 1220 tamen
2207 1167 2616 1238 possessiones
2641 1167 2860 1238 injuste
2889 1169 3280 1239 pervaserint,
3306 1176 3482 1244 atque
3503 1173 3625 1228 vio-

1973 1254 2160 1309 lenter
2211 1255 2578 1317 abstulerint,
2609 1272 2731 1311 non
2777 1272 2968 1327 reges,
2995 1257 3055 1312 id
3093 1262 3199 1327 est,
3228 1259 3369 1328 justi
3399 1264 3454 1316 et
3501 1277 3626 1317 mo-

1975 1342 2147 1407 desti,
2179 1344 2282 1398 sed
2313 1345 2568 1416 tyranni,
2600 1345 2661 1400 id
2687 1350 2797 1414 est,
2830 1345 3099 1400 crudeles
3129 1351 3186 1401 et
3204 1347 3392 1419 iniqui
3411 1363 3628 1405 vocan-

1976 1437 2070 1486 tur
2098 1437 2154 1487 et
2182 1433 2513 1489 habentur:
2553 1450 2674 1506 quo
2705 1434 2970 1501 nomine,
3014 1451 3211 1506 quove
3238 1435 3464 1491 honore
3495 1453 3628 1493 cen-

1975 1520 2143 1575 sendi
2177 1526 2337 1590 sunt,
2365 1523 2467 1594 qui
2490 1522 2757 1577 divinam
2789 1523 3293 1589 haereditatem,id
3321 1529 3410 1579 est
3431 1525 3626 1581 Eccle-

1974 1609 2074 1663 siae
2106 1609 2315 1664 Christi
2345 1610 2786 1682 possessionem
2816 1611 3035 1681 injuste
3067 1611 3380 1681 invadunt,
3409 1616 3465 1668 et
3506 1613 3629 1669 vio-

183 1699 347 1755 vium
391 1700 821 1757 benedictionis
869 1706 1314 1756 sacramentum
1350 1705 1452 1757 aut
1507 1716 1618 1772 pro
1672 1703 1862 1770 gratia
1902 1722 1941 1775 Β
1971 1696 2158 1752 lenter
2188 1698 2502 1754 auferant?
2531 1698 2690 1754 unde
2712 1699 2837 1754 haec
2860 1699 3189 1769 cogitantes
3211 1699 3316 1756 ﬁlii
3335 1701 3519 1756 nostri
3541 1717 3628 1758 re-

182 1788 391 1859 largiri
426 1789 709 1862 cuiquam
732 1806 854 1845 non
882 1789 1334 1859 decetindigno,
1359 1791 1440 1845 ita
1467 1790 1648 1859 gratis
1681 1790 1862 1846 debet

183 1877 456 1933 exhiberi
485 1877 701 1949 dignis,
734 1879 890 1934 sicut
923 1878 1191 1935 Salvator
1221 1878 1331 1934 ait:
1375 1878 1577 1934 Gratis
1605 1880 1859 1948 accepis-

185 1967 285 2029 tis,
321 1968 515 2035 gratis
544 1967 683 2023 date
705 1968 951 2037 (Matth.
994 1972 1078 2032 χ).

259 2054 578 2110 Electionis
605 2061 809 2111 autem
841 2055 1221 2127 privilegium
1254 2060 1316 2111 ut
1356 2056 1623 2111 habeant
1646 2055 1858 2112 fratres

182 2144 468 2215 ejusdem
487 2144 833 2200 monasterii
850 2144 1251 2210 decernimus,
1273 2145 1332 2199 id
1351 2149 1439 2199 est
1453 2150 1518 2200 ut
1533 2161 1708 2217 quem
1717 2163 1860 2202 cun-

184 2249 316 2304 que
337 2233 414 2286 de
441 2247 503 2286 se
534 2231 699 2304 ipsis,
725 2232 831 2304 qui
859 2233 934 2287 sit
955 2233 1322 2288 monachicae
1351 2233 1860 2305 professionis,di-

193 2335 364 2388 gnus
394 2323 598 2374 tamen
643 2319 932 2391 pastorali
960 2319 1328 2392 praelatione,
1359 2320 1657 2376 voluerint
1691 2322 1862 2393 elige-

187 2424 282 2478 re,
320 2409 655 2463 secundum
681 2408 1019 2477 regularem
1053 2411 1482 2476 auctoritatem,
1510 2415 1860 2483 potestatem

181 2495 466 2552 habeant
489 2495 766 2566 eligendi.
796 2500 862 2553 Et
891 2513 1073 2570 super
1102 2497 1214 2553 hoc
1251 2502 1560 2555 monentes
1585 2498 1858 2557 obsecra-

183 2601 335 2641 mus
367 2583 522 2639 ﬁlios
552 2589 794 2640 nostros
852 2585 1142 2656 gloriosos
1201 2587 1559 2655 Lotharium,
1606 2587 1856 2643 Ludovi-

180 2689 352 2742 cum,
388 2671 668 2729 Carolum
715 2678 1056 2744 Augustum
1125 2675 1462 2746 (Augustos,
1497 2691 1572 2732 ex
1622 2678 1856 2734 schedis

180 2763 331 2818 Mss.
353 2761 734 2833 Labbeanis],
769 2767 834 2818 ut
864 2762 1015 2818 sicut
1039 2763 1443 2820 memorabilis
1480 2767 1721 2836 augusti
1752 2781 1854 2835 ge-

179 2850 347 2906 nitor
372 2854 431 2904 et
455 2864 602 2904 avus
634 2865 866 2921 eorum,
899 2855 956 2906 et
973 2852 1200 2924 priores
1226 2857 1362 2908 ante
1389 2868 1450 2908 se
1480 2869 1649 2924 reges
1682 2856 1857 2910 Fran-

180 2953 404 2994 corum
455 2936 651 2993 eidem
701 2938 976 2994 coenobio
1009 2937 1438 2996 concesserunt
1482 2940 1739 3010 eligendi
1783 2941 1858 2997 de

175 3025 528 3098 semetipsis
549 3025 852 3094 abbatem,
887 3031 1074 3100 atque
1103 3027 1216 3100 ipsi
1249 3028 1372 3082 suis
1402 3031 1716 3101 praeceptis
1747 3030 1860 3085 hoc

173 3115 346 3171 idem
379 3119 728 3181 sanxerunt,
765 3115 845 3171 ita
887 3131 1134 3189 quoque
1167 3132 1532 3172 conservare
1563 3117 1686 3171 suis
1715 3121 1866 3172 tem-

175 3203 440 3276 poribus
459 3219 572 3277 pro
586 3204 795 3261 Christi
817 3220 1021 3260 amore
1045 3205 1192 3274 dign
1207 3209 1403 3274 entur,
1427 3210 1482 3260 et
1502 3220 1864 3262 conservan-

177 3292 259 3349 da
287 3293 604 3366 perpetuis
634 3292 852 3349 diebus
879 3293 1221 3349 aeternitatis
1252 3310 1376 3348 suae
1398 3293 1632 3364 legibus
1647 3295 1863 3350 consti-

175 3387 389 3449 tuant;
426 3385 492 3438 ut
521 3382 671 3438 dum
719 3381 963 3438 famulis
1005 3382 1219 3437 Christi
1263 3382 1594 3439 libertatem
1629 3383 1863 3440 electio-

176 3471 274 3526 nis
307 3471 740 3537 concesserint,
769 3475 827 3526 et
853 3486 1210 3527 concessam
1241 3487 1478 3527 servare
1510 3472 1861 3538 studuerint,

177 3565 237 3616 et
265 3559 590 3633 praesentis
620 3559 756 3615 vitae
790 3575 1082 3629 regnum,
1125 3565 1179 3616 et
1211 3561 1587 3634 sempiternae
1608 3560 1863 3618 beatitu-

178 3647 341 3704 dinis
376 3647 631 3717 gloriam
674 3665 710 3704 a
738 3648 997 3704 Domino
1026 3648 1140 3722 ipsi
1165 3649 1468 3722 percipere
1496 3656 1858 3709 mereantur.

179 3741 381 3808 Atque
415 3736 578 3807 quod
622 3742 715 3792 est
765 3740 870 3792 aut
923 3736 1087 3808 regio
1133 3753 1402 3805 munere,
1451 3743 1555 3794 aut
1593 3739 1862 3795 fidelium

183 3823 517 3878 devotione
549 3825 626 3879 ad
657 3825 820 3880 idem
853 3825 1199 3881 coenobium
1220 3829 1338 3882 Deo
1353 3827 1712 3900 famulisque
1731 3830 1862 3900 ejus

187 3909 493 3978 oblatum,
518 3927 624 3968 nec
668 3913 781 3985 ipsi
825 3913 1108 3981 offerant,
1142 3931 1252 3970 nec
1281 3915 1429 3970 alios
1468 3916 1698 3973 auferre
1734 3935 1863 3990 per-

191 3999 459 4054 mittant.
480 4002 773 4066 Quoniam
806 4001 982 4057 valde
1007 4003 1236 4073 justum
1269 4009 1501 4060 constat
1535 4010 1714 4077 atque
1733 4005 1864 4061 reli-

181 4089 452 4158 giosum,
482 4089 668 4162 utqui
699 4107 733 4146 a
771 4091 1026 4147 Domino
1065 4098 1411 4149 meruerunt
1437 4094 1740 4166 percipere
1769 4110 1862 4150 re-

179 4179 284 4247 gni
328 4178 663 4246 honorem,
690 4179 799 4252 ipsi
829 4182 949 4235 Deo
1009 4187 1364 4237 conservent
1401 4182 1566 4253 quod
1605 4181 1655 4236 ei
1681 4182 1862 4238 colla-

178 4271 304 4323 tum
339 4271 401 4323 et
429 4267 528 4340 pia
553 4268 927 4325 credentium
972 4268 1324 4337 devotione;
1357 4275 1414 4326 et
1437 4271 1540 4342 qui
1570 4286 1606 4326 a
1633 4271 1863 4327 Christo

177 4357 368 4426 regali
425 4358 881 4427 magniﬁcentia
916 4358 1148 4431 praelati
1197 4364 1336 4414 sunt
1363 4359 1608 4426 caeteris,
1639 4360 1754 4433 ipsi
1783 4362 1865 4417 fa-

178 4446 364 4502 mulis
419 4447 633 4503 Christi
665 4447 919 4517 eligendi
952 4448 1061 4504 sibi
1092 4453 1398 4521 pastorem
1442 4464 1564 4504 non
1590 4450 1864 4508 auferant

181 4533 550 4592 libertatem.
589 4539 734 4592 Nam
764 4537 900 4609 quis
925 4537 1163 4607 ignorat
1190 4538 1288 4593 illa
1318 4554 1454 4608 quae
1486 4538 1699 4594 collata
1725 4556 1864 4608 sunt

181 4624 300 4682 Deo
317 4642 436 4700 per
461 4625 735 4681 ﬁdelium
758 4642 999 4696 manus,
1024 4627 1317 4682 divinitati
1339 4627 1704 4698 possidenda
1720 4645 1859 4685 con-

181 4713 436 4781 signari,
471 4718 529 4770 et
581 4713 659 4770 ab
689 4714 959 4770 humano
985 4715 1119 4785 jure
1148 4715 1208 4770 in
1245 4715 1346 4785 jus
1389 4715 1663 4772 divinum
1716 4733 1855 4773 con-

181 4802 338 4866 cedi,
370 4820 482 4859 nec
499 4803 679 4858 etiam
702 4803 1018 4859 hominum
1049 4804 1445 4860 dominationi
1468 4820 1644 4876 posse
1667 4810 1856 4862 trans-

183 4891 337 4946 cribi
367 4893 533 4964 quod
582 4897 817 4948 constat
867 4893 1192 4949 divinitatis
1233 4895 1618 4967 possessione
1669 4895 1853 4951 semel

179 4979 309 5037 fore
340 4981 827 5038 contradictum?
858 4982 1020 5038 Unde
1049 4983 1328 5055 quisquis
1363 5001 1434 5039 ea
1459 4984 1545 5040 sui
1567 4984 1722 5054 juris
1749 4985 1854 5040 do-

179 5069 501 5126 minationi
530 5073 782 5125 conatur
810 5070 1350 5142 adjungi,alterius,
1381 5072 1442 5128 id
1472 5078 1562 5128 est
1586 5073 1682 5128 Dei
1701 5073 1852 5144 juris

178 5173 574 5232 pervasorem
623 5163 851 5214 certum
881 5163 968 5215 est
1015 5161 1137 5216 fore
1168 5177 1328 5218 eum.
1365 5163 1590 5218 Etenim
1623 5163 1671 5218 si
1715 5163 1851 5234 quiS

179 5247 440 5319 alicujus
469 5247 732 5302 hominis
762 5248 1212 5319 possessionem
1246 5266 1352 5322 per
1376 5251 1714 5306 violentiam
1739 5250 1850 5307 sibi
1893 5317 1896 5320 η

179 5344 436 5393 conatus
455 5336 631 5392 fuerit
656 5352 969 5408 usurpare,
1001 5354 1137 5394 reus
1166 5339 1392 5411 publici
1418 5340 1568 5410 juris
1599 5338 1850 5394 efficitur

178 5432 234 5482 et
263 5432 566 5498 tanquam
605 5429 809 5496 raptor
837 5431 894 5481 et
919 5442 1199 5497 pervasur
1246 5427 1608 5482 haereditatis
1639 5426 1846 5483 alienae

179 5514 354 5584 legali
412 5513 640 5585 judicio
689 5513 1032 5585 puniendus
1081 5517 1372 5585 sujicitur.
1430 5516 1604 5572 Multo
1653 5517 1846 5586 magis

180 5602 359 5672 igitur
413 5601 762 5673 quicunque
804 5618 898 5657 res
932 5607 1046 5659 Deo
1092 5608 1470 5659 consecratas
1499 5604 1559 5659 in
1593 5605 1691 5675 jus
1721 5622 1844 5660 StltB

180 5690 587 5762 possessionis
639 5691 1050 5763 transfuderit,
1108 5709 1232 5750 non
1280 5693 1530 5751 humani
1595 5699 1826 5751 tantum

1968 1785 2329 1854 ligiosissimi
2361 1787 2680 1860 principes,
2721 1804 2815 1842 res
2868 1789 3215 1845 monasterii
3260 1788 3629 1846 Corbeiensis

1970 1873 2284 1930 inviolatas
2311 1875 2706 1948 illibatasque,
2736 1880 3025 1949 tanquam
3069 1892 3240 1932 sacra
3271 1875 3498 1950 [sacrae]
3537 1878 3626 1934 di-

1969 1961 2232 2018 vinitatis
2281 1963 2639 2030 custodiant,
2670 1979 2779 2020 nec
2809 1965 2924 2036 ipsi
2954 1981 3055 2020 eas
3085 1965 3378 2033 tollentes,
3411 1982 3522 2021 nec
3548 1965 3628 2022 ab

1971 2049 2098 2105 aliis
2130 2050 2347 2106 auferri
2372 2053 2652 2119 sinentes,
2684 2058 2749 2106 ut
2787 2058 2924 2109 ante
2954 2059 3343 2127 conspectum
3383 2043 3634 2127 superni

1970 2139 2126 2208 regis
2155 2139 2320 2211 quod
2351 2139 2632 2196 dicuntur
2673 2141 2915 2197 nomine
2961 2157 3131 2211 reges
3175 2144 3387 2199 merito
3425 2159 3626 2200 cense-

1971 2232 2181 2295 antur;
2215 2233 2280 2283 ut
2308 2228 2455 2283 dum
2508 2230 2625 2284 Deo
2655 2246 2790 2302 quae
2823 2246 2931 2285 sua
2961 2235 3101 2286 sunt
3142 2231 3502 2298 custodiunt,
3538 2231 3624 2287 eis

1971 2331 2006 2370 a
2038 2316 2156 2371 Deo
2179 2321 2236 2372 et
2284 2318 2496 2372 terreni
2534 2319 2700 2388 regni
2731 2319 3100 2392 principatus
3149 2320 3538 2391 custodiatur,
3570 2326 3628 2378 et

1969 2407 2340 2478 sempiternae
2363 2406 2748 2463 beatitudinis
2771 2424 2995 2464 corona
3027 2409 3337 2466 tribuatur.

2038 2497 2412 2567 Quapropter
2435 2500 2748 2552 monentes
2781 2512 2882 2552 eos
2906 2497 3243 2568 hortamur,
3271 2502 3337 2553 ut
3362 2501 3486 2554 tam
3516 2515 3626 2556 sua

1966 2598 2152 2654 quam
2203 2584 2471 2656 priorum
2526 2584 2867 2657 principum
2920 2601 3215 2642 concessa
3271 2586 3627 2644 inconvulsa

1966 2673 2385 2740 custodientes,
2409 2674 2760 2747 pontiﬁcum
2799 2692 3041 2749 quoque
3066 2681 3393 2750 nostraque
3421 2675 3624 2733 decre-

1967 2764 2026 2816 ta
2055 2761 2396 2817 nullatenus
2431 2763 2914 2835 prmvaricantes,
2947 2765 3312 2821 monasterio
3355 2765 3630 2838 saepedic-

1968 2857 2028 2909 to
2083 2849 2384 2906 electionis
2429 2851 2805 2923 privilegium
2837 2857 2961 2908 tam
3019 2854 3145 2908 suis
3185 2869 3368 2926 quam
3417 2853 3629 2910 futuris

1970 2939 2342 3012 temporibus
2362 2944 2421 2996 et
2451 2946 2708 3008 servent,
2736 2946 2794 2997 et
2828 2942 3124 2998 servanda
3154 2942 3478 2998 sanctionis
3497 2958 3628 3015 per-

1899 3069 1941 3123 c
1969 3033 2164 3123 petuse
2191 3027 2506 3123 stabilitate
2536 3028 2881 3123 decernant.
2914 3030 3196 3123 Veritatis
3225 3030 3442 3123 etenim
3485 3046 3628 3086 voce

1971 3119 2280 3180 docemur,
2310 3117 2601 3188 quoniam
2626 3119 2678 3172 si
2692 3119 2824 3188 quis
2853 3119 2914 3171 in
2938 3119 3095 3174 ovile
3122 3117 3351 3173 Christi
3373 3133 3494 3172 non
3521 3133 3631 3186 per

1974 3208 2187 3263 ostium
2237 3206 2596 3276 ingreditur,
2643 3207 2746 3262 sed
2783 3207 3030 3262 aliunde
3072 3206 3358 3278 ascendit,
3389 3207 3485 3262 hic
3517 3207 3631 3277 fur

1975 3301 2057 3352 est
2089 3301 2143 3350 et
2173 3296 2330 3350 latro
2357 3295 2556 3361 (Joan.
2583 3295 2664 3366 Χ),
2699 3298 2755 3350 et
2785 3294 2916 3349 talis
2949 3309 3071 3350 non
3106 3294 3392 3350 Dominici
3430 3297 3626 3365 gregis

1975 3383 2249 3449 salutem,
2281 3382 2386 3438 sed
2417 3399 2528 3439 sua
2553 3382 2738 3450 lucra,
2765 3399 2887 3439 non
2913 3388 2978 3438 ut
3009 3382 3216 3448 salvet,
3243 3384 3348 3438 sed
3386 3388 3451 3440 ut
3497 3400 3628 3458 per-

1973 3471 2102 3537 dat,
2142 3471 2408 3544 requirit.
2444 3471 2603 3528 Ovile
2647 3477 2848 3528 autem
2878 3471 3089 3530 Christi
3145 3471 3271 3527 fore
3311 3472 3628 3543 collegium

1975 3565 2254 3615 sanctum
2285 3561 2744 3630 monachorum,
2775 3560 2975 3616 nullus
3009 3559 3404 3634 prudentium
3457 3561 3630 3618 dubi-

1973 3651 2074 3703 tat.
2102 3649 2165 3702 In
2189 3648 2303 3704 hoc
2333 3649 2486 3706 ovile
2505 3665 2613 3722 per
2641 3650 2860 3706 ostium
2881 3649 3232 3720 ingreditur,
3253 3649 3503 3722 quando
3523 3666 3632 3724 per

1971 3735 2273 3792 electionis
2303 3738 2580 3794 ordinem
2612 3738 2945 3794 secundum
2979 3737 3317 3808 regularem
3349 3739 3631 3796 constitu-

1971 3821 2194 3880 tionem
2222 3825 2438 3897 aliquis
2463 3826 2762 3897 pastorale
2791 3826 3186 3881 ministerium
3217 3827 3493 3881 sortitur:
3525 3827 3630 3898 qui

1970 3929 2114 3968 vero
2144 3914 2309 3982 regia
2339 3914 2765 3969 dominationis
2795 3917 3084 3984 potestate
3105 3913 3401 3978 suffultus,
3421 3917 3478 3968 et
3504 3929 3628 3969 non

1971 4016 2078 4074 per
2104 4000 2404 4055 electionis
2435 4001 2688 4070 gratiam
2740 4015 2918 4070 super
2969 3999 3339 4055 dominicum
3384 4016 3629 4070 gregem

1972 4089 2299 4162 primatum
2337 4089 2563 4162 arripit,
2595 4089 2690 4144 hic
2731 4104 2853 4144 non
2907 4093 3134 4161 pastor,
3164 4089 3226 4144 id
3258 4095 3347 4146 est
3372 4090 3629 4146 vicarius

1974 4177 2206 4240 Christi,
2242 4178 2348 4233 sed
2379 4178 2471 4233 fur
2501 4183 2558 4233 et
2602 4178 2752 4233 latro
2797 4193 2926 4233 esse
2952 4178 3373 4246 cognoscitur;
3408 4195 3517 4235 nec
3566 4184 3628 4236 ut

1971 4267 2346 4323 dominicum
2377 4283 2619 4338 gregem
2642 4267 2960 4333 custodiat,
2996 4266 3097 4322 sed
3121 4272 3184 4322 ut
3209 4267 3419 4338 perdat
3438 4273 3495 4324 et
3513 4268 3629 4323 dis-

1974 4358 2124 4430 sipet
2151 4358 2368 4415 intrare
2397 4357 2884 4430 deprehenditur.
2917 4355 3080 4411 Unde
3135 4356 3407 4429 quisquis
3441 4358 3494 4413 ei
3523 4373 3628 4430 po-

1974 4448 2200 4503 testatis
2251 4448 2432 4518 hujus
2491 4447 2696 4502 tribuit
2751 4445 3247 4512 dominationem,
3310 4446 3385 4502 de
3438 4450 3628 4500 morte

1971 4542 2274 4593 tantarum
2298 4537 2639 4592 animarum
2667 4535 2726 4590 in
2744 4535 2839 4589 die
2857 4533 3064 4605 judicii
3086 4549 3221 4588 reus
3239 4533 3624 4604 judicabitur,

1969 4625 2208 4697 quantis
2239 4625 2334 4680 hic
2362 4641 2468 4696 per
2491 4623 2796 4696 pravitatis
2829 4621 3105 4694 exempla
3134 4637 3317 4676 causa
3353 4620 3462 4675 fuit
3497 4635 3629 4691 per-

1967 4714 2226 4771 ditionis.

2039 4805 2167 4867 Qua
2184 4801 2257 4856 de
2287 4817 2368 4866 re,
2387 4801 2626 4869 gloriosi
2644 4799 2942 4872 principes
2972 4798 3336 4855 monasterio
3356 4797 3495 4854 huic
3513 4797 3628 4854 ele-

1964 4889 2174 4946 ctionis
2196 4889 2654 4959 praerogativam
2673 4887 3200 4960 concedite,neque
3213 4888 3480 4961 aliquam
3499 4904 3628 4962 per'

1964 4994 2175 5034 sonam
2223 4982 2325 5032 aut
2378 4977 2595 5032 laicam
2659 4982 2762 5033 aut
2793 4977 3172 5045 canonicam,
3201 4977 3368 5050 quod
3417 4983 3625 5036 contra

1959 5085 2204 5126 omnem
2227 5067 2688 5124 ecclesiasticum
2715 5068 2987 5125 ordinem
3014 5073 3124 5139 est,
3155 5075 3258 5123 aut
3285 5069 3466 5124 etiam
3501 5085 3629 5124 mo-

1959 5161 2222 5215 nachum
2269 5174 2341 5213 ex
2371 5157 2488 5214 alio
2542 5159 2928 5224 monasterio,
2960 5157 3055 5214 vel
3110 5174 3233 5214 non
3284 5159 3625 5214 secundum

1957 5249 2226 5318 regulam
2251 5248 2523 5310 electum,
2559 5261 2742 5319 super
2771 5247 2918 5304 illud
2946 5247 3130 5317 regali
3173 5247 3439 5319 potentia
3489 5262 3628 5302 con-

1959 5339 2229 5404 stituatis,
2265 5354 2339 5394 ne
2365 5339 2585 5394 domus
2617 5338 2736 5405 Dei,
2769 5354 2900 5409 quae
2929 5339 3137 5394 domus
3172 5337 3462 5393 orationis
3505 5351 3626 5392 esse

1957 5429 2142 5493 debet,
2167 5443 2272 5500 per
2302 5445 2408 5485 vos
2432 5430 2542 5498 ﬁat
2563 5429 2849 5497 spelunca
2883 5429 3417 5498 latronumNeque
3447 5425 3610 5481 enim

1954 5517 2242 5585 ignoratis
2292 5518 2640 5587 hujusmodi
2676 5517 2954 5591 praelatos
2985 5522 3041 5572 et
3083 5521 3356 5571 auctores
3409 5514 3614 5582 hujus-

1961 5604 2127 5660 modi
2159 5605 2525 5675 praelationis
2546 5623 2581 5661 a
2609 5606 2792 5661 domo
2824 5605 3164 5660 aeternitatis
3187 5604 3392 5658 divina
3415 5615 3622 5657 censu-

1956 5710 2024 5751 ra
2057 5693 2492 5767 exturbandos,
2523 5699 2580 5751 et
2610 5695 2687 5752 ad
2722 5694 3020 5766 supplicia
3053 5693 3293 5752 ultionis
3321 5692 3619 5762 perpetuae
