4092 6176
434 180 551 236 699

1552 177 1916 235 BENEDICTI
1955 176 2025 231 ΙΙΙ
2062 173 2330 245 MAN!
2366 175 2750 233 PONTIFICIS

3762 184 3876 239 700

434 301 861 375 deportandos.
896 300 1060 357 Unde
1092 316 1231 372 quae
1274 301 1566 358 sententia
1607 300 2023 358 damnationis
2059 316 2096 356 a
2123 302 2171 355 Α
2206 299 2573 356 monasterio
2604 299 2947 357 Corbeiensi
2975 299 3285 374 propellite
3323 315 3592 374 semper:
3622 301 3731 359 sed
3763 319 3881 361 nec

433 393 606 449 nobis
629 396 720 448 est
765 390 827 445 in
870 390 1020 445 tales
1052 391 1405 454 exercenda,
1440 391 1558 447 nisi
1606 408 1794 464 quam
1845 390 2095 463 Spiritus

436 486 678 536 sanctus
730 494 836 535 ore
888 479 1238 552 prophetico
1292 480 1556 552 protulit,
1601 481 1836 537 dicens:
1886 481 2096 537 Omnes

431 569 732 639 principes
762 582 967 624 eorum
996 570 1104 639 qui
1128 570 1448 626 dixerunt:
1480 571 1848 628 Haereditate
1866 577 1884 599 '
1912 570 2100 640 possi-

434 660 679 716 deamus
701 659 1115 714 sanctuarium
1147 661 1293 725 Dei;
1327 661 1486 716 Deus
1515 676 1855 731 meusmone
1874 661 2010 716 illos
2028 664 2099 715 ut

434 757 649 813 rotam,
679 752 737 804 et
765 748 917 803 sicut
948 749 1239 818 stipulam
1278 756 1419 807 ante
1444 751 1667 821 faciem
1708 752 1902 807 venti:
1942 751 2094 806 sicut

433 838 588 909 ignis
618 837 723 910 qui
741 835 1034 893 comburit
1060 838 1301 905 silvam.
1335 844 1390 895 et
1408 840 1567 895 sicut
1584 840 1835 910 ﬂamma
1857 838 2095 895 combu-

433 942 574 984 rens
601 931 847 994 montes,
872 927 959 982 ita
976 928 1350 998 persequeris
1379 944 1474 985 eos
1505 930 1567 984 in
1600 934 1941 999 tempestate
1964 933 2093 995 tua,

436 1021 489 1071 et
521 1016 582 1070 in
624 1015 719 1069 ira
750 1020 855 1071 tua
888 1015 1157 1071 turbabis
1202 1032 1295 1073 eos
1330 1016 1519 1086 (Psat.
1556 1021 1782 1083 Lxxxu).
1816 1016 1923 1083 Qui
1954 1019 2096 1071 sunt

436 1103 597 1159 enim
621 1103 726 1176 qui
756 1105 1168 1160 sanctuarium
1197 1106 1295 1160 Dei
1316 1105 1656 1162 haereditate
1678 1105 1987 1177 possidere
2003 1104 2096 1159 di-

437 1199 672 1258 cuntur.
703 1192 817 1249 nisi
842 1193 925 1249 illi
955 1195 1060 1266 qui
1090 1211 1181 1250 res
1232 1196 1350 1251 Deo
1377 1196 1706 1265 dedicatas,
1737 1203 1797 1251 et
1822 1195 1905 1251 ad
1950 1211 2094 1250 usus

437 1297 777 1355 pauperum
822 1298 1252 1355 servorumque
1309 1285 1437 1354 ejus
1487 1284 1752 1353 collatas,
1794 1282 2096 1340 saecularis

438 1371 714 1444 potentias
745 1368 1078 1438 dominatu,
1112 1389 1233 1428 non
1272 1373 1576 1430 electionis
1603 1372 1795 1445 gratia
1820 1377 2099 1445 quaerunt

439 1460 750 1517 obtinere?
807 1461 1105 1533 Principes
1147 1467 1348 1519 autem
1406 1464 1642 1519 illorum
1700 1467 1840 1519 sunt
1866 1462 1948 1532 hi,
1987 1462 2094 1535 qui

2205 389 2479 445 canonici
2508 390 2735 447 ordinis
2761 382 3087 463 personam
3132 405 3316 462 super
3358 389 3507 446 illud
3535 390 3876 464 aliquando

2203 475 2296 532 vel
2315 477 2704 550 praeponatis,
2722 478 2817 535 vel
2846 477 3119 551 prmponi
3147 477 3376 534 sinatis.
3405 481 3695 536 Memores
3722 486 3882 538 esto-

2203 570 2257 622 te
2280 566 2446 640 quod
2467 567 2676 624 Nadab
2700 572 2758 624 et
2785 567 2959 627 Abiu.
2989 567 3133 641 quia
3159 556 3360 637 ignem
3386 567 3653 624 alienum
3678 571 3879 627 Domi-

2200 670 2281 711 no
2311 655 2371 711 in
2399 655 2716 713 incensum
2746 656 3108 722 obtulerunt,
3136 655 3339 712 divino
3368 656 3493 727 igni
3518 648 3877 733 consumpti

2202 750 2345 802 sunt
2367 748 2581 814 (Levit.
2615 749 2693 820 ι).
2728 749 2936 817 Ignem
2963 745 3265 819 siquidem
3284 745 3551 803 alienum
3575 748 3640 803 in
3663 748 3875 805 incen-

2202 851 2339 890 sum
2369 835 2541 892 oﬁert
2596 836 2868 903 Domino,
2901 835 3006 909 qui
3056 835 3404 891 monasticae
3445 835 3721 907 religioni
3769 838 3877 895 ali-

2200 940 2384 999 quem
2441 925 2553 981 sub
2609 926 2901 982 canonica
2952 924 3322 998 professione
3375 924 3758 996 militantem,
3814 932 3879 986 ut

2199 1014 2455 1087 pastoris
2501 1015 2692 1072 vicem
2741 1014 3030 1084 obtineat,
3074 1018 3393 1088 preerogat.
3450 1013 3675 1071 Verum
3725 1018 3878 1090 quia

2200 1102 2348 1158 tales
2380 1102 2601 1159 ultione
2630 1103 2939 1174 feriuntur,
2973 1102 3212 1158 illorum
3235 1101 3432 1172 signat
3446 1102 3744 1172 interitus,
3766 1092 3877 1178 qui

2201 1207 2345 1247 mox
2374 1193 2683 1264 praesentis
2721 1208 2917 1265 paenae
2961 1190 3255 1265 supplicio
3298 1192 3664 1264 consumpti,
3717 1194 3881 1266 quid

2205 1297 2415 1338 eorum
2477 1282 2804 1339 imitatores
2866 1285 3211 1337 mereantur
3273 1297 3398 1336 suae
3455 1281 3878 1339 damnationis

2200 1371 2474 1444 exemplo
2496 1372 2750 1444 posteris
2783 1372 3191 1442 signaverunt.
3217 1372 3438 1428 Omnes
3457 1387 3705 1444 quoque
3732 1371 3879 1429 licet

2202 1461 2551 1517 monasticae
2584 1462 2703 1517 sint
2723 1460 3198 1529 professionis,si
3227 1476 3352 1515 non
3382 1475 3489 1533 per
3516 1460 3875 1518 electionem

438 1554 590 1606 votis
620 1566 829 1607 eorum
860 1550 1148 1621 suifragia
1175 1554 1537 1624 praestando,
1568 1558 1675 1611 aut
1699 1552 1970 1609 Ecclesiae
1996 1568 2091 1607 res
2197 1550 2535 1617 regularem
2566 1550 2868 1607 constituti
2888 1549 3106 1605 fuerint
3132 1553 3392 1604 rectores
3438 1549 3638 1605 eidem
3669 1566 3880 1607 mone.

438 1639 551 1695 illis
570 1639 865 1696 tradendo
895 1641 1292 1697 consentiunt.
1328 1642 1498 1708 Quali
1525 1647 1729 1699 autem
1750 1642 1986 1713 utrique
2016 1640 2093 1695 fe-
2130 1653 2174 1706 Β
2200 1639 2395 1705 sterio,
2429 1639 2505 1695 de
2527 1655 2648 1712 quo
2678 1638 3008 1708 Ιοιιιιὶωιιιι,
3029 1638 3136 1711 qui
3167 1636 3312 1694 tales
3346 1653 3453 1710 per
3481 1655 3741 1695 munera
3776 1656 3876 1696 co-

438 1729 667 1785 riantur
694 1728 977 1785 divinitus
1011 1729 1256 1797 ultione,
1287 1732 1563 1804 superius
1594 1731 1753 1787 dicta
1800 1730 2093 1786 sententia

443 1818 914 1889 comprehendit,
942 1835 1079 1891 quae
1107 1821 1365 1877 ostendit
1395 1837 1499 1878 eos
1528 1838 1567 1877 a
1609 1820 1861 1877 caelestis
1888 1818 2095 1893 patriae

444 1904 759 1963 stabilitate
784 1908 810 1947 ι’
838 1908 1261 1979 projiciendos,
1279 1913 1338 1966 et
1366 1910 1711 1983 temporalis
1732 1908 2097 1965 volubilitate

440 1994 669 2069 lapsus,
701 1997 880 2069 quasi
900 2002 1045 2054 rota
1070 1999 1355 2069 vertigine
1387 1999 1914 2064 circumferendos,
1938 2000 2098 2071 post-

442 2102 560 2159 que
589 2087 897 2158 priesentis
924 2088 1244 2145 terminum
1273 2090 1427 2157 vitm,
1464 2089 1699 2145 turbine
1718 2089 1937 2144 divinae
1968 2086 2099 2144 ani-

444 2175 880 2233 madversionis
919 2178 1080 2233 velut
1104 2178 1387 2250 stipulam
1417 2178 1708 2234 ariditatis
1729 2177 1990 2233 vanitate
2018 2174 2099 2231 le-

441 2264 753 2321 vissimam
794 2266 1140 2338 rapiendos,
1189 2271 1249 2322 et
1302 2267 1839 2323 infructuositatem
1887 2280 2099 2321 eorum

444 2357 623 2425 atque
653 2355 1000 2427 superbiam
1028 2361 1318 2428 tanquam
1355 2356 1684 2412 silvestrem
1712 2354 2098 2421 sterilitatem,

446 2445 503 2497 et
525 2446 734 2498 contra
762 2446 951 2499 Deum
978 2443 1202 2501 elatum
1232 2450 1527 2502 tumorem
1544 2450 1735 2509 terrae,
1757 2443 1903 2515 igni,
1931 2443 2099 2498 ﬂam-

446 2544 670 2600 maque
697 2536 944 2587 vorante
971 2533 1435 2589 comburendos.

520 2617 591 2671 Ut
630 2616 788 2673 hanc
828 2618 1007 2687 igitur
1032 2620 1272 2676 ultionis
1305 2620 1520 2677 divinas
1564 2622 1939 2677 severitatem
1976 2635 2102 2675 non

449 2702 723 2770 subeant.
758 2705 1037 2764 studeant
1057 2707 1540 2766 Christianissimi
1568 2710 1868 2783 principes
1892 2708 2102 2767 Christi

448 2790 713 2849 ecclesiis
741 2793 1045 2853 electionis
1102 2814 1212 2853 sua
1254 2799 1393 2868 jura
1446 2813 1821 2870 conservare,
1853 2804 1911 2856 et
1934 2798 2101 2871 quod

447 2881 1019 2941 universas-debetur
1054 2886 1349 2955 Ecclesite,
1390 2888 1732 2945 Corbeiensi
1783 2904 1908 2945 non
1938 2887 2101 2945 aufe-

445 2974 583 3027 rant
610 2973 1005 3041 monasterio;
1037 2980 1103 3031 ut
1128 2975 1273 3032 dum
1307 2977 1362 3033 ei
1406 2982 1651 3051 propter
1677 2979 1969 3036 honorem
2000 2976 2102 3033 Dei

438 3059 541 3130 jus
569 3059 871 3117 electionis
912 3061 1268 3121 indulserint
1295 3069 1354 3122 et
1376 3082 1472 3122 res
1503 3067 1852 3124 monasterii
1873 3065 2098 3122 violen-

441 3152 641 3206 torum
662 3148 1092 3207 ambitionibus
1120 3168 1197 3209 ne
1220 3154 1563 3212 deserviant
1597 3156 2100 3212 incontaminatas

442 3237 826 3306 servaverint,
855 3239 970 3311 ipsi
1001 3240 1257 3298 cmlestis
1286 3245 1455 3313 regni
1481 3261 1621 3301 cum
1648 3244 1880 3300 Christo
1922 3243 2100 3317 parti-

443 3326 669 3398 cipium
699 3335 1164 3401 consequantur.
1198 3335 1311 3387 Nec
1359 3332 1505 3388 illud
1545 3333 1872 3405 aliquando
1901 3334 1963 3388 in
2002 3349 2105 3388 sue-

443 3415 737 3471 ciilarium
786 3431 1029 3488 manus,
1057 3423 1164 3474 aut
1215 3422 1569 3477 canonicam
1627 3422 2102 3478 dominationem

441 3504 803 3575 permittant,
829 3506 997 3577 quod
1029 3507 1436 3565 habitatorum
1488 3524 1730 3566 summa
1781 3509 2102 3566 destructio

444 3595 550 3659 est,
582 3595 641 3648 et
692 3591 914 3664 dantis,
946 3594 1069 3651 sive
1122 3596 1465 3670 accipientis
1501 3613 1742 3655 summa
1769 3598 2098 3655 damnatio.

445 3683 595 3736 Nam
619 3680 769 3753 quid
795 3686 886 3738 est
914 3682 1078 3740 aliud
1103 3685 1460 3743 saeculorum
1491 3701 1817 3759 personam
1846 3686 2104 3759 pastoris

445 3768 574 3825 vice
612 3770 884 3828 Ecclesiae
935 3774 1028 3828 Dei
1059 3775 1344 3846 praeferri,
1375 3792 1563 3849 quam
1592 3776 2106 3833 abominationem

445 3856 829 3916 desolationis
858 3861 920 3916 in
944 3863 1170 3935 templo
1196 3865 1296 3920 Dei
1326 3866 1685 3922 constituere
1702 3867 1730 3923 ?
1754 3867 2105 3938 Quicunque

445 3948 625 4018 igitur
653 3950 767 4006 hoc
808 3950 1037 4009 faciunt
1078 3953 1262 4011 Pilato
1308 3956 1531 4014 similes
1566 3957 1971 4025 inveniuntur,
2004 3964 2111 4029 qui

448 4036 696 4093 Caesaris
723 4037 1014 4107 imagines
1041 4041 1104 4098 in
1158 4044 1382 4116 templo
1432 4045 1670 4102 Domini
1697 4046 1901 4102 statuit
1931 4060 2109 4102 vene-

450 4124 699 4182 randas.
730 4129 799 4183 Et
844 4144 985 4186 cum
1034 4132 1357 4204 Apostolus
1387 4134 1667 4191 ﬁdelibus
1709 4132 1993 4206 loquitur,
2023 4133 2110 4190 dio

450 4226 629 4269 cens:
660 4215 863 4274 Nolite
892 4220 1267 4289 conformari
1310 4221 1450 4279 huic
1486 4224 1723 4292 sucula,
1766 4223 1871 4279 sed
1916 4224 2107 4293 refor-

2202 1732 2571 1796 gnoscuntur
2600 1727 2873 1795 admissi,
2906 1727 2967 1782 id
2998 1731 3105 1796 est,
3125 1732 3228 1782 aut
3258 1742 3365 1798 per
3385 1727 3732 1800 pecuniam,
3762 1733 3872 1784 aut

2200 1831 2309 1887 per
2337 1817 2610 1886 gratiam,
2635 1820 2740 1872 aut
2768 1831 2874 1887 per
2905 1814 3292 1887 obsequium,
3324 1815 3611 1871 universa
3630 1832 3664 1872 a
3691 1814 3865 1872 nobis

2202 1904 2349 1960 Petri
2367 1905 2654 1977 principis
2688 1902 3101 1976 apostolorum
3122 1904 3472 1965 auctoritate
3503 1921 3646 1961 cum
3680 1905 3868 1961 Simo-

2202 2009 2298 2062 ne,
2331 1995 2505 2066 cujus
2524 1994 2849 2050 imitatores
2871 1992 3147 2060 existunt,
3183 1994 3570 2049 anathemate
3592 1994 3877 2050 condem—

2204 2087 2445 2139 nentur.
2479 2086 2544 2138 Et
2576 2088 2637 2138 ut
2678 2081 2937 2151 religiosi
2982 2081 3284 2154 principes
3330 2082 3408 2137 ab
3451 2082 3568 2139 hac
3611 2083 3870 2139 damna-

2204 2172 2379 2227 tionis
2410 2171 2701 2228 sententia
2724 2174 3012 2225 maneant
3047 2168 3374 2236 immunes,
3418 2170 3706 2227 studeant
3749 2187 3877 2226 om.

2207 2259 2386 2314 nibus
2437 2259 2634 2315 modis
2687 2257 2844 2314 circa
2891 2257 3327 2313 monasterium
3373 2258 3695 2329 praefatum
3729 2259 3879 2315 elec-

2205 2348 2363 2403 tione
2388 2347 2761 2420 privilegium
2793 2362 3028 2402 servare
3051 2362 3287 2420 semper
3311 2345 3693 2402 inviolatum:
3726 2362 3878 2418 quo-

2203 2437 2370 2492 niam
2402 2436 2737 2492 secundum
2761 2436 2894 2507 jam
2933 2435 3077 2491 olim
3104 2452 3141 2491 a
3170 2436 3391 2491 sanctis
3422 2436 3684 2491 Patribus
3715 2434 3865 2489 defi-

2204 2526 2392 2583 nitam
2417 2526 2962 2599 promulgationem
2992 2525 3261 2581 ecclesia),
3314 2523 3672 2580 Corbeiensis
3713 2538 3866 2594 prse-

2202 2617 2510 2687 lationem,
2530 2633 2657 2673 non
2675 2632 2783 2689 per
2814 2616 3148 2686 legitimam
3206 2614 3629 2671 monachorum
3655 2612 3723 2667 in
3756 2628 3867 2668 eo-

2205 2707 2344 2763 dem
2369 2707 2646 2763 coenobio
2686 2707 2918 2763 Christo
2951 2706 3333 2762 militantium
3359 2703 3738 2771 electionem,
3762 2702 3877 2758 sed

2205 2802 2411 2852 contra
2427 2795 2765 2867 regularem
2786 2801 2967 2867 atque
2996 2795 3354 2851 canonicam
3369 2793 3881 2860 auctoritatem,et

2205 2884 2451 2941 dantem
2481 2890 2538 2940 et
2562 2886 2953 2957 accipientem
2979 2901 3015 2941 a
3045 2880 3257 2940 Christi
3275 2889 3877 2954 regno,sanctorum-

2133 3010 2173 3066 ϐ
2206 2990 2325 3047 que
2354 2980 2655 3031 COteSOI'th
2680 2974 3256 3031 anathematizamus
3276 2992 3289 3041 ς
3309 2988 3505 3045 neque
3527 2973 3875 3029 societatem

2208 3069 2490 3139 poterunt
2542 3064 2764 3121 habere
2805 3062 3131 3119 Jerusalem
3190 3062 3470 3133 caelestis,
3500 3061 3607 3134 qui
3631 3077 3772 3117 eam
3815 3062 3875 3115 in

2208 3155 2376 3212 terris
2433 3154 2916 3226 peregrinantem
2962 3150 3286 3208 dissociare
3342 3156 3664 3207 conantur.
3701 3149 3873 3215 Quod

2208 3260 2384 3315 agere
2414 3249 2644 3300 certum
2674 3248 2731 3298 et
2760 3258 2971 3298 omnes
3000 3242 3106 3314 qui
3156 3257 3280 3297 non
3318 3246 3613 3313 pastores,
3649 3239 3761 3295 sed
3789 3239 3871 3295 lae

2208 3340 2427 3399 trones,
2455 3348 2564 3388 nec
2595 3332 2804 3388 Christi
2833 3331 3103 3393 vicarios,
3145 3331 3251 3387 sed
3282 3329 3624 3386 Antichristi
3666 3344 3876 3402 sequa-

2210 3439 2328 3488 ces,
2361 3437 2542 3493 super
2586 3438 2721 3477 eam
2765 3421 3123 3476 constituere
3151 3436 3272 3475 non
3322 3423 3625 3485 verentur,
3676 3423 3742 3474 ut
3769 3418 3877 3474 do-

2210 3527 2349 3567 mus
2380 3511 2501 3577 Dei,
2533 3525 2656 3565 non
2702 3510 2922 3565 domus
2963 3509 3269 3576 orationis,
3316 3509 3421 3564 sed
3466 3508 3767 3581 spelunca
3794 3507 3876 3563 la-

2209 3604 2452 3656 tronum
2478 3600 2689 3655 existat
2714 3617 2728 3667 ;
2759 3614 2869 3655 nec
2896 3599 2959 3657 in
2988 3613 3061 3655 ea
3096 3598 3293 3656 forma
3320 3599 3555 3671 Christi,
3588 3598 3701 3654 sed
3729 3597 3878 3653 abod

2210 3687 2462 3745 minatio
2488 3687 2872 3743 desolationis
2902 3685 3182 3743 emineat.

2283 3776 2399 3834 Sed
2424 3777 2471 3832 si
2502 3776 2843 3850 reipublicae
2872 3781 3152 3846 rectores,
3179 3775 3525 3833 divinorum
3566 3780 3881 3848 contemp-

2212 3873 2368 3925 tores
2393 3872 2832 3941 prsaceptorum
2848 3872 2905 3922 et
2920 3866 3367 3938 episcoporum,
3391 3869 3573 3938 atque
3598 3871 3878 3922 nostram

2214 3974 2394 4031 super
2434 3958 2549 4014 hac
2598 3972 2661 4013 re
2711 3958 3130 4013 decernentem
3178 3960 3624 4012 contemnentes
3671 3961 3880 4011 aucto-

2213 4048 2471 4113 ritatem,
2502 4062 2625 4103 non
2673 4061 2854 4119 quem
2911 4043 3203 4114 regularis
3258 4043 3470 4100 electio
3519 4043 3868 4111 decreverit,

2215 4136 2321 4192 sed
2375 4151 2559 4208 quem
2614 4151 2825 4192 eorum
2877 4133 3210 4189 dominatio
3262 4132 3538 4201 vuluerit,
3583 4131 3669 4187 illi
3719 4145 3877 4205 pres-

2212 4226 2480 4297 posuerit
2550 4223 3018 4295 congregationi,
3078 4223 3362 4279 monachi
3417 4221 3533 4278 loci
3601 4222 3883 4294 ejusdem

450 4304 703 4362 memini
722 4306 789 4362 in
836 4311 1100 4368 novitate
1151 4325 1354 4368 sensus
1397 4315 1580 4369 vestri
1605 4314 1793 4380 (Rom.
1819 4314 1961 4384 xu):
2002 4315 2105 4385 qui
2139 4365 2181 4387 η
2215 4314 2589 4387 episcopum,
2631 4312 2708 4369 ad
2740 4315 2910 4384 cujus
2938 4312 3246 4368 dicecesim
3274 4312 3717 4369 monasterium
3752 4328 3884 4385 per-

452 4393 801 4452 smcularem
818 4413 1143 4470 personam
1160 4403 1474 4458 monachis
1503 4402 1783 4475 praefecit,
1811 4409 2108 4475 quantum
2140 4393 2181 4420 υ
2215 4404 2424 4474 tinent,
2451 4403 2787 4470 obsecrent,
2832 4407 2894 4458 ut
2940 4407 3043 4460 aut
3069 4417 3178 4474 per
3226 4418 3290 4458 se
3330 4403 3554 4475 ipsum,
3606 4407 3717 4458 aut
3762 4418 3887 4459 una

449 4484 513 4543 in
534 4485 840 4544 saeculode
858 4487 1117 4547 formam
1145 4490 1387 4563 spiritus
1415 4491 1494 4549 ad
1518 4490 1778 4547 formam
1809 4492 2027 4561 seaculi,
2056 4497 2114 4549 et
2216 4509 2356 4550 cum
2398 4493 2482 4549 eis
2539 4492 2619 4549 ad
2661 4492 3183 4565 archiepiscopum
3235 4495 3591 4549 Remensem
3638 4493 3882 4559 referat,

451 4573 528 4632 de
552 4574 816 4649 imagine
868 4578 1083 4637 Christi
1111 4580 1190 4635 ad
1220 4581 1548 4651 imaginem
1581 4581 1795 4637 terreni
1825 4581 1981 4651 regis
2010 4597 2113 4637 eos
2221 4588 2399 4654 atque
2446 4581 2627 4638 simul
2656 4581 2987 4654 principem
3027 4582 3406 4645 conveniant,
3439 4587 3496 4637 et
3521 4596 3666 4637 eum
3698 4592 3888 4655 super

451 4665 739 4738 impellit:
774 4671 1068 4740 quoniam
1097 4670 1297 4726 omnis
1330 4670 1607 4726 subditus
1648 4670 1877 4743 praelati
1897 4671 1990 4727 sui
2017 4670 2118 4727 de-
2222 4671 2716 4741 transgressionis
2745 4686 2867 4725 sure
2924 4670 3188 4743 periculo
3220 4675 3672 4727 commoneant.
3706 4669 3890 4737 Quod

452 4753 557 4809 bet
598 4755 928 4825 imaginem
960 4759 1272 4831 sequendo
1302 4759 1544 4816 imitari.
1579 4757 1743 4815 Unde
1778 4774 1902 4816 non
1931 4776 2118 4834 parvo
2225 4762 2275 4817 si
2303 4761 2623 4834 episcopus
2673 4759 2946 4815 dimcesis
2976 4758 3132 4814 illius
3172 4764 3275 4816 aut
3302 4764 3548 4832 propter
3576 4758 3886 4827 timorem,

458 4856 523 4894 se
576 4842 774 4899 delicti
826 4847 1044 4904 scelere
1072 4854 1241 4922 putet
1263 4848 1509 4920 involvi,
1540 4849 1651 4923 qui
1678 4849 1824 4906 tales
1853 4850 2118 4908 ecclesia:
2225 4856 2330 4908 aut
2392 4848 2660 4906 favorem
2712 4847 3015 4921 principis,
3071 4853 3175 4904 aut
3238 4853 3481 4926 propter
3530 4848 3893 4920 immuden-

460 4930 779 4999 praeponit,
826 4932 890 4988 in
938 4949 1200 5006 quorum
1254 4940 1450 4996 forma
1509 4940 1666 4995 servi
1722 4939 1952 5007 Christi,
1997 4954 2123 4996 non
2228 4940 2391 5006 tiam,
2418 4937 2509 4994 vel
2538 4936 2853 5009 pastoralis
2885 4953 3042 4993 curse
3066 4936 3513 5007 negligentiam,
3537 4935 3691 4993 ferre
3712 4937 3893 4994 auxi-

457 5013 669 5072 Christi
694 5017 1220 5086 humilitatem,sed
1248 5027 1595 5099 superbiam
1609 5027 1843 5096 mundi,
1864 5042 1988 5082 non
2004 5043 2126 5083 cmw

457 5103 620 5160 lestis
646 5106 851 5177 patrie
882 5108 1268 5180 desiderium,
1303 5115 1410 5170 sed
1438 5114 1990 5187 concupiscentiam
2012 5132 2125 5171 sin-

463 5193 580 5251 culi
610 5195 1089 5269 contemplentur
1113 5216 1349 5274 semper
1386 5208 1443 5259 et
1466 5204 1803 5259 addiscant.

535 5285 708 5350 Quod
756 5285 903 5357 quia
952 5287 1246 5356 vididetis,
1297 5291 1773 5347 excellentissimi
1801 5290 2121 5364 principes,

466 5372 952 5431 scelestissimum
986 5376 1130 5445 fore,
1162 5378 1277 5434 hoc
1299 5378 1621 5450 impietatis
1654 5378 2032 5449 sacrilegium
2086 5398 2124 5439 a

534 5504 553 5529 ⁸
585 5499 1004 5578 De_frequenti
1056 5500 1156 5578 illo
1197 5503 1264 5578 in
1313 5501 1514 5578 Galliis
1566 5518 1673 5575 per
1727 5519 1806 5578 ea
1848 5507 2122 5578 tempora

468 5573 663 5630 abusu
679 5574 979 5628 bonorqu
998 5574 1537 5631 ecclesiasticarum
1557 5573 1593 5631 εἰ
1634 5573 2019 5633 saecularibus
2037 5579 2119 5634 vl-

465 5645 551 5706 tis
573 5646 757 5709 etiam
795 5645 1135 5722 comitantis
1176 5660 1625 5724 possessorum,
1661 5649 2119 5710 conniventibus

2227 5028 2377 5084 lium
2422 5026 2513 5083 vel
2562 5026 2837 5097 noluerit,
2884 5025 2977 5082 vel
3021 5026 3464 5099 contempserit,
3510 5025 3726 5083 fratres
3780 5043 3896 5100 per

2231 5132 2294 5172 se
2356 5116 2519 5185 ipsos
2580 5114 2898 5186 praefatum
2956 5115 3477 5187 archiepiscopum
3541 5119 3600 5171 et
3654 5115 3896 5173 vicinos

2230 5204 2549 5276 episcopos
2578 5203 2818 5272 adeant,
2847 5209 2903 5260 et
2940 5203 3396 5261 necessitudinis
3447 5219 3570 5259 sua;
3630 5220 3895 5262 oausam

2230 5294 2314 5350 eis
2340 5291 2738 5360 manifestent,
2790 5297 2974 5366 utque
3000 5293 3117 5351 sibi
3158 5291 3353 5348 ferant
3399 5291 3693 5350 auxilium
3745 5310 3895 5367 sup-

2229 5382 2467 5455 plicent.
2508 5381 3007 5455 Archiepiscopus
3052 5386 3253 5439 autem
3292 5380 3389 5437 vel
3416 5382 3544 5455 ipse
3576 5382 3775 5453 solus,
3802 5382 3894 5441 vel

2228 5505 2306 5582 ad
2337 5521 2409 5561 ea
2431 5504 2740 5582 sacrilegia
2767 5505 3159 5582 principibus,
3191 5505 3366 5582 plura
3390 5506 3619 5564 erudite
3650 5508 3893 5582 collegit

2225 5581 2484 5652 Joannes
2516 5577 2815 5652 Eilesacus
2851 5577 3140 5652 singulari
3169 5577 3239 5652 e'a
3262 5577 3338 5634 de
3362 5592 3426 5635 re
3455 5582 3778 5652 opusculo.

2296 5650 2327 5692 δ
2342 5649 2631 5710 Acherius
2657 5650 2801 5723 legit
2816 5651 3133 5710 nobilitate
3162 5651 3377 5723 lapsos.
