4106 6174
259 78 353 137 τοι
1804 78 1898 141 Dll

2008 79 2137 139 ’ΠΑ-

3560 84 3670 145 τοι

255 202 635 263 cumcetera
648 201 949 276 episcopis
961 218 1087 263 suae
1095 202 1428 266 (timeas
1441 218 1646 275 regem
1654 202 1898 274 adeant,
1928 205 1976 263 Α
2011 217 2120 275 per
2142 201 2525 265 insolentiam
2550 203 2711 265 illius
2738 207 2909 265 terra
2930 203 3207 265 homines
3220 203 3397 265 vobis
3416 203 3669 281 injurias

255 297 313 350 et
341 308 524 365 super
539 292 826 351 electione
844 293 1067 353 violata
1094 311 1236 353 eum
1250 299 1697 359 commoneant,
1717 298 1901 368 utque

249 382 546 449 corrigere
572 381 868 453 dignetur,
897 386 954 443 et
983 383 1181 443 verbis
1221 384 1496 452 suadere,
1526 388 1587 441 et
1623 383 1903 458 precibus

247 470 565 531 obsecrare
612 487 736 528 non
773 472 1082 533 desistant.
1111 472 1285 543 Quod
1315 473 1365 533 si
1390 490 1497 531 eos
1526 474 1737 531 audire
1765 488 1903 529 con-

244 560 573 632 tempserit,
605 576 715 621 nec
742 563 966 635 peccati
1018 562 1111 620 sui
1158 563 1453 634 corrigere
1493 563 1739 637 culpam
1780 579 1906 622 ma-

242 649 440 720 luerit,
470 650 1113 713 excommunicationis
1159 652 1510 724 apostolica
1549 652 1903 711 sententiam

242 737 575 797 damnatus
614 740 891 813 excipiat.
941 741 998 798 Si
1040 758 1181 798 vero
1230 741 1323 803 vel
1365 743 1687 816 episcopus
1731 740 1905 813 cujus

240 828 539 901 parochia
581 833 688 899 est,
715 834 819 887 aut
862 830 1369 904 archiepiscopus,
1398 837 1505 889 aut
1539 831 1733 890 caeteri
1778 830 1902 887 suf-

239 917 521 987 fraganei
572 918 938 990 negligentes
978 935 1159 993 super
1196 921 1312 981 hoc
1361 921 1598 993 fuerint,
1628 927 1733 981 aut
1761 936 1903 978 con-

238 1008 617 1079 tempserint,
648 1013 752 1069 aut
774 1008 1005 1071 irritum
1048 1009 1337 1073 duxerint.
1371 1009 1778 1069 damnationis
1806 1028 1906 1071 cu-

230 1097 342 1167 jus
409 1097 716 1153 sententiae
774 1102 1086 1154 teneantur
1140 1099 1383 1161 obnoxii
1432 1115 1555 1161 non
1602 1100 1901 1170 ignorant.

238 1185 393 1243 Dicit
420 1186 584 1245 enim
607 1186 899 1259 propheta
926 1206 939 1244 :
973 1189 1044 1245 Si
1069 1204 1190 1245 non
1216 1191 1674 1248 annuntiaveris
1700 1192 1903 1261 iniquo

237 1275 624 1344 iniquitatem
666 1290 858 1345 suam.
888 1278 1241 1346 sanguinem
1285 1279 1416 1347 ejus
1464 1278 1538 1337 de
1584 1294 1767 1335 manu
1797 1285 1902 1335 tua

234 1367 551 1435 requiram
605 1365 840 1437 (Επειδὴ.
892 1368 991 1437 111).
1042 1368 1207 1427 Unde
1249 1369 1525 1427 noverint
1574 1385 1640 1426 se
1686 1369 1902 1429 eodem

233 1453 598 1511 vinciendos
646 1455 1047 1521 anathemate,
1076 1458 1124 1511 si
1167 1457 1536 1527 neglexerint
1583 1475 1694 1531 pro
1722 1474 1901 1529 grege

1989 293 2356 366 .important,
2386 300 2446 352 et
2470 296 2791 368 praecipue,
2822 312 2962 354 cum
3005 310 3289 368 suprema
3330 300 3489 352 sorte
3530 295 3666 353 fun-

2011 388 2232 452 guntur
2257 400 2450 455 reges,
2474 389 2533 442 et
2558 385 2659 443 alii
2692 385 3021 442 succedunt
3043 385 3107 441 in
3134 400 3341 455 regno.
3358 388 3669 460 Quaprop-

2010 476 2097 531 ter
2141 474 2367 546 petistis
2418 478 2480 533 ut
2524 475 2697 531 vobis
2736 475 3090 532 donationes
3136 473 3268 531 illas
3316 489 3528 544 regum
3562 492 3670 533 seu

2009 562 2369 636 principum,
2399 564 2493 621 vel
2529 565 2961 638 cujuscunque,
2991 563 3095 640 qui
3124 562 3203 619 ad
3242 568 3503 619 vestrum
3538 581 3665 620 mo-

2008 653 2339 717 nasterium
2365 668 2477 726 pro
2507 669 2711 711 amore
2760 654 2863 712 Dei
2908 653 3131 711 summi
3174 669 3247 711 ac
3291 653 3668 710 veneratione

2010 740 2431 813 praedictorum
2477 747 2830 814 martyrum,
2863 758 2972 800 seu
3016 758 3125 815 pro
3175 741 3367 798 salute
3404 758 3537 809 sua,
3570 742 3665 799 ali-

2010 829 2157 901 quid
2200 830 2264 887 in
2316 830 2418 887 illa
2464 834 2621 889 terra
2648 831 2843 903 largiti
2867 836 3025 900 sunt,
3057 831 3422 888 auctoritatis
3449 835 3668 889 nostra

2011 920 2234 991 pagina
2279 919 2681 979 firmaremus.
2727 924 2957 978 iustum
3011 937 3152 989 ergo
3196 920 3666 989 considerantes,

2009 1010 2176 1082 quod
2203 1025 2239 1067 a
2261 1009 2436 1066 nobis
2464 1010 2679 1069 utiliter
2703 1010 3420 1083 postulatur,auctoritate
3440 1010 3540 1067 Dei
3564 1013 3668 1067 Pa-

2012 1098 2113 1154 tris
2164 1099 2591 1171 omnipotentis
2638 1116 2776 1159 cum
2827 1098 2971 1155 Filio
3022 1103 3081 1154 et
3128 1099 3349 1172 Spiritu
3376 1104 3587 1157 sancto
3610 1102 3669 1157 et

2008 1186 2169 1247 beati
2192 1189 2340 1247 Petri
2360 1193 2708 1247 sanctorum
2730 1187 3145 1261 apostolorum
3169 1187 3474 1260 principis,
3490 1188 3666 1260 cujus

2009 1292 2120 1333 nos
2174 1277 2453 1335 immeriti
2495 1279 2694 1337 vicarii
2744 1278 3071 1345 existimus,
3104 1292 3244 1335 cum
3291 1276 3667 1333 invocatione

2009 1365 2336 1423 caelestium
2352 1367 2636 1425 virtutum
2666 1367 2994 1439 sancimus,
3012 1369 3070 1422 et
3084 1365 3392 1423 ﬁrmantes
3415 1364 3665 1423 robora-

2008 1471 2182 1524 mus;
2238 1460 2302 1511 ut
2342 1455 2640 1529 quidquid
2690 1458 2749 1513 in
2794 1455 2960 1513 omni
3003 1460 3159 1515 terra
3209 1454 3541 1521 Britanniae,
3574 1453 3667 1513 vel

234 1543 504 1598 Domino
533 1544 848 1615 pastoralis
887 1560 1042 1607 curae
1086 1546 1547 1608 sollicitudinem
1592 1547 1896 1605 adhibere.
1928 1557 1974 1615 Β
2010 1543 2376 1617 ubicunque,
2406 1544 2531 1602 sive
2560 1560 2597 1605 a
2623 1545 2888 1616 regibus,
2916 1544 3308 1617 principibus,
3327 1559 3433 1600 seu
3461 1558 3499 1599 a
3519 1558 3667 1616 quo-

232 1631 277 1697 -Ι-
300 1632 655 1689 ΒεΜευιρΤυδ
685 1632 738 1700 ·Ῑ·.

316 1703 614 1776 Scriptum
644 1720 753 1777 per
780 1720 1031 1765 manum
1059 1705 1427 1778 Theoderici,
1448 1706 1661 1763 notarii
1682 1712 1740 1762 et
1764 1706 1902 1767 scri-

230 1791 415 1849 niarii
461 1798 681 1850 sancire
726 1797 1009 1851 Romanae
1068 1796 1362 1868 Ecclesiae,
1393 1798 1454 1855 in
1488 1813 1691 1855 mense
1735 1801 1902 1857 Octo-

230 1882 397 1952 brio,
428 1882 750 1939 indictione
780 1889 1014 1959 quarta.
1042 1888 1191 1941 Bene
1217 1886 1428 1942 valete.
1447 1893 1464 1916 ⁸
1487 1892 1698 1943 Actum
1722 1889 1901 1943 Nonis

234 1971 516 2028 Octobris
564 1988 671 2044 per
723 1989 973 2029 manum
1026 1972 1458 2047 Theophylacti
1510 1974 1899 2032 secundicerii

235 2065 470 2116 sanctae
518 2061 680 2117 sedis
737 2062 1093 2134 apostolicae,
1143 2064 1474 2137 imperante
1523 2067 1588 2121 D.
1627 2065 1897 2138 piissimo

237 2152 513 2219 Augusto
542 2151 815 2208 Lothario
858 2168 895 2208 a
935 2152 1187 2215 Domino
1217 2157 1503 2213 coronato
1532 2170 1757 2223 magno
1784 2153 1898 2213 im-

239 2243 524 2311 peratore
572 2255 732 2295 anno
777 2239 1077 2301 tricesimo
1123 2257 1307 2312 nono,
1339 2245 1396 2300 et
1443 2247 1582 2315 post
1627 2241 1898 2312 ejusdem

238 2342 480 2383 annum
514 2328 871 2385 tricesimum
901 2345 1154 2396 nonum,
1189 2330 1298 2387 sed
1328 2335 1385 2387 et
1409 2331 1710 2387 Ludovico
1739 2346 1898 2387 novo

230 2413 457 2489 imper,
492 2418 618 2488 ejus
646 2418 767 2475 ﬁlio
794 2434 954 2476 anno
980 2421 1254 2492 septimo.

839 2509 1181 2568 EPISTOLA
1219 2513 1307 2568 IV.

521 2614 594 2653 AD
631 2614 945 2655 LUDOVICUM
983 2616 1237 2655 ABBATEM
1276 2616 1328 2656 S.
1369 2616 1627 2667 DIONYSII,

297 2688 639 2759 Conﬁrmat
666 2689 988 2759 privilegia
1008 2689 1355 2746 monasterii
1378 2691 1440 2747 S.
1472 2690 1751 2760 Dionysii
1773 2691 1837 2746 in

932 2778 1217 2834 Francia.

2007 1632 2150 1691 libet
2196 1633 2463 1705 homine,
2495 1632 2618 1691 sive
2666 1634 2729 1689 in
2758 1633 2946 1699 terris,
2980 1633 3104 1691 sive
3145 1633 3209 1689 in
3256 1632 3449 1705 aquis,
3481 1630 3669 1705 quali-

2009 1738 2277 1795 scunque
2325 1723 2399 1780 sit
2444 1722 2545 1781 illa
2592 1724 2918 1797 possessio,
2944 1740 3077 1796 qua
3126 1723 3204 1781 ad
3230 1721 3667 1781 monasterium

2010 1814 2109 1873 SS.
2131 1816 2466 1885 martyrum
2490 1813 2777 1886 Dionysii,
2796 1812 3013 1871 Rustici
3035 1817 3091 1869 et
3113 1811 3427 1869 Eleutherii
3450 1809 3669 1868 tradita

2007 1905 2116 1969 est,
2173 1901 2402 1977 absque
2449 1901 2758 1961 invasione
2811 1907 2867 1957 et
2910 1901 3192 1956 violentia
3253 1913 3667 1973 quorumcun-

2005 2005 2125 2062 que
2154 1990 2492 2057 hominum,
2518 1989 2630 2045 sub
2662 1993 2950 2061 potestate
2973 1988 3212 2044 abbatis
3245 1991 3302 2043 et
3325 1987 3665 2059 provisione

2005 2077 2445 2134 monachorum
2484 2077 2756 2149 ejusdem
2805 2076 3151 2133 monasterii
3201 2077 3263 2131 in
3302 2079 3665 2149 perpetuum

2004 2171 2360 2240 perseveret.
2396 2166 2566 2233 Quod
2596 2167 2645 2222 si
2674 2165 2893 2241 aliquis
2922 2165 3037 2222 hoc
3065 2164 3405 2234 infringere,
3436 2161 3532 2217 vel
3559 2176 3666 2233 per

2006 2254 2191 2312 alium
2241 2255 2505 2327 aliquem
2534 2254 2806 2320 voluerit,
2840 2253 3205 2313 auctoritatis
3246 2255 3462 2307 nostrae
3493 2249 3666 2323 privi-

2003 2342 2250 2415 legium,
2284 2343 2437 2399 sciat
2460 2358 2522 2399 se
2553 2343 2936 2399 anathemate
2957 2341 3260 2398 insolubili
3283 2340 3662 2403 damnatum,

2006 2436 2063 2488 et
2092 2449 2128 2488 a
2163 2447 2351 2503 regno
2379 2431 2590 2488 Christi
2622 2430 2909 2495 alienum,
2941 2435 2999 2487 et
3023 2447 3163 2487 cum
3202 2428 3404 2502 impiis
3430 2425 3664 2482 aeternis

2003 2520 2296 2581 incendiis
2331 2521 2752 2592 deputantum,
2781 2520 2901 2579 nisi
2941 2518 3254 2592 resipuerit
3298 2521 3358 2577 et
3408 2514 3488 2574 ad
3533 2513 3667 2570 sati-

2005 2609 2360 2666 sfactionem
2389 2624 2724 2679 congruam
2744 2608 2991 2665 venerit.
3025 2606 3133 2673 Qui
3166 2611 3367 2662 autem
3397 2603 3511 2659 ista
3530 2617 3670 2658 con-

2006 2698 2345 2768 servaverit,
2378 2697 2628 2769 auxerit,
2660 2696 2978 2768 adjuverit,
3011 2694 3492 2751 benedictionem
3540 2706 3669 2763 per-

2001 2787 2185 2860 cipiat
2228 2803 2268 2844 a
2310 2786 2563 2844 Domino
2618 2792 2826 2844 nostro
2874 2789 3013 2844 Jesu
3065 2785 3295 2843 Christo
3340 2783 3399 2839 in
3449 2779 3670 2838 saecula

312 2869 654 2923 Brnsmcrus
691 2865 1030 2939 episcopus,
1058 2883 1262 2922 servus
1292 2883 1604 2924 servorum
1633 2868 1756 2933 Dei,
1786 2870 1891 2924 Lu-
1921 2906 1966 2960 θ
2000 2875 2379 2932 mulorum.
2417 2879 2630 2932 Amen.
2667 2879 2819 2932 Bene
2848 2875 3057 2932 valete.

230 2972 442 3013 novrco
492 2955 701 3015 abbati
748 2956 1103 3013 venerabilis
1154 2958 1500 3013 monasterii
1547 2962 1893 3014 sanctorum

230 3052 579 3121 martyrum
627 3044 909 3117 Dionysii,
940 3044 1157 3103 Rustici
1195 3050 1252 3103 et
1295 3045 1625 3115 Eleutherii,
1661 3046 1763 3103 ubi
1793 3063 1894 3104 eo-

229 3152 372 3192 rum
422 3150 597 3191 sacra
634 3149 890 3207 corpora
928 3135 1323 3207 requiescant,
1356 3139 1413 3190 et
1458 3135 1624 3191 omni
1652 3149 1899 3204 congre-

236 3223 466 3295 gationi
495 3221 766 3279 ﬁdelium
811 3222 1251 3279 monachorum
1293 3239 1430 3296 quae
1472 3239 1614 3279 cum
1666 3239 1738 3280 eo
1783 3229 1895 3290 est,

244 3328 369 3381 pax
394 3328 430 3367 a
454 3312 575 3368 Deo
602 3314 769 3368 Patre
801 3315 859 3368 et
887 3308 1140 3368 Domino
1169 3315 1314 3368 Jesu
1335 3312 1584 3369 Christo.

319 3401 523 3469 Questi
550 3402 704 3472 estis,
732 3400 839 3459 ﬁlii
884 3403 1004 3461 mei
1052 3402 1406 3473 charissimi,
1434 3402 1599 3477 quod
1628 3402 1689 3459 in
1731 3402 1898 3460 terris

237 3506 405 3565 quas
432 3489 596 3561 apud
609 3491 830 3562 Anglos
861 3494 1125 3550 Saxones
1155 3491 1377 3551 habere
1405 3491 1903 3559 videmini,multi

311 3663 338 3723 ξι
370 3652 514 3723 Haec!
535 3650 597 3705 in
630 3650 942 3723 Spicilegio
972 3653 1221 3709 omissa.

315 3721 346 3767 δ
376 3721 653 3794 Labbeus
673 3721 834 3778 recte
854 3724 1134 3780 observat
1150 3725 1281 3781 loco
1298 3724 1626 3781 indictione
1650 3724 1903 3794 septima

245 3791 571 3868 legendum
617 3808 755 3868 esse
793 3795 1117 3868 indictione
1144 3797 1398 3868 quinta;
1445 3795 1551 3851 sed
1593 3791 1896 3868 nec'_ipse,

244 3878 362 3919 nec
401 3862 554 3918 ullus
605 3863 759 3920 alius
805 3862 1225 3923 animadvertit
1273 3862 1505 3922 annum
1546 3862 1899 3922 consulatus

249 3933 531 4008 Ludovici
553 3939 597 3990 ll
628 3939 782 4008 Aug,
805 3937 1093 3993 mendose
1110 3938 1288 3994 etiam
1319 3954 1355 4008 a
1374 3937 1616 3994 librario
1641 3937 1901 4008 descrip-

244 4009 369 4061 tum
401 4005 628 4081 fuisse;
684 4005 827 4081 quia
874 4008 1096 4081 scilicet
1127 4006 1470 4081 consulatus
1500 4005 1902 4081 perpetuipa-

236 4092 375 4133 rum
400 4077 893 4135 hactenus—fuere
923 4080 1160 4153 cogniti.
1187 4082 1380 4147 Quare
1401 4077 1541 4136 cum
1564 4077 1899 4135 Ludovicus

2077 2964 2372 3037 Scriptum
2394 2979 2501 3037 per
2521 2980 2775 3021 manum
2796 2963 3087 3021 Theodori
3106 2962 3323 3019 notarii
3346 2958 3665 3030 regionarii

2004 3051 2224 3105 sanctae
2249 3049 2530 3104 Romanae
2551 3046 2851 3118 Ecclesiae,
2866 3046 2927 3103 in
2939 3061 3149 3103 mense
3161 3044 3329 3113 Maio,
3342 3040 3666 3100 indictione

2005 3136 2277 3208 septima.
2299 3139 2512 3192 Datum
2530 3153 2641 3209 per
2661 3152 2910 3193 manum
2932 3134 3173 3204 Megisti,
3196 3131 3463 3205 episcopi
3490 3134 3552 3186 et
3572 3129 3665 3186 bi-

2004 3223 2377 3281 bliothecarii
2420 3229 2642 3281 sanctis
2686 3223 3026 3296 apostolicae
3078 3220 3257 3288 sedis,
3287 3220 3497 3293 quinto
3524 3217 3666 3274 ldus

2006 3312 2155 3380 Maii,
2172 3313 2504 3385 imperante
2521 3311 2769 3369 domino
2785 3308 3054 3387 piissimo
3064 3312 3354 3385 perpetuo
3372 3308 3664 3378 Augusto,

2007 3418 2045 3459 a
2098 3405 2216 3458 Deo
2274 3405 2561 3458 coronato
2613 3416 2840 3472 magno
2886 3398 3268 3473 imperatore,
3317 3395 3666 3454 consulatus

2009 3492 2139 3564 ejus
2169 3506 2331 3548 anno
2355 3495 2591 3559 octavo,
2614 3489 2940 3549 indictione
2968 3488 3223 3563 septima
3251 3486 3503 3560 [quinta
3530 3484 3558 3525 ι)
3588 3484 3628 3556 ].

2009 3666 2109 3709 an.
2137 3654 2263 3720 850,
2296 3662 2502 3728 mense
2555 3649 2883 3728 decembri,
2915 3648 3251 3728 imperium-
3283 3650 3341 3702 et
3386 3643 3666 3728 consula-

2009 3727 2137 3779 tum
2159 3736 2283 3778 uno
2312 3721 2648 3793 eodemque
2672 3721 2789 3785 die,
2818 3726 2882 3776 ut
2911 3719 3109 3793 moris
3127 3722 3276 3793 erat,
3314 3719 3663 3788 susceperit,

2010 3799 2068 3869 et
2104 3793 2471 3869 Benedictus
2509 3790 2592 3869 _lil
2648 3805 2813 3869 anno
2850 3790 3140 3869 _seque_nti
3196 3793 3335 3845 ante
3391 3802 3663 3869 mensem

2008 3864 2233 3939 Maium
2250 3863 2481 3939 abierit,
2509 3863 2633 3918 haec
2654 3861 2907 3939 epistola
2951 3861 3141 3939 serius
3177 3861 3664 3939 quamcurrenti

2012 3949 2172 3990 anno
2219 3933 2422 3990 indict.
2455 3928 2489 3988 v
2536 3939 2594 3989 et
2638 3928 2955 3989 consulatu
2981 3946 3061 3986 vn
3110 3928 3389 3985 Ludovici
3418 3932 3463 3983 ll
3512 3932 3663 3997 Aug.

2008 4009 2213 4061 notato
2259 4004 2392 4060 dari
2442 4015 2567 4060 non
2614 4003 2824 4076 potuit.
2883 4005 3086 4059 PAGIUS
3124 4001 3206 4058 ad
3256 4014 3359 4057 an.
3388 3999 3501 4056 Ch.
3534 4001 3662 4065 857,

2009 4091 2070 4132 n.
2100 4079 2153 4132 8.

1237 4424 1819 4512 BENEIHCTI
1932 4423 2066 4510 ΙΙΙ
2185 4419 2675 4509 DIPLOMA

1898 4582 2007 4632 QUO

544 4689 975 4755 Monastert'um
1009 4690 1303 4754 Fuldense
1327 4690 1436 4755 sub
1464 4691 1803 4775 apostolicae
1831 4691 1988 4775 sedis
2021 4691 2392 4771 protectione
2417 4690 2655 4770 recipit,
2687 4689 2937 4769 ejusque
2965 4687 3371 4749 immunitates

1788 4770 2128 4852 con/irruat.

1408 4923 1773 4992 (Schannat,
1812 4921 1963 4978 Hist.
2000 4918 2192 4985 Fuld.,
2233 4932 2296 4992 p.
2341 4918 2505 4991 134.)

1739 5073 2163 5089 -ι--ῄ

308 5198 658 5255 Βεκευιετυε
679 5196 1021 5269 episcopus,
1042 5212 1250 5254 servus
1276 5212 1579 5253 servorum
1598 5196 1906 5258 Dei,TnEo-
1945 5196 1988 5250 D
2018 5194 2135 5251 bus
2157 5197 2501 5265 congruunt
2515 5193 2846 5262 desideriis,
2869 5198 3105 5268 oportet
3123 5198 3187 5252 ut
3205 5193 3510 5251 devotioni
3524 5208 3669 5249 con-

228 5301 396 5352 τοιιι,
418 5285 702 5355 religioso
722 5285 1296 5342 abbativenerabilis
1315 5285 1659 5342 monasterii
1675 5283 1907 5340 Domini
2015 5282 2224 5339 ditoris
2257 5283 2365 5356 piae
2396 5282 2853 5339 constructionis
2893 5284 3215 5339 auctoritas
3255 5282 3316 5338 in
3344 5279 3668 5355 privilegiis

232 5375 584 5439 Salvatoris,
611 5378 668 5430 et
682 5391 789 5448 per
812 5380 863 5431 te
885 5376 943 5430 in
968 5374 1181 5431 eodem
1196 5374 1526 5432 venerabili
1544 5372 1905 5428 monasterio
2014 5372 2635 5443 praestandis‘minime
2652 5371 3187 5443 denegetur.lgitur
3202 5372 3345 5445 quia
3356 5366 3668 5446 postulasti

232 5463 707 5523 successoribus
737 5464 1063 5523 abbatibus
1094 5465 1157 5521 in
1186 5470 1567 5540 perpetuum.

310 5547 620 5617 Quoniam
641 5564 877 5623 semper
897 5554 1035 5607 sunt
1049 5548 1437 5608 concedenda
1455 5563 1591 5620 quae
1606 5546 1904 5605 rationali-

2015 5475 2051 5517 a
2069 5460 2247 5517 nobis
2268 5464 2569 5535 quatenus
2585 5460 3020 5518 monasterium
3039 5459 3379 5530 Salvatoris,
3401 5476 3439 5516 a
3460 5463 3670 5516 sancto

2013 5548 2315 5605 Bonifacio
2342 5549 2794 5623 archiepiscopo
2815 5547 3439 5609 constructuminloco
3455 5545 3558 5619 qui
3571 5560 3671 5601 vo-
