4092 6176
420 87 527 143 703

1624 73 1683 129 s.
1724 68 2002 125 EULOGII
2040 49 2368 123 ARCHIEP.
2410 48 2650 124 TOALET.

3759 59 3866 115 704

421 210 594 265 catur
610 201 871 260 Boconia
886 216 1029 271 erga
1051 200 1245 272 ripam
1266 197 1532 254 ﬂuminis
1542 189 2077 265 Voldaha,privile-
2104 198 2151 252 Α
2188 190 2678 257 contradictione,
2744 187 3023 244 ﬁrmitate
3074 143 3378 258 perpetua
3437 180 3869 272 perfruamur:

424 296 503 369 gii
533 294 691 353 sedis
720 289 1059 364 apostolicae
1099 286 1482 345 adminiculis
1509 285 1843 347 decoretur,
1874 285 1940 337 ut
1964 280 2076 351 sub

417 381 829 459 jurisdictione
858 382 1078 435 sancta:
1103 381 1341 444 nostrae,
1363 376 1459 432 cui
1476 376 1595 431 Deo
1621 376 1861 429 auctore
1881 371 2081 427 deser-

420 474 644 541 vimus,
676 467 943 526 Ecclesiae
990 466 1401 536 constitutum,
1433 463 1656 521 nullius
1705 460 1944 518 alterius
1984 463 2082 515 Ec-

425 556 618 614 clesiae
632 554 1146 628 jurisdictionibus
1170 553 1553 611 submittatur
1576 568 1589 606 :
1611 566 1723 624 pro
1743 564 1941 623 quare
1964 546 2078 621 piis

424 645 732 703 desideriis
760 643 1049 710 faventes,
1081 643 1198 699 hac
1223 647 1429 699 nostra
1459 639 1806 698 auctoritate
1833 637 1895 694 id
1917 635 2082 710 quod

424 734 763 809 exposcitur
791 732 1005 790 effectu
1051 733 1507 804 mancipamus:
1563 733 1621 785 et
1666 728 1802 784 ideo
1836 741 2082 783 omnem

425 824 743 896 cujuslibet
783 822 1055 879 Ecclesiae
1107 821 1480 878 sacerdotem
1508 820 1570 875 in
1599 816 1846 891 praefato
1874 831 2082 873 mona-

424 910 601 968 sterio
631 909 919 967 ditionem
966 908 1299 983 quamlibet
1339 908 1564 965 habere
1620 910 1724 963 aut
1771 904 2086 961 auctorita-

425 1005 546 1058 tem
598 1003 812 1073 praeter
860 999 1065 1055 sedem
1110 997 1543 1072 apostolicam:
1593 997 1696 1065 ita,
1735 999 1801 1050 ut
1843 994 1956 1050 nisi
2005 992 2083 1049 ab

426 1089 646 1148 abbate
676 1088 1023 1144 monasterii
1067 1086 1243 1143 fuerit
1280 1087 1585 1165 invitatus,
1618 1100 1728 1139 nec
1758 1082 2083 1139 missarum

423 1177 650 1234 ibidem
679 1176 1117 1234 solemnitatem
1148 1176 1452 1248 quispiam
1481 1176 1810 1249 praesumat
1836 1171 2084 1228 omnino

426 1267 749 1337 celebrare,
782 1272 844 1323 ut
891 1267 1157 1340 profecto
1199 1267 1371 1338 juxta
1422 1264 1487 1321 id
1539 1263 1707 1337 quod
1746 1263 2086 1334 subjectum

425 1356 771 1430 apostolicae
796 1356 922 1411 sedi
951 1355 1226 1412 ﬁrmitate
1257 1353 1549 1428 privilegii
1562 1351 1849 1419 consistit,
1882 1352 2087 1407 incon-

427 1461 600 1503 cusse
640 1444 914 1501 dotatum
963 1447 1315 1518 permaneat
1355 1443 1503 1499 locis
1531 1446 1588 1499 et
1615 1442 1815 1507 rebus,
1846 1444 1971 1496 tam
2000 1440 2084 1496 eis

2189 279 2617 336 Constituimus
2682 293 2927 351 quoque
2976 291 3085 349 per
3134 275 3317 346 hujus
3372 270 3605 328 decreti
3676 270 3871 328 nostri

2186 370 2476 444 paginam
2524 374 2590 425 ut
2631 369 2979 442 quicunque
3031 363 3355 437 cujuslibet
3396 361 3688 419 Ecclesiae
3721 376 3871 433 prae-

2189 459 2301 527 sul,
2352 459 2453 517 _ve1
2502 474 2868 532 quacunque
2917 457 3205 527 dignitate
3268 452 3523 527 praedita
3597 467 3871 524 persona

2188 550 2346 606 hanc
2373 553 2643 605 nostram
2672 546 2964 621 privilegii
2991 546 3282 612 chartam,
3315 557 3503 617 quam
3537 541 3871 598 auctorita-

2188 643 2244 695 te
2270 638 2556 712 principis
2584 636 2998 711 apostolorum
3029 634 3367 699 ﬁrmamus,
3398 636 3713 688 temerare
3742 634 3869 687 ten-

2190 729 2417 796 taverit,
2450 728 2772 785 anathema
2803 726 2894 794 sit,
2919 725 3145 781 etiram
3169 723 3268 779 Dei
3289 722 3616 778 incurrens
3651 736 3691 775 a
3718 725 3871 777 creta

2191 819 2463 874 omnium
2511 821 2855 873 sanctorum
2894 814 3145 872 extorris
3199 812 3432 879 existat,
3465 814 3527 866 et
3559 809 3872 875 nihilomi-

2190 922 2305 963 nus
2354 906 2585 980 praefati
2634 903 2980 962 monasterii
3018 901 3279 973 dignitas
3325 917 3363 957 a
3390 899 3580 956 nobis
3634 898 3871 956 indulta

2187 996 2609 1070 perpetualiter
2646 993 2929 1051 inviolata
2978 993 3334 1066 permaneat
3380 988 3737 1063 apostolica
3766 1005 3870 1045 au-

2192 1085 2460 1141 ctoritate
2497 1084 2767 1140 subnixa.

2263 1173 2559 1247 Scriptum
2589 1189 2696 1246 per
2726 1187 2977 1228 manum
3025 1168 3318 1226 Zachariae
3365 1167 3597 1224 notarii
3647 1170 3706 1223 et
3732 1167 3870 1222 scri-

2190 1263 2364 1321 niarii
2413 1267 2632 1319 sanctae
2682 1265 2965 1319 Romanae
3016 1258 3288 1315 Ecclesiae
3337 1257 3398 1313 in
3436 1272 3663 1314 mense
3692 1258 3863 1314 Octo-

2190 1353 2334 1421 bris,
2366 1352 2692 1409 indictione
2732 1352 2959 1423 quinta.

2264 1447 2476 1499 Actum
2506 1459 2544 1498 x
2573 1441 2705 1497 Kal.
2738 1438 3130 1496 Novembrias
3170 1452 3279 1510 per
3311 1451 3573 1492 manum
3607 1434 3861 1492 Theotﬁ-

424 1551 581 1609 quas
608 1534 901 1591 moderno
948 1539 1216 1606 tempore
1247 1537 1405 1589 tenet
1439 1531 1535 1589 vel
1578 1529 1863 1606 possidet,
1896 1546 2083 1603 quam
2114 1565 2154 1619 Β
2190 1530 2346 1597 lacti,
2380 1529 2769 1619 secundicerii
2798 1531 3023 1619 sanctae
3077 1524 3235 1582 sedis
3264 1522 3645 1619 apostolicae,
3670 1523 3874 1619 impe-.

427 1638 563 1698 quae
591 1622 805 1680 futuris
852 1622 1225 1695 temporibus
1255 1621 1316 1678 in
1342 1622 1477 1692 jure
1521 1621 1708 1694 ipsius
1739 1619 2084 1676 monasterii
2117 1612 2150 1619 ”
2191 1623 2359 1677 rante
2389 1619 2616 1675 domno
2645 1617 2915 1691 piissimo
2964 1620 3324 1690 perpetuum
3355 1617 3641 1682 Angusto
3670 1612 3856 1669 Ludo-

428 1712 635 1769 divina
659 1713 849 1785 pietas
884 1711 1137 1768 voluerit
1185 1727 1406 1781 augere
1435 1727 1509 1767 ex
1536 1710 1713 1767 donis
1743 1714 1799 1766 et
1838 1708 2086 1766 oblatio-

429 1800 611 1858 nibus
633 1800 1001 1874 decimisque
1029 1799 1300 1857 ﬁdelium
1346 1800 1577 1873 absque
1605 1798 1785 1855 ullius
1812 1813 2083 1872 personae

2191 1709 2324 1766 vico
2349 1725 2387 1765 a
2413 1708 2531 1765 Deo
2556 1711 2865 1778 coronato,
2900 1720 3146 1776 magno,
3179 1702 3436 1777 paciﬁco
3465 1701 3852 1777 imperatore,

2192 1797 2514 1854 indictione
2545 1796 2775 1870 quinta.

439 1916 3838 1954 Μ

1817 2036 1961 2076 ANNO
1999 2035 2192 2076 DOIINI
2228 2034 2479 2076 DCCCLIX.

936 2152 1995 2301 SANCTBS
2160 2145 3359 2299 EULOGIUS

1382 2375 1981 2435 ARCHIEPISCOPUS
2018 2375 2429 2432 TOLETANUS
2466 2375 2552 2430 ET
2589 2374 2890 2430 MARTYR.

756 2504 955 2570 (Juxta
981 2500 1307 2559 editionem
1335 2499 1632 2557 Francisci
1659 2498 1735 2556 de
1765 2501 2128 2562 Lorenzana,
2160 2495 2594 2570 archiepiscopi
2625 2493 2916 2563 Toletani,
2947 2494 3102 2550 Patr.
3136 2493 3287 2550 Eccl.
3320 2492 3514 2563 Tolet.)

1439 2726 1945 2819 MONITUM
2007 2726 2150 2813 AD
2208 2724 2827 2814 LECTOREM.

506 2975 867 3031 Sanctorum
916 2974 1254 3031 antistitum
1298 2976 1717 3031 Toletanorum
1764 2974 1960 3043 Opera
2011 2972 2085 3043 (a)
2116 2972 2157 3025 C
2195 2971 2750 3027 Ecclesiasticorum
2808 2983 3034 3039 parens
3098 2969 3424 3043 Baronius,
3488 2967 3602 3043 sibi
3665 2965 3847 3043 videri

442 3045 510 3102 D.
542 3045 791 3117 Eulogii
816 3046 1043 3115 scripta
1071 3048 1280 3102 merito
1322 3051 1676 3117 sequuntur,
1708 3047 1812 3116 qui
1838 3045 2086 3099 illorum

436 3117 501 3172 in
534 3118 821 3174 Toletana
873 3117 1164 3174 cathedra
1211 3132 1511 3175 successor
1538 3118 1672 3186 jam
1718 3117 2086 3185 designatus,

436 3188 750 3259 presbyter
778 3186 1175 3259 Cordubensis
1219 3189 1492 3246 occubuit
1536 3188 1755 3257 adepta
1804 3186 2092 3259 martyrii

435 3258 680 3328 palma:
714 3260 809 3315 vir
828 3260 1015 3327 plane
1044 3258 1119 3314 ab
1149 3261 1418 3316 omnibus
1443 3274 1673 3314 summa
1712 3258 2090 3315 veneratione

441 3330 852 3398 suscipiendus
883 3334 1170 3399 tanquam
1217 3331 1527 3401 singulare
1557 3329 1847 3401 Corduba
1871 3329 2089 3401 patriae

440 3414 581 3467 suae,
605 3404 1045 3469 ornamentum,
1069 3399 1425 3468 perpetuum
1463 3400 1651 3456 Toleti
1683 3400 1880 3465 decus,
1915 3399 2091 3455 totiu-

439 3483 591 3539 sque
609 3468 921 3536 Hispaniae
940 3468 1167 3539 lumen,
1195 3484 1315 3525 non
1346 3471 1542 3525 minus
1564 3475 1819 3539 propter
1847 3470 2089 3524 virtutis

442 3536 701 3618 laudem,
717 3551 895 3608 quam
912 3536 1200 3618 doctrinm
1219 3555 1231 3592 :
1256 3554 1514 3618 quarum
1530 3536 1787 3618 alteram
1800 3541 1934 3597 vita
1954 3555 2092 3596 san-

442 3608 698 3664 ctissime
731 3612 1013 3681 peracta,
1023 3608 1321 3678 gloriosus
1351 3611 1566 3681 exitus,
1594 3611 1850 3668 alteram
1883 3627 2090 3667 monu-

441 3682 664 3743 menta,
676 3692 807 3750 quae
825 3679 1038 3753 litteris
1059 3681 1471 3753 commendata
1481 3679 1744 3753 reliquit,
1760 3682 1997 3739 abunde
2012 3687 2092 3737 te-

442 3749 726 3824 stantur:
772 3749 920 3824 adeo
949 3754 1017 3806 ut
1036 3751 1153 3824 qui
1189 3751 1514 3824 Eulogium
1543 3749 1677 3810 cum
1718 3768 1938 3824 magno
1981 3753 2090 3808 illo

440 3820 738 3895 africano
753 3820 1368 3895 doctore,inclytoqué
1383 3825 1565 3881 simul
1582 3825 1810 3882 Christi
1821 3820 2094 3893 martyre

446 3892 756 3967 Cypriane
765 3892 1223 3967 comparaverit,
1242 3892 1319 3953 ne
1340 3897 1387 3952 is
1406 3911 1611 3967 cequus
1624 3896 1927 3952 hominum
1942 3892 2093 3950 aesti-

442 3969 640 4021 mater
650 3964 958 4020 habendus
974 3965 1316 4034 fuerit.F'ac
1324 3964 1484 4023 enim
1501 3981 1685 4023 unam
1700 3966 1917 4036 eloquii
1927 3980 2094 4034 aspe-

443 4037 683 4108 ritatem
705 4036 1127 4108 cncipiaquuo
1166 4038 1430 4093 limatius
1459 4051 1530 4093 ac
1551 4038 1800 4106 politius
1824 4043 2091 4105 tempora

442 4105 836 4177 illa__minime
862 4105 1157 4175 ferebant,
1189 4113 1406 4164 caetera
1432 4105 1754 4177 Eulogium
1782 4110 2090 4177 Cypriane

439 4174 1155 4255 faciledexzquaverim.‘
1199 4179 1432 4255 ingenii
1468 4174 1757 4255 ubertate,
1791 4174 2086 4255 doctrina,

444 4244 777 4319 eruditione
803 4244 998 4316 sacra,
1032 4244 1363 4305 vehementi
1393 4249 1748 4319 fervidoque
1772 4249 1916 4316 ﬁdei
1941 4244 2087 4319 zelo,

2198 3044 2521 3113 Eulogium
2572 3058 2706 3098 cum
2743 3037 3177 3113 Documentum
3208 3040 3514 3109 scriberet,
3541 3041 3604 3094 in
3629 3037 3849 3109 pyxide

2196 3112 2465 3183 Spiritus
2495 3114 2693 3170 sancti
2723 3113 3023 3168 calamum
3050 3112 3387 3167 intinxisse.
3478 3130 3487 3135 ·
3655 3181 3690 3183 η
3765 3159 3803 3183 _.

2267 3184 2421 3241 Sunt
2471 3191 2670 3241 autem
2719 3185 2920 3239 omnia
2974 3183 3221 3252 Eulogii
3265 3196 3467 3251 opera,
3516 3187 3581 3237 ut
3625 3180 3847 3252 diceba-

2199 3271 2346 3317 mus,
2381 3255 2676 3325 ejusmodi
2702 3254 3067 3325 argumenti,
3098 3251 3163 3308 ut
3205 3253 3299 3310 vel
3340 3259 3686 3323 martyrum
3715 3251 3845 3325 Cor:

2198 3322 2547 3383 dubensium
2599 3340 2704 3382 suo
2770 3322 3053 3395 tempore
3096 3325 3428 3381 certamina
3479 3322 3716 3394 narret,
3762 3322 3848 3379 vel

2198 3398 2444 3454 illorum
2488 3400 2552 3453 in
2590 3411 2713 3454 sese
2761 3396 3063 3466 offerendo
3088 3396 3480 3465 prudentiam
3510 3402 3849 3466 rectumque

2197 3470 2388 3524 zelum
2421 3468 2749 3537 defendat:
2786 3482 2996 3537 nempe
3038 3466 3371 3522 Memoriale
3400 3469 3728 3539 Martyrum
3753 3468 3849 3521 tri-

2202 3539 2306 3595 bus
2353 3540 2520 3594 libris
2573 3539 2946 3609 distinctum,
2993 3539 3426 3595 Documentum
3464 3538 3847 3607 Martyriale,

2197 3610 2650 3680 Apologeticum
2694 3610 3063 3680 Martyrum,
3095 3614 3150 3665 et
3195 3609 3488 3678 Epistola'
3517 3611 3844 3666 nonnullas.

2202 3681 2343 3748 Qun
2385 3682 2586 3736 omnia
2638 3696 2743 3737 nos
2792 3680 2888 3737 hic
2936 3680 3109 3737 edere
3148 3680 3523 3750 suscipimus,
3555 3695 3682 3738 una
3722 3696 3847 3737 cum

2198 3752 2395 3807 sancti
2435 3751 2681 3821 Eulogii
2727 3751 2861 3807 Vita
2902 3751 2978 3807 ab
3026 3752 3254 3807 Atvaro
3303 3752 3681 3809 Cordubensi
3729 3755 3848 3823 eius

2194 3822 2675 3895 familiarissima
2710 3827 2995 3895 accurate
3044 3824 3413 3895 conscripta,
3436 3824 3497 3879 in
3540 3838 3663 3895 qua
3703 3822 3851 3895 quu-

2200 3909 2432 3965 cunque
2452 3893 2533 3949 ad
2561 3894 2883 3965 Eulogium
2909 3898 3181 3965 spectant
3212 3893 3447 3951 abunde
3474 3893 3847 3951 ac‘minutim

2192 3964 2594 4036 persequitur.
2622 3964 2741 4022 Sed
2770 3965 2913 4021 bene
2939 3964 3134 4033 habet,
3166 3965 3327 4036 quod
3352 3966 3415 4021 in
3456 3965 3747 4036 ejusmodi
3769 3965 3848 4020 la-

2202 4036 2340 4092 bore
2364 4038 2553 4092 multo
2574 4038 2708 4105 jam
2756 4040 2936 4092 antea
2987 4050 3094 4091 nos
3137 4037 3371 4105 prwivit
3418 4036 3841 4093 eruditissimus

2201 4107 2295 4179 vir
2322 4107 2671 4163 Ambrosius
2698 4107 2991 4179 Mor-ales,
3011 4106 3110 4161 cui
3152 4108 3406 4164 multam
3449 4113 3532 4164 est
3560 4106 3715 4179 quod
3746 4106 3845 4162 ha-

2205 4177 2441 4233 beamus
2464 4179 2774 4249 gratiam,
2808 4178 3090 4249 quoniam
3131 4180 3352 4235 steculo
3388 4195 3488 4234 xv:
3530 4177 3849 4249 Eulogium

2201 4263 2433 4321 summa
2455 4248 2917 4321 curaiedendum
2948 4250 3224 4321 suscepit,
3254 4257 3432 4321 atque
3450 4251 3701 4321 egregiis
3729 4249 3850 4306 ani-

445 4316 639 4391 animi
685 4317 920 4391 virtute;
957 4325 1136 4391 atque
1190 4316 1805 4391 constantiaLsu‘mmo
1847 4318 2087 4391 tandem
2118 4318 2163 4372 D
2203 4319 2708 4375 madversionibus
2732 4320 3086 4375 illustravit.
3112 4316 3551 4387 Quare—nostra
3570 4316 3709 4391 post
3726 4337 3852 4379 eum

445 4388 764 4445 charitatis
804 4388 1048 4459 ardore,
1072 4393 1194 4446 sive
1235 4392 1499 4459 gloriosa
1539 4389 1767 4446 Christi
1804 4389 2092 4446 atheleta-

443 4475 580 4516 rum
641 4461 972 4517 certamina
1032 4461 1363 4518 describere
1403 4467 1605 4529 tentet,
1661 4462 1783 4517 sive
1844 4462 2091 4517 illorum

443 4531 904 4589 vindicationem
953 4533 1239 4589 adversus
1285 4532 1393 4590 SS.
1423 4538 1764 4602 martyrum
1803 4532 2094 4588 obtrecta-

445 4608 598 4661 tores
627 4604 937 4674 suscipiat,
961 4606 1084 4660 sive
1101 4604 1369 4672 inﬁrmos
1399 4618 1471 4661 ac
1499 4603 1718 4660 debiles
1747 4603 2089 4669 accendere,

442 4680 723 4732 nutantes
753 4691 890 4734 vero
920 4676 1278 4744 conﬁrmare
1319 4680 1607 4733 conetur:
1639 4676 1843 4746 quoin
1881 4689 2096 4744 genere

445 4760 578 4800 cum
628 4748 829 4802 omnia
868 4748 1002 4817 fere
1026 4749 1273 4818 Eulogii
1310 4749 1538 4818 scripta
1580 4762 1710 4803 cum
1758 4747 1938 4803 laude
1974 4760 2095 4802 ver-

443 4819 676 4892 sentur!
700 4821 842 4892 tunc
864 4818 1310 4892 admirandum
1355 4818 1625 4876 omnibus
1659 4820 2094 4892 Document_u_m

446 4884 774 4967 Martyriale
804 4887 987 4967 edidit
1008 4889 1089 4967 ad
1112 4906 1319 4967 sacras
1348 4892 1608 4967 virgines
1637 4889 1928 4967 directum
1957 4889 2097 4967 Flo-

446 4966 579 5035 rum
609 4958 663 5035 et
690 4954 1074 5035 Mariamhob
1101 4961 1243 5035 ﬁdei
1279 4954 1704 5035 confessionem
1734 4962 1798 5015 in
1837 4961 2093 5035 vinculis

448 5021 736 5091 detentus,
764 5025 888 5092 ipse
916 5021 1356 5085 etiam'vinctus
1376 5021 1439 5086 in
1469 5034 1720 5086 Domino
1750 5044 1822 5085 ac
1865 5029 2097 5085 teterri-

446 5107 542 5148 mo
599 5106 837 5176 carcere
883 5096 1192 5176 inclusus:
1245 5102 1415 5176 cujus
1456 5102 1704 5176 lectione
1759 5099 2096 5176 quicunque

448 5179 510 5220 se
571 5168 819 5240 moveri
848 5171 1042 5240 neget,
1097 5168 1172 5223 ab
1215 5171 1379 5224 omni
1435 5186 1495 5227 se
1554 5168 1795 5240 pietatis
1840 5168 2097 5239 ﬁdeique

448 5249 624 5313 sensu
676 5236 894 5313 oppido
943 5237 1205 5313 alienum
1246 5236 1580 5307 proﬁtetur.
1620 5240 1758 5313 Non
1788 5236 2094 5313 tamenim

453 5305 714 5380 humano
756 5305 994 5377 ingenio
1046 5305 1415 5365 elaboratum
1444 5326 1623 5380 quam
1672 5310 1874 5365 divino
1903 5310 2098 5364 instil-

452 5377 618 5434 lante
660 5378 896 5448 Spiritu
962 5381 1364 5449 conscriptum
1421 5377 1656 5435 videtur
1701 5380 1862 5435 illud
1907 5395 2091 5448 opus:

450 5454 518 5505 ut
540 5451 758 5519 optime
784 5450 858 5507 de
875 5465 940 5507 eo
962 5451 1452 5519 pronuntiaverit
1479 5465 1732 5521 magnus
1762 5451 2093 5508 Annalium

522 5573 607 5646 (a)
644 5576 726 5631 De
754 5573 976 5648 quibus
1016 5574 1111 5648 hic
1142 5574 1651 5648 agiturantistum
1676 5576 2096 5635 Toletanorum

2204 4405 2384 4463 opera
2411 4391 2541 4460 fere
2569 4395 2693 4445 tota
2724 4396 2959 4463 versata
2983 4397 3068 4447 est
3098 4393 3161 4451 in
3182 4393 3572 4463 repurganda
3603 4392 3853 4449 Moralis

2203 4462 2459 4535 editione
2487 4476 2523 4517 a
2556 4459 3071 4535 typographorum
3113 4459 3609 4535 mendisfquibus
3648 4470 3735 4522 est
3771 4465 3853 4520 in-

2203 4533 2489 4603 quinata,
2506 4546 2614 4601 ope
2646 4532 2896 4588 alterius
2927 4532 3001 4588 ab
3029 4532 3297 4590 Andrza
3323 4532 3570 4591 Schotto
3593 4536 3853 4592 Franco-

2198 4603 2361 4673 furti
2413 4602 2746 4676 adornata,
2785 4617 2918 4676 qua!
2964 4605 3236 4676 quamvis
3281 4611 3334 4662 et
3376 4607 3507 4676 ipsa
3551 4606 3851 4663 erroribus

2202 4679 2450 4748 scatent,
2477 4675 2608 4748 loca
2629 4679 2819 4730 tamen
2842 4674 2904 4748 in
2926 4674 3182 4732 editione
3197 4677 3367 4731 Mora
3376 4674 3448 4733 lis
3465 4683 3758 4748 corrupta
3772 4678 3858 4734 di-

2206 4746 2461 4827 ligenter
2488 4744 2661 4801 habet
2687 4746 3019 4827 emendata.
3052 4748 3273 4827 ambas
3312 4763 3452 4819 ergo
3475 4744 3684 4819 (nullis
3711 4750 3851 4827 aliis

2204 4816 2503 4872 codicibus
2532 4818 2955 4885 manuscriptis
2984 4818 3205 4886 adjuti)
3224 4819 3366 4874 dum
3381 4816 3683 4876 accurate
3704 4823 3861 4878 inter

2203 4902 2264 4943 se
2292 4888 2672 4961 contulimus,
2704 4888 2975 4957 e/Tectum
3005 4895 3185 4961 estut
3226 4896 3434 4947 nostra
3465 4892 3762 4961 integrior
3791 4908 3861 4950 ac

2203 4960 2410 5029 sanior
2436 4964 2731 5028 appareat
2760 4960 3046 5029 utrisque.
3078 4960 3198 5017 Sed
3234 4968 3290 5017 et
3321 4963 3626 5018 Ambrosii
3665 4964 3861 5021 Mora-

2208 5028 2279 5083 lis
2327 5033 2499 5104 notas
2544 5029 2874 5104 aliquando
2922 5028 3141 5104 nostris
3180 5034 3483 5103 auximus,
3505 5036 3641 5104 jam
3668 5036 3865 5092 textui

2204 5099 2481 5180 auctoris
2498 5099 2694 5180 magis
2708 5101 3248 5180 illustrando,_jam
3273 5099 3861 5180 ipsius’ddnotatoris

2203 5172 2508 5252 sententiis
2552 5172 2927 5252 explicandis
2970 5172 3489 5252 conﬁrmandisve,
3529 5178 3862 5248 aliquando

2205 5242 2383 5323 etiam
2414 5242 2825 5323 corrigendis:
2867 5260 2985 5323 qua
3028 5245 3091 5301 in
3120 5261 3187 5323 re
3213 5242 3558 5323 curavimus
3590 5242 3655 5304 ul
3687 5266 3861 5323 suum

2203 5316 2417 5452 iniqu;
2445 5320 2762 5378 constaret,
2784 5329 2858 5370 ne
2887 5316 3083 5371 virum
3111 5316 3513 5375 doctissimum
3544 5335 3655 5376 sua
3682 5322 3864 5378 laude

2237 5398 2351 5438 rau
2400 5399 2656 5440 aremus.

2237 5398 2394 5438 raua
2400 5399 2635 5440 aremus
2644 5427 2656 5440 .

2288 5454 2703 5511 Verumtamen
2757 5457 3039 5527 quoniam
3089 5458 3259 5516 illius
3314 5462 3863 5520 animadversiones

2204 5582 2475 5656 eastang
2493 5580 2747 5656 hujusce
2809 5581 3160 5656 Patrologiaa
3223 5590 3368 5643 tom.
3438 5586 3753 5648 LXXXVII
3809 5593 3863 5648 et

455 5644 668 5718 Opera,
715 5644 962 5719 Eﬁgenii
991 5644 1232 5720 scilicet,
1281 5644 1628 5720 Hildefonsi,
1666 5648 1901 5720 Juliani,
1947 5649 2105 5709 edita
2213 5652 2403 5708 XCVI.
2437 5644 2594 5709 Et)er
2621 5654 2859 5711 Ρλτιιοι.
