4106 6174
240 219 379 278 705.

1619 217 1779 272 VITA
1817 216 1951 271 VEL
1989 214 2255 272 PASSIO.

3559 224 3663 284 706

241 352 672 423 nonnunquam
709 339 1002 423 longiores
1045 344 1185 423 sunt
1214 355 1286 423 ac
1303 340 1433 410 fere
1472 347 1773 423 perpetuas:
1822 340 1897 395 le-
1927 341 1970 392 Α
2009 341 2135 394 sine
2160 337 2542 423 deformitate
2566 340 2858 423 separari,
2877 345 3151 423 nequeatz
3175 346 3299 395 tum
3321 356 3457 398 vero
3476 346 3665 423 maxi-

239 409 423 465 ctoris
455 410 758 465 commodo
789 412 1179 478 consulentes,
1222 409 1337 468 hac
1374 409 1647 469 methodo
1677 412 1772 467 usi
1798 426 1896 467 su-

235 496 392 554 mus,
423 486 488 536 ut
513 481 812 554 breviores
828 487 1001 554 notas
1023 483 1105 538 ad
1132 484 1309 538 imam
1339 489 1536 540 textus
1566 484 1895 554 marginem

233 552 689 623 subjiceremus,
722 552 983 623 reliquas
1012 554 1094 609 ad
1131 558 1481 623 extremum,
1532 572 1650 611 non
1700 552 1899 609 unius-

234 626 532 696 cujusque
559 623 716 696 libri,
744 623 854 679 sed
878 625 1056 680 totius
1083 626 1275 694 operis
1301 627 1623 696 relegando
1643 641 1667 682 .'
1696 627 1757 681 in
1785 638 1899 695 quo

232 695 578 750 illustrium
624 694 917 751 editorum
962 698 1239 765 exempla
1280 694 1599 767 sequimur.
1644 694 1900 765 Scriptis

232 771 557 837 (quantum
587 767 781 839 licuit)
812 781 943 822 eum
992 769 1184 823 locum
1228 770 1682 837 assignavimus,
1730 782 1899 839 quem

231 839 400 910 ratio
467 838 769 910 temporis,
830 854 985 910 quo_
1017 839 1476 910 unumquodque
1527 838 1899 896 elaboratum

228 908 386 977 fuit,
410 909 646 978 exigere
662 907 899 964 videtur
923 925 935 962 :
962 908 1071 964 hoc
1093 907 1289 966 tamen
1306 907 1426 966 non
1448 925 1677 980 semper
1701 910 1897 965 licuit:

228 994 432 1051 neque
463 981 617 1035 enim
642 984 785 1051 tres
836 980 1017 1035 libros
1066 981 1433 1037 Memorialis
1475 983 1834 1038 Sanctorum
1865 994 1900 1036 a

227 1067 297 1107 se
328 1050 591 1123 invicem,
610 1050 877 1107 dividere
894 1066 1125 1122 aequum
1156 1058 1309 1123 erat,
1330 1054 1602 1123 quamvis
1634 1068 1752 1107 non
1784 1067 1901 1107 uno

232 1128 506 1193 tempore
557 1122 792 1191 fuerint
838 1123 1183 1192 conscripti.
1213 1122 1515 1180 Praeterea
1556 1124 1900 1193 Martyrum

230 1192 349 1266 SS.
391 1193 701 1266 Virginum
720 1193 1020 1266 Florxac
1050 1194 1282 1261 Mariae,
1315 1196 1472 1266 quod
1500 1201 1677 1250 antea
1709 1210 1840 1262 cap.
1871 1195 1902 1247 8

235 1264 389 1320 libri
424 1280 463 1318 ιι
492 1264 860 1319 Memorialis
908 1264 1269 1320 Sanctorum
1306 1264 1671 1334 conﬁciebat,
1721 1280 1751 1321 e
1794 1279 1902 1319 sua

228 1336 397 1403 sede,
428 1340 496 1389 ut
520 1335 608 1390 ita
630 1335 919 1400 dicamus,
952 1337 1242 1400 evulsum.
1284 1342 1688 1405 opportunum
1730 1342 1904 1404 puta-

230 1408 435 1463 vimus
461 1407 700 1461 seorsim
718 1406 889 1463 edere
925 1422 1051 1462 una
1067 1422 1200 1463 cum
1228 1408 1656 1464 Documentum
1678 1408 1905 1477 Marty-

230 1477 391 1534 riali
409 1478 466 1533 ei
480 1479 753 1547 prteﬁxo,
779 1484 904 1533 tum
931 1478 1092 1549 quod
1109 1494 1178 1535 ea
1210 1478 1477 1535 historiae
1501 1494 1647 1549 pars
1676 1495 1797 1534 non
1818 1481 1903 1534 ita

227 1565 376 1605 cum
407 1548 644 1620 reliqua
671 1548 1025 1606 narratione
1052 1550 1471 1621 conglutinata
1499 1548 1595 1617 sit,
1626 1556 1690 1605 ut
1730 1550 1805 1606 ab
1834 1565 1904 1607 ea

2008 424 2118 482 me,
2160 411 2320 480 quod
2348 412 2712 468 Documento
2739 412 3015 480 proxime
3043 410 3359 467 adhaerens
3399 418 3666 482 apertius

2009 481 2369 537 demonstret
2414 488 2705 553 quantam
2747 483 2939 537 divini
2979 484 3200 538 amoris
3250 481 3556 551 ﬂammam
3594 503 3667 543 ac

2002 553 2296 627 periturae
2350 553 2537 627 hujus
2581 555 2716 627 vitae
2745 558 3143 627 contemptum
3185 554 3377 623 ignita
3424 557 3669 627 Eulogii

2011 623 2199 695 verba
2258 624 2321 678 in
2378 624 2781 695 virginalibus
2849 624 3192 694 pectoribus
3258 623 3661 684 accenderint.

2009 694 2236 750 Deinde
2265 694 2734 766 Apologeticum,
2786 701 3148 765 postremum
3185 698 3446 753 omnium
3484 699 3667 755 Eulo—

2008 766 2107 842 gii
2138 766 2422 842 Operam1
2467 767 2744 842 raepcedit
2798 766 3049 842 epistola
3090 767 3178 842 ad
3230 768 3662 842 Wiliesindum,

2010 837 2347 909 episcopum
2378 838 2919 909 Pampilonensem,
2962 838 3035 894 de
3077 840 3249 907 cujus
3295 837 3668 909 legitimitate

2011 908 2183 962 nullo
2202 908 2413 963 merito
2458 908 2762 964 dubitasse
2808 908 3210 974 Pellizerium,
3258 908 3662 968 marchionem

2009 979 2567 1048 Mondexarensem,
2591 985 2645 1035 et
2674 979 3061 1050 Maiansium,
3093 982 3237 1036 satis
3265 989 3469 1051 aperte
3510 984 3666 1040 evin-

2011 1052 2089 1106 cit
2116 1051 2278 1105 omni
2298 1056 2789 1121 argumentorum
2813 1065 3026 1120 genere
3045 1065 3175 1121 jam
3218 1054 3429 1121 sapias
3456 1054 3665 1111 lauda-

2012 1127 2105 1176 tus
2132 1122 2205 1193 P7.
2235 1122 2468 1188 Florez,
2494 1127 2633 1178 tom.
2662 1122 2722 1177 X
2753 1121 3068 1193 Hispanice
3096 1136 3302 1191 sacrx,
3353 1129 3529 1181 tract.
3572 1127 3660 1193 33,

2011 1208 2143 1265 cap.
2179 1192 2262 1258 12,
2292 1209 2454 1249 num.
2487 1194 2557 1248 70
2577 1198 2631 1249 et
2657 1191 3053 1265 sequentibus.
3083 1193 3363 1263 Reliquas
3383 1191 3663 1265 epistolas

2011 1264 2087 1319 ab
2111 1264 2431 1320 Moralesio
2458 1265 2638 1319 simul
2674 1264 2862 1321 editas
2886 1279 2992 1319 nos
3032 1264 3663 1333 prxﬁximus’tracta-

2014 1336 2169 1390 tibus
2199 1351 2451 1406 quorum
2481 1350 2664 1391 causa
2699 1336 2951 1405 fuerunt
2976 1336 3254 1406 scriptte;
3302 1342 3357 1393 et
3404 1339 3467 1392 in
3497 1339 3663 1394 Actis

2010 1406 2356 1475 Martyrum
2386 1408 2714 1462 nonnullas
2743 1407 3062 1476 adjicimus
3090 1412 3263 1463 notas
3293 1422 3367 1465 ex
3408 1409 3662 1466 Bollan-

2011 1477 2229 1544 dianis,
2263 1483 2327 1533 ut
2355 1493 2429 1534 ne
2449 1477 2559 1533 hoc
2582 1478 2800 1534 deesset
2821 1478 2883 1534 in
2915 1483 3122 1534 nostra
3142 1477 3415 1536 editione.

1059 1786 1565 1876 MONlTUM
1669 1787 1822 1875 AM
1834 1785 2215 1873 BROSII
2322 1784 2849 1898 MORALIS,

1333 1940 1644 2008 Editioni
1684 1938 2147 2030 Complutensi
2173 1939 2562 2029 prteﬁxum.

307 2179 515 2249 Hujus
532 2178 660 2235 divi
683 2179 927 2250 Eulogii
949 2179 1097 2236 Vitce
1112 2179 1230 2251 duo
1249 2178 1563 2236 habuimus
1593 2180 1893 2249 exempla-
1926 2180 1969 2234 Β
2008 2178 2362 2249 apparebat,
2396 2181 2554 2236 alter
2577 2179 2788 2251 fuisset
2810 2180 3278 2250 suprascriptus.
3301 2179 3517 2237 Annus
3557 2187 3663 2238 Do-

228 2251 359 2307 ria.
391 2251 663 2307 Alterum
691 2266 823 2307 cum
858 2252 1055 2306 sancti
1092 2250 1376 2320 Operibus
1401 2252 1465 2307 in
1505 2252 1896 2307 vetustissimo

224 2322 518 2385 Ouetensi
540 2322 621 2377 ad
646 2326 825 2390 ﬁnem
854 2320 1207 2378 cohaerebat.
1240 2323 1514 2379 Alterum
1562 2323 1714 2379 mihi
1741 2323 1899 2379 beni-

221 2409 353 2465 gne
379 2394 858 2465 commodaverat
887 2393 1148 2450 Michael
1190 2394 1428 2450 Ruizius
1458 2394 1721 2465 Azagra,
1751 2408 1900 2450 sere-

224 2464 619 2521 nissimorum
656 2464 958 2520 Bohemiae
1000 2465 1350 2535 principum
1400 2464 1645 2522 Ernesti
1691 2471 1744 2522 et
1784 2466 1898 2521 Ito-

221 2537 390 2606 dulﬁ
411 2551 451 2592 a
482 2537 743 2607 secretis,
764 2535 1104 2593 adolescens
1129 2537 1366 2607 ingenio
1391 2543 1444 2593 et
1478 2536 1693 2593 litteris
1723 2551 1899 2592 orna-

223 2609 524 2672 tissimus,
553 2613 608 2663 et
636 2608 701 2663 in
722 2608 1189 2679 pervestiganda
1215 2609 1379 2664 omni
1405 2609 1765 2679 antiquitate
1779 2613 1903 2663 stu-

222 2681 317 2736 dii
344 2686 402 2736 et
429 2679 762 2749 diligentiae
783 2679 1132 2749 singularis.
1158 2679 1302 2734 Fuit
1330 2680 1380 2735 is
1401 2680 1577 2735 etiam
1596 2680 1782 2736 codex
1799 2680 1898 2735 lit-

223 2752 381 2807 teris
414 2749 680 2806 Gothicis
732 2751 796 2805 in
830 2749 1187 2806 membranis
1234 2750 1589 2820 descriptus,
1637 2756 1692 2807 et
1741 2750 1900 2821 quod

225 2822 450 2878 multis
500 2821 737 2877 indiciis
798 2821 1149 2891 apparebat,
1199 2821 1400 2878 itidem
1450 2822 1894 2877 vetustissimus.

224 2894 442 2949 Plura
490 2893 752 2948 continet
800 2897 1094 2962 poemata,
1139 2893 1456 2948 Dracontii
1501 2893 1783 2948 nimirum
1827 2893 1900 2948 de

226 2965 434 3035 Opere
460 2978 567 3020 sex
594 2963 826 3019 dierum
853 2964 1037 3019 libros
1081 2964 1249 3031 duos,
1274 2978 1406 3019 cum
1452 2962 1580 3018 divi
1616 2964 1896 3035 Eugenii,

226 3037 404 3094 tertii
424 3035 865 3105 archiepiscopi
885 3035 1173 3101 Toletani,
1194 3035 1656 3104 supplementis:
1673 3034 1900 3104 Coryp-

219 3109 293 3178 pi
318 3107 717 3180 grammatici
735 3106 1024 3180 Africani
1047 3106 1127 3163 ad
1154 3107 1573 3180 Justinianum‘
1593 3106 1901 3180 imperoto-

226 3177 359 3236 rem
407 3178 594 3234 libros
640 3184 803 3234 tres:
837 3177 1095 3248 ejusdem
1146 3177 1273 3233 divi
1314 3177 1573 3247 Eugenii
1600 3178 1897 3248 epigram-

229 3256 426 3315 mata,
457 3249 733 3319 quzdam
763 3247 910 3305 alia.
943 3250 1017 3305 In
1044 3250 1166 3318 ﬁne
1204 3249 1334 3303 Vita
1363 3248 1487 3304 hxc
1516 3247 1903 3319 divi‘Eulogii

233 3321 362 3390 fuit
408 3317 669 3377 annexa.
716 3320 1015 3376 Ovetensis
1041 3317 1228 3376 codex
1255 3320 1493 3374 nullum
1530 3317 1765 3374 titulum
1797 3318 1901 3374 ha-

244 3391 375 3446 buit
400 3391 538 3447 huic
555 3392 722 3461 operi
743 3392 1089 3461 prteﬁxum.
1117 3392 1235 3447 Ille
1254 3391 1412 3447 alter
1438 3390 1598 3446 hunc
1619 3390 1901 3459 praefere-

242 3462 371 3525 bat,
405 3477 575 3533 quem
602 3463 1006 3533 apposuimus.
1053 3462 1168 3518 Sed
1198 3477 1331 3518 terte
1377 3463 1739 3531 computatio
1780 3461 1902 3531 fuit

236 3533 418 3591 varie
443 3534 510 3588 in
533 3536 800 3605 margine
834 3537 1095 3606 signata,
1123 3549 1257 3590 cum
1282 3533 1497 3590 abraso
1526 3547 1794 3595 numero,
1835 3536 1903 3587 ut

1996 2396 2105 2464 jus
2131 2394 2297 2450 nobis
2327 2395 2836 2464 opportunitatem
2851 2394 3117 2450 Alvarus

2007 2252 2242 2307 minicae
2270 2252 2705 2308 incarnationis
2737 2256 2895 2307 recte
2918 2251 3041 2321 fuit
3055 2251 3345 2321 signatus.
3378 2253 3526 2309 Inde
3552 2268 3659 2309 nos

2007 2329 2061 2379 et
2091 2338 2167 2378 ex
2196 2323 2597 2395 astronomica
2626 2327 2835 2379 nostra
2864 2323 3098 2395 ratione
3128 2324 3503 2395 supputandi
3547 2324 3659 2395 (cu-

3239 2396 3417 2463 ﬁnem
3443 2396 3656 2464 operis,

2008 2465 2502 2537 quemadmodum
2541 2465 2627 2520 ibi
2650 2464 2987 2535 apparebit,
3012 2464 3296 2538 prxbuit)
3344 2471 3661 2538 utrumque

2007 2536 2164 2593 recte
2193 2538 2562 2607 signavimus
2587 2542 2639 2592 et
2671 2538 3060 2592 astruximus.
3102 2536 3331 2593 Nomen
3359 2539 3535 2593 etiam
3557 2536 3659 2593 re-

2006 2609 2097 2678 gis
2153 2609 2215 2663 in
2286 2609 2460 2663 titulo
2522 2608 2799 2663 mendose
2846 2608 2972 2678 fuit
3021 2608 3369 2677 ascriptum.
3435 2607 3664 2663 Abder-

2007 2678 2309 2750 rahgman
2336 2680 2491 2735 enim
2526 2678 2874 2750 legebatur:
2900 2694 3037 2750 cum
3084 2680 3212 2749 ipso
3235 2684 3489 2750 mortuo,
3533 2679 3664 2736 Ma-

2009 2749 2248 2820 homad,
2280 2752 2408 2820 ejus
2432 2749 2619 2819 ﬁlius,
2652 2749 2855 2805 divum
2885 2749 3231 2820 Eulogium,
3263 2749 3422 2820 quod
3442 2764 3519 2807 ex
3537 2751 3664 2820 eju-

2004 2822 2167 2877 sdem
2199 2820 2350 2877 libro
2380 2821 2554 2877 tertio
2592 2826 2844 2887 constat,
2899 2822 3192 2890 martyrio
3240 2822 3613 2878 coronaverit
3639 2834 3665 2878 .‘

2004 2897 2059 2973 et
2086 2893 2351 2973 Alvarus
2382 2893 2997 2973 etiamipsumregem
3027 2891 3662 2973 illahomadnominat.

2006 2964 2140 3032 Ipse
2186 2964 2450 3019 Alvarus
2498 2964 2669 3019 etiam
2701 2962 2917 3018 nobilis
2968 2962 3288 3018 admodum
3328 2968 3382 3019 et
3434 2962 3665 3019 illustri

2004 3049 2218 3104 genere
2247 3035 2483 3090 videtur
2506 3034 2728 3104 fuisse:
2761 3032 3050 3104 siquidem
3095 3032 3460 3104 serenissimi
3485 3034 3661 3104 titulo

2006 3102 2201 3174 ipsum
2230 3121 2350 3160 non
2375 3102 2553 3161 semel
2581 3102 2899 3172 compellat
2932 3104 3241 3174 Eulogius.
3296 3103 3464 3169 Quod
3505 3102 3660 3160 idem

2004 3182 2431 3245 prleceptorem
2484 3191 2655 3231 suum
2694 3177 2873 3231 etiam
2932 3179 3124 3237 vocat,
3170 3174 3527 3230 humilitatis
3576 3178 3663 3230 est

2004 3262 2291 3316 prorsus:
2318 3262 2451 3302 cum
2462 3246 2716 3315 fuerint,
2749 3251 2814 3300 ut
2846 3246 3155 3315 confestim
3175 3246 3393 3316 legenti
3410 3258 3663 3314 appare-

2011 3318 2113 3387 bit,
2133 3318 2545 3387 condiscipuli.
2571 3316 2846 3383 Quinimo
2867 3321 2920 3373 et
2940 3332 3050 3385 per
3069 3315 3436 3373 catachrisin
3456 3331 3663 3387 quam-

2008 3389 2147 3445 dam
2175 3389 2443 3444 Alvarus
2464 3388 2672 3444 doctor
2690 3388 2934 3458 dicitur,
2959 3387 3129 3443 homo
3153 3388 3342 3443 laicus
3366 3392 3421 3443 et
3452 3387 3662 3456 conju-

2008 3462 2125 3531 gio,
2157 3465 2447 3531 quantum
2475 3460 2768 3529 conjicere
2790 3459 2994 3526 datur,
3022 3461 3299 3524 innexus,
3327 3458 3429 3513 cui
3455 3458 3663 3528 hujus-

2008 3532 2170 3589 modi
2190 3532 2403 3587 titulus
2417 3531 2660 3587 minime
2678 3545 2743 3587 eo
2765 3536 3027 3601 tempore
3045 3535 3281 3600 poterat
3312 3533 3659 3599 competere.

2264 3643 2309 3663 α

1207 3794 1879 3913 SANGTI
1955 3771 2689 3910 EULOGII

1367 3993 1786 4034 ARCHIEPISCOPI
1822 3992 2091 4033 TOLBTANI
2127 3993 2197 4031 ET
2234 3991 2535 4031 MARTYRIS.

336 4134 486 4215 Qui
502 4153 747 4221 passus
776 4142 867 4198 est
896 4153 1030 4199 tera
1059 4153 1405 4212 ncccxcvn,
1457 4150 1631 4197 anno
1660 4129 2157 4285 Incartgztioxlis
2187 4126 2467 4196 Domini
2492 4126 2650 4210 859,
2685 4124 2805 4191 sub
2846 4146 3000 4215 rege
3030 4122 3418 4208 Mahomad,
3445 4122 3556 4193 die

1584 4217 1815 4285 quinto
1853 4222 1891 4285 Ι
1936 4241 2013 4285 us
2129 4215 2307 4285 artii.

1584 4217 1815 4308 quinto
1853 4217 2013 4285 Idus
2051 4215 2307 4297 Martii,

1075 4422 1909 4567 VlTA.mL

2040 4420 2841 4564 PASSIO

1232 4661 1656 4730 AUCTORE
1683 4664 1800 4729 AL
1816 4663 2044 4731 VARO
2078 4659 2678 4730 CORDUBENSI.

233 4873 348 4938 (Ex
377 4871 517 4928 cod.
548 4871 674 4929 Tol.
705 4873 912 4943 Azagr.
942 4887 1060 4928 ms.
1094 4890 1108 4941 ;
1138 4887 1212 4928 ex
1236 4872 1372 4930 edit.
1404 4872 1643 4930 morall.
1670 4890 1683 4940 ;
1724 4889 1798 4929 ex
1827 4873 2069 4937 Schott.,
2092 4876 2252 4943 tom.
2278 4872 2354 4943 νιν
2381 4869 2541 4943 Hisp.
2577 4867 2783 4937 lllust.,
2833 4867 3143 4939 Antuerp.,
3173 4864 3253 4923 ad
3292 4879 3354 4922 xx
3381 4865 3563 4935 Mart;
3608 4868 3669 4923 et

1456 4943 1699 5012 Florez.,
1732 4947 1877 5000 tom.
1937 4946 1979 5001 Χ
2034 4942 2199 5015 Hisp.
2265 4940 2447 5012 Sacr.)

880 5149 1264 5206 PREFATIO.

292 5247 321 5274 ⁸
344 5243 404 5295 1.
472 5235 808 5293 Beatissimi
860 5236 1142 5309 martyris
1176 5237 1249 5308 (1)
1279 5242 1337 5294 et
1363 5236 1625 5295 doctoris
1675 5235 1905 5308 Eulogii

219 5327 594 5397 passionem
613 5325 944 5398 disponens
964 5325 1428 5400 scribere,'prius
1443 5327 1630 5384 vitam
1645 5326 1775 5395 ejus
1794 5341 1903 5397 pu-

220 5417 343 5473 tavi
374 5414 773 5487 dirigendam
802 5415 865 5472 in
892 5414 1123 5484 ordine,
1150 5431 1339 5489 quam
1369 5415 1462 5471 sui
1486 5414 1625 5471 ﬁnis
1644 5428 1903 5483 agonem

292 5556 318 5581 ι
384 5542 563 5597 Notae
593 5540 933 5597 numerales
964 5541 1147 5597 textui
1170 5540 1511 5596 intermistze
1534 5543 1802 5597 snectant
1826 5538 1905 5596 ad

223 5613 484 5672 Scholia
512 5612 812 5668 Ambrosii
836 5612 1089 5681 Moralis,
1127 5616 1265 5685 post
1308 5611 1495 5667 Vitam
1549 5610 1774 5679 Eulogii
1818 5626 1906 5666 re-

223 5699 407 5741 cusa.
442 5685 600 5740 Enn.
630 5685 872 5740 ΡΑτιιοι.

1932 5148 1974 5202 C
2011 5144 2483 5220 pulcherrimum
2503 5143 2852 5215 designare:
2888 5146 2953 5199 ut
2979 5141 3116 5216 quis
3143 5140 3238 5199 vel
3257 5143 3522 5215 quantus
3542 5139 3668 5196 fue-

2009 5235 2085 5291 rit
2108 5239 2246 5292 ante
2274 5234 2596 5292 lectoribus
2622 5234 2975 5303 innotescat,
3002 5234 3060 5288 et
3079 5230 3164 5287 sic
3184 5229 3470 5303 deinceps
3490 5227 3671 5300 adep-

2012 5325 2189 5381 tumb
2236 5340 2309 5380 ex
2340 5324 2553 5381 merito
2591 5322 2861 5397 palmam
2897 5320 3157 5377 victoriae
3206 5314 3670 5376 evidentissimis

2011 5412 2302 5471 clarescat
2324 5425 2348 5455 ο
2383 5412 2635 5470 indiciis.
2682 5414 2748 5468 In
2776 5410 2950 5483 cuius
2981 5408 3177 5483 operis
3205 5405 3521 5482 principio,
3552 5405 3668 5460 Do-

2083 5540 2112 5577 b
2140 5539 2225 5594 Ita
2250 5556 2393 5607 ms.;
2423 5538 2561 5595 editi
2593 5554 2756 5606 vero,
2788 5538 3087 5605 adeptam.

2085 5621 2109 5648 ο
2151 5608 2256 5675 ld.,
2286 5611 2600 5667 elucescat.
