4106 6174
199 132 308 191 709

1592 136 1753 193 VlTA
1792 134 1926 193 ver.
1961 136 2234 196 msero.
2338 110 2339 113 γ

3518 151 3626 207 710

197 255 522 314 monachis
553 254 889 326 adhaerens,
928 261 994 314 ut
1046 256 1298 315 clericus
1350 257 1709 331 probaretur
1740 276 1753 313 :
1786 259 1867 316 ita
1892 263 1938 317 Α
1973 261 2332 333 sacerdotes,
2358 267 2639 322 vacarent
2669 264 2788 321 otio
2826 268 2883 322 et
2911 265 3116 340 quieti,
3148 267 3245 325 ille
3284 285 3407 327 non
3435 271 3626 328 nocti-

194 346 261 402 in
289 345 445 402 clero
470 344 717 414 degens,
763 349 828 401 ut
853 347 1186 403 monachus
1217 346 1538 415 videretur,
1570 351 1629 403 et
1652 356 1678 383 ⁸
1701 350 1863 403 utro-

194 434 386 507 bique
405 439 585 506 aptus
610 449 951 504 accurrens,
976 440 1033 491 et
1057 440 1448 509 utrarumque
1464 435 1866 509 professiones

197 540 359 580 unus
388 522 887 580 sufﬁcientissime
936 525 1263 597 complens.
1326 526 1615 583 Currebat
1646 525 1865 598 saepius

198 612 280 670 ad
314 611 733 668 coenobiorum
759 614 1197 670 sacratissimos
1221 629 1431 685 greges
1458 632 1471 684 ;
1505 615 1610 671 sed
1636 630 1713 670 ne
1732 630 1868 687 pro-

198 701 404 776 prium
434 700 706 757 ordinem
738 706 1118 758 contemnere
1151 707 1480 776 putaretur,
1533 703 1611 759 ad
1642 703 1866 759 clerum

198 793 421 848 iterum
449 791 480 831 ιι
502 789 813 846 remeabat
844 810 857 847 :
883 791 944 846 in
973 807 1096 864 quo
1128 791 1280 847 dum
1337 792 1581 865 aliquod
1629 797 1868 865 tempus

200 880 565 954 persisteret,
587 895 663 935 ne
688 879 876 935 virtus
900 880 1085 936 animi
1112 881 1267 936 curis
1292 880 1680 937 saecularibus
1706 896 1871 936 ener-

198 973 468 1037 varetur,
500 967 707 1025 itidem
731 970 1097 1026 monasteria
1122 970 1446 1042 repetebat.
1474 971 1573 1026 llic
1596 968 1869 1026 doctrina

200 1060 327 1116 oris
358 1058 682 1115 Ecclesiam
711 1075 955 1128 ornans,
989 1060 1106 1116 illic
1136 1062 1322 1117 vitam
1352 1060 1663 1134 propriam
1693 1075 1869 1116 excu-

197 1148 409 1206 tiendo
439 1162 464 1191 ο
492 1148 808 1217 decorans,
837 1149 898 1204 in
931 1151 1161 1206 cunctis
1191 1149 1219 1190 ἀ
1246 1150 1561 1207 virtutibus
1613 1150 1865 1224 positus,

200 1239 366 1296 viam
398 1236 598 1294 saeculi
624 1253 884 1293 maerens
912 1239 1230 1297 incedebat
1257 1243 1314 1296 et
1342 1241 1558 1296 anxius
1590 1256 1603 1295 :
1637 1244 1693 1296 et
1715 1255 1866 1312 quo-

200 1326 345 1384 tidie
376 1327 457 1383 ad
477 1326 737 1383 ccelestia
768 1327 969 1384 volare
1000 1328 1271 1405 cupiens,
1306 1344 1594 1402 corporea
1634 1328 1869 1384 sarcina

199 1417 595 1487 gravabatur.
626 1420 691 1471 ln
720 1420 955 1473 tantum
986 1422 1049 1474 ut
1080 1420 1333 1474 Romam
1381 1419 1466 1474 ire
1497 1417 1864 1491 disponeret,

197 1511 269 1563 ut
298 1506 720 1563 adolescentia:
750 1522 955 1563 naevos
984 1507 1269 1581 lacrymis
1292 1514 1348 1565 et
1377 1507 1870 1580 peregrinationis

1969 349 2104 421 bus,
2135 367 2257 408 non
2288 351 2502 408 diebus
2534 353 2841 411 alectione
2881 356 3175 421 cessabat,
3212 364 3417 415 noctes
3467 360 3623 416 dies-

1968 455 2087 512 que
2109 440 2511 512 ingeminans,
2537 449 2593 500 et
2623 445 2636 497 i
2670 446 3109 519 Scripturarum
3128 448 3306 505 mella
3326 448 3623 520 lambens,

1968 542 2070 583 ore
2100 528 2145 601 ι,
2178 534 2235 585 et
2263 530 2442 586 corde
2474 530 2810 604 spiritaliter
2841 534 3174 591 ruminans.

2040 622 2090 673 5.
2125 620 2340 675 Verum
2368 635 2564 692 operae
2591 621 2851 693 pretium
2877 638 3011 679 reor
3035 625 3106 690 si,
3132 625 3315 700 paulo
3337 626 3512 683 altius
3544 628 3628 685 in-

1976 705 2274 775 cedentes,
2299 712 2564 781 tempore
2596 711 3024 783 persecutionis
3078 714 3333 787 qualiter
3359 716 3372 752 ¹
3403 717 3628 791 proba-

1975 797 2067 850 tus
2116 795 2417 866 exstiterit,
2471 798 2830 855 inseramus.
2882 803 3029 856 Nam
3056 814 3088 837 ’³
3141 803 3289 861 dum
3339 805 3625 881 episcopi,

1974 883 2331 955 sacerdotes,
2356 886 2546 942 clerus
2576 891 2631 943 et
2662 889 2959 963 sapientes
2988 891 3280 948 Cordubae
3319 894 3380 950 in
3409 900 3631 969 marty-

1971 972 2061 1028 rio
2091 989 2284 1045 nuper
2311 979 2514 1030 exorto
2546 974 2716 1031 devio
2747 976 2893 1034 calle
2914 978 3274 1048 incederent,
3305 997 3375 1039 ac
3403 982 3628 1040 timoris

1973 1059 2243 1133 impulsu
2274 1078 2426 1135 pene
2454 1063 2639 1119 ﬁdem
2674 1064 2903 1134 Christi,
2937 1066 2987 1121 si
3029 1084 3153 1123 non
3207 1069 3425 1143 verbis,
3479 1077 3631 1128 nutu

1974 1154 2176 1207 tamen
2206 1158 2533 1223 negarent;
2592 1154 2689 1211 hic
2734 1159 2937 1215 tamen
2964 1156 3269 1214 inadibilis
3313 1175 3630 1239 nunquam

1974 1240 2254 1297 vacillare
2282 1242 2378 1299 vel
2405 1244 2566 1300 tenui
2593 1248 2679 1301 est
2706 1244 2871 1300 visus
2900 1262 3164 1303 susurro.
3202 1248 3315 1307 Sed
3338 1251 3626 1309 omnibus

1974 1330 2360 1402 pergentibus
2387 1332 2465 1388 ad
2512 1348 2773 1403 agonem
2827 1349 3171 1403 occurrens,
3214 1336 3631 1397 universorum

1976 1418 2237 1489 animos,
2266 1425 2740 1496 cunctarumque
2784 1439 2922 1480 ossa
2946 1440 3243 1481 venerans
3282 1431 3339 1482 et
3382 1443 3631 1501 compo-

1975 1523 2146 1577 nens,
2177 1508 2238 1564 in
2276 1514 2511 1566 tantum
2545 1511 2901 1569 ardescebat
2930 1513 3145 1571 ardore
3191 1516 3464 1590 martyrii
3491 1530 3538 1589 n,
3572 1520 3636 1573 ut

196 1597 412 1652 itinere
435 1597 708 1652 domaret
736 1608 779 1667 ε,
810 1596 938 1651 imo
972 1596 1236 1653 domitos
1279 1596 1541 1653 deleret:
1574 1597 1679 1653 sed
1734 1612 1870 1653 ecce
1900 1621 1939 1675 Β
1976 1597 2107 1671 ipse
2136 1599 2410 1656 incentor
2446 1601 2594 1674 ipsis
2624 1602 2836 1658 diebus
2885 1603 3183 1660 videretur
3230 1621 3359 1663 esse
3406 1612 3633 1680 marty-

199 1701 421 1741 omnes
477 1685 617 1740 hinc
676 1684 814 1740 inde
871 1685 1226 1752 insistimus,
1258 1690 1315 1742 et
1343 1702 1484 1742 eum
1514 1685 1709 1755 magis
1739 1701 1868 1741 cor-

208 1790 362 1849 pore
400 1791 589 1847 quam
617 1774 822 1830 animo
854 1773 1202 1830 retinemus.
1532 1761 1541 1773 ’

870 1918 1101 2003 QAPUT
1142 1918 1212 1975 ιι.

205 2028 273 2083 S.
585 2027 927 2096 captivitas,
963 2026 1277 2096 liberatio,‘
1304 2026 1679 2097 martyribus
1702 2042 1871 2083 com-

565 2101 761 2159 tantia
791 2100 935 2160 data
960 2115 974 2166 ;
1004 2104 1147 2159 acta
1175 2101 1534 2168 conscripta.

287 2227 344 2280 4.
375 2225 593 2280 Verum
639 2226 787 2281 dum
833 2225 946 2283 ista
972 2229 1029 2280 et
1081 2224 1199 2282 alia
1252 2225 1588 2283 referuntur
1623 2225 1717 2297 (l),
1748 2228 1874 2281 tan-

213 2314 361 2370 dem
420 2316 804 2371 Beccafredus
862 2316 1185 2390 episcopus
1251 2332 1432 2390 super
1483 2315 1766 2373 ecclesias
1817 2319 1873 2371 et

211 2403 464 2459 clericos
492 2404 663 2476 quasi
690 2404 864 2461 turbo
895 2404 1188 2460 violentus
1220 2404 1445 2460 iusﬂuit
1495 2423 1507 2456 :
1536 2420 1867 2478 omnesque

207 2494 575 2559 sacerdotes,
604 2510 757 2566 quos
786 2495 997 2566 potuit,
1022 2494 1302 2549 carcerali
1332 2493 1566 2549 vinculo
1585 2493 1865 2564 alligavit.

206 2586 365 2637 inter
386 2599 542 2655 quos
579 2588 638 2638 ut
668 2582 886 2638 electus
915 2584 1067 2638 aries
1096 2583 1353 2648 ducitur,
1401 2587 1457 2638 et
1485 2599 1623 2639 cum
1672 2581 1869 2659 ponti-

203 2666 319 2722 ﬁce
351 2683 464 2722 suo
510 2667 606 2722 vel
637 2667 766 2723 aliis
797 2668 1206 2723 sacerdotibus
1236 2666 1507 2723 vincitur.
1542 2670 1605 2722 ln
1634 2682 1759 2741 qua.
1782 2683 1872 2725 re-

204 2755 475 2811 trusione
505 2757 701 2826 magis
733 2756 1100 2833 orationibus
1131 2761 1188 2812 et
1233 2755 1587 2812 lectionibus
1617 2771 1869 2828 operam

205 2844 379 2901 dedit
400 2862 590 2918 quam
613 2846 886 2903 vinculis.
921 2847 1005 2903 lbi
1037 2846 1257 2903 sanctis
1295 2846 1626 2915 virginibus
1682 2846 1866 2902 Florae

206 2939 269 2992 et
296 2936 489 2992 Mariae
520 2953 632 3010 pro
685 2935 804 2992 ﬁde
863 2936 1310 3029 comprehensis
1362 2935 1509 3029 illud
1526 2938 1871 3029 Documen-
1897 2974 1938 3029 η

207 3031 338 3083 tum
368 3026 704 3098 Martyriaie
734 3042 854 3083 uno
902 3025 1055 3082 libro
1104 3024 1463 3097 composuit,
1522 3024 1584 3080 in
1614 3040 1736 3098 quo
1765 3041 1867 3081 eas

206 3115 288 3172 ad
319 3116 676 3188 martyrium
702 3115 901 3171 nervis
931 3115 951 3158 ί
986 3113 1383 3171 tenacissimis
1415 3112 1713 3182 solidavit,
1744 3130 1870 3171 eas-

206 3222 329 3278 que
359 3211 418 3261 et
434 3222 546 3282 per
572 3222 634 3261 se
654 3205 855 3261 verbis
894 3209 950 3261 et
977 3220 1086 3278 per
1115 3203 1397 3277 epistolas
1425 3206 1683 3259 mortem
1732 3218 1871 3259 con-

209 3300 485 3351 temnere
538 3296 741 3352 docuit
786 3311 800 3350 :
852 3310 1038 3368 seque
1105 3309 1366 3369 suosque
1416 3292 1611 3347 socios
1659 3308 1871 3349 earum

216 3383 524 3454 suffragiis
545 3385 774 3441 vinculo
797 3384 1116 3442 solvendos
1147 3382 1467 3452 commisit,
1498 3381 1664 3455 quod
1687 3386 1745 3441 et
1767 3382 1874 3438 ob-

210 3473 407 3529 tinere
461 3489 602 3529 mox
651 3478 783 3546 post
826 3479 1061 3531 sextum
1114 3473 1275 3528 diem
1306 3470 1608 3545 passionis
1661 3486 1871 3528 earum

205 3563 567 3637 promeruit.
594 3566 739 3619 Nam
767 3563 881 3620 ille
916 3567 1125 3619 octavo
1176 3560 1476 3618 Kalendas
1530 3559 1870 3615 Decembris

205 3651 596 3725 expleverunt
624 3653 1020 3725 martyrium;
1063 3650 1402 3707 sacerdotes
1454 3664 1594 3704 vero
1633 3648 1872 3707 Domini

207 3742 386 3799 tertio
416 3741 824 3799 Kalendarum
870 3741 1226 3799 earumdem
1274 3738 1633 3796 solutionem
1672 3738 1874 3815 adepti

212 3835 363 3886 sunt
390 3832 484 3903 (2).
510 3834 710 3888 Exstat
755 3848 937 3905 super
963 3832 1078 3887 hoc
1110 3829 1426 3887 illustriore
1479 3827 1633 3901 stylo
1673 3841 1698 3879 ς
1727 3844 1871 3885 con-

212 3919 395 3991 fecta,
417 3926 473 3976 et
494 3921 641 3977 mihi
689 3921 782 3977 his
816 3921 1029 3978 diebus
1059 3920 1287 3975 directa
1343 3916 1613 3991 epistola,
1645 3917 1875 3991 passio-

210 4024 356 4065 nem
403 4011 756 4067 earumdem
796 4011 1118 4081 virginum,
1153 4014 1210 4065 et
1259 4007 1628 4081 ereptionem
1677 4022 1872 4062 sacer-

208 4098 427 4155 dotum
451 4100 725 4175 ipsarum
752 4100 1054 4170 virginum
1084 4097 1309 4154 meritis
1337 4095 1742 4152 continentem
1772 4097 1869 4173 ('3).

206 4190 295 4245 lbi
324 4190 633 4256 metricos,
687 4207 841 4263 quos
887 4190 1086 4246 adhuc
1150 4186 1501 4244 nesciebant
1574 4184 1872 4261 sapientes

1976 1704 2112 1743 rum
2134 1697 2180 1743 °.
2205 1689 2318 1744 Pro
2343 1706 2464 1762 quo
2480 1691 2848 1747 rectitudinis
2875 1692 3000 1749 zelo
3025 1693 3229 1749 multis
3258 1695 3474 1755 exstitit
3493 1712 3635 1752 con-

1977 1777 2241 1834 tumeliis
2270 1780 2676 1853 propulsatus,
2704 1782 3063 1861 magnisque
3086 1785 3406 1843 terroribus
3428 1785 3636 1863 fatiga-

1978 1872 2097 1926 tus.
2125 1873 2271 1925 Nam
2302 1887 2456 1926 unus
2483 1887 2556 1927 ex
2586 1873 2933 1947 proceribus
2984 1874 3156 1931 illum
3206 1876 3525 1955 impetens,
3577 1881 3635 1933 et

1978 1958 2158 2014 minis
2186 1974 2576 2033 exasperans,
2607 1961 2813 2017 divino
2852 1963 3013 2037 justo
3051 1962 3279 2039 judicio
3315 1965 3377 2020 in
3434 1980 3634 2038 repro-

1977 2046 2127 2103 bum
2157 2064 2404 2103 sensum
2435 2065 2782 2117 conversus,
2813 2051 2998 2109 ﬁdem
3027 2067 3214 2124 quam
3246 2058 3454 2110 tenens
3502 2069 3633 2109 nes-

1980 2136 2105 2191 cius
2125 2136 2545 2209 impugnabat,
2576 2154 2719 2194 mox
2752 2139 2930 2194 miser
2949 2150 3009 2195 et
3038 2140 3250 2196 stultus
3280 2141 3499 2196 amisit.
3553 2143 3632 2199 De

1978 2240 2101 2297 quo
2131 2225 2367 2298 plenius
2398 2225 2461 2281 in
2489 2226 2643 2282 libro
2674 2227 3008 2287 Memoriale
3059 2231 3414 2286 Sanctorum
3464 2228 3631 2285 tertio

1972 2312 2102 2384 jam
2128 2315 2320 2371 dictus
2350 2315 2730 2372 beatissimus
2757 2316 3101 2393 disputavit.
3138 2322 3195 2373 In
3218 2318 3442 2392 quibus
3466 2316 3631 2375 libris

1977 2402 2034 2454 et
2061 2400 2373 2471 passiones
2405 2400 2751 2471 singillatim
2787 2406 3125 2473 martyrum
3155 2402 3316 2458 claro
3342 2404 3504 2459 fonte
3541 2402 3630 2459 lo-

1977 2489 2230 2545 cutionis
2255 2489 2556 2562 explicuit,
2584 2494 2641 2546 et
2669 2492 3082 2563 prosecutione
3109 2491 3425 2551 sufﬁcienti
3470 2509 3635 2567 quaa-

1976 2595 2212 2652 cunque
2244 2584 2379 2636 acta
2408 2585 2546 2636 sunt
2573 2580 2634 2635 in
2653 2581 3019 2654 martyribus
3040 2581 3140 2639 Dei
3162 2596 3189 2634 ρ
3215 2587 3273 2641 et
3288 2581 3447 2638 dicta
3463 2598 3630 2638 secu-

1976 2669 2121 2724 turis
2151 2669 2639 2740 generationibus
2691 2669 3046 2742 propalavit.
3100 2671 3369 2736 Quantus
3428 2676 3633 2729 autem

1974 2757 2070 2813 vel
2094 2775 2279 2831 quam
2308 2758 2602 2815 excellens
2652 2757 2829 2814 fuerit
2881 2759 3148 2827 scientia,
3203 2759 3336 2819 luce
3390 2759 3635 2819 clariola

1976 2846 2107 2917 ejus
2135 2846 2406 2920 pandent
2424 2846 2736 2921 opuscula,
2768 2863 2905 2921 quae
2938 2846 3065 2903 sale
3091 2848 3281 2905 Attico
3310 2854 3367 2904 et
3422 2864 3634 2924 prosa-

1974 2936 2091 2992 tico
2120 2936 2345 3010 lepore,
2382 2937 2506 2993 imo
2537 2937 2739 2992 divina
2764 2937 3155 3010 inspiratione
3181 2938 3543 3013 composuit.

2047 3030 2099 3082 6.
2132 3027 2244 3082 Sed
2267 3026 2647 3083 redeundum
2695 3031 2783 3082 est
2840 3026 2919 3082 ad
2975 3026 3316 3082 Reccafredi
3370 3026 3635 3100 episcopi

1975 3118 2269 3187 tempora,
2300 3120 2357 3170 et
2385 3131 2506 3186 qua
2534 3120 2658 3171 arte
2689 3130 2725 3169 a
2754 3114 3047 3170 sacriﬁcio
3106 3130 3169 3170 se
3230 3114 3629 3188 suspenderit,

1975 3218 2051 3259 ne
2081 3203 2211 3274 ejus
2240 3202 2629 3273 glutinaretur
2648 3201 2849 3269 errori,
2878 3195 3427 3274 proferendumﬁ).
3456 3205 3635 3259 Nam-

1977 3308 2093 3365 que
2121 3292 2267 3364 ipsis
2296 3290 2510 3348 diebus
2541 3291 2739 3348 cuncti
2763 3291 2823 3349 ei
2842 3295 2907 3359 et
2929 3304 2961 3349 (ι
2982 3290 3042 3346 vi
3073 3295 3131 3347 et
3178 3294 3469 3363 potestate
3520 3292 3631 3349 ad-

1977 3382 2135 3450 dicti,
2163 3382 2345 3454 jussu
2372 3382 2535 3453 regio
2557 3380 2798 3451 subditi,
2828 3380 3036 3454 iniquo
3084 3379 3445 3440 videbantur
3472 3381 3633 3438 hosti

1978 3472 2246 3545 adjuneti
2276 3489 2296 3527 τ
2324 3475 2387 3531 et
2439 3472 2546 3545 qui
2573 3470 2756 3544 priori
2806 3469 3245 3528 insurmtione
3292 3470 3531 3527 adversi
3576 3474 3634 3528 et

1980 3562 2156 3618 erecti
2181 3564 2390 3617 contra
2442 3576 2583 3617 eum
2647 3563 2935 3616 steterant
2960 3568 3000 3631 ι,
3039 3562 3185 3615 tunc
3236 3564 3458 3616 terrore
3492 3575 3633 3615 con-

1980 3652 2078 3709 citi
2104 3661 2144 3720 ',
2176 3650 2350 3724 quasi
2380 3649 2701 3709 familiares
2738 3648 3068 3716 haerebant,
3101 3665 3229 3709 non
3254 3654 3473 3720 mente,
3526 3649 3633 3705 sed

1980 3755 2262 3814 corpore;
2303 3755 2413 3795 nec
2451 3738 2763 3795 dilectione
2793 3738 3020 3806 cordis,
3051 3738 3158 3795 sed
3215 3738 3632 3815 compulsione

1980 3829 2216 3885 terroris
2242 3847 2255 3898 ;
2289 3834 2345 3884 et
2371 3844 2447 3884 ne
2473 3828 2670 3884 aditus
2701 3826 2754 3883 ei
2783 3825 3041 3883 nocendi
3071 3826 3315 3884 daretur
3347 3829 3364 3860 ί
3388 3829 3453 3882 in
3506 3843 3634 3884 am-

1979 3918 2159 3995 plius.
2183 3921 2269 3975 ita
2295 3933 2539 3991 quoque
2562 3932 2668 3972 rex
2698 3928 2724 3955 ιι
2753 3920 2958 3975 contra
2989 3930 3099 3971 nos
3126 3913 3461 3970 desaeviens
3485 3913 3631 3985 legi-

1979 4006 2095 4065 bus
2120 4006 2533 4061 necessitatem
2561 4003 2903 4075 induxerat,
2928 4002 3183 4058 liberum
3212 4002 3524 4060 arbitrium
3545 4004 3631 4063 in-

1953 4094 2323 4171 .terpollans,
2355 4109 2566 4150 omnes
2592 4093 2737 4151 truci
2769 4091 3117 4151 subdiderat
3140 4092 3297 4148 hosti
3325 4093 3421 4169 (ὅ).
3451 4092 3633 4165 Cujus

1981 4185 2240 4242 historiae
2292 4183 2507 4241 veritas
2534 4182 2597 4238 in
2650 4180 2767 4241 alio
2815 4198 2994 4256 opere
3045 4180 3409 4241 enucleatius
3447 4182 3634 4240 disse-

204 4278 535 4351 Hispaniw,
581 4279 765 4351 pedes
812 4276 1236 4352 perfectissime
1293 4274 1517 4345 docuit,
1567 4273 1870 4354 nobisque
1902 4329 1941 4354 η
1981 4278 2163 4331 retur.

202 4374 348 4441 post
391 4370 799 4439 egressionem
853 4384 1026 4424 suam
1080 4366 1362 4427 ostendit.
1408 4363 1550 4424 Inde
1616 4368 1675 4427 ei.
1700 4365 1729 4409 ¹ι
1756 4364 1869 4427 mi-

202 4457 269 4513 hi
298 4473 413 4531 pro
435 4458 607 4517 libris
628 4457 765 4526 illis,
793 4474 957 4535 quos
971 4456 1036 4519 in
1058 4454 1473 4517 defensionem
1527 4457 1868 4527 martme

205 4547 461 4611 dederat
490 4550 535 4617 ι,
551 4548 869 4622 epistolam
894 4547 1163 4605 facundo
1175 4545 1501 4604 locutionis
1511 4559 1733 4615 genere
1747 4544 1869 4601 dic-

208 4642 399 4695 tatam
424 4638 659 4695 direxit.
693 4642 841 4695 Nam
869 4654 1011 4695 cum
1040 4652 1277 4709 omnes,
1308 4634 1414 4713 qui
1441 4650 1585 4694 cum
1610 4650 1682 4692 eo
1702 4638 1874 4699 erant

283 4776 311 4811 ι
340 4766 513 4827 Deest
533 4771 592 4822 et.
606 4764 670 4823 in
691 4780 809 4821 ms.

288 4834 316 4874 ιι
346 4837 516 4891 Deest
541 4838 759 4893 iterum
785 4836 846 4891 in
877 4833 1015 4891 edit.

288 4907 466 4978 ηιμ,
493 4908 889 4978 emcnlpemlo.

284 4975 319 5024 ἀ
341 4976 457 5049 ιφ,
485 4975 693 5039 Μελ

279 5056 307 5093 ⁸
334 5048 447 5121 ld.,
470 5051 898 5121 praemetet.

278 5121 303 5166 ί
332 5118 596 5192 Italum,
623 5121 730 5179 sed
756 5120 920 5189 edit,

276 5201 306 5241 σ
331 5193 403 5252 In
429 5187 766 5258 msudeest
783 5187 962 5265 me,
992 5187 1407 5266 particulan
1435 5192 1493 5246 et
1510 5201 1792 5261 sequens.

276 5263 306 5300 δ
336 5264 516 5321 Edit..
546 5266 747 5321 etiam.

276 5336 301 5377 ι
337 5280 785 5397 ἕλξιϊᾶᾄῖξέιᾴ
807 5337 953 5402 Quae
988 5332 1268 5411 lectio__si
1294 5331 1671 5411 probaretur,
1720 5328 1865 5386 satis

202 5406 393 5484 ﬁrmo
450 5413 815 5484 argumento
855 5411 1033 5484 esset,
1092 5404 1430 5484 lndiculum
1476 5404 1872 5484 Luminosmn

205 5480 503 5560 scriptum
524 5474 851 5562 'ab.Alvaro
874 5479 939 5536 in
965 5474 1301 5560 martyrum
1325 5474 1755 5535 defensionem.

290 5565 313 5611 ιι
338 5554 525 5611 Decet
543 5557 601 5608 et
623 5567 689 5608 in
718 5551 861 5611 edat.
881 5570 897 5611 ξ»
927 5553 1118 5607 exstat
1142 5564 1209 5604 in
1232 5564 1346 5603 ms.

290 5565 313 5611 ιι
338 5565 525 5611 Deest
543 5565 601 5608 et
623 5567 689 5608 in
718 5565 861 5611 edn.
881 5570 897 5621 ;»
927 5565 1118 5607 exstat
1142 5565 1209 5604 in
1232 5565 1346 5603 me.

276 5623 303 5696 ll
332 5621 514 5692 Edit.,
546 5629 602 5681 et
639 5638 740 5682 ore
767 5623 1054 5696 deestque
1083 5622 1146 5680 in
1170 5619 1253 5677 eis
1278 5617 1655 5690 spiritaliter.

276 5694 296 5730 ¹
322 5697 456 5768 λίβη
484 5696 704 5768 qualis.

2053 4369 2111 4425 Ἰ.
2139 4366 2304 4423 Nunc
2335 4377 2473 4421 vero
2502 4358 3079 4432 hujusadmirabilis
3101 4358 3208 4419 viri
3229 4361 3463 4420 tantum
3487 4375 3632 4417 eno-

1979 4453 2126 4513 dare
2205 4451 2657 4513 sanctissimam
2706 4448 2983 4523 cupimus
3050 4453 3269 4510 artem.
3320 4454 3381 4507 is
3417 4461 3447 4493 ν
3471 4450 3631 4508 enim

1980 4543 2148 4613 gravi
2175 4543 2457 4599 instinctu
2477 4540 2719 4607 doloris,
2751 4540 2899 4595 dum
2930 4538 3202 4612 undique
3234 4538 3391 4595 circa
3418 4553 3489 4593 se
3522 4538 3631 4593 do-

1975 4632 2179 4689 losum
2195 4638 2461 4688 cerneret
2476 4630 2669 4703 ipsius
2691 4628 2959 4705 episcopi
2969 4628 3229 4702 grassari
3248 4626 3559 4698 ingenium
3575 4630 3634 4683 et

2050 4771 2088 4799 -ι
2120 4760 2223 4829 Ms.
2247 4771 2363 4829 pro
2388 4771 2531 4829 vim
2559 4753 2742 4829 habet
2770 4753 3041 4826 denque.

2048 4841 2080 4870 ι
2126 4823 2370 4883 Edimus
2399 4828 2565 4881 hunc
2583 4825 2807 4893 locum,
2842 4823 3048 4882 ut‘ms.
3078 4828 3137 4881 et
3177 4823 3397 4892 Schot,
3427 4827 3485 4881 et
3510 4827 3631 4882 An-

1976 4899 2367 4975 tuerpienses‘,
2394 4914 2537 4975 cum
2577 4896 2874 4975 Fiereeius
2905 4912 3250 4975 perperam,
3271 4896 3495 4975 habeat
3522 4912 3541 4953 :
3568 4896 3631 4955 in

1977 4968 2213 5029 tantum
2241 4970 2610 5041 ardescebat,
2637 4974 2706 5025 ut
2726 4969 2863 5026 dote
2887 4968 3181 5043 martyrii
3196 4973 3259 5026 et
3281 4973 3407 5043 ipse
3435 4969 3632 5027 incert-

1975 5048 2092 5152 mt’
2107 5046 2243 5173 iis“).
2262 5112 2559 5173 martum?
3064 5041 3078 5047 ἢ

2044 5199 2077 5240 ιν
2120 5190 2206 5243 Ita
2225 5201 2341 5242 ms.
2574 5197 2735 5253 vero,
2766 5182 3028 5240 Damni.

2045 5269 2072 5309 ει
2100 5260 2275 5314 Deest
2301 5257 2363 5312 in
2387 5272 2500 5312 ms.
2532 5260 2607 5312 et.

2043 5336 2065 5362 ι
2102 5332 2230 5385 Non
2253 5328 2408 5385 bene
2436 5328 2498 5384 in
2524 5327 2663 5383 edit.
2690 5330 3009 5384 steterunt.

2044 5408 2064 5433 ³
2104 5401 2349 5466 Schott.,
2381 5400 2620 5467 concisi,
2644 5402 2709 5453 ut
2733 5414 2848 5453 ms.

2044 5472 2063 5505 ί
2102 5472 2274 5536 Edit.,
2308 5472 2568 5542 amplius
2598 5470 2851 5527 nocendi
2879 5470 3148 5529 daretur.

2043 5554 2072 5584 ιι
2110 5546 2234 5611 Ms.,
2264 5544 2500 5598 ἐγέλα...
2529 5543 2705 5612 regis.

1982 5674 1989 5679 ,
2044 5624 2069 5654 '
2110 5614 2353 5681 Schott.,
2385 5614 2519 5685 Qui,
2548 5617 2615 5670 ut
2642 5628 2756 5670 ms.
