4092 6176
466 93 561 145 ’711
1771 69 2048 130 EULOGH
2086 63 2404 120 ARCHIEP.
2445 60 2685 117 TOLET.

3767 50 3918 107 712

465 211 712 265 caeteros
764 223 971 262 secum
1001 216 1026 240 ι
1057 205 1110 260 ei
1143 201 1654 258 communicantes
1707 194 2117 271 deprehende-
2147 193 2194 247 A
2235 185 2515 242 ardorem
2548 180 2934 255 ingeniiﬂllis
2956 179 3236 271 ᾆρςφῗὲω
3266 174 3507 248 eloquii.
3523 173 3661 271 quis
3690 173 3916 271 fulgo:

465 303 574 364 ret,
601 313 711 353 nec
741 293 1052 351 resistendi
1083 291 1195 347 sibi
1227 291 1460 363 copiam
1506 290 1699 345 ineSse
1742 287 1984 353 videret,
2009 300 2119 340 nec

471 385 794 444 amovendi
842 381 1142 438 licentiam
1197 382 1300 452 ([6]
1354 385 1414 436 ut
1469 385 1605 452 pote
1657 375 2118 449 iidejussoribus

467 476 594 532 dati
623 476 670 546 δ)
698 487 1012 530 remanere
1033 480 1054 506 ο
1086 469 1198 525 sibi
1223 470 1629 542 conspiceret;
1663 467 1841 539 caspit
1867 482 1928 520 se
1955 462 2117 534 gravi

467 570 718 621 atterere
769 561 1014 634 gemitu,
1055 573 1422 630 magnoque,
1459 563 1523 613 ut
1550 555 1810 612 diximus
1841 555 1887 622 ά,
1920 553 2121 609 intrin-

471 670 644 710 secus
698 650 945 707 mactari
974 648 1200 704 dolore.
1256 647 1370 705 Sed
1400 651 1548 702 nutu
1598 646 1698 702 Dei
1754 643 2018 713 contigit,
2059 645 2124 696 ut

467 741 734 814 quadam
759 739 854 794 die
885 737 1164 812 praesenti
1193 736 1479 810 episcopo
1507 737 1581 806 (7)
1609 735 1767 789 beati
1809 729 2120 804 Epiphanii

471 831 700 903 Cypriae
728 827 1042 884 Salaminae
1074 827 1360 900 episcopi,
1385 824 1598 881 Joanni
1619 823 1906 895 episcopo
1932 819 2124 875 Hiero-

469 918 831 991 solymitano
862 917 1086 972 directa
1119 915 1371 989 epistola
1398 914 1709 984 legeretur,
1743 926 1928 984 quam
1959 919 1980 943 °
2011 924 2123 978 ego

468 1007 711 1063 cuidam
737 1008 994 1062 diacono
1023 1021 1429 1078 praeceperam
1460 1003 1654 1072 legere
1681 1019 1691 1055 :
1725 1001 1783 1056 in
1814 1016 1936 1072 qua
1962 998 2122 1052 idem

467 1095 855 1152 beatissimus
901 1094 1167 1167 pontifex
1203 1093 1470 1164 Origenis
1500 1091 1727 1146 naanias
1757 1103 2036 1158 arguens,
2070 1090 2126 1140 et

469 1183 911 1240 ordinationem
949 1182 1265 1254 cujusdam
1297 1179 1629 1254 presbyteri
1669 1179 1729 1233 in
1759 1173 2124 1232 monasterio

465 1273 594 1344 jam
646 1272 786 1328 dicti
835 1269 1352 1344 Hierosolymitani
1383 1268 1690 1337 assignato
1724 1267 1740 1301 ί
1766 1282 1802 1322 a
1830 1281 1892 1320 se
1924 1279 2127 1320 conse-

470 1362 617 1418 crati
647 1361 975 1418 defendens
1005 1377 1252 1418 causam
1273 1356 1660 1415 ordinationis
1691 1354 1960 1420 retexuit,
1989 1352 2127 1408 bea-

474 1451 962 1523 tissimorumque
993 1449 1481 1523 presbyterorum
1511 1443 1853 1516 Hieronymi
1885 1448 1940 1498 et
1995 1442 2126 1496 Vin-

475 1539 652 1594 centii
703 1539 1130 1594 continentiam
1182 1533 1558 1592 sacriﬁcandi
1601 1531 1909 1588 laudando
1961 1529 2125 1585 inne-
2158 1545 2196 1598 Β

471 1627 602 1684 xuit
630 1637 674 1683 ε.
709 1629 902 1694 Quam
932 1625 1333 1682 narrationem
1367 1628 1492 1678 tum
1539 1623 1669 1694 jam
1715 1619 1908 1676 dictus
1959 1617 2125 1674 Eulo-

477 1718 611 1787 gius
667 1717 843 1773 avida
889 1719 1086 1772 mente
1136 1714 1329 1784 magis
1376 1711 1687 1784 arripiens,
1719 1725 1906 1782 quam
1947 1705 2128 1762 susci-

476 1807 674 1879 piens,
723 1812 778 1862 et
835 1805 946 1862 sibi
989 1822 1026 1862 a
1065 1806 1186 1860 Deo
1233 1803 1440 1858 datam
1481 1799 1861 1858 occasionem
1905 1811 2127 1868 cogno-

477 1913 674 1967 scens,
713 1896 937 1966 ingenti
967 1895 1205 1951 vulnere
1236 1892 1411 1966 quasi
1435 1906 1775 1965 percussus,
1811 1888 1888 1944 ab
1917 1886 2128 1942 intimo

479 1985 657 2041 corde
707 1987 948 2042 trahens
979 1984 1260 2056 suspiria,
1287 1998 1483 2055 neque
1511 1983 1772 2044 intuens,
1804 1992 2130 2033 conversus

478 2074 766 2146 episcopo
785 2075 934 2130 dixit
965 2091 977 2129 :
1014 2096 1041 2123 «
1077 2072 1133 2130 Si
1161 2072 1416 2127 lucernae
1449 2068 1742 2135 Ecclesiae,
1774 2072 1831 2122 et
1859 2065 1999 2120 ﬁdei
2027 2081 2131 2120 no-

481 2167 617 2218 strae
642 2163 758 2218 hoc
785 2166 1033 2232 egerunt
1057 2160 1376 2226 columnae,
1399 2157 1545 2232 quid
1576 2157 1750 2212 nobis
1773 2155 1966 2212 facere
1991 2170 2130 2210 con-

479 2251 658 2322 venit,
711 2268 865 2324 quos
913 2250 1110 2306 dilecti
1153 2265 1337 2304 onera
1390 2247 1649 2316 graviter
1695 2244 2040 2317 deprimunt
2076 2247 2134 2297 et

480 2341 798 2411 afﬂigunt?
825 2343 1161 2411 Cognoscat
1184 2354 1327 2407 ergo
1351 2341 1548 2392 vestra
1578 2334 1927 2408 paternitas,
1958 2333 2132 2387 inter-

479 2432 701 2488 dictam
747 2448 783 2486 a
824 2447 921 2486 me
959 2430 1094 2502 ipso
1142 2427 1289 2483 mihi
1319 2425 1695 2483 sacrificandi
1744 2423 2066 2478 licentiam.
2099 2440 2130 2473 ›

485 2521 695 2594 Sicque
724 2519 1076 2592 hujusmodi
1105 2517 1344 2587 ingenio
1375 2521 1642 2588 tempore
1682 2512 2022 2569 Reccafredi
2069 2526 2132 2566 se

482 2610 613 2682 ipse
662 2625 772 2665 suo
821 2608 1027 2680 ligavit
1074 2607 1336 2663 arbitrio.
1372 2605 1554 2676 Cujus
1583 2603 1971 2676 professionis
1998 2601 2135 2656 licet

485 2699 598 2756 hoc
650 2694 834 2755 modo
889 2697 1158 2754 ordinem
1219 2700 1497 2759 sumeret,
1543 2691 1872 2747 delectabili
1931 2695 2133 2745 tamen

483 2805 600 2844 usu
622 2789 648 2823 ιι
678 2788 1045 2862 perfunctus,
1077 2784 1320 2841 nolebat
1344 2788 1552 2856 postea
1597 2784 1818 2836 statum
1845 2779 2131 2850 rejectum

2231 292 2358 330 rem
2415 272 2692 339 scientiae,
2741 270 2876 343 quis
2921 266 3335 324 affabilitatem
3383 263 3659 320 usualem
3709 263 3914 320 ofﬁcii

2230 378 2595 436 quocunque
2657 359 2874 433 poterit
2921 356 3254 431 prudentiae
3305 354 3500 410 dicere
3539 354 3551 405 i
3584 353 3848 408 ﬂumine
3882 355 3914 408 ‘2

2234 455 2375 518 Quae
2406 450 2564 506 enim
2596 449 2676 504 illi
2703 465 2825 504 non
2857 454 3102 520 patuere
3125 443 3436 500 volumina
3455 445 3483 498 ‘?
3511 444 3654 508 Quae
3685 447 3913 514 potue-

2230 545 2371 596 runt
2399 556 2537 595 eum
2565 539 2744 594 latere
2765 537 3006 607 ingenia
3029 533 3479 599 catholicorum,
3499 531 3908 605 philosopho-

2231 645 2387 696 rum,
2421 627 2858 694 haereticorum,
2881 641 3115 682 necnon
3143 627 3200 678 et
3230 620 3541 692 gentilium
3564 623 3592 677 ?
3624 620 3735 676 Ubi
3760 620 3908 677 libri

2233 723 2402 774 erant
2429 717 2676 782 metrici,
2717 715 2815 772 ubi
2845 713 3148 788 prosatici,
3182 711 3285 766 ubi
3318 709 3606 776 historici,
3629 709 3738 783 qui
3769 711 3907 782 ejus

2231 806 2754 875 investigationem
2799 803 3175 873 effugerent?
3208 800 3315 856 Ubi
3364 815 3592 863 versus,
3631 815 3904 872 quorum

2233 895 2327 951 ille
2375 895 2679 965 ignoraret
2727 909 2952 949 canora
2977 893 3003 947 ‘?
3038 892 3142 947 Ubi
3194 889 3427 962 hymni,
3460 889 3554 944 vel
3580 890 3905 961 peregrina

2234 983 2548 1058 opuscula,
2575 999 2710 1056 quae
2742 983 2871 1054 ejus
2902 997 3024 1037 non
3059 983 3429 1053 percurreret
3457 977 3904 1050 pulcherrimus

2237 1073 2448 1130 oculus
2469 1076 2496 1129 ?
2521 1071 2792 1138 Quotidie
2815 1070 2975 1126 enim
3005 1086 3166 1126 nova
3195 1074 3250 1125 et
3271 1067 3506 1139 egregie
3538 1066 3904 1124 admiranda

2235 1163 2410 1235 quasi
2455 1179 2491 1219 a
2525 1161 2842 1218 ruderibus
2874 1161 2897 1195 ιι
2931 1165 2988 1216 et
3029 1159 3210 1214 fossis
3241 1157 3554 1220 effodiens,
3582 1158 3903 1214 thesauros

2237 1251 2578 1308 elucidabat
2605 1250 2853 1306 invisos.
2879 1251 3116 1315 Quanta
3136 1246 3469 1303 docibilitas
3493 1252 3614 1302 tam
3634 1247 3904 1318 pretioso

2236 1356 2485 1397 munere
2513 1344 2737 1396 ornatis
2768 1339 2960 1394 inesse
2988 1337 3001 1372 ι
3028 1337 3510 1408 animae,quanta
3530 1339 3586 1391 et
3610 1336 3904 1392 inexhau-

2238 1436 2330 1486 sta
2367 1447 2511 1486 cura
2557 1428 2824 1494 solertiae,
2859 1427 3058 1482 nullus
3107 1425 3346 1498 sapiens
3387 1425 3903 1498 comprehendere

2237 1524 2492 1594 poterat.
2537 1521 2601 1574 Et
2643 1534 2679 1574 o
2721 1516 3093 1573 admirabilis
3143 1515 3408 1571 suavitas
3459 1515 3724 1572 mentis?
3749 1532 3901 1571 nun-

2238 1625 2426 1681 quam
2456 1607 2733 1680 privatim
2781 1606 2929 1662 scire
2962 1605 3186 1678 aliquid
3232 1603 3458 1668 volens,
3482 1603 3665 1660 nobis
3695 1605 3902 1662 omnia

2237 1697 2582 1771 praestabat.
2631 1696 2848 1752 Vitiata
2901 1695 3223 1766 corrigens,
3254 1693 3445 1750 fracta
3487 1694 3893 1764 consolidans,

2238 1786 2520 1842 inusitata
2551 1789 2920 1853 restaurans,
2954 1784 3202 1855 antiqua
3230 1783 3598 1856 repriorans,
3633 1784 3894 1856 neglecta

2239 1892 2560 1946 renovans,
2619 1880 2674 1932 et
2729 1890 2989 1947 quaeque
3041 1877 3276 1946 poterat
3326 1889 3400 1928 ex
3445 1875 3710 1947 antiquis
3759 1875 3896 1931 viris

2240 1970 2408 2036 gesta
2435 1968 2633 2038 petere
2662 1974 2725 2032 ω,
2763 1962 3075 2034 satagebat
3101 1961 3388 2034 operibus
3421 1963 3775 2037 adimplere.
3806 1966 3898 2020 Se-

2238 2054 2542 2109 veritatem
2590 2051 2952 2124 Hieronymi,
2984 2051 3344 2108 modestiam
3392 2053 3728 2121 Augustini,
3757 2053 3896 2109 leni-

2239 2148 2422 2199 tatem
2453 2141 2770 2206 Ambrosii,
2795 2141 3140 2214 patientiam
3164 2140 3429 2210 Gregorii
3458 2141 3519 2196 in
3541 2142 3896 2212 corrigendo

2241 2247 2491 2299 errores,
2526 2231 2585 2286 in
2633 2229 3026 2286 sustentando
3070 2229 3356 2299 minores,
3388 2229 3448 2286 in
3495 2230 3896 2288 demulcendo

2241 2321 2526 2391 majores,
2559 2320 2619 2375 in
2651 2317 2994 2374 sufferendo
3039 2319 3320 2375 horrores
3349 2329 3397 2389 ιι,
3427 2335 3580 2375 unus
3618 2319 3783 2376 idem
3834 2338 3896 2377 se

2241 2408 2644 2481 multipliciter
2673 2407 2910 2464 varium
2939 2415 2962 2442 °
2993 2405 3332 2463 exhibebat.

2314 2501 2368 2553 9.
2411 2501 2525 2554 Nec
2555 2497 2606 2552 ei
2638 2497 2868 2552 suffecit
2893 2495 3259 2553 monasteria
3286 2497 3482 2568 patriae
3510 2511 3632 2550 sua;
3659 2495 3881 2551 invise-

2242 2604 2304 2643 re
2339 2586 2434 2657 (1),
2462 2586 2609 2659 quin
2640 2585 2838 2659 potius
2867 2585 3186 2642 occasione
3210 2585 3446 2641 fratrum
3476 2599 3749 2651 suorum,
3776 2584 3888 2658 qui

2241 2676 2385 2748 ipsis
2408 2675 2621 2731 diebus
2651 2675 2712 2730 in
2745 2675 3003 2732 Francia:
3045 2675 3262 2732 finibus
3310 2673 3686 2742 exsulabant,
3715 2673 3893 2730 inde-

2241 2770 2410 2838 ptam
2453 2764 2615 2820 viam
2661 2763 2930 2836 arripuit,
2962 2768 3018 2820 et
3054 2764 3116 2820 in
3144 2762 3695 2836 Pampilonensium
3729 2762 3894 2819 terri-

483 2853 765 2950 recipere.
814 2877 927 2932 Sed
971 2853 1239 2948 pontifex
1295 2853 1571 2944 proprius
1614 2869 1676 2924 in
1722 2874 1952 2924 tantum
1993 2883 2133 2923 eum
2165 2899 2204 2953 C
2244 2853 2577 2953 tgl‘iaﬁltf'o
2628 2853 3755 2953 progrediens,.monasterium.Sancti
3800 2857 3896 2910 Za-

485 2967 819 3023 admissum
847 2967 860 3001 ί
891 2964 1155 3021 officium
1205 2959 1583 3017 sacrificandi
1627 2957 1915 3030 compulit
1972 2972 2134 3028 repe-

484 3057 649 3126 dare,
699 3061 761 3112 ut
807 3073 946 3112 eum
991 3053 1369 3111 anathemate
1413 3048 1584 3104 ferire
1635 3064 1757 3104 non
1812 3051 2132 3114 vereretur,

484 3146 602 3202 nisi
630 3147 801 3204 citius
830 3145 1022 3202 redire
1052 3143 1441 3217 promitteret.

1135 3304 1357 3359 CAPUT
1397 3303 1484 3356 lll.

487 3453 701 3508 Sancti
738 3448 982 3517 Eulogii
1028 3446 1305 3517 doctrina
1348 3449 1402 3497 et
1450 3443 1664 3517 virtus,
1706 3442 2135 3511 peregrinatio,

689 3512 985 3576 electio'in
1016 3514 1527 3582 archiepiscopum
1559 3512 1928 3568 Toletanum.

561 3670 613 3722 8.
661 3667 728 3720 Et
774 3665 901 3718 erat
943 3659 1033 3716 vir
1079 3656 1172 3713 ille
1220 3655 1282 3711 in
1329 3654 1613 3710 omnibus
1662 3655 2138 3728 professionibus

489 3753 892 3830 principaliter
929 3755 983 3806 et
1032 3764 1154 3804 non
1196 3745 1391 3802 medie
1433 3745 1768 3812 decoratus,
1792 3745 2019 3801 cunctis
2066 3760 2138 3799 ex

489 3861 666 3918 aequo
698 3841 1068 3906 deserviens;
1093 3842 1150 3892 et
1197 3852 1334 3892 cum
1364 3833 1602 3907 praeiret
1629 3850 1840 3890 omnes
1872 3832 2134 3899 scientia,

488 3933 772 3991 humilior
801 3936 954 3987 certe
976 3928 1154 3985 etiam
1182 3923 1404 3980 infimis
1428 3921 1761 3979 videbatur.
1797 3923 2002 3979 Clarus
2020 3921 2140 3976 vul-

492 4029 574 4090 tu,
625 4028 682 4077 et
727 4022 954 4076 honore
1010 4015 1371 4091 praacipuus,
1399 4011 1740 4084 eloquentia
1768 4011 2052 4081 fulgidus,
2084 4014 2140 4066 et

489 4112 623 4166 vitae
671 4108 954 4182 operibus
994 4104 1350 4162 luminosus.
1381 4101 1658 4157 Incitator
1708 4105 2042 4172 martyrum
2084 4102 2141 4153 et

489 4198 788 4266 laudator,
817 4201 1100 4254 tractator
1143 4191 1534 4267 peritissimus
1580 4195 1634 4247 et
1681 4191 1950 4247 dictator.
1995 4187 2136 4254 Quis

563 4299 588 4325 ⁸
627 4291 799 4345 Deest
820 4303 1013 4344 secum
1041 4285 1105 4341 in
1135 4283 1272 4339 edit.

563 4360 591 4400 ι’
628 4359 879 4417 Vadium
927 4359 1284 4420 interventu,
1344 4352 1649 4426 inquiunt
1692 4349 1817 4426 hic_
1849 4351 2132 4426 Antuerp.

489 4436 629 4560 gost
656 4429 954 4515 Moralem,
987 4443 1106 4510 non
1150 4431 1386 4496 poterat
1413 4421 1651 4494 sejungi
1694 4436 1731 4478 a
1771 4421 2136 4489 Reccafredo

545 4505 781 4560 utoaius
805 4517 836 4559 e
859 4501 1116 4559 vinculis
1145 4502 1472 4560 exemptus.

545 4504 781 4575 utogius
805 4517 836 4559 e
859 4501 1116 4575 vinculis
1145 4502 1472 4575 exemptus.

561 4586 584 4611 ο
626 4573 868 4644 Schott.,
897 4573 1224 4644 imminere,
1257 4574 1320 4624 ut
1342 4584 1460 4644 ms.

561 4647 587 4683 ἀ
617 4650 790 4704 Deest
817 4639 882 4701 ut
911 4644 1172 4716 diximus
1199 4640 1257 4696 in
1287 4639 1425 4716 edit.
1476 4711 1484 4716 _
1647 4705 1657 4716 ι

562 4728 584 4754 θ
623 4721 707 4774 Ex
733 4719 850 4772 hoc
891 4715 1023 4771 loco
1073 4713 1333 4769 inferunt
1378 4708 1836 4778 Antuerpienses
1874 4708 2137 4778 Avarum

491 4789 555 4844 in
583 4788 785 4860 aliqua
799 4787 1083 4860 dignitate
1103 4779 1504 4860 ecclesiastica
1520 4775 1905 4860 constitutum
1921 4775 2136 4860 fuisse,

491 4849 702 4927 utpoté
738 4858 842 4927 qui
867 4849 1226 4927 “praeceperit
1273 4853 1526 4927 diacono
1578 4849 1895 4927 epistolam
1920 4849 2135 4927 legere.

497 4921 613 4982 Se'd
641 4921 907 4987 Mor-ales,
939 4921 1210 4980 Nicolaus
1237 4922 1525 4978 Antonius
1555 4927 1611 4976 et
1635 4921 1922 4978 Henricus
1941 4921 2140 4975 Florez

495 5012 637 5052 eum
685 4995 934 5050 credunt
973 4995 1252 5064 conjugio
1296 4994 1602 5065 astrictum
1631 5011 1643 5048 :
1677 5009 1810 5065 qua,
1831 4993 1918 5065 de
1935 5007 1996 5044 re
2028 5007 2139 5046 nos

495 5066 664 5144 dubii
715 5061 1238 5144 haeremussQu‘i‘a
1280 5079 1506 5144 parum
1564 5061 1767 5144 firma.
1792 5061 2137 5144 judieamus

494 5138 723 5195 illorum
753 5140 1126 5207 argumenta,
1156 5139 1212 5190 et
1241 5134 1479 5190 aliunde
1510 5149 1631 5207 non
1662 5134 1802 5189 satis
1828 5137 2142 5203 perspecta

491 5227 587 5284 res
617 5206 866 5284 apparet
890 5223 972 5284 ex_
984 5207 1217 5284 ratione
1249 5206 1771 5278 Antuerpiensum.

566 5283 584 5319 ί
621 5279 792 5338 Deest
814 5281 876 5336 in
904 5279 1040 5336 edit.
1074 5281 1398 5352 assignato.

563 5363 591 5400 ε
620 5354 789 5422 Edit.,
822 5353 1100 5410 intexuit.

563 5427 591 5462 ¹¹
623 5427 866 5495 Schott.,
895 5427 1134 5491 usitate,
1168 5431 1231 5478 ut
1261 5422 1320 5476 in
1352 5437 1462 5476 ms.
1657 5486 1666 5494 .

575 5498 588 5530 ί
628 5497 850 5566 Moral.,
876 5498 1154 5552 amissum
1183 5513 1195 5559 ;
1233 5497 1516 5566 Antuerp.
1547 5500 1843 5539 omissum.

575 5569 588 5618 i
619 5570 744 5635 Ms.,
776 5570 987 5624 elicere
1015 5572 1113 5623 aut
1145 5565 1388 5620 edicere.

2243 2942 2460 2999 Charias
2510 2943 2837 3012 ingressus,
2888 2948 2944 2999 et
2987 2943 3243 2999 aliorum
3303 2942 3580 2999 caenobia
3629 2943 3892 3016 ipsarum

2242 3033 2557 3104 regionum
2624 3031 2886 3103 gliscenti
2948 3038 3086 3088 voto
3142 3049 3516 3105 percurrens,
3572 3031 3896 3088 multorum

2245 3125 2484 3178 Patrum
2510 3127 2600 3178 est
2644 3121 2906 3178 amicitia
2935 3121 3302 3178 dulcoratus.
3353 3125 3624 3188 Quorum
3665 3138 3899 3178 conver-

2247 3211 2538 3268 sationem
2568 3211 2628 3266 in
2659 3211 2912 3283 epistola
2941 3227 3127 3284 quam
3146 3211 3432 3285 episcopo
3455 3211 3898 3285 Pampilonensi

2246 3301 2307 3356 in
2337 3316 2571 3357 carcere
2599 3301 2830 3372 positus
2862 3300 3044 3372 dedit,
3074 3301 3434 3356 nominatim
3477 3300 3796 3357 locatimve
3820 3299 3900 3356 di-

2248 3390 2446 3459 gessit.
2495 3391 2560 3445 In
2599 3390 2820 3462 quibus
2849 3389 2993 3444 locis
3025 3390 3214 3446 multa
3262 3390 3570 3447 volumina
3610 3391 3899 3448 librorum

2245 3479 2568 3548 reperiens,
2601 3479 2882 3534 abstrusa
2921 3484 2978 3534 et
3007 3495 3159 3552 pene
3192 3496 3229 3535 a
3271 3480 3474 3535 multis
3504 3489 3761 3544 remota,
3787 3482 3900 3537 huc

2246 3583 2543 3637 remeans,
2577 3584 2685 3622 suo
2737 3567 2910 3623 nobis
2956 3585 3230 3639 regressu
3277 3569 3529 3626 adduxit
3556 3584 3604 3625 P.
3633 3570 3722 3626 lbi
3747 3571 3902 3627 beati

2249 3656 2488 3712 Odoarii
2509 3660 2596 3712 est
2624 3655 2836 3711 fruitus
2861 3656 3183 3730 colloquio,
3210 3659 3308 3714 cui
3336 3665 3580 3714 centum
3606 3660 3903 3733 quinqua-

2248 3745 2413 3816 ginta
2427 3744 2730 3815 regulares
2749 3747 3034 3802 monachi
3061 3746 3398 3804 militabant
3414 3749 3510 3820 (2).
3531 3749 3675 3805 [nde
3700 3766 3901 3806 secum

2247 3835 2469 3890 librum
2505 3834 2768 3890 Civitatis
2814 3835 3144 3892 beatissimi
3179 3839 3511 3908 Augustini,
3539 3843 3600 3895 et
3621 3838 3900 3895 Eneidos

2249 3923 2488 3995 Virgilii,
2537 3924 2655 3980 sive
2685 3939 2712 3977 (ι
2741 3925 3046 3981 Juvenalis
3096 3927 3374 3983 metricos
3429 3927 3636 3983 itidem
3694 3927 3899 3995 libros,

2248 4017 2428 4084 atque
2465 4013 2536 4084 (3)
2582 4012 2768 4069 Flacci
2809 4017 3073 4086 satyrata
3101 4024 3122 4050 ν
3151 4020 3450 4088 poemata,
3497 4033 3605 4072 seu
3636 4017 3707 4087 (4)
3756 4018 3898 4072 Por-

2246 4103 2445 4175 phyrii
2499 4102 2737 4175 depicta
2773 4103 3086 4176 opuscula,
3113 4106 3187 4176 (5)
3240 4105 3336 4161 vel
3382 4105 3716 4162 Adhelelmi
3771 4105 3897 4178 epi-

2249 4196 2658 4261 grammatum
2702 4208 2904 4264 opera,
2937 4198 3015 4261 (6)
3042 4209 3280 4251 necnon
3321 4200 3377 4252 et
3421 4195 3631 4252 Avieni
3658 4195 3902 4252 fabulas

2318 4281 2344 4315 ι
2382 4279 2491 4346 Id.,
2511 4281 2847 4350 jugeribus.
3907 4268 3917 4280 ’

2327 4352 2342 4386 ¹
2384 4351 2624 4418 Schott.,
2651 4353 2846 4407 inerat
2873 4355 2936 4407 ut
2961 4369 3076 4409 ms.

2316 4421 2621 4507 f1§chott.,
2653 4428 2710 4477 et
2736 4426 3048 4496 Antuerp.,
3077 4432 3420 4507 competere,
3449 4431 3515 4483 ut
3538 4443 3658 4483 ms.

2315 4504 2342 4529 ιι
2381 4493 2622 4575 Schott.,
2636 4507 2904 4575 sorores;
2927 4493 3115 4575 quam
3135 4493 3449 4554 lectionem
3471 4514 3589 4554 ms.
3618 4497 3902 4569 admittit,

2247 4581 2384 4621 cum
2415 4563 2593 4632 dicat,
2622 4566 2686 4620 in
2711 4563 3078 4634 su/ferendos
3105 4584 3324 4626 orares.

2317 4645 2339 4672 ο
2379 4637 2550 4712 Deest
2593 4637 2827 4712 varium
2875 4637 2936 4693 in
2989 4655 3101 4712 ms.
3141 4644 3198 4695 et
3222 4641 3585 4712 pronomina
3629 4657 3709 4709 se,
3741 4642 3820 4705 ei,
3849 4647 3909 4700 et

2245 4706 2586 4791 praepositio
2633 4708 2694 4764 in
2744 4712 2879 4764 ante
2923 4708 3108 4765 verba
3161 4706 3555 4770 Francia”...
3588 4706 3907 4784 Pampito-

2247 4795 2535 4836 nenszum.

2317 4865 2344 4904 ι)
2373 4851 2488 4906 Nisi
2520 4849 2709 4926 codex
2739 4849 2884 4926 alter
2909 4853 3218 4926 Ovetensis
3258 4869 3380 4926 quo
3420 4871 3534 4910 usu
3565 4856 3678 4912 fuit
3712 4860 3906 4914 Mora-

2245 4920 2352 5002 les,
2385 4925 2440 4977 et
2467 4921 2643 5002 cujus
2677 4922 2947 5002 meminit
2969 4922 3027 5002 in
3055 4920 3379 5002 Monito’ad
3407 4926 3716 5002 lectorem,
3739 4929 3906 4985 hunc

2246 4991 2554 5073 locumita
2581 4992 2838 5073 legebat,
2871 4991 3198 5073 plurimum
3224 4995 3284 5050 in
3315 5011 3387 5073 ea
3403 4999 3620 5073 sensui
3635 4991 3905 5073 proprio

2246 5061 2514 5130 indulsit,
2542 5079 2671 5116 cum
2703 5061 3051 5132 Azagrensis
3072 5066 3260 5121 codex
3293 5067 3375 5122 sic
3402 5068 3604 5124 locum
3634 5061 3901 5127 ﬁabéat:

2247 5135 2369 5210 Ht_c_
2408 5147 2675 5210 remeans
2717 5149 2821 5189 suo
2869 5135 3035 5191 nobis
3093 5138 3155 5192 in
3205 5140 3610 5196 sacratissimo
3655 5149 3906 5210 pectore

2249 5204 2584 5260 collocavit.

2319 5289 2345 5328 ιι
2369 5274 2528 5360 ‘Sive,
2559 5289 2680 5360 seu,
2714 5281 2840 5355 aut,
2872 5291 2984 5360 pro
3019 5282 3074 5334 et
3122 5277 3601 5360 frequentissime
3636 5299 3902 5360 usurpa-

2247 5345 2622 5430 runtvmedii
2651 5346 2760 5400 aevi
2811 5345 3148 5430 scriptores,
3183 5345 3252 5430 ac
3281 5354 3533 5425 proinde
3575 5345 3902 5430 perperam

2248 5417 2306 5471 in
2339 5417 2508 5471 editis
2529 5418 2621 5471 hic
2653 5417 2979 5488 repositum
3011 5420 3117 5476 fuit
3141 5429 3214 5478 et.

2321 5496 2340 5567 ξ
2549 5489 2688 5542 edit.
2735 5490 2928 5546 Mora].
2963 5496 3018 5546 et
3062 5497 3366 5567 Antuerp.,
3412 5503 3718 5554 saturata.
3763 5501 3903 5555 Vide

2245 5558 2499 5614 Scholia.
