4106 6174
210 198 313 251 713

202 408 396 471 mina,
424 425 562 464 cum
593 411 796 466 multis
828 414 1364 473 minutissimarum
1420 436 1742 476 causarum
1785 436 1857 475 ex

200 498 425 551 sanctis
447 499 879 570 quzestionibus
911 503 1233 560 multorum
1268 506 1506 578 ingenio
1538 524 1859 579 congrega-

198 588 274 644 tis
307 602 429 642 non
462 588 739 659 privatim
771 590 904 659 sibi,
941 592 1045 648 sed
1074 598 1472 653 communiter
1497 598 1857 655 studiosissi-

200 677 319 733 mis
358 676 814 748 inquisitoribus
844 683 1187 753 reportavit.
1216 685 1377 741 idem
1426 691 1713 759 praeterea
1743 686 1856 742 ful-

198 782 412 835 gorem
444 767 642 838 operis
695 773 749 823 et
801 772 1278 828 coruscationem
1331 775 1555 845 ingenii
1593 776 1856 849 resplen-

195 853 488 911 dentibus
519 855 742 912 semitis
770 861 1219 926 praesentialiter
1245 865 1474 920 cunctis
1503 875 1529 901 ⁸
1554 865 1858 938 praesenti-

196 943 340 1011 bus,
388 949 443 999 et
500 945 785 1002 usualiter
832 951 1241 1022 sequentibus.
1287 954 1576 1027 specificis
1621 972 1859 1028 semper

195 1037 511 1089 ostentans
544 1033 794 1104 indiciis,
823 1042 877 1093 et
906 1038 1218 1096 luminosis
1246 1042 1549 1099 deducens
1580 1044 1856 1114 vestigiis,

198 1123 433 1195 ubique
448 1123 680 1180 lucidus
707 1127 1011 1198 gradiens,
1028 1131 1294 1203 undique
1316 1132 1578 1202 fulgidus
1597 1133 1855 1204 rediens,

196 1212 513 1286 limpidus,
561 1215 939 1284 dulcorosus,
972 1224 1305 1293 nectareus,
1348 1223 1557 1280 Christi
1605 1240 1855 1280 corana-

200 1307 298 1359 tus
329 1303 630 1360 emicabat
658 1306 944 1363 omnibus
974 1309 1257 1366 famulus.

276 1411 362 1466 10.
405 1414 523 1467 Nec
580 1412 724 1468 illud
782 1415 1180 1474 omittendum
1223 1419 1284 1474 in
1331 1421 1445 1477 hoc
1476 1438 1655 1494 opcre
1699 1440 1851 1485 reor.

190 1500 366 1573 quod
398 1507 474 1568 (7)
504 1506 641 1574 post
686 1502 904 1559 divinae
950 1507 1256 1563 memoriae
1296 1510 1657 1580 Wistremiri,
1690 1513 1851 1569 Tole-

192 1595 358 1646 tanee
384 1590 544 1646 sedis
573 1592 857 1666 episcopi,
889 1594 951 1650 in
983 1597 1258 1653 eamdem
1292 1600 1495 1656 sedem
1535 1601 1614 1657 ab
1658 1604 1851 1659 omni-

193 1679 318 1736 bus
362 1682 973 1753 comprovincialibus
1024 1690 1081 1742 et
1127 1687 1512 1745 conﬁnitimis
1554 1692 1856 1764 episc0pis
1888 1677 1926 1730 Β

199 1770 428 1827 electus
476 1775 534 1827 et
580 1771 801 1841 dignus
850 1778 939 1831 est
977 1775 1239 1846 habitus,
1274 1783 1330 1835 et
1374 1795 1484 1852 pro
1514 1781 1702 1838 relatu
1730 1799 1858 1838 om-

196 1860 373 1916 nium
405 1860 855 1933 comprobatus.
889 1864 916 1903 b
943 1864 1055 1920 Sed
1102 1866 1412 1939 dispositio
1469 1869 1688 1939 divina,
1721 1888 1856 1943 quae

200 1965 345 2004 eum
398 1948 511 2003 sibi
558 1947 637 2005 ad
686 1951 1043 2023 martyrium
1099 1956 1462 2025 reservabat,
1489 1957 1856 2030 quibusdam

201 2035 508 2110 repagulis
552 2036 837 2095 obviavit.
885 2040 1155 2113 Cumque
1179 2043 1307 2114 jam
1358 2044 1490 2117 ipsa
1518 2047 1858 2102 communis

200 2126 413 2183 electio
442 2142 580 2183 eum
612 2127 723 2183 sibi
754 2144 1106 2187 consecrare
1147 2132 1208 2188 in
1234 2133 1543 2207 episcopio
1569 2135 1859 2193 acclama-

201 2219 318 2283 ret,
337 2231 536 2272 rerum
564 2216 940 2275 obviantium
971 2219 1325 2278 adversitate
1350 2223 1639 2297 impediti,
1672 2224 1858 2281 alium

206 2303 419 2360 sibieo
448 2305 672 2362 vivente
700 2307 1135 2365 interdixerunt
1175 2310 1410 2381 eligere.
1445 2313 1555 2378 Qui
1606 2313 1740 2369 licet
1771 2330 1861 2370 ar-

204 2398 352 2465 gute
381 2393 759 2451 frustraretur
796 2396 874 2453 ab
901 2398 1134 2465 ordine,
1168 2405 1372 2457 tamen
1403 2417 1525 2458 non
1555 2406 1644 2458 est
1666 2403 1860 2476 priva-

200 2488 300 2540 tus
331 2483 604 2554 ejusdem
634 2484 862 2541 ordinis
908 2503 1178 2544 munere.
1218 2489 1522 2562 Siquidem
1554 2492 1861 2564 episcopa-

198 2578 330 2629 tum
361 2571 665 2630 ccelestem
688 2574 941 2648 adeptus
972 2581 1078 2643 est,
1110 2578 1257 2634 dum
1287 2595 1394 2652 per
1441 2581 1709 2653 martyrii
1740 2581 1862 2650 glo-

199 2664 353 2719 riam
388 2663 622 2718 Christo
653 2652 1008 2736 conjunctus
1038 2672 1144 2724 est.
1180 2670 1399 2724 Omnes
1428 2685 1692 2742 namque
1723 2686 1859 2726 san-

200 2751 282 2807 cti
328 2751 616 2825 episcopi,
644 2769 764 2809 non
823 2759 1025 2811 tamen
1068 2772 1281 2813 omnes
1327 2759 1595 2831 episcopi
1652 2760 1859 2815 sancti.

205 2840 308 2896 Ille
354 2857 498 2897 vero
566 2842 941 2900 sanctitatem
1000 2861 1108 2917 per
1149 2846 1377 2902 cruoris
1420 2846 1716 2904 fusionem
1773 2848 1863 2903 in-

203 2929 478 2998 veniens,
537 2930 827 3004 episcopii
880 2933 1089 2990 ordine
1143 2935 1428 3005 fungitur,
1483 2937 1632 2992 dum
1690 2936 1865 2993 coelo-

203 3023 384 3075 tenus
427 3028 450 3055 °
491 3023 791 3093 receptus,
824 3021 1055 3078 aeternis
1100 3022 1604 3096 promissionibus
1658 3041 1867 3082 mune-
1895 3024 1938 3078 C

203 3110 392 3164 ratur.

283 3214 370 3270 ll.
420 3214 693 3287 Cumque
738 3214 834 3270 his
877 3215 1194 3273 virtutibus
1218 3222 1275 3274 et
1316 3217 1701 3290 dogmatibus
1730 3220 1867 3276 iusi-

212 3303 499 3373 gniretur,
526 3309 583 3359 et
610 3304 894 3361 omnibus
932 3307 1107 3379 quasi
1136 3307 1382 3364 lucerna
1426 3325 1607 3381 super
1644 3310 1866 3366 cande-

214 3390 461 3446 labrum
488 3394 698 3464 posita,
715 3411 782 3451 ac
806 3394 986 3451 veluti
1016 3396 1223 3453 civitas
1243 3396 1305 3452 in
1327 3397 1549 3453 montis
1570 3398 1685 3455 sita
1717 3400 1742 3435 ά
1773 3415 1869 3455 ca-

211 3479 462 3537 cumine
483 3482 686 3552 procul
710 3483 881 3540 altius
907 3485 1209 3552 emicaret,
1240 3490 1299 3542 et
1336 3490 1400 3543 ut
1423 3486 1634 3543 doctus
1667 3488 1867 3544 scriba

207 3569 285 3625 de
319 3569 605 3627 thesauro
652 3571 879 3629 domini
922 3574 1014 3630 sui
1057 3590 1216 3631 nova
1245 3579 1303 3631 et
1333 3580 1533 3632 vetera
1575 3576 1867 3632 universis

206 3658 452 3715 familiis
503 3660 878 3733 praevideret,
922 3663 983 3719 in
1037 3664 1447 3721 sacerdotibus
1502 3666 1753 3739 primus,
1805 3665 1868 3721 in

210 3747 661 3805 confessoribus
697 3767 991 3820 summus,
1022 3753 1085 3808 in
1110 3753 1416 3825 judicibus
1445 3754 1714 3810 residens
1744 3769 1869 3811 non

214 3840 561 3894 extremus:
608 3840 856 3896 tandem
902 3841 1025 3898 voti
1068 3858 1319 3914 compos
1365 3843 1634 3912 effectus,
1666 3843 1871 3901 divina

217 3923 333 3979 sibi
388 3933 745 3999 cooperante
777 3928 1095 3987 clementia
1123 3930 1435 4004 inopinato
1480 3931 1728 4003 judicio,
1762 3932 1870 3987 sed

215 4010 603 4071 deliberativo
662 4016 862 4073 studio
891 4022 1135 4075 evectus
1165 4023 1257 4075 est
1286 4019 1366 4075 ad
1394 4034 1676 4091 superna.
1712 4023 1777 4075 Et
1800 4034 1871 4074 ea

210 4118 348 4174 quae
399 4118 437 4159 a
484 4104 852 4177 martyribus
906 4107 1053 4163 fusis
1104 4107 1511 4180 postulaverat
1562 4106 1869 4180 lacrymis,

211 4196 267 4248 et
296 4208 408 4264 per
438 4196 555 4250 tota
592 4205 614 4230 ο
646 4211 758 4251 sua
785 4197 1079 4269 opuscula
1126 4213 1294 4254 more
1324 4202 1624 4271 sparserat
1652 4196 1871 4270 precis,

211 4281 485 4339 obtinere
550 4285 770 4341 meruit
816 4287 1099 4359 operibus
1157 4287 1503 4344 sanctitatis.
1553 4286 1725 4353 Quod
1771 4302 1872 4342 ve-

1593 200 1762 258 VITA
1798 197 1930 253 VEL
1966 196 2231 253 PASSIO.

205 319 508 389 metricas,
542 325 598 375 et
625 321 991 393 hymnorum
1022 325 1450 385 catholicorum
1480 330 1711 401 fulgida
1732 344 1855 385 car-
1885 324 1933 376 Α

3511 205 3618 259 ’714

2618 325 2840 379 CAPUT
2878 326 2967 379 IV.
3036 324 3041 327 ’

1966 410 2135 483 Nova
2164 412 2226 466 in
2268 411 2640 469 Christianos
2669 413 2777 468 sub
2807 429 2943 481 rege
2972 413 3306 469 Mahomele
3342 429 3616 483 persecu-

2038 482 2138 536 tio.
2187 484 2249 538 S.
2306 485 2597 540 Leocritz'a
2654 484 2728 541 ab
2787 486 3041 554 Eulogio
3099 482 3353 554 ejusque
3415 501 3621 543 sorore

2036 554 2333 610 instructa
2362 561 2415 610 et
2445 556 2681 625 adjuta.
3414 590 3419 597 ι

2040 645 2124 698 l2.
2166 642 2460 715 Tempore
2510 644 2690 714 igitur
2735 660 2857 716 quo
2906 659 3066 699 saeva
3112 643 3443 700 dominatio
3472 649 3614 702 Ara-

1965 728 2113 785 bum
2144 731 2478 787 calliditatis
2507 738 2640 789 astu
2670 749 2881 789 omnes
2898 734 3047 788 ﬁnes
3076 732 3372 805 Hispaniae
3403 733 3616 790 misere

1964 818 2340 887 devastabat,
2372 837 2495 892 quo
2535 824 2612 893 (l)
2642 838 2747 877 rex
2793 822 3109 879 Mahomad
3160 822 3492 880 incredibili
3518 840 3617 880 ra-

1964 906 2059 963 bie
2086 912 2143 963 et
2171 908 2460 965 etfrenata
2490 911 2780 966 sententia
2810 911 2828 945 ί
2851 909 3263 965 Christicolum
3289 926 3480 979 genus
3510 912 3615 967 de-

1962 996 2081 1052 lere
2112 996 2377 1053 funditus
2400 998 2717 1068 cogitabat,
2752 998 2920 1053 multi
2966 1004 3183 1053 terrore
3221 999 3617 1056 cruentissimi

1965 1086 2121 1155 regis
2177 1090 2529 1157 metuentes,
2592 1088 2844 1159 ejusque
2912 1086 3213 1142 insaniam
3270 1088 3617 1146 modificare

1963 1175 2239 1245 nitentes,
2279 1191 2386 1248 per
2432 1181 2658 1232 trucem
2710 1176 3030 1232 voluntatis
3084 1176 3302 1249 iniquae
3350 1177 3616 1234 officium

1963 1264 2209 1320 diversis
2239 1269 2295 1320 et
2323 1266 2627 1338 exquisitis
2658 1264 3079 1321 occasionibus
3133 1280 3376 1336 gregem
3406 1267 3617 1323 Christi

1961 1351 2248 1425 impetere
2275 1358 2668 1410 tentaverunt.
2704 1354 2970 1427 Plerique
2994 1354 3291 1409 Christum
3337 1355 3616 1425 negando

1963 1459 2025 1498 se
2057 1443 2382 1516 praecipitio
2440 1444 2909 1500 commiserunt:
2944 1442 3042 1499 alii
3093 1443 3258 1498 duris
3310 1444 3618 1500 tormentis

1965 1532 2188 1599 agitati,
2224 1533 2509 1589 commoti
2557 1538 2715 1588 sunt.
2746 1536 2925 1588 Porro
2979 1532 3078 1588 alii
3122 1532 3354 1588 ﬂorenti
3406 1533 3619 1589 virtute

1965 1620 2205 1677 stabiliti
2225 1626 2362 1677 sunt
2387 1626 2445 1678 et
2469 1621 2719 1677 fundati.
2757 1626 2817 1677 In
2846 1622 3040 1693 cujus,
3071 1626 3134 1676 ut
3162 1620 3444 1688 diximus,
3473 1625 3619 1677 tem-

1964 1726 2108 1783 pore
2141 1711 2497 1783 martyrium
2533 1711 2800 1767 ﬁdelium
2822 1710 3199 1767 coruscando
3229 1710 3618 1783 resplenduit,

1965 1804 2021 1856 et
2051 1816 2215 1855 error
2238 1800 2590 1870 negantium
2634 1800 2962 1856 ﬂuctuavit.
2995 1799 3269 1856 Nonnulli
3303 1800 3484 1870 enim,
3516 1800 3622 1872 qui

1963 1887 2147 1943 ﬁdem
2175 1888 2382 1943 Christi
2413 1893 2649 1943 tantum
2697 1888 3000 1944 mentibus
3028 1887 3384 1955 retinebant,
3415 1888 3622 1944 instin-

1965 1981 2064 2033 ctu
2107 1976 2209 2031 Dei
2256 1977 2422 2049 quod
2474 1976 2833 2045 celaverant,
2887 1976 3265 2032 luminositer
3315 1982 3371 2033 et
3417 1977 3621 2049 patule

1965 2065 2369 2137 proferebant,
2400 2065 2565 2121 nullo
2594 2065 2964 2137 disquireute
2992 2065 3070 2122 ad
3099 2067 3457 2137 martyrium
3489 2081 3623 2136 pro-

1967 2153 2245 2220 silientes,
2279 2158 2335 2209 et
2364 2169 2651 2210 coronam
2686 2153 2799 2209 sibi
2829 2170 2903 2209 ex
2951 2154 3271 2209 tortoribus
3300 2153 3600 2225 rapientes

1966 2248 2048 2300 Ex
2073 2244 2298 2316 quibus
2329 2245 2403 2316 (2)
2428 2244 2621 2300 Arabs
2663 2260 2878 2314 genere
2925 2244 3138 2299 beatus
3165 2242 3623 2315 Christophorus

1966 2333 2204 2399 exstitit,
2232 2333 2404 2403 cujus
2434 2333 2733 2406 passionis
2764 2332 3037 2388 ordinem
3068 2331 3212 2388 alibi
3237 2331 3506 2402 digerere
3526 2347 3623 2387 co-

1969 2425 2247 2493 gitamus.
2281 2424 2394 2478 Sed
2423 2439 2495 2479 ex
2544 2439 2754 2479 eorum
2803 2438 3056 2477 numero
3109 2421 3321 2477 beatus
3353 2420 3624 2477 Aurelius

1968 2517 2025 2567 et
2082 2516 2327 2567 sanctus
2371 2512 2586 2568 exstitit
2628 2512 2803 2580 Felix,
2852 2510 2957 2582 qui
3014 2526 3153 2566 cum
3202 2509 3493 2566 uxoribus
3546 2507 3626 2564 ad

1968 2601 2270 2673 passionis
2319 2600 2571 2669 gloriam
2600 2605 2737 2672 post
2782 2599 2969 2654 multa
3012 2603 3068 2654 et
3113 2598 3347 2671 prolixa
3375 2596 3627 2653 latibula

1969 2690 2338 2763 prodierunt.
2374 2692 2453 2744 Ex
2497 2689 2642 2761 ipsis
2672 2689 2851 2744 etiam
2878 2689 3097 2744 ﬂorens
3126 2687 3439 2743 virtutibus
3462 2685 3630 2741 Flora

1969 2779 2140 2847 virgo
2166 2779 2366 2845 beata,
2398 2795 2532 2851 quae
2561 2781 2954 2833 contemnens
2989 2776 3340 2832 saecularem
3388 2774 3631 2830 labilem

1971 2881 2287 2939 pompam,
2309 2872 2595 2923 aeternam
2628 2867 2845 2921 meruit
2866 2866 2990 2921 sine
3011 2864 3127 2920 ﬁne
3150 2879 3458 2920 coronam.
3482 2864 3634 2929 Quo-

1971 2972 2107 3010 rum
2137 2955 2233 3010 hic
2279 2959 2482 3011 noster
2530 2954 2944 3010 sanctissimus
2976 2954 3185 3009 doctor
3211 2968 3472 3023 agonem
3519 2951 3635 3006 sin-

1975 3043 2224 3114 gillatim
2246 3043 2542 3115 exposuit,
2557 3046 2614 3098 et
2635 3046 2803 3098 actus
2828 3042 3100 3113 vitasque
3133 3056 3383 3096 corusco
3413 3054 3638 3095 sermo-

1973 3149 2049 3189 ne
2072 3131 2408 3205 explicavit.

2049 3226 2135 3277 13.
2175 3222 2298 3277 Hoc
2338 3225 2605 3293 tempore
2640 3218 2840 3291 puella
2868 3217 3114 3273 nomine
3144 3216 3427 3273 Leocritia
3474 3231 3636 3288 quae-

1975 3312 2137 3373 dam,
2173 3325 2388 3380 genere
2436 3308 2674 3378 nobilis,
2703 3312 2902 3364 mente
2959 3306 3236 3372 nobilior,
3274 3306 3349 3377 (3)
3393 3321 3465 3361 ex
3497 3320 3637 3375 gen-

1974 3400 2163 3457 tilium
2216 3399 2358 3455 faece
2406 3397 2740 3472 progenita,
2768 3402 2824 3452 et
2867 3413 2940 3452 ex
2971 3396 3254 3467 luporum
3303 3393 3636 3450 visceribus

1974 3489 2233 3563 prodita,
2261 3487 2493 3543 dudum
2527 3496 2553 3531 8
2579 3502 2687 3559 per
2715 3485 3052 3558 quamdam
3082 3483 3197 3539 sibi
3229 3498 3445 3553 genere
3501 3497 3638 3555 pro-

1974 3580 2203 3634 ximam
2226 3578 2299 3649 (4)
2349 3577 2578 3633 Christo
2622 3574 2887 3630 dicatam
2937 3573 3011 3644 (ὅ)
3054 3572 3299 3629 nomine
3333 3571 3635 3640 Litiosam,

1976 3667 2149 3740 aquis
2180 3666 2541 3723 salutaribus
2588 3664 2791 3732 tincta,
2821 3668 2876 3719 et
2902 3662 3130 3719 occulte
3153 3661 3273 3718 ﬁde
3318 3660 3527 3719 Christi
3555 3660 3616 3715 in

1975 3757 2121 3812 duta
2150 3756 2377 3825 enituit,
2425 3755 2796 3825 odoremque
2850 3757 3198 3807 nectareum
3239 3750 3464 3807 notitiae
3513 3766 3639 3805 suae

1975 3845 2205 3902 cunctis
2260 3844 2578 3917 adsparsit.
2630 3842 2860 3897 Etenim
2921 3856 3057 3895 cum
3112 3839 3190 3895 ad
3237 3839 3368 3910 jam
3416 3837 3641 3893 dictam

1976 3934 2316 4003 religiosam
2345 3934 2406 3987 in
2460 3930 2634 3987 annis
2666 3929 2931 3984 infantiae
2981 3943 3147 3983 more
3172 3925 3638 3999 propinquitatis

1976 4026 2322 4088 recurreret,
2356 4035 2612 4093 eamque
2667 4017 2889 4091 quibus
2946 4016 3047 4072 illa
3107 4015 3491 4071 sermonibus
3538 4031 3644 4087 po-

1983 4115 2148 4181 terat,
2207 4108 2472 4183 quotidie
2542 4107 2878 4172 instrueret,
2944 4104 3189 4161 tandem
3270 4104 3642 4177 respectione

1981 4200 2205 4257 caelesti
2254 4199 2438 4254 ﬁdem
2489 4196 2702 4254 Christi
2747 4200 2947 4252 mente
2998 4193 3278 4267 suscepit,
3311 4199 3368 4250 et
3427 4193 3643 4250 ardore

1983 4289 2207 4345 amoris
2245 4292 2589 4360 susceptam
2618 4290 2859 4358 pectore
2899 4282 3293 4339 conservavit.
3321 4285 3463 4348 Qua;
3494 4283 3643 4338 dum
3733 4328 3739 4337 .

210 4371 335 4427 rius
362 4375 583 4445 poterit
605 4391 871 4445 noscere,
896 4378 1000 4450 qui
1047 4377 1184 4450 ipsa
1212 4378 1344 4449 ejus
1397 4378 1638 4448 egregia
1690 4392 1875 4450 opera
1902 4378 1944 4432 D
1985 4378 2065 4433 ad
2096 4393 2289 4432 annos
2316 4375 2624 4448 sapientiae
2650 4373 2877 4429 veniret
2908 4376 2964 4427 et
2985 4371 3245 4427 scientize
3272 4371 3647 4440 contingeret

214 4462 516 4518 curaverit
542 4462 758 4534 legere.
793 4467 859 4521 Et
904 4465 1196 4538 quoniam
1228 4465 1487 4538 expedit,
1516 4470 1573 4521 et
1622 4466 1876 4536 dignum

214 4550 394 4606 nobis
430 4550 631 4608 visum
686 4558 779 4609 est
832 4569 941 4627 pro
998 4554 1243 4610 utilitate
1288 4554 1635 4625 legentium,
1688 4559 1745 4610 et
1802 4554 1877 4626 (8)

217 4654 326 4711 pro
381 4657 591 4698 annuo
648 4642 983 4700 festivitatis
1031 4659 1155 4699 suae
1202 4660 1468 4711 recursu,
1527 4644 1878 4718 passionem

219 4729 351 4799 ejus
394 4729 652 4787 breviter
696 4731 1021 4806 explicare,
1068 4732 1205 4789 ideo
1258 4734 1695 4807 sequestratim,
1727 4748 1877 4805 pure

221 4821 284 4872 et
313 4816 613 4876 sinceriter
640 4821 853 4892 agonis
880 4822 973 4879 sui
1002 4821 1507 4896 pulchrerrimum
1525 4821 1877 4877 induximus

221 4903 434 4961 ﬁnem.

287 5124 314 5203 ξ
347 5116 541 5203 ,ΨΠἨΒ
568 5123 727 5201 recte
757 5120 853 5177 hic
866 5120 1108 5203 litora},-
1131 5121 1528 5203 sequentibus.

285 5188 428 5263 ll{Ex
458 5190 575 5245 hoc
601 5192 800 5263 _unico
848 5192 1045 5248 Alvari
1086 5188 1431 5249 testimonio
1465 5206 1597 5263 quo
1646 5192 1883 5245 constat

218 5258 539 5328 Eulogium
565 5260 823 5319 electum
843 5263 1023 5319 fuisse
1043 5262 1362 5328 praesulem
1382 5258 1755 5326 Tolétanum,
1781 5276 1883 5314 ne-

219 5279 539 5328 nuloglum
565 5279 823 5319 electum
843 5279 1023 5319 luisse
1086 5279 1362 5319 raesuiem
1382 5279 1755 5326 ioretanum,
1781 5279 1883 5314 ne-

216 5345 472 5415 mp‘non
502 5332 665 5415 videt
690 5338 985 5415 quantum
1016 5279 1274 5415 (ᾅδῃ)ῳί
1314 5333 1619 5415 Fabricius
1648 5332 1883 5415 tomxnll

216 5401 567 5474 Bibliothec.
622 5401 804 5461 Latin.
839 5404 997 5461 med.
1033 5409 1090 5462 et
1127 5401 1317 5461 ihﬁm.
1372 5409 1550 5467 aetat,
1585 5417 1725 5474 pag.
1762 5404 1880 5469 123,

215 5472 355 5547 edit.
387 5475 596 5530 Patav.
636 5477 790 5545 1754,
821 5478 883 5532 in
908 5481 1030 5533 not.
1063 5478 1139 5547 (ε)
1188 5476 1496 5547 scribens:
1535 5472 1720 5541 Quod.
1741 5515 1758 5547 ί.
1787 5510 1833 5526 ..
1868 5515 1881 5527 .

216 5545 327 5600 alii
341 5547 863 5624 archiepiscopum
884 5551 960 5603 To
968 5545 1233 5624 tetanum
1248 5546 1605 5624 (Eulogium)
1620 5546 1881 5624 chiuut.

217 5619 573 5695 neutiquam
603 5616 828 5676 idoneis
855 5622 1228 5695 argumentis
1251 5616 1503 5695 constat.
1525 5616 1696 5695 Quod
1712 5616 1882 5695 enim

217 5685 654 5758 argumentum
706 5688 905 5760 magis
932 5685 1243 5749 'idoneum
1295 5685 1635 5747 testimonio
1663 5685 1881 5748 Alvari.

622 5778 873 5837 PATIOL.
916 5781 1068 5838 CXV.

1983 4467 2234 4537 lumina,
2266 4466 2448 4521 ﬁdem
2501 4463 2686 4530 illam,
2732 4478 2919 4535 quam
2975 4460 3309 4516 tenerrimis
3362 4459 3643 4515 institutis

1984 4556 2212 4614 occulte
2242 4557 2269 4591 δ
2295 4555 2601 4621 didicerat,
2634 4551 2899 4624 quotidie
2924 4549 3204 4605 fomentis
3238 4545 3646 4619 spiritualibus

1985 4650 2247 4713 auctam,
2279 4644 2342 4700 in
2390 4642 2650 4716 amplius
2701 4643 3063 4696 crescentem
3121 4636 3337 4703 alebat,
3381 4635 3647 4707 primum

1986 4733 2237 4801 occulte,
2269 4732 2553 4803 deinceps
2576 4728 2777 4802 patule
2810 4731 2866 4783 et
2895 4729 3116 4797 aperte.
3148 4726 3342 4791 Quam
3366 4726 3648 4796 parentes

1989 4821 2195 4878 sedule
2226 4820 2642 4888 admonentes,
2670 4821 2728 4873 et
2764 4814 2910 4871 nihil
2951 4812 3199 4869 omnino
3244 4810 3651 4885 proﬁcientes,

1988 4911 2185 4968 conati
2206 4913 2344 4965 sunt
2368 4924 2504 4964 eam
2525 4905 2775 4978 ﬂagellis
2804 4908 2861 4961 et
2877 4901 3228 4959 verberibus
3256 4902 3563 4975 impetere,
3587 4904 3655 4958 ut

1988 5017 2175 5075 quam
2202 5015 2308 5073 per
2327 4996 2742 5055 blandimenta
2762 5008 3040 5051 amovere
3062 5008 3187 5050 non
3215 4995 3516 5066 poterant,
3539 4990 3656 5048 sal-

1988 5126 2172 5184 quem
2196 5106 2495 5184 Fabricius
2515 5103 2680 5184 haud
2702 5100 3228 5184 ignorabatyitam
3251 5099 3480 5171 Eulogii
3508 5098 3653 5184 seri:

1990 5170 2204 5256 psisse,
2219 5184 2286 5256 ut
2303 5182 2466 5256 patet
2480 5181 2633 5256 to_m._
2682 5170 2955 5256 ejusdem
2976 5171 3371 5256 Bibliothecae,
3391 5170 3533 5244 pag.
3548 5175 3615 5225 75
3627 5170 3656 5225 ?

2062 5263 2084 5288 ο
2124 5245 2493 5307 Deest'tenus
2522 5248 2584 5303 in
2614 5245 2796 5304 Moral
2826 5251 2883 5301 et
2910 5248 3198 5316 Antuerp.

2063 5324 2089 5360 ά
2120 5325 2293 5379 Deest
2320 5322 2435 5377 sita
2463 5320 2525 5375 in
2555 5316 2757 5376 Moral.

2063 5404 2084 5431 θ
2126 5395 2318 5449 Etiam
2348 5396 2404 5448 et
2432 5396 2576 5464 tota.
2740 5459 2750 5464 _
3022 5461 3028 5464 Α
3108 5460 3115 5464 ,
3192 5461 3199 5464 _
3367 5455 3378 5464 .
3498 5454 3508 5464 .

2066 5466 2083 5501 τ
2122 5466 2290 5521 Forte
2322 5462 2568 5527 saevitia,
2603 5464 2668 5517 ut
2695 5459 2898 5514 visum
2948 5461 3036 5513 est
3090 5453 3652 5529 Antuerpiensibus.

2064 5546 2089 5581 ε
2118 5540 2245 5601 Ms.,
2278 5551 2315 5591 α
2345 5532 3054 5606 quadam...proa_r:ima...
3087 5530 3311 5585 dicata.

2067 5610 2093 5642 δ
2126 5610 2296 5662 Deest
2324 5601 2552 5663 occulte
2581 5605 2644 5659 in
2675 5601 2878 5660 Moral.

3195 5759 3264 5811 23
