4106 6174
444 156 547 209 715

1660 188 1673 201 .
1714 143 2019 203 EULOCHI
2058 115 2381 199 nomen.
2422 144 2663 201 TOLET.

3747 143 3848 199 716

438 277 561 331 tem
607 272 932 330 terroribus
979 234 1335 329 coercerent.
1378 271 1493 329 Sed
1530 271 1684 341 ignis
1738 270 1852 338 ille,
1909 284 2092 342 quem
2120 268 2168 322 A
2203 266 2431 332 Quibus
2462 271 2520 324 et
2542 272 2758 336 retunt,
2790 267 2902 324 sibi
2952 283 3074 322 una
3122 270 3178 321 et
3217 266 3336 321 alia
3370 266 3494 323 vice
3552 266 3750 322 oranti
3792 266 3856 321 li-

439 363 707 422 Christus
725 363 798 439 in
828 362 1012 418 corda
1040 362 1311 418 ﬁdelium
1339 361 1520 429 misit,
1555 361 1732 437 nullis
1772 360 1949 417 minis
1995 376 2089 415 ce-

438 454 579 511 dere
607 454 790 509 novit.
823 456 887 508 1n
916 452 1032 509 hoc
1062 451 1342 508 conﬂictu
1374 450 1522 509 dum
1543 450 1756 509 diebus
1787 450 2092 524 vapularet

437 548 496 600 et
514 542 815 610 noctibus,
849 557 1033 615 seque
1063 541 1368 597 acerrimis
1400 541 1830 614 impetiendam
1858 539 2090 596 ultioni-

435 632 552 688 bus
599 635 661 688 et
703 631 873 687 duris
900 640 930 667 ³
960 630 1213 687 vinculis
1252 631 1647 704 praepeditam
1693 630 1939 700 videret,
1971 642 2092 684 me-

436 725 610 779 tuens
626 736 712 778 ne
738 735 867 777 non
892 720 1211 794 prepalata
1239 721 1479 793 publice
1505 720 1648 787 ﬁde,
1680 720 1942 777 cauterio
1965 735 2092 775 ure-

433 815 597 869 retur
616 808 931 884 perﬁdia;
980 822 1089 883 per
1138 809 1534 867 internuntios
1586 809 1933 867 beatissimo
1982 811 2091 865 Eu-

433 899 618 970 logio,
644 898 1065 972 opinatissimo
1109 898 1241 971 jam
1284 899 1489 955 multis
1538 899 1758 955 talibus
1803 898 2089 972 operibus

432 988 562 1045 viro
592 988 675 1060 (6)
699 986 796 1044 vel
832 987 1031 1044 sorori
1054 984 1194 1059 ejus
1242 987 1519 1056 Anuloni,
1541 986 1757 1058 virgini
1788 990 1906 1043 Deo
1931 986 2090 1043 dica-

433 1082 523 1146 tae,
551 1092 805 1133 causam
834 1092 1009 1133 suam
1036 1076 1325 1133 innotuit:
1358 1081 1415 1133 et
1442 1078 1587 1150 quia
1604 1077 1687 1134 ad
1716 1077 1933 1135 tutiora
1956 1076 2089 1132 loca

432 1166 703 1225 ﬁdelium
743 1167 808 1222 in
852 1166 1077 1240 quibus
1116 1166 1305 1223 ﬁdem
1361 1184 1537 1223 suam
1586 1172 1789 1239 posset
1825 1165 2090 1222 interrita

432 1256 773 1330 propalare,
800 1255 888 1311 ire
916 1255 1111 1327 vellet,
1152 1256 1446 1329 exposuit.
1482 1256 1638 1312 Illico
1684 1256 1896 1311 beatus
1922 1254 2090 1310 Eulo

435 1345 567 1417 gius
593 1345 838 1400 solitum
860 1343 1131 1400 oﬁicium
1161 1345 1542 1415 recognovit;
1565 1350 1630 1401 et
1656 1349 1723 1401 ut
1748 1348 1876 1400 erat
1894 1343 2090 1400 fautor

433 1433 959 1491 anhelantissimus
1006 1438 1363 1507 martyrum,
1388 1435 1546 1491 hanc
1589 1435 1750 1490 exire
1796 1433 1952 1490 clam
1982 1448 2090 1506 per

433 1524 681 1581 eosdem
702 1523 1100 1580 internuntios
1122 1524 1417 1580 ordinavit
1445 1525 1491 1580 ι).
1522 1524 1626 1579 Illa
1650 1524 1879 1580 concite
1901 1527 2089 1578 artem

430 1612 690 1683 ﬁngens,
714 1616 771 1668 et
792 1612 1143 1685 parentibus
1167 1613 1344 1684 quasi
1376 1614 1774 1679 consentiens,
1792 1617 2090 1667 nes’tram-
2113 1623 2160 1677 :3

432 1718 550 1776 que
586 1701 774 1758 ﬁdem
795 1701 996 1757 verbis
1027 1702 1344 1774 impetens,
1376 1706 1434 1757 et
1458 1702 1608 1758 data
1626 1717 1817 1774 opera
1835 1710 1859 1737 °
1876 1700 2089 1757 omnia

434 1786 653 1843 selecta
678 1790 1037 1843 ornamenta
1086 1785 1368 1853 induens,
1400 1796 1584 1858 seque
1626 1802 1801 1842 more
1850 1785 2088 1841 illorum

430 1875 609 1949 quasi
629 1875 926 1949 placitura
949 1880 1008 1932 et
1049 1880 1313 1948 nuptura
1339 1875 1557 1932 steculo
1587 1875 1927 1941 ostendens,
1957 1874 2090 1929 nisa

432 1968 521 2020 est
548 1980 760 2021 eorum
786 1964 1085 2020 inﬂectere
1136 1963 1393 2031 animos,
1416 1969 1473 2020 et
1502 1964 1613 2020 sibi
1638 1980 1852 2020 exosos
1885 1965 1954 2036 (7)
1982 1979 2087 2019 co-

430 2070 594 2111 mere
611 2070 852 2125 gressus
876 2054 922 2111 ά.
942 2057 1212 2127 Cumque
1230 2052 1348 2109 sibi
1364 2053 1569 2109 omnia
1580 2054 1709 2124 jam
1742 2058 1867 2109 tuta
1889 2053 2089 2109 inesse

314 2186 319 2203 ι
430 2138 818 2213 prospiceret,
850 2138 931 2196 ad
977 2138 1218 2212 nuptias
1260 2138 1668 2211 quorumdam
1717 2138 2088 2211 propinquo.

431 2242 570 2285 rum
590 2244 865 2291 suorum,
893 2244 1030 2301 quae
1052 2228 1165 2301 ipsi
1193 2227 1528 2297 agebantur
1566 2227 1802 2292 diebus,
1832 2226 2087 2296 ﬁngens,

431 2321 499 2374 ut
524 2317 718 2374 eidem
750 2316 952 2374 oﬁicio
978 2317 1276 2387 congruit,
1307 2322 1515 2373 ornate
1544 2316 1889 2387 procedere,
1916 2316 2090 2372 celeri

432 2422 615 2463 cursu
655 2423 718 2463 se
765 2407 1113 2463 beatissimo
1144 2406 1410 2476 Eulogio,
1446 2406 1535 2462 vel
1558 2407 1745 2462 sorori
1771 2406 1902 2477 ejus
1932 2410 2091 2461 Anu-

431 2489 556 2547 Ioni
589 2490 903 2548 tutandam
934 2490 1222 2546 exhibuit.
1255 2492 1447 2556 Quam
1480 2507 1619 2545 mox
1668 2497 1836 2559 grato
1884 2490 2088 2545 animo

433 2578 847 2650 suscipientes,
866 2595 973 2633 occ
982 2579 1264 2634 ulendam
1286 2579 1700 2650 prolatissimis
1717 2578 2088 2635 tradiderunt

433 2665 664 2722 amicis.
704 2669 820 2721 Aut
861 2665 966 2722 ubi
1016 2672 1189 2739 pater
1215 2667 1346 2736 ejus
1378 2672 1437 2722 et
1464 2673 1656 2722 mater
1678 2672 2090 2739 exspectantes

430 2753 620 2810 ﬁliam
642 2766 771 2810 non
798 2753 1095 2824 viderunt,
1126 2754 1370 2810 delusos
1393 2771 1458 2810 se
1475 2755 1957 2823 ingemiscentes,
1990 2773 2087 2813 ra-

429 2838 527 2895 bie
564 2838 836 2895 inaudita
853 2842 918 2895 et
948 2838 1153 2894 dolore
1181 2838 1372 2895 inviso
1403 2855 1467 2895 se
1497 2840 1659 2912 ipsos
1681 2850 1702 2874 ο
1732 2842 2086 2910 cruciantes,

432 2933 649 2985 cuncta
672 2927 1033 2998 disturbant,
1085 2929 1361 2984 universa
1388 2930 1820 2999 contaminant,
1852 2947 2087 2986 curren-

432 3015 520 3068 tes
540 3028 652 3085 per
678 3013 918 3083 ignotos
966 3018 1023 3069 et
1050 3013 1344 3083 cognitos,
1375 3018 1433 3069 et
1462 3016 1832 3086 potestative,
1867 3032 1938 3072 ac
1962 3016 2087 3087 jus-

435 3096 604 3153 sione
654 3097 946 3170 prmsidis,
998 3098 1447 3170 quoscunquer
1490 3099 1865 3170 impctcndos
1921 3104 2089 3173 puta-

430 3184 599 3253 bant,
629 3185 968 3242 carceribus
996 3191 1054 3241 et
1082 3186 1333 3242 vinculis
1355 3187 1719 3257 onerabant;
1749 3189 1928 3257 viros,
1958 3206 2088 3245 mu-

430 3273 622 3343 lieres,
655 3275 1049 3343 confessores,
1091 3276 1452 3343 sacerdotes,
1484 3275 1754 3343 devotas,
1809 3278 1903 3335 vel
1934 3296 2087 3352 quos

430 3368 708 3435 poterant
726 3364 977 3433 ﬂagellis
1006 3372 1061 3419 et
1090 3365 1429 3421 carceribus
1459 3364 1828 3435 aﬁligebant,
1859 3367 1913 3422 si
1963 3384 2085 3441 quo

429 3453 614 3509 modo
664 3459 910 3526 possent
951 3453 1138 3509 ﬁliam
1193 3470 1366 3509 suam
1415 3470 1519 3526 per
1548 3454 1676 3510 haec
1707 3462 1761 3511 et
1791 3457 2087 3530 ampliora

427 3541 712 3615 recipere.
740 3542 837 3598 llle
865 3558 1008 3598 vero
1040 3547 1282 3598 sanctus
1330 3542 1658 3598 immobilis
1706 3545 1761 3600 ei
1815 3546 1948 3602 loca
1999 3547 2086 3603 di-

427 3647 599 3688 versa
639 3631 935 3698 mutabat,
964 3637 1019 3687 et
1055 3648 1131 3688 ne
1181 3631 1511 3688 traderetur
1552 3632 1680 3687 ovis
1708 3633 1994 3706 luporum
2022 3635 2085 3691 in

426 3721 732 3790 manibus,
750 3721 913 3776 omni
935 3720 1261 3777 intentione
1287 3720 1558 3777 curabat.
1581 3721 1687 3778 Illa
1708 3726 1909 3779 tamen
1927 3725 2076 3796 jeju-

426 3809 541 3881 niis
565 3814 623 3866 et
657 3804 872 3881 vigiliis
916 3809 1220 3870 insistens.
1249 3814 1306 3866 et
1334 3809 1521 3866 cilicio
1550 3809 1827 3868 membra
1854 3817 2081 3885 tegens,

424 3898 521 3955 vel
548 3897 787 3971 pulvere
817 3897 1071 3964 cubans,
1104 3914 1309 3954 severe
1355 3899 1631 3955 membra
1676 3902 1942 3974 corporis
1987 3903 2085 3960 eli-

423 3987 654 4042 mabat.
685 3987 803 4044 Sed
829 3993 885 4043 et
912 3986 1001 4043 vir
1030 3987 1415 4043 beatissimus
1444 3988 1521 4060 (8)
1567 4004 1706 4044 cum
1752 3993 2083 4063 reverentia

423 4076 835 4132 nominandus
857 4076 1137 4147 Eulogius
1166 4082 1491 4133 nocturnas
1512 4078 1741 4148 vigilias
1765 4080 2077 4154 adpetens,

424 4168 482 4221 et
503 4164 565 4219 in
592 4162 908 4221 basilicam
936 4165 1128 4222 sancti
1150 4165 1312 4238 Zoyli
1342 4171 1670 4222 terratenus
1692 4176 1718 4212 ε
1740 4175 2075 4241 prostratus

423 4267 624 4323 orans,
656 4259 862 4308 noctes
889 4253 1196 4309 insomnes
1226 4254 1504 4322 ducebat,
1522 4255 1814 4311 auxilium
1838 4258 2073 4315 Domini

2201 370 2390 428 quore
2438 356 2627 412 mellis
2677 373 2743 412 os
2791 356 3083 429 repletum
3134 353 3334 423 fuisse,
3366 351 3533 426 quod
3586 369 3649 409 se
3690 356 3856 410 inon

2203 452 2354 494 ausu
2388 442 2702 496 temerario
2760 440 3092 513 exspuisse,
3126 439 3229 494 sed
3289 439 3639 507 inglutiisse,
3673 439 3857 495 crassi

2199 527 2476 584 elementi
2528 529 2886 586 admirando
2937 529 3194 602 speciem
3244 526 3558 583 referebat.
3612 528 3719 583 Cui
3761 528 3859 584 ille

2201 623 2444 673 sanctus
2472 617 2586 673 hoc
2613 634 2741 674 esse
2772 618 3137 690 praesagium
3169 616 3335 686 regni
3362 615 3620 673 caelestis
3650 615 3859 673 dulce-

2198 706 2402 763 dinem
2427 698 2879 781 perfruendam,
2912 707 3210 763 disseruit.

2244 782 2251 787 “
2858 797 3080 852 CAPUT
3116 797 3180 849 v.

2196 887 2566 959 Martyrium
2613 887 2676 944 S.
2733 884 2983 957 Eulogii
3002 891 3079 1012 let
3139 882 3464 943 Leocm'tiw.
3523 888 3862 957 Corporum

2854 973 2997 1012 senu
3054 973 3188 1012 τινα.

2854 973 3188 1028 sepultura.

2274 1049 2357 1105 15.
2399 1051 2612 1104 Verum
2639 1047 2789 1104 dum
2820 1046 2942 1103 alio
2971 1046 3067 1102 die
3092 1046 3118 1076 “
3140 1044 3333 1102 redire
3376 1045 3546 1116 virgo
3574 1045 3865 1118 dispone-

2196 1143 2302 1201 ret,
2330 1144 2535 1194 actum
2578 1144 2670 1193 est
2710 1142 2778 1193 ut
2805 1151 3006 1193 comes
3033 1137 3256 1193 itineris
3283 1150 3407 1191 non
3462 1136 3614 1192 hora
3660 1141 3860 1205 sueta,

2201 1227 2308 1283 sed
2334 1227 2713 1283 illucescente
2743 1241 2962 1282 aurora
2985 1226 3229 1281 veniret.
3263 1229 3377 1281 Nec
3405 1226 3602 1298 potuit
3622 1224 3862 1282 aditum

2198 1316 2456 1372 exeundi
2501 1315 2745 1383 habere,
2777 1315 3000 1388 quippe
3053 1330 3184 1387 quae
3237 1319 3536 1370 nocturno
3584 1318 3863 1387 tempore

2197 1422 2308 1479 pro
2331 1405 2629 1461 evitandis
2656 1404 2886 1460 insidiis
2933 1403 3165 1460 solebat
3205 1403 3501 1460 incedere.
3542 1403 3863 1460 Provisum

2199 1500 2289 1551 est
2314 1500 2375 1551 ut
2403 1494 2615 1551 eadem
2639 1494 2737 1549 die
2764 1508 2956 1566 usque
2988 1493 3137 1548 dum
3169 1493 3259 1549 sol
3290 1499 3514 1549 metam
3541 1493 3634 1548 sui
3672 1493 3862 1549 lumi-

2198 1585 2290 1640 nis
2321 1589 2485 1641 terrae
2510 1583 2893 1653 subduceret,
2914 1588 2973 1638 et
3002 1587 3306 1638 nocturnae
3334 1582 3596 1638 tenebrae
3618 1583 3866 1654 quietu-

2197 1674 2399 1730 dinem
2425 1677 2695 1745 optatam
2724 1670 3124 1741 indulgerent,
3160 1671 3323 1741 virgo
3350 1671 3446 1727 hei
3479 1687 3551 1727 eo
3576 1687 3700 1743 quo
3728 1687 3862 1729 ma-

2197 1762 2380 1819 nebat
2403 1762 2536 1818 loco
2583 1760 2942 1834 persisteret.
2988 1760 3267 1817 Humano
3304 1760 3552 1833 quidem
3578 1760 3860 1824 consilio.

2198 1852 2305 1907 sed
2354 1851 2560 1907 divino
2614 1849 2979 1906 retinebatur
3001 1848 3230 1919 judicio
3265 1867 3278 1904 :
3313 1854 3377 1904 ut
3416 1853 3478 1905 et
3532 1865 3712 1905 suam
3742 1849 3863 1907 sibi

2198 1956 2484 1997 coronam
2512 1945 2571 1996 et
2592 1940 2770 1995 beato
2792 1938 3039 2008 Eulogio
3069 1939 3402 2010 imponeret
3428 1937 3633 2008 gloria:
3654 1938 3862 1994 diade-

2197 2047 2320 2087 ma.
2351 2034 2500 2086 Nam
2525 2045 2596 2086 eo
2616 2029 2733 2097 die,
2764 2028 2967 2084 nescio
2997 2028 3169 2098 cujus
3190 2027 3493 2092 instinctu,
3517 2043 3861 2100 quorumve

2195 2119 2432 2175 insidiis
2457 2124 2516 2175 et
2550 2119 2883 2191 proditione
2902 2116 3072 2172 locus
3100 2116 3344 2188 praesidi
3372 2116 3604 2174 latibuli
3632 2117 3858 2176 indica-

2198 2213 2312 2276 tur,
2344 2214 2402 2265 et
2452 2224 2488 2263 a
2521 2207 2807 2263 militibus
2866 2206 2943 2261 ad
2997 2207 3112 2261 hoc
3143 2205 3342 2260 missis
3393 2220 3466 2260 ex
3523 2205 3857 2278 improviso

2199 2298 2398 2354 omnis
2428 2296 2530 2353 illa
2554 2313 2766 2352 eorum
2821 2294 3111 2351 habitatio
3156 2293 3585 2350 circumdatur.
3620 2302 3861 2353 Actum-

2200 2404 2316 2460 que
2345 2391 2435 2443 est
2462 2390 2524 2442 ut
2547 2385 2770 2441 electus
2792 2390 2850 2440 et
2867 2383 3324 2457 praedestinatus
3353 2389 3583 2456 martyr
3600 2398 3857 2456 praesen-

2200 2476 2409 2532 tialiter
2438 2474 2745 2531 adfuisset.
2790 2478 2853 2529 ln
2884 2472 3058 2543 cujus
3104 2472 3422 2544 praesentia
3468 2473 3591 2543 jam
3620 2472 3840 2527 dictam

2200 2566 2491 2637 virginem
2524 2566 2865 2630 educentes,
2892 2579 3153 2635 eumque
3182 2578 3307 2619 una
3334 2563 3547 2635 pariter
3570 2575 3842 2634 compre-

2197 2656 2548 2723 hendentes,
2580 2654 2964 2711 verberantes
2997 2651 3323 2724 multisque
3372 2650 3733 2708 contumeliis

2198 2746 2492 2815 ﬂigentes,
2524 2744 2733 2817 iniquo
2764 2742 3009 2816 praesidi
3055 2746 3112 2797 et
3159 2740 3442 2798 scelerato
3485 2740 3673 2812 judici
3694 2756 3855 2814 prie.

2199 2838 2529 2890 sentarunt.
2560 2835 2751 2899 Quem
2778 2848 2921 2888 mox
2945 2831 3131 2902 judex
3160 2846 3268 2903 per
3314 2829 3552 2901 ﬂagella
3579 2829 3857 2885 occidere

2198 2923 2488 2993 cogitans,
2522 2923 2856 2979 truculento
2886 2920 3055 2977 vultu
3080 2924 3141 2976 et
3171 2918 3502 2992 impatienti
3531 2919 3738 2974 animo
3758 2932 3859 2974 ve-

2192 3012 2459 3070 hementi
2510 3012 2708 3068 furore
2748 3026 3062 3081 accensus,
3091 3009 3329 3065 furiosis
3376 3009 3572 3065 verbis
3610 3008 3861 3065 interro-

2199 3107 2317 3172 gat,
2347 3101 2757 3173 virginemque
2801 3115 2907 3155 cur
2935 3099 3120 3154 domo
3160 3098 3485 3165 retinuerit,
3517 3096 3859 3154 minitando

2196 3190 2490 3265 disquirit.
2542 3190 2646 3248 Cui
2681 3188 3080 3245 libentissime
3123 3193 3182 3244 et
3224 3187 3657 3260 patientissime
3685 3203 3857 3243 more

2194 3280 2512 3337 locutionis
2541 3296 2664 3336 suae
2696 3277 3007 3351 splendide
3034 3277 3117 3332 rei
3144 3276 3450 3332 veritatem
3496 3277 3611 3332 hoc
3640 3275 3857 3333 ordine

2196 3371 2407 3444 pandit
2434 3389 2448 3427 :
2478 3393 2508 3423 «
2543 3374 2782 3436 Praeses,
2811 3368 2961 3424 ordo
2989 3366 3162 3422 nobis
3191 3366 3634 3440 praedicationis
3653 3366 3856 3437 injun-

2197 3460 2325 3512 ctus
2350 3460 2457 3523 est,
2489 3459 2547 3511 et
2573 3459 2791 3510 nostrae
2842 3454 2954 3509 hoc
2999 3451 3140 3507 ﬁdei
3187 3454 3483 3519 convenit,
3517 3456 3579 3507 ut
3616 3451 3854 3522 disqui-

2194 3544 2462 3601 rentibus
2489 3560 2527 3600 a
2552 3543 2729 3599 nobis
2752 3542 2958 3597 lumen
2980 3540 3120 3597 ﬁdei
3149 3540 3552 3613 porrigamus,
3580 3539 3857 3611 nullique
3880 3590 3901 3607 κν

2194 3635 2273 3692 ad
2304 3634 2432 3690 vitae
2461 3634 2673 3690 itinera
2697 3631 3061 3706 properanti,
3087 3646 3222 3704 quae
3250 3635 3459 3686 sancta
3483 3635 3637 3696 sunt,
3665 3628 3857 3686 dene-

2193 3740 2427 3795 gemus.
2459 3723 2584 3779 Hoc
2605 3721 3018 3778 sacerdotibus
3045 3720 3346 3794 competit,
3376 3719 3491 3776 hoc
3518 3718 3724 3790 religio
3753 3736 3859 3776 ve—

2190 3830 2260 3871 ra
2288 3814 2579 3888 deposcit,
2612 3813 2727 3868 hoc
2772 3812 2950 3868 etiam
3002 3810 3265 3866 Christus
3310 3809 3597 3865 Dominus
3642 3814 3887 3887 noster.

2190 3920 2304 3960 nos
2344 3903 2549 3959 docuit
2578 3920 2592 3957 :
2624 3907 2689 3958 ut
2717 3900 2993 3974 quisquis
3024 3900 3226 3955 sitiens
3254 3898 3398 3954 ﬁdei
3428 3900 3441 3933 ¹
3470 3898 3709 3955 haurire
3736 3897 3855 3955 ﬂu-

2189 3992 2356 4048 mina
2414 3989 2684 4059 voluerit,
2718 3988 2780 4044 in
2832 3987 3018 4061 duplo
3070 3992 3283 4059 potum
3337 3986 3619 4056 inveniat,
3644 3987 3855 4057 potius

2187 4096 2377 4153 quam
2407 4079 2681 4153 quaesivit
2710 4087 2771 4134 ω.
2799 4080 2867 4132 Et
2894 4076 3185 4148 quoniam
3213 4075 3339 4132 haec
3356 4076 3526 4146 virgo
3548 4072 3677 4130 ﬁdei
3700 4088 3846 4128 san-

2186 4174 2295 4225 ctae
2323 4168 2595 4239 regulam
2639 4185 2676 4223 a
2719 4166 2897 4223 nobis
2939 4165 3239 4238 inquirere
3279 4165 3409 4221 visa
3446 4170 3553 4231 est,
3572 4177 3849 4220 necest

2185 4258 2341 4314 rium
2370 4257 2608 4317 exstitit.
2634 4260 2699 4311 ut
2728 4255 2810 4311 illi
2840 4259 3046 4311 nostra
3073 4270 3144 4310 eo
3174 4270 3237 4310 se
3262 4252 3544 4310 libentius
3572 4250 3849 4326 applica-

422 4346 482 4399 et
502 4341 912 4399 fortitudinem
937 4343 1152 4415 virgini
1192 4343 1554 4415 imprecans,
1582 4349 1640 4401 et
1667 4361 1730 4401 se
1760 4361 1867 4419 per
1885 4348 1913 4383 ιι
1942 4348 2071 4405 haec
2096 4327 2145 4384 D
2176 4353 2269 4405 ret
2298 4356 2326 4383 ιι
2356 4345 2604 4402 intentio
2661 4360 2783 4418 quo
2832 4345 2962 4415 ejus
3011 4344 3075 4399 in
3128 4342 3388 4416 amplius
3429 4342 3857 4400 incenderetur

421 4429 700 4488 exercitia
728 4432 981 4488 Domino
1011 4447 1393 4489 consecrans.

497 4520 578 4577 14.
607 4524 761 4577 Inter
779 4520 909 4577 haec
932 4521 1100 4591 virgo
1121 4520 1503 4577 serenissima
1517 4519 1677 4578 beati
1699 4521 1927 4594 Eulogii
1946 4540 2074 4596 ger-

417 4626 689 4680 manam,
721 4627 908 4684 quam
938 4609 1170 4667 ardenti
1198 4609 1493 4667 desiderio
1536 4610 1840 4685 diligebat,
1874 4615 2073 4673 videre

416 4699 619 4768 voluit,
652 4703 709 4757 et
735 4700 815 4756 ad
844 4716 1053 4756 eorum
1111 4699 1455 4756 habitacula
1482 4704 1653 4757 nocte
1701 4701 1959 4773 devenit,
1987 4721 2075 4762 re-

415 4789 711 4845 velatione
743 4789 976 4846 Domini
1005 4793 1350 4862 provocata,
1381 4794 1441 4846 et
1487 4790 1766 4848 aviditate
1804 4794 2075 4853 consola-

417 4875 593 4933 tionis
622 4876 635 4911 ί
668 4879 979 4949 perducta,
1010 4883 1072 4935 ut
1102 4895 1223 4935 uno
1252 4878 1349 4936 die
1376 4883 1797 4937 tantummodo
1824 4898 1963 4940 cum
1988 4886 2073 4941 eis

2183 4436 2436 4494 affectio.
2484 4438 2600 4491 Nec
2651 4434 2852 4490 decuit
2910 4433 3052 4489 talia
3106 4432 3547 4489 desiderantem
3574 4432 3883 4504 rejicere,~

2181 4525 2513 4600 praesertim
2537 4524 2641 4589 illi,
2672 4524 2780 4597 qui
2808 4523 2889 4579 ad
2926 4523 3043 4579 hoc
3072 4522 3281 4577 Christi
3326 4521 3547 4578 electus
3600 4527 3687 4577 est
3715 4537 3855 4577 mu-

2180 4630 2342 4671 nere.
2378 4612 2544 4671 Unde
2588 4618 2644 4670 et
2674 4616 2738 4669 ut
2792 4628 2971 4686 posse
3000 4610 3147 4668 mihi
3199 4610 3437 4681 exstitit,
3467 4609 3748 4667 illustravi
3778 4615 3852 4667 et

2180 4704 2400 4761 docui:
2435 4707 2493 4760 et
2536 4701 2723 4759 ﬁdem
2766 4700 2981 4757 Christi
3010 4701 3173 4757 viam
3210 4701 3380 4771 regni
3405 4715 3536 4756 esse
3582 4698 3845 4756 caelestis

2181 4792 2453 4867 exposui.
2480 4790 2797 4859 Quomodo
2819 4797 2875 4847 et
2899 4790 3025 4861 tibi,
3053 4789 3102 4845 si
3127 4804 3223 4845 me
3252 4788 3710 4862 disquirendum
3727 4803 3852 4861 pu-

2180 4886 2388 4945 tasses,
2410 4882 2800 4938 libentissime
2820 4879 3098 4935 facerem.
3116 4899 3145 4927 ››
3170 4881 3331 4933 Tunc
3351 4893 3574 4950 praeses
3594 4876 3851 4936 turbido

415 4968 771 5033 moraretur,
803 4970 862 5022 et
884 4965 1099 5022 iterum
1133 4967 1216 5023 ad
1249 4968 1425 5025 solita
1449 4968 1703 5031 latibula
1736 4973 2067 5046 repedaret.
2176 4972 2347 5029 vultu
2362 4972 2561 5043 virgas
2590 4971 2874 5027 inducere
2892 4969 3087 5041 jussit,
3113 4983 3255 5024 eum
3279 4967 3564 5024 minitans
3586 4966 3851 5038 ﬂagellis

486 5071 512 5137 ξ
542 5060 797 5137 AS_cho_tt.,
829 5061 1000 5137 dirui,
1032 5066 1098 5137 ut
1125 5079 1240 5137 ms.
1433 5117 1451 5137 ,

478 5128 515 5174 Ἰ)
542 5128 1122 5209 ῌρνωνονιίἰηὰυίι,
1151 5135 1325 5192 illam
1355 5128 1601 5209 coim’te,
1634 5141 1745 5196 etc.

487 5212 509 5276 (ξ
550 5203 796 5276 schott.,
820 5219 895 5261 ea
922 5216 1115 5276 opere,
1150 5210 1213 5262 ut
1238 5223 1354 5267 ms.

486 5275 510 5356 fl
542 5274 768 5356 gerat,
790 5288 1042 5348 gressos,
1070 5274 1132 5356 ut
1153 5294 1265 5335 ms.

484 5355 506 5420 ξ
543 5348 718 5420 Deest
743 5348 806 5402 in
835 5363 947 5403 ms.
981 5363 1043 5404 se
1069 5350 1244 5420 ipsos.

486 5417 505 5453 ί
542 5419 666 5491 l_\ls.,
695 5434 945 5491 quoque,

484 5497 512 5562 β
541 5488 718 5562 Deest
740 5489 801 5545 in
821 5488 946 5548 ins;
969 5496 1335 5562 prostratus.

482 5560 511 5633 ιξ
544 5559 654 5633 ld.,
679 5567 735 5618 et
761 5559 1009 5633 semper.

493 5631 508 5668 ¹
546 5630 657 5702 Id.,
690 5630 1065 5692 conditionis.

2264 5068 2467 5135 iSch.,
2498 5068 2658 5139 quod
2704 5068 2816 5123 illa
2860 5081 2957 5133 se;
2989 5083 3127 5135 ms.,
3156 5065 3269 5139 illa
3310 5080 3462 5122 ausu
3518 5068 3850 5124 temerario

2176 5155 2297 5211 non
2325 5137 2671 5209 exspu‘z'sse;
2690 5141 2999 5211 Antuerp.,
3031 5137 3192 5211 quod
3210 5139 3331 5194 ista
3359 5151 3439 5194 se.

2245 5209 2269 5240 ι
2305 5212 2429 5277 Ms.,
2458 5210 2564 5265 ire.

2254 5282 2271 5317 ι
2308 5283 2433 5351 Ms.,
2460 5280 2659 5350 ﬁdem.

2244 5358 2286 5388 ’τι
2312 5353 2397 5409 Ita
2418 5348 2553 5420 ms.,
2587 5351 2694 5408 sed
2723 5350 2942 5408 Florez.
2974 5352 3032 5406 et
3060 5352 3368 5424 Antuerp.,
3398 5352 3469 5424 in,
3508 5348 3700 5424 duplo
3726 5363 3848 5421 pa-

2176 5429 2301 5496 lum
2330 5425 2597 5481 inveniat
2633 5425 2855 5494 potius,
2879 5436 3055 5496 quam
3088 5437 3261 5494 quem
3284 5422 3600 5494 Quaesivit;
3627 5422 3690 5477 in
3718 5423 3847 5479 Mo—

2172 5495 2282 5551 ral.
2310 5498 2483 5551 Deest
2500 5497 2702 5565 potius
2731 5510 2931 5567 quam.

2244 5572 2273 5600 ιι
2311 5566 2436 5631 Ma,
2456 5562 2524 5623 ut
2551 5568 2666 5625 illa
2689 5562 2898 5625 nostra
2927 5581 2993 5624 eo
3025 5563 3302 5623 libentius
3327 5563 3445 5621 sibi
3463 5562 3840 5634 adplicaret.
