4106 6174
177 169 282 220 71⁸1

1567 160 1733 220 UITA
1771 159 1905 218 vn.
1938 161 2202 220 PASSIO.

3479 172 3586 228 ’718

173 289 490 362 perimere.
541 287 645 342 Cui
695 291 936 343 sanctus
991 287 1178 343 dixit:
1231 287 1432 354 «Quid
1479 286 1603 343 istis
1643 283 1826 354 virgis
1862 284 2167 342 Avul‘tum
2219 288 2524 345 convertit.
2569 292 2685 348 Nec
2742 289 3040 347 silendum
3097 295 3188 348 est
3230 293 3593 356 miraculum

174 392 449 433 exercere
496 375 709 448 cupis?
765 376 1065 440 Animam,
1096 379 1312 450 inquit,
1361 382 1529 433 tuam
1573 391 1679 448 per
1717 375 1829 430 has

173 466 431 522 educere
455 464 610 520 volo.
645 464 940 536 Gladium,
975 469 1072 532 ait,
1107 483 1254 522 acue
1286 472 1342 522 et
1371 481 1688 532 compone,
1719 479 1830 536 pro

173 572 298 629 quo
327 556 596 610 animam
627 571 661 610 a
692 554 929 611 vinculo
961 558 1225 629 corporis
1257 557 1592 629 expeditam
1623 554 1672 609 ei
1701 553 1832 609 red-

173 645 284 702 das
314 644 420 717 qui
442 643 624 699 dedit.
649 647 795 699 Nam
823 644 1072 714 ﬂagellis
1095 646 1367 701 membra
1386 645 1684 700 dissecare
1705 657 1831 698 non

173 735 455 790 testimes.
483 754 511 782 »
564 735 628 788 Et
675 749 816 788 mox
858 733 1021 790 clara
1074 734 1407 791 invectione
1437 738 1493 790 et
1515 730 1831 789 sufﬁcienti

174 822 416 892 eloquio
443 821 760 877 falsitatem
783 821 930 878 vatis
954 823 1046 878 sui
1081 828 1136 878 et
1153 823 1299 894 legis
1319 823 1756 896 improperans,
1775 823 1832 876 et

171 909 616 985 prmdicationis
645 909 895 966 verbum
928 911 1331 980 ingeminans,
1351 911 1462 968 sub
1479 910 1647 967 omni
1672 909 1831 966 velo-

172 1002 349 1057 citate
398 999 687 1072 palatium
739 999 994 1069 ducitur,
1029 1007 1084 1056 et
1131 1002 1209 1058 ad
1261 1002 1414 1071 regis
1461 999 1832 1056 consiliarios

172 1106 366 1163 usque
389 1088 768 1162 pertrahitur.
791 1088 897 1144 Ubi
925 1105 1079 1145 unus
1102 1107 1172 1146 ex
1202 1091 1368 1163 ipsis,
1393 1091 1471 1147 illi
1498 1088 1832 1146 familiaris-

174 1180 323 1236 sime
357 1184 554 1240 notus,
574 1177 995 1250 compatiendo
1025 1179 1263 1237 insiluit.
1291 1202 1316 1229 ‹‹
1330 1181 1381 1236 Si
1416 1179 1595 1248 stulti,
1619 1178 1831 1253 inquit,

175 1275 230 1325 et
255 1268 460 1325 idiotas
483 1268 545 1322 in
573 1267 728 1323 hanc
750 1267 957 1322 mortis
981 1267 1322 1324 deﬂendam
1345 1269 1585 1324 ruinam
1605 1263 1835 1322 devect1

177 1363 337 1423 sunt,
361 1363 431 1413 tu
457 1357 763 1429 sapientiae
793 1357 1007 1413 decore
1037 1360 1480 1430 prmcinctus,et
1497 1359 1630 1414 vitae
1651 1358 1833 1413 mori-

172 1449 288 1505 bus
316 1447 664 1509 illustratus,
688 1463 822 1518 quae
846 1451 899 1502 te
930 1447 1230 1503 dementia
1256 1449 1392 1504 huic
1423 1448 1724 1504 mortifero
1742 1463 1836 1504 ca-

175 1538 286 1602 sui,
322 1535 660 1592 oblitterato
705 1536 960 1591 naturali
997 1537 1131 1592 vitae
1162 1553 1366 1593 amore
1393 1544 1433 1608 ⁸,
1464 1537 1832 1593 committere

1938 374 2106 444 quod
2152 375 2231 432 ad
2275 377 2518 434 laudem
2571 379 2662 435 sui
2716 378 2978 435 nominis
3009 380 3274 442 Christus
3297 387 3387 439 est
3413 399 3595 456 super

1939 477 2156 534 corpus
2179 467 2460 538 martyris
2485 472 2784 538 operatus.
2805 468 3036 525 Etenim
3072 486 3230 526 unus
3250 471 3595 541 Astigitanm

1939 550 2186 608 civitatis
2217 554 2428 617 incola,
2462 555 2610 612 dum
2659 557 2813 613 inter
2863 561 3106 614 caeteros
3154 558 3488 631 palatinum
3514 561 3595 632 (3)

1937 637 2190 698 lunatim
2241 644 2570 700 mansionis
2609 645 2913 704 servitium
2962 651 3184 719 ageret,
3213 647 3420 721 ibique
3453 664 3594 706 cun.-

1941 745 2075 786 sum
2104 748 2283 789 suum
2313 733 2526 804 vigiliis
2555 736 2895 808 expediret;
2928 742 3106 795 nocte
3124 754 3355 812 aquam
3385 743 3594 811 potare

1938 817 2311 889 desiderans,
2344 824 2594 880 surrexit
2622 825 2723 896 (4),
2747 830 2803 882 et
2843 826 2922 882 ad
2950 826 3390 899 prominentem
3421 843 3598 886 cana-

1937 909 2010 965 lis
2035 909 2304 979 ductum,
2338 913 2442 984 qui
2469 929 2648 986 super
2679 913 2781 972 illa
2831 914 2963 972 loca
2990 916 3361 989 producitur,
3393 932 3598 990 perve-

1940 999 2046 1065 nit,
2081 1000 2183 1056 ubi
2227 1001 2376 1057 vidit
2425 1002 2688 1076 desuper
2735 1020 2915 1076 super
2965 1021 3182 1078 corpus
3223 1007 3376 1078 ejus,
3425 1005 3597 1080 quod

1939 1088 2224 1146 deorsum
2245 1091 2504 1159 jacebat,
2539 1093 2878 1149 sacerdotes
2909 1093 3062 1150 miro
3101 1094 3361 1152 candore
3385 1096 3594 1152 nivem-

1940 1183 2047 1248 tes,
2077 1179 2396 1238 luminaria
2425 1183 2801 1240 coruscantia
2847 1184 3186 1252 retinentes,
3219 1190 3277 1242 et
3326 1185 3594 1258 psallen.

1937 1269 2086 1325 tium
2144 1286 2309 1326 more
2339 1271 2610 1343 psalmos
2658 1274 2928 1342 gnaviter
2972 1273 3306 1330 recitantes.
3339 1275 3596 1340 «Qua

1942 1358 2108 1413 sione
2170 1358 2533 1430 perterritus,
2583 1361 2663 1417 ad
2711 1361 3045 1418 mansionis
3105 1360 3328 1431 locum,
3393 1363 3596 1433 magis

1941 1445 2175 1516 fugiens
2205 1463 2394 1518 quam
2432 1448 2691 1520 rediens,
2718 1450 3045 1522 repedavit.
3081 1453 3148 1506 Et
3175 1450 3600 1514 soeioomnia"

1940 1535 2314 1604 renuntians,
2356 1553 2496 1592 cum
2545 1553 2617 1594 eo
2673 1538 2889 1595 iterum
2932 1539 3010 1596 ad
3058 1539 3262 1596 locum
3305 1545 3598 1598 revertere

173 1624 514 1697 compulit?
541 1623 689 1679 Audi
721 1639 837 1692 me,
870 1625 1140 1692 obsecro,
1173 1632 1230 1682 et
1268 1643 1342 1681 ne
1372 1626 1658 1698 praecipiti
1687 1641 1832 1682 casu
1868 1634 1912 1686 Β
1941 1624 2126 1680 voluit
2155 1641 2168 1680 :
2207 1624 2314 1680 sed
2335 1625 2463 1696 jam
2488 1628 2754 1684 secundo
2785 1644 3024 1686 cernere
3052 1627 3201 1684 illud
3240 1644 3368 1686 non
3387 1629 3594 1690 «valuit.

173 1731 420 1772 corruas
453 1729 620 1783 rogo.
647 1713 745 1769 Dic
775 1718 1008 1770 tantum
1039 1716 1224 1772 verbo
1255 1717 1314 1771 in
1342 1716 1492 1772 hora
1519 1716 1699 1786 hujus
1718 1721 1832 1772 tua:

172 1804 562 1868 necessitatis,
593 1808 649 1860 et
677 1809 882 1875 postea
911 1809 1036 1869 tua,
1059 1805 1161 1862 ubi
1194 1806 1476 1878 potueris,
1509 1811 1667 1861 utere
1687 1805 1826 1862 ﬁde.

171 1894 580 1951 Promittimus
629 1898 682 1949 te
729 1893 1011 1965 nuspiam
1043 1895 1068 1934 ι)
1095 1895 1581 1967 inquirendum.»
1613 1900 1691 1962 (1)
1728 1895 1833 1950 Cui

171 1983 562 2040 beatissimus
591 1986 818 2054 martyr
839 1981 1193 2038 subridens:
1229 2005 1255 2032 «
1281 1986 1344 2049 Ο,
1370 1984 1580 2056 inquit,
1609 1983 1658 2039 si
1683 1983 1831 2040 scire

170 2072 491 2147 potuisses,
549 2075 776 2143 quanta
841 2071 981 2127 fidei
1044 2077 1262 2128 nostras
1327 2072 1653 2128 cultoribus
1707 2088 1831 2128 meo

171 2166 388 2218 neant‘
412 2160 675 2232 reposita
704 2160 715 2214 Ξ
749 2164 864 2218 Aut
882 2160 930 2214 si
957 2176 1196 2232 possem
1223 2161 1386 2233 quod
1418 2177 1553 2216 meo
1583 2160 1829 2232 retineo,

174 2257 283 2308 tuo
308 2250 673 2306 committere
706 2250 928 2321 pectori
953 2267 966 2317 ;
1002 2254 1140 2304 tunc
1163 2249 1289 2319 jam
1339 2265 1462 2304 non
1507 2266 1604 2306 .me
1635 2266 1670 2305 a
1698 2265 1830 2323 pro-

175 2340 382 2413 posito
439 2354 709 2394 revocare
756 2338 1056 2394 conareris
1100 2338 1140 2407 ‘,
1181 2339 1286 2394 sed
1330 2338 1610 2394 libentius
1655 2343 1708 2394 te
1752 2338 1831 2394 ab

172 2430 293 2485 hoc
319 2427 612 2484 mundiali
641 2429 866 2483 honore
917 2443 1196 2483 amovere
1227 2427 1535 2496 cogitares.
1562 2448 1594 2476 »
1627 2430 1694 2483 Et
1719 2444 1833 2483 cm-

169 2519 258 2591 pit
287 2518 371 2572 eis
396 2517 696 2586 Evangelii
725 2517 927 2573 aeterni
958 2516 1208 2572 verbum
1242 2517 1561 2588 porrigere,
1595 2523 1652 2574 et
1678 2534 1828 2590 pras—

170 2605 541 2661 dicationem
596 2605 763 2674 regni
822 2605 1116 2660 constanti
1172 2605 1439 2661 libertate
1495 2605 1826 2661 infundere.

170 2696 282 2760 Qui
301 2694 459 2750 illico
481 2710 622 2750 eum
650 2693 914 2750 nolentes
947 2693 1174 2763 audire,
1196 2693 1396 2763 gladio
1417 2694 1630 2764 jubent
1647 2700 1833 2751 trans-

165 2784 291 2854 ﬁgi.
327 2786 598 2855 Cumque
654 2783 988 2850 duceretur,
1041 2800 1197 2838 unus
1245 2800 1313 2838 ex
1375 2784 1620 2840 enuchis
1675 2784 1831 2852 regis

167 2873 353 2946 alapa
365 2889 504 2928 eum
526 2871 836 2944 percussit.
853 2872 957 2928 Cui
976 2871 1072 2927 ille
1097 2872 1343 2930 alteram
1365 2872 1579 2928 faciem
1601 2888 1831 2944 priapo,-

166 2978 332 3031 rans,
357 2985 386 3012 (ι
417 2961 697 3028 Obsecro,
723 2960 935 3032 inquit,
960 2966 1024 3016 ut
1041 2960 1199 3016 hanc
1217 2961 1432 3017 iterum
1462 2960 1832 3016 verberando

166 3051 354 3123 priori
381 3066 681 3122 coaeques.
706 3072 732 3098 »
777 3050 970 3114 Quam
1019 3066 1158 3106 cum
1197 3049 1462 3106 secundo
1492 3049 1705 3116 feriret,
1736 3048 1832 3104 ille

167 3141 406 3213 patiens
433 3145 490 3196 et
533 3138 922 3196 mitisiterum
949 3139 1203 3212 priorem
1232 3139 1480 3211 paravit.
1499 3138 1618 3195 Sed
1641 3138 1832 3210 impe-

166 3235 236 3286 tu
263 3229 527 3286 militum
556 3228 635 3285 ad
662 3229 863 3286 locum
894 3229 1207 3286 occisionis
1234 3229 1568 3295 deducitur,
1593 3228 1698 3284 ubi
1737 3243 1832 3298 ge-

171 3336 305 3375 nua
341 3319 404 3374 in
429 3320 691 3375 oratione
721 3336 1000 3386 curvans,
1036 3326 1093 3376 et
1121 3337 1337 3376 manus
1369 3331 1390 3357 °
1421 3319 1497 3375 ad
1523 3318 1704 3375 caelos
1731 3335 1830 3374 ex-

179 3407 462 3473 tendens,
488 3408 770 3480 signoque
792 3408 984 3464 crucis
1007 3413 1195 3464 totum
1217 3425 1278 3463 se
1301 3410 1596 3477 muniens,
1621 3409 1830 3479 paucis

173 3497 382 3554 verbis
428 3496 584 3553 intra
629 3513 691 3553 se
717 3514 917 3569 orans,
949 3499 1236 3554 cervicem
1267 3498 1538 3554 mucroni
1569 3498 1830 3565 tetendit,

173 3593 232 3643 et
282 3585 464 3642 celeri
510 3586 627 3642 ictu
677 3588 973 3643 mundum
1011 3594 1424 3658 contemnens,
1456 3588 1641 3644 vitam
1667 3587 1832 3643 inve-

171 3677 261 3733 nit
289 3679 388 3746 (2).
423 3676 753 3749 Complevit
799 3677 1154 3749 martyrium
1199 3694 1379 3733 suum
1431 3678 1641 3750 quinto
1693 3678 1832 3733 ldus

174 3765 385 3832 Martii,
417 3765 510 3822 die
565 3766 841 3832 sabbato,
891 3767 1040 3823 hora
1085 3783 1266 3822 nona.
1303 3770 1366 3822 Et
1416 3783 1452 3822 ο
1505 3767 1735 3822 felicem
1780 3772 1838 3824 et

176 3853 598 3912 admirabilem
627 3860 837 3912 nostro
867 3854 1084 3911 saeculo
1117 3855 1328 3925 virum,
1357 3857 1463 3927 qui
1495 3861 1551 3911 et
1593 3856 1833 3928 preemi—

178 3942 259 3999 sit
286 3943 346 4000 in
375 3944 574 4002 multis
601 3946 692 4001 sui
724 3945 923 4017 operis
953 3944 1234 4013 fructum,
1267 3950 1324 4002 et
1349 3945 1582 4017 reliquit
1628 3946 1686 4001 in
1721 3947 1834 4002 vir-

174 4035 316 4103 gine
365 4051 429 4090 se
483 4035 901 4108 sequendum!
957 4037 1172 4092 Secum
1239 4035 1497 4091 victoriae
1555 4036 1834 4091 vexillum

169 4124 459 4182 manibus
489 4123 751 4194 elevans,
778 4129 837 4179 et
862 4124 1240 4197 manipulum
1269 4124 1491 4180 laboris
1521 4125 1612 4180 sui
1641 4141 1750 4197 pro
1773 4141 1834 4181 se

174 4214 432 4271 Domino
483 4212 701 4284 libans,
752 4213 1116 4269 oblationem
1165 4230 1401 4286 puram,
1447 4219 1503 4269 et
1553 4214 1834 4287 pacificas

169 4304 403 4359 hostias
428 4301 708 4371 oﬂ‘erens,
736 4306 793 4358 et
814 4301 876 4357 in
907 4319 988 4370 se,
1022 4319 1157 4375 quae
1180 4302 1325 4358 alios
1347 4303 1651 4373 docuerat,
1677 4305 1839 4360 Chri-

174 4397 266 4449 sto
325 4409 534 4448 rerum
594 4393 844 4448 Domino
898 4397 1352 4465 repraesentans.
1400 4396 1530 4450 Mox
1585 4409 1725 4449 vero
1772 4401 1838 4450 ut

172 4482 518 4556 projectum
586 4484 673 4536 est
737 4481 997 4537 cadaver
1058 4497 1089 4537 e
1148 4480 1281 4536 loco
1343 4482 1712 4538 eminentiori
1774 4483 1837 4538 in

174 4571 432 4627 ductum
454 4568 624 4636 alvei,
648 4569 930 4626 columba
945 4569 1097 4625 miro
1118 4569 1379 4626 candore
1400 4570 1731 4641 nivescens,
1753 4571 1838 4627 vi-

174 4659 466 4715 dentibus
480 4658 1004 4726 omnibus,secans
1023 4674 1161 4716 aera
1180 4659 1600 4732 pennis,super
1617 4677 1839 4733 corpus

172 4747 464 4819 martyris
484 4747 778 4818 aligerans
798 4747 1180 4813 sedit..Quam
1203 4764 1417 4804 omnes
1449 4749 1835 4805 missibilibus

173 4836 374 4910 petris
402 4836 534 4891 hinc
567 4836 707 4892 inde
748 4836 996 4907 abigere
1025 4841 1335 4907 conantes,
1368 4843 1425 4893 et
1448 4837 1835 4894 nihilominus

175 4923 606 4982 consistentem
620 4925 905 4997 repellere
919 4941 1041 4982 non
1057 4925 1629 4994 valentes,manibus
1639 4927 1838 4983 volue-

169 5018 324 5072 runt
349 5014 622 5072 cominus
643 5014 928 5085 effugere.
955 5015 1070 5072 Sed
1087 5015 1192 5072 illa
1211 5015 1273 5071 in
1303 5016 1550 5073 circuitu
1571 5017 1837 5089 corporis

169 5120 304 5162 non
321 5103 553 5172 volans,
571 5104 680 5161 sed
695 5103 934 5178 saliens,
949 5121 1129 5178 super
1146 5109 1366 5161 turrem
1387 5107 1621 5179 corpori
1641 5107 1838 5162 immi-

1941 1714 2121 1784 Cuju-s
2151 1714 2477 1770 beatissimi
2508 1721 2688 1788 caput
2711 1716 2829 1772 alio
2856 1716 2953 1772 die
2977 1717 3290 1774 curiositas
3308 1718 3596 1776 Christia-

1939 1817 2156 1864 norum
2184 1803 2455 1874 redemit,
2485 1805 2754 1877 corporis
2790 1822 2929 1862 vero
2973 1805 3261 1878 reliquias
3282 1807 3473 1864 .tertio
3499 1806 3596 1864 die

1939 1891 2194 1962 collegit,
2225 1897 2282 1948 et
2311 1892 2428 1948 sub
2476 1893 2694 1950 umbra
2742 1894 3074 1951 beatissimi
3126 1895 3406 1968 martyris
3427 1894 3598 1969 ιθγῆ

1938 1980 2276 2037 tumulavit.

2011 2073 2097 2124 46.
2141 2069 2490 2126 Beatissima
2513 2087 2656 2128 vero
2687 2070 2852 2143 virgo
2885 2073 3170 2130 Leocritia
3195 2072 3594 2137 multisoble.

1939 2157 2296 2214 ctationibus
2362 2158 2628 2229 delinita,
2703 2159 3026 2234 multisque
3094 2161 3596 2234 promissionibus

1938 2243 2281 2317 impulsata,
2313 2247 2558 2308 tandem
2587 2247 2789 2304 divino
2827 2265 3077 2306 munere
3119 2250 3426 2308 soliditate
3453 2249 3595 2307 ﬁdei

1938 2335 2242 2402 roborata,
2265 2341 2480 2408 quarta
2509 2341 2646 2408 post
2672 2338 2801 2408 ejus
2829 2338 3100 2410 martyrii
3125 2339 3221 2396 die
3247 2338 3594 2396 exstititde-

1941 2425 2176 2494 collata,
2207 2441 2279 2481 ac
2308 2425 2369 2480 in
2397 2425 2646 2480 ﬂumine
2686 2426 2901 2482 Beethis
2945 2428 3231 2499 projects.
3263 2427 3377 2485 Sed
3417 2427 3594 2500 aquis

1938 2528 2050 2568 nec
2077 2512 2381 2582 submergi
2413 2513 2625 2584 potuit,
2653 2529 2766 2569 nec
2795 2514 2994 2579 celari,
3029 2520 3225 2572 erecto
3265 2515 3429 2573 enim
3464 2531 3595 2572 eon-

1938 2618 2084 2676 pore
2127 2617 2402 2674 pergens,
2436 2603 2656 2658 mirum
2691 2604 2979 2660 omnibus
3027 2605 3222 2661 visum

1942 2695 2008 2748 Et
2051 2691 2133 2747 sic
2162 2709 2199 2747 a
2244 2691 2590 2748 Christianis
2619 2693 2854 2761 educta,
2888 2695 2966 2765 (ὅ)
3007 2693 3353 2750 inbasilica
3406 2693 3598 2751 sancti

1941 2782 2148 2839 Genesi
2177 2783 2477 2854 martyris,
2508 2798 2644 2855 quae
2673 2783 2788 2840 sita
2815 2789 2904 2840 est
2946 2784 3028 2840 ad
3071 2783 3274 2844 locum
3299 2785 3524 2846 Tertios
3552 2783 3596 2853 ³,

1940 2872 2156 2926 exstitit
2185 2871 2497 2927 tumulata.
2534 2873 2633 2927 Hic
2663 2871 2771 2927 fuit
2810 2872 3139 2930 beatissimi
3194 2873 3456 2930 doc-toris
3480 2877 3598 2932 Eua-

1938 2960 2080 3029 logii
2106 2959 2265 3026 ﬁnis,
2294 2960 2400 3014 iste
2441 2960 2816 3017 admirabilis
2847 2962 3059 3032 exitus,
3086 2959 3443 3033 bujusmodi
3471 2962 3598 3034 ple—

1942 3065 2056 3104 nus
2087 3064 2268 3120 opere
2297 3049 2598 3105 transitus.

2592 3140 2819 3197 CAPUT
2857 3139 2947 3193 VI.

1977 3228 2196 3284 Alvan'
2236 3227 2546 3298 scriptoris
2588 3242 2734 3299 erga
2762 3227 2827 3283 S.
2861 3228 3185 3299 Eulogium
3215 3229 3548 3299 amictus!

2619 3317 2940 3372 invocatio.

2020 3405 2101 3460 l7.
2131 3409 2300 3461 Nunc
2328 3408 2528 3475 restat,
2554 3405 2614 3461 in
2645 3406 2763 3461 tine
2785 3405 3129 3477 voluminis,
3154 3406 3295 3478 Regi
3323 3405 3599 3464 omnium

1943 3494 2297 3550 saeculorum
2329 3494 2551 3563 gratias
2583 3509 2782 3564 agere,
2815 3494 2920 3566 qui
2949 3495 3029 3554 ab
3059 3494 3226 3554 initio
3251 3494 3394 3552 ﬁdei
3421 3511 3600 3558 suam

1942 3601 2166 3641 ornans
2211 3583 2580 3656 martyribus
2637 3583 2984 3651 Ecclesiam,
3030 3583 3135 3643 dat
3190 3583 3367 3640 lassis
3416 3583 3600 3641 virtu.-

1941 3677 2082 3741 tem,
2116 3676 2173 3728 et
2201 3672 2275 3728 de
2313 3687 2375 3727 se
2406 3671 2553 3728 nihil
2595 3676 3024 3745 praesumentes
3066 3673 3340 3746 perducit
3367 3671 3447 3733 ad
3464 3673 3601 3744 glo-

1940 3762 2097 3819 riam
2127 3762 2574 3834 sempiternam.
2604 3761 2724 3834 Ipsi
2765 3765 2884 3818 Deo
2910 3761 2926 3798 ι
2954 3767 3160 3819 nostro
3183 3762 3383 3832 gloria
3409 3767 3467 3819 et
3491 3763 3604 3820 im-

1941 3852 2175 3926 perium
2221 3867 2329 3923 per
2376 3851 2610 3908 inﬁnita
2667 3866 2902 3923 semper
2949 3851 3170 3908 ωουλδ
3203 3850 3598 3914 Δειειθιιλοινιιιῖῑι.

1941 3947 2151 3998 Amen.

2022 4034 2102 4086 1-8.
2127 4034 2198 4085 At
2221 4044 2384 4084 nunc
2407 4028 2555 4102 quia
2577 4043 2854 4084 sermone
2873 4027 3135 4100 pedestri
3155 4031 3216 4084 et
3234 4027 3600 4088 incultaora-

1941 4121 2102 4177 tione
2145 4134 2407 4189 agonem
2435 4119 2694 4175 doctoris
2722 4118 2908 4174 nostri
2939 4122 2994 4175 et
3027 4119 3306 4191 martyris
3331 4119 3599 4192 explevi.-

1945 4226 2105 4279 mus,
2136 4210 2150 4262 i
2190 4211 2373 4264 restat
2401 4213 2464 4266 ut
2499 4207 2584 4264 ad
2609 4207 2893 4265 eumdem
2913 4207 2935 4238 ⁸
2961 4207 3395 4266 amicissimum
3414 4208 3599 4270 nobis

1943 4303 2293 4377 patronum,
2316 4297 2493 4369 quasi
2509 4297 2591 4353 ad
2608 4296 2972 4364 audientem,
2993 4301 3054 4353 et
3072 4297 3349 4369 precibus
3379 4297 3600 4355 nostris

1946 4393 2321 4462 praesentem,
2345 4403 2683 4444 sermonem
2711 4392 3035 4457 vertamus,
3057 4386 3600 4449 et

1946 4484 2217 4535 nostram
2259 4477 2314 4533 ei
2361 4477 2665 4547 cognitam
2704 4476 3055 4533 referamus.
3084 4477 3248 4532 Certe
3271 4481 3602 4549 potensest

1946 4567 2155 4624 audire
2183 4571 2486 4636 rogantes,
2501 4570 2560 4622 et
2579 4565 2940 4638 patrocinari
2964 4565 3196 4622 miseris
3211 4564 3600 4634 etatﬂictis,si

1943 4657 2155 4712 merita
2184 4671 2296 4711 nos
2316 4655 2735 4726 adjuvaverint
2757 4655 3022 4727 propria,
3049 4655 3098 4710 si
3114 4655 3331 4710 delicta
3349 4670 3476 4711 non
3494 4654 3600 4711 ob.-

1943 4744 2236 4801 viaverint
2261 4743 2436 4815 dura,
2467 4744 2518 4799 si
2555 4743 2797 4800 affectio
2844 4745 2959 4799 hoc
3006 4743 3393 4815 postulaverit
3421 4759 3597 4816 pura.

1945 4837 2117 4904 Ergo,
2149 4837 2380 4905 martyr
2408 4833 2509 4888 Dei
2539 4833 2858 4905 excelsam
2885 4833 3076 4890 dulcis
3103 4832 3597 4904 nominum,

1943 4923 2230 4980 Alvarum
2245 4926 2417 4979 tuum
2429 4921 2796 4978 clamantem
2819 4921 3089 4979 intende:
3122 4926 3179 4979 at
3197 4939 3380 4996 quem
3398 4922 3598 4986 histe-

1942 5012 2123 5068 nuis-ti
2155 5010 2440 5067 charitate
2461 5009 2649 5066 animi
2674 5009 2922 5082 lﬁxum,
2949 5011 3065 5068 illic
3083 5011 3192 5069 tibi
3211 5013 3450 5068 assoeia
3467 5027 3597 5069 ser-

1943 5119 2106 5159 vum.
2125 5105 2253 5158 Non
2273 5099 2529 5157 aliorum
2547 5115 2737 5172 quam
2750 5103 2868 5157 tuis
2889 5104 2946 5157 te
2962 5100 3357 5160 interveniam
3375 5100 3595 5158 verbis.

170 5194 426 5247 nentem
446 5189 694 5263 propius
712 5189 949 5260 resedit,
973 5189 1124 5247 etad
1143 5205 1361 5264 corpus
1379 5190 1706 5249 beatissimi
1729 5191 1842 5248 viri
1946 5192 2108 5248 Certe
2138 5206 2251 5261 ego
2282 5206 2419 5245 sum
2448 5188 2565 5257 ille,
2588 5205 2772 5262 quem
2789 5195 2986 5246 tecum
3016 5191 3251 5246 unitum
3279 5206 3416 5247 esse
3444 5189 3598 5246 dice-

247 5336 270 5406 f
311 5335 436 5406 11s.,
463 5349 575 5406 pro
600 5337 737 5391 vita
763 5349 965 5392 amore
989 5331 1177 5390 habet
1204 5333 1424 5404 vigore.

250 5403 283 5444 ι»
315 5403 397 5459 ld.
411 5448 424 5473 ,
455 5403 712 5475 uspiam.

251 5484 278 5511 ο
318 5475 432 5546 Id.,
460 5483 722 5532 manent.

251 5546 275 5576 ⁴
315 5546 428 5615 Id.,
456 5563 723 5605 cenares.

253 5627 282 5688 ’ί
319 5617 434 5688 Id.,
465 5634 730 5675 manum.

265 5687 287 5721 ¹
323 5687 442 5762 Id.,
471 5694 618 5748 tota.

2014 5340 2037 5370 ⁸
2074 5335 2173 5391 Ms.
2181 5375 2198 5404 ,
2229 5333 2516 5390 exerceat.

2018 5404 2040 5434 δ
2080 5408 2204 5471 Ms.,
2241 5407 2466 5460 Terzos.

2019 5476 2034 5511 ί
2077 5475 2533 5543 Edit.,Domin0,
2563 5489 2635 5530 ex
2661 5474 2860 5531 minus
2889 5481 3050 5534 recta
3074 5474 3592 5547 intelligendum.

2074 5547 2295 5618 Schott,
2326 5547 2778 5618 explicavimus,
2809 5551 2874 5604 ut
2897 5564 3008 5604 ms.

2021 5617 2040 5645 ¹
2082 5617 2254 5683 Edit.,
2284 5633 2433 5672 eum.

2029 5685 2044 5718 '
2089 5686 2333 5757 Schott.,
2361 5687 2583 5760 animo,
2613 5693 2680 5748 ut
2705 5705 2801 5748 ms
