4092 6176
470 174 576 225 719

467 291 602 359 bas,
625 293 703 349 ad
727 306 911 363 quem
937 292 993 343 et
1011 302 1121 359 pro
1150 300 1272 356 quo
1300 284 1416 340 hoc
1437 281 1621 339 modo
1649 280 1884 336 locutus
1913 294 2013 334 es:
2039 276 2114 348 (2)
2143 279 2193 333 Α

468 403 498 433 ‹‹
522 382 596 437 Ut
618 395 740 435 non
771 378 861 444 sit,
893 375 1113 447 inquis,
1144 372 1290 429 alter
1318 371 1565 428 Alvarus
1594 384 1782 443 quam
1814 368 2115 436 Eulogius,

465 484 576 525 nec
605 466 744 522 alibi
768 479 955 537 quam
997 477 1181 534 penes
1220 460 1431 517 intima
1460 458 1658 515 Alvari
1683 462 1840 514 totus
1882 457 1956 512 sit
1982 471 2118 512 con-

461 556 692 613 locatus
753 568 925 609 amor
976 550 1268 620 Eulogii.)
1331 548 1550 616 Valeat,
1618 547 1833 613 valeat,
1895 544 2115 600 Christe

462 644 736 710 Domine,
765 644 895 699 haac
942 640 1140 696 suavis
1194 639 1511 711 fidelisque
1541 638 1693 693 inter
1724 644 2003 709 utrosque
2032 634 2116 689 di-

459 734 653 791 lectio.
686 731 887 788 Valeat
912 729 1161 803 perenni
1210 727 1466 784 culmine
1498 724 1847 795 sanctitatis,
1878 730 1936 779 et
1971 739 2115 796 qua-

462 823 513 879 si
563 822 667 877 lux
715 820 1036 893 splendens
1082 816 1390 891 procedat,
1422 821 1478 872 et
1528 820 1756 871 crescat
1802 828 1991 886 usque
2036 810 2116 867 ad

459 911 788 985 perfectum
814 910 994 965 diem.
1031 911 1195 977 Ecce,
1226 906 1491 972 Domine,
1511 902 1915 960 testimonium
1941 906 2113 957 tuum

458 1016 584 1074 prae
624 999 908 1057 manibus
962 996 1179 1063 habeo,
1212 995 1415 1052 litteris
1464 993 1660 1050 aureis
1708 997 1763 1048 et
1803 990 2116 1047 sententia-

458 1106 595 1146 rum
627 1088 879 1160 gemmis
927 1086 1252 1159 depictum,
1309 1084 1415 1140 sed
1468 1082 1745 1139 desidero
1802 1078 2113 1153 patrocinii

460 1179 543 1237 tui
568 1177 1096 1251 complementum.
1126 1177 1254 1230 lam
1286 1172 1447 1229 enim
1478 1171 1643 1244 quod
1668 1170 1731 1225 in
1763 1169 1931 1225 terris
1955 1168 2114 1241 posi-

458 1271 555 1324 tus
580 1267 868 1332 oratione,
901 1268 964 1320 ut
991 1262 1234 1330 valeret,
1263 1260 1619 1317 indesinenti
1646 1258 1892 1323 orabas,
1919 1258 1980 1312 in
2001 1272 2116 1312 cre-

455 1351 529 1408 lis
560 1350 900 1414 translatus,
931 1348 1150 1421 poteris
1195 1347 1257 1402 in
1296 1362 1392 1402 me
1436 1344 1744 1414 suffragio,
1775 1341 1942 1415 quod
1972 1342 2032 1396 in
2056 1344 2111 1398 te

455 1439 770 1513 impletum
795 1442 901 1505 est,
929 1437 1218 1493 obtinere.
1256 1436 1463 1491 Servat
1509 1447 1773 1505 namque
1821 1446 1993 1486 amor
2017 1445 2112 1485 ve-

455 1545 579 1599 rus,
612 1534 678 1583 ut
721 1527 848 1599 ipse
890 1525 1107 1596 dixisti,
1140 1525 1202 1580 in
1245 1523 1555 1580 absentem
1586 1520 1838 1577 fideliter
1863 1519 2109 1574 Charita-

453 1622 597 1689 tem,
629 1621 686 1672 et
711 1614 877 1688 quod
920 1613 1033 1669 sibi
1085 1616 1337 1686 poterat,
1367 1612 1483 1667 hoc
1533 1609 1773 1666 exhibet
1806 1607 1869 1663 in
1899 1622 2105 1662 aman-

454 1713 598 1764 tem.
632 1710 804 1775 Ergo,
835 1708 1063 1776 martyr
1109 1701 1342 1773 egregie
1394 1706 1452 1757 et
1505 1700 1698 1757 amice
1736 1697 2102 1764 charissime,

455 1796 606 1852 dum
632 1795 767 1851 licet
794 1798 852 1850 et
882 1793 1079 1849 adhuc
1103 1789 1520 1847 misericordiae
1551 1788 1823 1844 imminet
1848 1790 2102 1859 tempus,

453 1883 895 1941 intercessionis
925 1888 1095 1938 tuum
1143 1881 1337 1935 amico
1377 1878 1615 1951 porrige
1668 1893 1910 1944 munus,
1943 1880 2006 1930 ut
2036 1874 2109 1929 sit

452 1974 551 2030 hic
578 1973 727 2029 mihi
751 1987 1042 2028 concessa
1064 1968 1459 2025 remelioratio
1487 1983 1739 2035 morem,
1763 1966 1879 2020 sint
1899 1963 2109 2020 crebra

454 2079 710 2119 munera
738 2062 1166 2133 lacrymarum,
1203 2058 1277 2113 sit
1306 2056 1540 2113 affectio
1569 2055 1733 2111 labili
1769 2054 1955 2110 menti
1983 2052 2107 2109 illa-

453 2156 516 2208 ta
559 2151 865 2220 virtutum,
926 2150 999 2204 sit
1054 2147 1324 2204 aﬂectiva
1379 2144 1762 2216 compunctio
1808 2142 1992 2214 jugis,
2037 2144 2111 2199 sit

452 2255 642 2311 purus
672 2237 1002 2312 paenitendi
1050 2236 1319 2302 affectus,
1348 2234 1420 2290 sit
1468 2233 1636 2288 locus
1681 2230 1961 2304 optabilis
2002 2230 2107 2285 rite

453 2344 799 2395 concessus,
828 2326 902 2382 sit
946 2330 1322 2399 opportunus
1366 2323 1565 2379 aditus
1611 2321 1788 2377 nullis
1835 2319 2108 2376 obicibus

453 2417 947 2492 disrumpendus.
992 2415 1309 2472 Solvantur
1346 2412 1803 2486 perplexionum
1833 2410 2108 2465 omnium

450 2509 708 2575 vincula,
762 2507 1024 2564 resiliant
1064 2504 1526 2578 impeditionum
1576 2506 1926 2558 cunctarum
1981 2514 2106 2554 mo-

356 2639 359 2643 ι
451 2597 680 2665 limina,
704 2595 1289 2666 retinaculorumque
1321 2591 1655 2658 obstacula,
1688 2588 2104 2644 immutatione

452 2686 708 2744 dexterae
741 2684 965 2741 Excelsi
1012 2683 1074 2738 in
1117 2682 1559 2754 obsequentum
1608 2682 1909 2733 mutentur
1941 2677 2105 2733 auxi-

449 2776 550 2834 lia.
605 2775 961 2849 Aperiantur
1007 2773 1211 2844 januae
1268 2770 1465 2826 cordis
1523 2769 1601 2823 ad
1651 2766 2103 2839 suscipiendum

449 2882 706 2937 regnum
738 2866 839 2921 Dei
865 2862 1139 2920 altissimi
1165 2879 1179 2930 ;
1229 2860 1542 2916 inclinetur
1588 2857 1788 2914 cervix
1820 2856 2101 2929 superba,

449 2962 507 3014 et
535 2956 688 3013 colla
717 2955 1051 3011 subdantur
1080 2953 1159 3008 ad
1210 2949 1523 3006 ferendum
1563 2949 1780 3020 jugum
1822 2946 2104 3002 suavissi-
2136 2968 2176 3023 ο

448 3063 621 3104 mum
661 3044 892 3102 Christi.
926 3042 1152 3099 Vellem
1200 3041 1397 3097 adhuc
1437 3054 1684 3111 poscere
1709 3036 1963 3107 majora,
1997 3035 2105 3091 sed

447 3136 791 3196 temeritatis
816 3150 1023 3192 vereor
1041 3134 1339 3189 incurrere
1359 3136 1584 3186 notam.
1622 3128 1736 3185 Sed
1760 3131 1844 3194 tu,
1879 3143 1916 3182 o
1938 3142 2104 3182 serve

449 3229 552 3285 Dei
577 3227 828 3294 excelse,
859 3224 965 3298 qui
1004 3224 1173 3279 vultu
1220 3220 1527 3278 Dominico
1573 3217 1825 3286 satiaris,
1853 3216 2103 3288 ejusque

449 3317 611 3373 dono
656 3318 945 3389 perpetuo
984 3312 1361 3384 jucundaris,
1394 3308 1539 3364 illud
1586 3306 1855 3364 adscisce
1884 3305 2104 3361 misero

446 3403 923 3461 interventibus'
954 3400 1172 3469 dignis,
1220 3415 1345 3470 quo
1397 3397 1554 3452 nosti
1600 3396 1843 3451 millena
1892 3393 2107 3449 delicta

447 3490 713 3563 purgari.
750 3488 937 3542 Vitam
982 3502 1225 3556 quoque
1265 3490 1550 3539 aeternam
1599 3483 1893 3550 desidero,
1927 3488 1985 3538 et
2020 3498 2106 3537 re-

450 3576 556 3648 gni
602 3572 854 3631 caelestis
895 3572 1165 3643 requiem
1220 3573 1371 3626 sitio.
1402 3572 1773 3642 Quocumque
1812 3587 1955 3641 ergo
1986 3575 2103 3627 tor-

449 3668 656 3723 mento
684 3665 732 3733 ιι,
765 3666 869 3719 aut
898 3659 1155 3731 ﬂagello,
1190 3675 1334 3715 cura
1377 3659 1711 3714 remedium
1760 3660 2105 3731 impendere

451 3770 644 3823 servo,
676 3758 733 3810 et
760 3768 832 3808 eo
857 3750 1087 3807 ardoris
1118 3749 1253 3820 igne
1283 3748 1567 3804 dilectum
1591 3764 1850 3821 purgare
1878 3746 2106 3803 deside-

447 3863 535 3913 ra,
568 3862 690 3919 quo
712 3844 811 3901 hic
840 3841 1162 3899 nobiscum
1190 3839 1486 3896 videbaris
1516 3854 1707 3894 nexus
1727 3837 1789 3893 in
1821 3841 2007 3893 terra:
2042 3842 2109 3894 ut

450 3935 685 3993 dilectio
727 3934 829 3990 illa
877 3930 1109 3989 clariori
1139 3929 1269 3985 luce
1315 3944 1477 3985 nunc
1506 3928 1739 3999 emicet,
1772 3926 2020 4000 quando
2050 3930 2109 3982 et

449 4024 728 4098 ampliori
754 4022 979 4079 lumine
1030 4019 1205 4087 lucet,
1238 4024 1295 4075 et
1324 4018 1537 4092 potiori
1580 4016 1866 4087 suffragio
1896 4031 2104 4088 proro-

452 4130 593 4186 gare
623 4113 875 4186 quaesita
901 4110 1074 4167 valet.

524 4204 608 4260 19.
631 4204 710 4275 (3)
742 4204 863 4272 Ego
892 4205 1117 4271 autem,
1145 4199 1227 4254 mi
1256 4197 1448 4253 dulcis
1482 4195 1711 4267 Eulogi,
1743 4195 2105 4252 memoriam

450 4291 712 4351 nominis
742 4291 845 4359 tui,
878 4294 1175 4363 quantum
1222 4287 1391 4361 potui
1426 4286 1714 4343 illustravi
1743 4293 1780 4354 ο,
1814 4286 1994 4342 vitam
2023 4285 2107 4341 di-
2136 4318 2182 4371 Ι)

450 4382 627 4456 gessi,
655 4379 992 4438 doctrinam
1028 4377 1315 4452 expressi,
1359 4390 1737 4448 agonemque
1780 4373 2105 4447 pulcherri-

447 4490 619 4530 mum
644 4469 958 4544 explicavi:
989 4472 1044 4526 et
1070 4472 1133 4524 ut
1161 4465 1422 4522 nominis
1447 4465 1531 4521 tui
1553 4463 1917 4520 delectabilis
1953 4479 2108 4519 sem-

447 4580 557 4638 per
566 4564 630 4621 in
650 4560 882 4619 mundo
894 4557 1186 4616 memoria
1196 4556 1488 4625 ﬂoreat,et
1501 4553 1749 4626 perenni
1763 4552 2083 4625 splendore
2092 4594 2106 4619 ,

448 4654 600 4711 sicut
638 4653 701 4710 in
739 4651 889 4709 coelo
918 4650 1055 4716 vita,
1090 4647 1170 4702 ita
1199 4646 1293 4701 hic
1321 4644 1541 4701 mentio
1574 4643 1789 4710 rutilet,
1824 4646 1880 4698 et
1907 4642 1954 4697 si
1985 4657 2109 4698 non

447 4739 938 4800 enucleatissimis
968 4735 1369 4802 sermonibus,
1394 4739 1594 4790 tamen
1620 4731 2104 4794 evidentissimis,

449 4833 670 4901 quibus
688 4830 868 4897 valui,
894 4829 1126 4885 nisibus
1154 4824 1427 4883 dedicavi
1459 4825 1557 4896 (4).
1594 4822 1917 4879 Construxi
1950 4822 2113 4879 enim

448 4932 564 4971 mre
583 4918 903 4987 perennius
926 4921 1383 4972 monumentum
1414 4913 1617 4984 glorias
1637 4917 1772 4979 tute,
1790 4912 1957 4985 quod
1980 4927 2091 4968 nec

450 5003 768 5059 nimbosus
795 5003 994 5070 turbo,
1025 5004 1376 5075 grandoque
1402 5002 1643 5075 lapidea
1669 5002 1951 5065 destruat,
1986 5017 2097 5057 nec

453 5108 638 5163 rogus
659 5092 1046 5147 ﬂammarum
1061 5107 1427 5162 quocunque
1450 5092 1587 5163 igne
1608 5090 1901 5162 liquescat
1919 5089 1958 5143 ‘.
1974 5090 2117 5146 Edi

524 5252 542 5275 '
579 5246 703 5316 Ms”
733 5256 1071 5316 perperam,
1104 5241 1656 5316 intervenientibus.

525 5318 554 5359 b
582 5315 665 5370 Id.
698 5307 941 5387 quoque
983 5307 1325 5385 perperam,
1353 5324 1497 5382 ego;
1530 5310 1636 5367 sed
1663 5324 1786 5364 non
1812 5307 1969 5364 male
1997 5315 2110 5366 ter-

452 5387 614 5443 mino
638 5402 755 5459 pro
773 5389 1085 5441 tormento.

525 5464 542 5487 °
581 5452 780 5514 Moral.
814 5462 871 5513 et
892 5459 1207 5527 -Antuerp.,
1243 5452 1515 5508 lustravi.

523 5528 545 5559 “
587 5529 753 5593 Edit.,
781 5530 1069 5600 liqueﬁat.

525 5614 548 5639 ο
584 5601 784 5658 Moral.
817 5594 873 5657 et
897 5594 1204 5672 Autuerp.,
1228 5594 1569 5654 virtutibus.

532 5673 551 5703 ¹
586 5676 712 5745 Ms.,
742 5672 985 5731 indicio.

1672 160 1729 213 S.
1772 153 2051 212 EULOGII
2088 152 2413 210 ARCHIEP.
2451 155 2692 211 TOLET.

3823 148 3947 202 720

2225 274 2399 333 ﬁcavi
2442 277 2671 334 nomini
2720 281 2821 333 tuo
2875 274 3232 331 memoriam
3283 289 3354 329 ex
3392 289 3540 330 auro
3567 272 3853 344 obryzo
3888 274 3951 325 et

2225 366 2526 439 lapidibus
2573 364 2910 436 omnigenis
2958 363 3249 438 pretiosis,
3283 379 3467 436 quam
3520 361 3762 417 nullus
3800 359 3948 416 vio-

2222 455 2592 512 lentissimus
2620 455 2839 511 valebit
2869 454 3104 510 diruere
3152 452 3454 526 praedonis
3485 467 3666 507 more
3709 456 3947 523 tyran-

2223 560 2362 599 nus.
2392 544 2718 617 Composui
2745 543 3040 599 fabricam
3071 541 3350 598 culminis
3378 541 3485 611 tui,
3511 545 3569 596 et
3592 540 3667 595 in
3722 538 3944 594 subli—

2223 649 2320 689 me
2349 639 2573 690 turrem
2623 632 3005 690 habitationis
3038 638 3153 688 tuae
3192 632 3372 699 erexi,
3403 636 3469 687 ut
3498 631 3580 686 sis
3614 630 3943 704 speciosa

2221 721 2450 795 pharus
2479 722 2707 778 cunctis
2737 722 3037 779 viantibus
3058 731 3080 756 °
3108 721 3247 777 hinc
3277 720 3417 776 inde
3446 719 3785 776 relucens.
3826 720 3941 775 Or-

2221 812 2361 868 navi
2392 812 2629 869 titulum
2675 812 2876 869 decori
2928 814 3013 868 tui
3061 810 3387 867 unionibus
3438 810 3597 866 miro
3624 810 3942 866 candore

2223 902 2587 969 niventibus,
2611 908 2668 959 et
2698 902 3009 975 topazione
3030 900 3297 972 fulgenti,
3328 905 3392 956 ut
3421 900 3746 956 universis
3779 899 3944 956 emi-

2222 997 2315 1049 cet
2341 992 2565 1048 ﬁnibus
2594 995 2782 1047 terrae.
2815 990 3100 1064 Adsparsi
3140 989 3367 1047 cineres
3422 995 3671 1047 sanctos
3707 996 3943 1047 necta-

2220 1081 2337 1137 reis
2365 1080 2650 1149 ﬂosculis,
2678 1080 2844 1137 nullo
2873 1085 3025 1136 aestu
3053 1079 3487 1148 fatiscentibus,
3512 1096 3626 1136 nec
3666 1081 3905 1137 indito
3924 1081 3941 1110 ί

2221 1170 2570 1226 cedentibus
2602 1170 2758 1239 igne.
2794 1170 2943 1226 Unxi
2973 1169 3302 1243 pretiosum
3332 1184 3552 1242 corpus
3588 1170 3797 1226 nardi
3833 1170 3934 1243 pi-

2221 1258 2366 1315 stico
2418 1259 2699 1333 pretioso,
2733 1274 2804 1314 ac
2859 1258 3096 1314 diverso
3142 1258 3613 1330 thymiamatum
3646 1274 3929 1329 genere,

2221 1364 2486 1419 amomo,
2517 1348 2793 1404 balsamo
2840 1348 2914 1420 (5)
2956 1347 3315 1419 bisamoque
3364 1347 3822 1415 commiscens,
3859 1352 3932 1404 ut

2217 1438 2484 1510 ﬂagrans
2510 1438 2836 1494 sanctitatis
2866 1442 2983 1493 tua;
3007 1436 3403 1493 suavissimus
3428 1436 3583 1492 odor
3602 1437 3922 1508 diffusus,

2220 1544 2329 1602 per
2357 1526 2562 1584 omnia
2603 1527 2852 1583 refertus
2881 1533 2901 1563 ‘
2943 1525 3161 1582 sascula
3209 1525 3375 1580 nullo
3427 1526 3549 1581 ﬁne
3596 1531 3915 1600 tepescat.

2223 1616 2469 1690 Implevi
2498 1615 2771 1672 amicitiae
2801 1615 3129 1682 vinculum,
3161 1620 3218 1670 et
3247 1614 3550 1671 charitatis
3579 1620 3693 1670 tua;
3724 1616 3913 1672 nolui

2218 1707 2455 1763 nudum
2485 1706 2703 1762 seeculo
2733 1705 3025 1766 dimittere
3052 1720 3296 1771 nomen,
3334 1708 3398 1760 ut
3444 1705 3598 1761 sicut
3624 1706 3782 1761 coelo
3816 1705 3913 1761 vi-

2218 1800 2278 1852 ta
2306 1795 2655 1868 resplendes
2697 1798 2755 1851 et
2800 1810 3002 1867 opere,
3032 1794 3115 1850 ita
3167 1793 3399 1849 mundo
3449 1793 3652 1864 lingua
3690 1794 3899 1850 clare-

2219 1902 2354 1942 scas
2382 1885 2404 1915 ⁵
2431 1891 2488 1942 et
2515 1885 2780 1941 nomine.
2816 1887 2883 1940 Ut
2913 1884 3216 1956 generatio
3263 1883 3625 1957 subsequens
3659 1889 3709 1938 te
3732 1882 3881 1937 lau-

2215 1974 2426 2031 datum
2455 1974 2738 2042 inveniat,
2768 1972 3128 2029 imitandum
3158 1972 3464 2045 respiciat;
3508 1977 3561 2026 et
3597 1975 3881 2043 quantus

2216 2062 2399 2119 fueris
2427 2063 2720 2131 doctrina,
2752 2066 2957 2118 nostro
3012 2062 3172 2118 tenui
3216 2061 3455 2132 ingenio
3479 2064 3892 2130 recognoscat

2218 2153 2313 2225 (6).
2345 2156 2546 2226 Neque
2594 2153 2929 2225 priscorum
2975 2152 3173 2208 studio
3218 2149 3631 2225 corporalibus
3661 2148 3893 2205 beneﬁ-

2217 2243 2342 2309 ciis,
2377 2242 2690 2315 speciebus
2720 2247 2776 2298 et
2802 2241 3051 2298 ﬂoribus
3091 2240 3494 2314 constipatum
3526 2245 3581 2296 te
3612 2244 3758 2296 retas
3787 2255 3888 2295 se—

2215 2335 2427 2388 cutura
2447 2330 2782 2397 mirabitur,
2801 2347 2935 2403 quae
2964 2329 3130 2386 solite
3154 2332 3166 2366 ¹
3190 2334 3640 2385 consumuntur
3661 2334 3890 2401 tempo-

2214 2436 2351 2476 rum
2381 2424 2671 2476 vetustate
2697 2437 2710 2487 ;
2763 2420 2868 2474 sed
2900 2418 3262 2491 spiritalibus
3291 2418 3469 2474 donis
3501 2418 3875 2487 decoratum,

2216 2513 2273 2564 et
2299 2507 2741 2564 immortalibus
2770 2506 3163 2563 sublimatum
3194 2506 3374 2562 titulis
3404 2507 3795 2563 venerabitur.

2285 2601 2374 2653 20.
2416 2599 2499 2652 Tu
2545 2612 2707 2666 ergo,
2736 2596 3095 2652 venerabilis
3147 2596 3413 2663 Domine,
3444 2594 3872 2669 aequiperando

2212 2684 2388 2741 nobis
2430 2684 2614 2740 redde
2661 2684 3024 2755 mercedem,
3061 2689 3122 2740 ut
3168 2684 3313 2757 quia
3351 2686 3364 2737 i
3405 2685 3653 2741 servitio
3685 2691 3883 2741 nostro

2212 2777 2330 2830 tum
2360 2772 2720 2829 decorentur
2747 2773 3012 2847 reliquiae
3056 2779 3112 2830 et
3140 2778 3433 2830 ornantur
3462 2775 3793 2847 exsequiae,
3820 2772 3886 2829 il-

2211 2861 2536 2919 lustremur
2582 2862 2873 2936 deinceps
2927 2863 3299 2936 respectione
3339 2862 3516 2928 felici,
3574 2864 3888 2919 visitemur

2214 2951 2376 3008 dono
2407 2950 2662 3008 caelesti:
2696 2955 2760 3007 ut
2789 2967 2900 3023 ego
2946 2951 3063 3020 ille,
3092 2951 3196 3024 qui
3223 2968 3331 3024 per
3368 2967 3564 3024 prona
3594 2953 3886 3009 hactenus

2212 3044 2270 3097 et
2294 3040 2554 3113 abrupta
2580 3055 2704 3096 non
2753 3040 2977 3113 liquide
3006 3041 3221 3111 ﬂuens,
3252 3040 3332 3096 ab
3383 3040 3695 3114 iniquitate
3743 3056 3886 3096 mea

2212 3129 2420 3197 deieci,
2440 3134 2498 3185 et
2527 3129 2761 3185 tabibus
2792 3131 3107 3202 hucusque
3140 3129 3200 3184 in
3230 3129 3406 3186 malis
3428 3131 3574 3185 meis
3595 3145 3872 3194 manens,

2213 3236 2251 3274 a
2278 3219 2447 3274 vultu
2473 3219 2577 3275 Dei
2598 3218 2619 3248 ⁸
2642 3219 2757 3274 mei
2788 3218 3023 3286 recessi,
3054 3217 3318 3289 maligno
3349 3219 3660 3275 adhaerens
3690 3218 3871 3283 hosti,

2213 3309 2611 3382 praeveniente
2659 3309 2849 3379 gratia
2898 3308 3227 3365 illustratus
3277 3314 3334 3365 et
3364 3310 3621 3379 gratuita
3655 3308 3885 3365 miseri-

2213 3398 2420 3454 cordia
2472 3414 2838 3471 quocunque
2893 3399 3025 3454 vitis
3084 3397 3340 3454 termino
3398 3403 3884 3461 consummatus,

2213 3502 2449 3543 merear
2476 3488 2558 3544 ita
2584 3488 2846 3544 cmlestia
2873 3487 3215 3561 indisrupta
3253 3489 3656 3545 communiter
3685 3494 3888 3546 tecum

2213 3575 2527 3648 possidere
2569 3576 2811 3646 gaudia,
2845 3576 3001 3633 sicut
3047 3577 3143 3633 hic
3195 3578 3326 3650 pari
3375 3577 3515 3633 ﬂetu
3564 3585 3621 3634 et
3652 3580 3892 3648 gemitu

2213 3669 2449 3721 terrena
2508 3670 2841 3722 maceratus
2904 3667 3205 3738 angustia,
3260 3668 3403 3723 traxi
3462 3666 3759 3723 diuturna
3831 3676 3894 3725 et

2213 3754 2397 3823 longa
2446 3754 2721 3827 suspiria.
2755 3758 2823 3813 Ut
2848 3758 2955 3813 etsi
2979 3773 3101 3813 non
3135 3757 3352 3830 aequali
3376 3757 3581 3812 datum
3612 3762 3707 3813 est
3735 3760 3891 3815 mihi

2218 3842 2443 3914 fulgere
2469 3844 2680 3914 gloria,
2701 3847 2911 3903 saltem
2937 3847 3030 3902 vel
3052 3847 3408 3904 delictorum
3432 3862 3713 3904 meorum
3738 3849 3889 3904 mihi

2214 3931 2380 3990 illata
2435 3934 2510 3990 sit
2563 3934 2758 3991 venia.
2818 3937 3121 4001 Quatenus
3179 3952 3301 3993 non
3358 3936 3585 4010 pcenali
3638 3937 3885 3993 doleam

2212 4020 2498 4079 barathro
2527 4039 2778 4092 mersus,
2814 4024 2920 4079 sed
2966 4024 3029 4079 in
3072 4024 3293 4081 caelesti
3342 4025 3643 4094 gaudeam
3673 4025 3882 4097 requie

2214 4112 2341 4175 tibi,
2376 4112 2468 4168 vel
2496 4111 2721 4169 caeteris
2751 4112 3012 4168 dominis
3042 4113 3192 4169 meis
3221 4114 3397 4169 sociis
3430 4114 3548 4170 tuis
3579 4112 3878 4170 condona-

2217 4206 2338 4259 tus.
2372 4203 2585 4258 Amen.

2912 4309 3206 4322 -—

2458 4429 2536 4503 (l)
2574 4430 2856 4487 HYMNUS
2894 4434 2962 4489 IN
3003 4434 3190 4491 DIEM.
3233 4435 3288 4489 S.
3332 4434 3635 4491 EULOGIL

2828 4558 2861 4594 ν
2900 4557 3021 4597 IDUS
3060 4558 3274 4599 MART".

2288 4643 2443 4701 Almi
2470 4659 2632 4702 nunc
2660 4645 2912 4703 redeunt
2939 4647 3092 4704 festa
3122 4647 3134 4678 ¹
3166 4648 3414 4721 polifera

2218 4732 2409 4789 Nostri
2440 4732 2667 4805 Eulogii
2694 4735 2972 4807 martyris
3000 4736 3207 4809 inclyti
3233 4755 3246 4793 :

2219 4821 2533 4879 Solvamus
2562 4823 2815 4880 Domino
2842 4824 3112 4882 carmina
3145 4827 3397 4900 principi

2225 4914 2528 4970 Concentu
2556 4912 2697 4969 fidei
2727 4913 2933 4970 ccelico
2963 4930 3234 4971 munere.

2292 5001 2370 5073 (2)
2408 5001 2753 5058 Laudamus
2778 5003 2946 5059 varia
2972 5006 3204 5061 musico
3230 5006 3517 5075 carmine,

2221 5090 2364 5156 Quae
2392 5105 2515 5145 non
2546 5096 2689 5148 sunt
2717 5093 2952 5148 Domini
2980 5094 3229 5165 praedita
3258 5095 3484 5152 lumine
3517 5118 3529 5151 :

2286 5246 2307 5313 ξ
2343 5240 2593 5313 Schott..
2627 5247 2752 5298 tota
2770 5245 3072 5313 reﬁciens,
3106 5250 3171 5303 ut
3195 5263 3308 5304 ms.

2286 5310 2310 5394 ξ
2346 5312 2435 5394 [ιθ.
2459 5328 2574 5394 ms.
2606 5317 2663 5368 et
2691 5310 2951 5394 §cho’tt._,_
2972 5310 3166 5374 caeteri
3195 5334 3358 5389 vero,
3392 5320 3715 5378 elucescas.

2290 5382 2305 5418 ¹
2347 5386 2520 5440 Deest
2546 5383 2608 5440 in
2638 5383 2804 5454 edit.,
2836 5388 3027 5444 solite.

2295 5454 2310 5507 i
2342 5454 2565 5527 Moral.,
2610 5457 2731 5527 qui.

2284 5522 2314 5604 "_
2341 5525 2518 5604 fidit,
2550 5522 2808 5604 Domini,
2840 5544 2911 5584 ex
2943 5546 3131 5603 prava
3160 5530 3546 5604 intelligentia
3576 5550 3694 5589 ms.

2303 5593 2316 5625 '
2351 5598 2475 5666 M8.,
2501 5593 2730 5656 revehit
2752 5601 2931 5670 festa.
