4092 6176
226 214 329 268 721

301 335 400 391 Hic
424 349 587 390 nunc
617 338 709 390 sat
733 333 948 390 melius
974 348 1072 389 res
1100 333 1202 406 pia
1223 334 1527 407 panditur,

297 428 446 481 Cum
474 424 776 481 Christum
803 429 1087 480 resonant
1115 424 1419 480 chordulae
1450 424 1732 481 metricis.

370 514 474 571 Hic
495 530 662 570 nunc
689 528 713 554 ι
743 519 829 570 est
857 514 1093 569 animus
1123 530 1352 585 magna
1384 515 1688 571 revolvere
1724 533 1737 572 :

298 603 698 676 Splendenter
726 602 960 658 anhelat
983 602 1259 659 balsama
1292 603 1519 673 fulgida

299 693 569 748 Gliscens
600 692 836 762 egregia
864 692 1135 761 clangere
1158 692 1365 760 libere,

302 783 375 837 Ut
402 780 592 836 dulcis
622 782 650 821 δ
678 781 878 837 reboet
907 781 1136 837 musica
1157 781 1421 838 ﬂamine.

378 869 624 925 Bellator
651 869 879 924 Domini
910 869 1093 925 verbo
1123 870 1437 942 potentior,

305 957 575 1013 Doctrina
601 961 657 1012 et
684 957 902 1029 pariter
925 957 1045 1013 ﬁne
1074 957 1380 1028 celebrior,

301 1046 510 1101 Christi
540 1046 622 1101 sic
648 1045 826 1115 igitur
846 1044 1035 1114 gloria
1065 1046 1339 1115 cingitur,

303 1137 371 1191 Ut
395 1134 613 1190 ﬂorens
643 1134 840 1204 vigeat
867 1134 965 1190 hic
993 1139 1050 1191 et
1078 1134 1140 1190 in
1170 1147 1193 1175 ο
1221 1134 1457 1190 esthere.

361 1224 436 1295 (3)
465 1226 673 1278 Hector
699 1222 848 1278 dum
880 1223 1140 1296 populos
1169 1223 1339 1279 docte
1371 1222 1658 1291 reﬁceret,

286 1315 367 1380 (4)
393 1314 830 1383 Gypsum,cum
859 1312 1103 1377 diceret,
1136 1311 1162 1351 ιι
1194 1354 1209 1380 ,
1236 1310 1528 1383 fragmine
1542 1310 1774 1384 prodite
1798 1325 1823 1353 ο
1855 1329 1869 1367 :

288 1399 550 1456 Turbam
582 1399 893 1473 multiplici
923 1400 1188 1470 germine
1217 1399 1489 1455 lauream

287 1487 523 1543 Caelesti
547 1486 763 1543 rutilus
786 1486 1027 1558 agmine
1052 1486 1341 1560 provehit.

361 1574 435 1647 (5)
462 1577 638 1630 Ustus
669 1574 751 1631 sic
775 1574 1009 1632 Domini
1038 1574 1181 1645 zelo,
1210 1573 1477 1631 ﬁdelium

288 1668 649 1720 Convertens
676 1662 897 1720 ﬂuidos
923 1679 1121 1720 mores
1148 1662 1482 1733 rebellium,

285 1751 637 1809 Adsciscens
665 1753 880 1825 opibus
904 1768 1152 1808 munere
1178 1751 1383 1818 nobili,

284 1842 629 1898 Abstractos
654 1842 941 1898 barathro
973 1841 1260 1897 sublimat
1282 1842 1518 1897 aethere.

357 1931 472 1989 Sed
485 1932 618 2002 jam
646 1948 784 1988 cum
814 1932 1037 1988 meritis
1065 1931 1250 2001 digna
1276 1931 1604 2003 rependere

283 2021 547 2078 Christus
572 2021 985 2095 cunctipotens
1014 2020 1209 2087 vellet,
1235 2020 1582 2076 Leocritiam

286 2112 459 2165 Recte
488 2125 633 2164 mox
651 2109 918 2181 lepidam
938 2108 1236 2178 virginem
1260 2108 1485 2177 extulit,

287 2199 433 2263 Quas
465 2197 694 2252 clarum
723 2196 1022 2252 famulum
1053 2211 1162 2251 axe
1188 2195 1557 2251 reconderet.

356 2287 521 2340 Tunc
544 2283 733 2339 celsus
764 2283 1006 2339 solitum
1030 2284 1138 2340 rite
1168 2284 1447 2340 solatium

290 2372 623 2427 Prsestansf
659 2415 674 2441 ,
696 2376 755 2427 et
784 2371 1091 2444 placidum
1122 2376 1359 2445 compte
1387 2372 1720 2429 remedium

284 2459 524 2516 Cultum
547 2465 684 2516 tunc
714 2474 740 2513 ε
768 2502 788 2531 ,
815 2460 957 2517 ﬁdei
979 2461 1262 2532 dogmate
1294 2464 1349 2518 et
1377 2462 1607 2532 ingerit,

282 2547 629 2605 Adversans
656 2548 898 2621 populis
915 2550 1080 2620 justa
1110 2549 1370 2606 rebellio.

351 2637 663 2710 Extemplo
692 2654 1048 2710 praeconans
1073 2639 1277 2711 praedo
1304 2640 1626 2712 peranxius

275 2727 603 2785 Conturbat
628 2729 910 2801 patriam,
934 2727 1177 2799 jussuve
1207 2729 1473 2801 plebium

270 2819 380 2872 Per
410 2821 655 2871 cunctas
675 2815 905 2890 plateas
925 2816 1101 2886 longe
1129 2818 1469 2889 revolvitur,

271 2905 443 2968 Quod
471 2904 746 2977 princeps
774 2904 1020 2960 rabidus
1045 2906 1269 2962 excitus
1296 2908 1569 2981 imperat.

340 2997 709 3064 Regnantem
739 2993 1035 3050 tumidum
1062 2996 1286 3068 respuit
1309 2996 1534 3069 inclyta

267 3080 533 3139 Caelestis
552 3081 774 3137 famuli
802 3098 974 3138 mens
1005 3086 1121 3139 Deo
1149 3084 1404 3156 praedita
1433 3103 1447 3153 ;

264 3169 531 3228 Tandem
560 3170 847 3244 praecipiti
878 3170 1062 3227 ductu
1083 3169 1330 3227 notabili

265 3258 774 3332 Comprehensus,
803 3258 1003 3314 sonuit
1033 3274 1175 3315 mox
1197 3275 1440 3332 quoque
1470 3260 1674 3317 libere.

337 3348 549 3405 Dicens
572 3348 599 3387 δ
634 3364 647 3403 :
674 3350 717 3404 Ο
750 3363 1049 3421 proceres,
1083 3348 1324 3405 temnite
1353 3349 1629 3422 impium,

262 3438 562 3497 Christum
594 3438 919 3493 sethereum
948 3436 1167 3493 credite
1194 3437 1547 3512 principem,

263 3528 476 3582 Vatem
507 3525 886 3599 impudicum
913 3531 1069 3582 recte
1098 3526 1382 3599 repellite,

264 3615 376 3682 Qui
408 3621 606 3671 tantos
635 3614 896 3689 populos
920 3615 1057 3685 igne
1085 3615 1435 3674 recondidit.

340 3704 617 3760 Gaudeas
647 3706 776 3760 haec
797 3709 1038 3761 resonat
1065 3704 1323 3762 culmine
1354 3708 1623 3777 gnaviter

269 3796 514 3849 Necnon
542 3796 599 3847 et
621 3793 734 3849 alia
765 3809 1141 3865 conquerens
1169 3796 1184 3834 ί
1221 3795 1413 3866 fortia,

276 3883 447 3936 nunc
476 3880 759 3938 mandant
789 3882 990 3953 gladio
1021 3883 1232 3940 vertice
1256 3885 1524 3953 tundere,

268 3972 351 4025 Ne
379 3975 582 4024 sancta
612 3969 803 4026 valeat
830 3970 1004 4026 turba
1029 3972 1309 4044 recipere.

334 4057 519 4113 Adest
546 4058 879 4130 intrepidus
907 4059 1153 4130 belliger
1181 4078 1475 4125 annuens,

258 4147 565 4214 Tundunt,
588 4164 771 4220 quem
800 4148 1010 4222 alapis,
1042 4150 1144 4205 red
1168 4156 1341 4221 rogat
1368 4150 1700 4217 horridum,

256 4236 601 4295 Extendens
626 4236 860 4307 faciem,
886 4239 1131 4295 verbere
1164 4240 1412 4296 alteram

255 4325 603 4392 Alternans,
631 4325 870 4396 gemina
898 4327 1105 4399 palma
1132 4328 1401 4386 relidere.

326 4417 494 4471 Tunc
516 4413 690 4483 signo
715 4413 854 4470 ﬁdei
884 4421 1126 4488 pectora
1155 4417 1426 4475 servulus

256 4506 469 4559 Armat
493 4501 723 4558 deiﬁcaa
755 4518 958 4575 aurea,
985 4521 1162 4562 roseo
1190 4506 1203 4559 i

265 4850 290 4876 ι
322 4836 434 4907 Id.,
460 4841 538 4895 At
565 4856 728 4897 nunc
754 4840 871 4897 hic.

186 4908 515 5035 rozohgpral.
544 4915 601 4967 et
630 4918 933 4985 Antuerp.,
963 4913 1166 4981 dulci;
1219 4914 1378 4983 edit.,
1427 4916 1627 4972 minus
1666 4923 1841 4989 recte,

261 5064 284 5127 ’ᾗ
314 5051 513 5127 Morel.
540 5058 597 5108 et
618 5059 931 5127 iAntuerp”
960 5057 1095 5111 licet
1113 5056 1203 5122 in.

260 5122 285 5162 ἀ
317 5124 565 5194 Schott..
588 5122 939 5194 doceretfut
969 5144 1079 5182 ms.

261 5208 284 5263 φ
313 5193 423 5255 Id.,
452 5196 728 5263 perdere,
758 5193 964 5252 utms.

254 5262 273 5303 ί
311 5262 512 5344 literal.
548 5271 928 5344 etAntuerp.,
955 5276 1285 5339 praestant;
1308 5273 1842 5344 Schott..};rwstat.

259 5346 286 5406 ρ
315 5337 563 5405 Schott.,
592 5343 657 5392 ut
685 5355 824 5406 ms.,
847 5337 1011 5396 inor.

255 5405 284 5446 II
316 5407 399 5463 Id.
412 5451 427 5477 ,
458 5415 691 5477 optans.

253 5480 271 5558 ξ
308 5478 420 5558 id,
453 5486 797 5550 quwstuus;
826 5497 966 5551 ms.,
1001 5490 1322 5555 qucestuve.

258 5549 272 5601 i
308 5548 392 5604 Id.
408 5594 421 5618 ,
449 5548 750 5619 purpura.

258 5619 283 5654 ι
310 5620 423 5685 Id.,
460 5622 743 5678 lactinea.

260 5690 275 5730 ¹
310 5692 518 5749 Moral.
542 5698 600 5749 et
626 5698 934 5768 Antuerp.,
962 5702 1141 5768 atque

1609 209 1777 267 VITA
1812 209 1947 266 VEL
1983 208 2252 268 PASSIO.

1913 336 1964 389 Α
2064 335 2225 393 Colla
2252 336 2531 395 lactentia
2562 337 2585 373 ¹ι
2605 336 2898 407 sanguine
2924 336 3192 410 praedita,

2065 429 2337 483 lncurvat
2358 428 2629 493 Domino,
2657 427 2839 483 instat
2857 431 2914 482 et
2938 426 3235 482 obsecrat.

2131 516 2221 571 Sic
2250 516 2369 573 ictu
2390 517 2570 585 gladii
2599 516 2791 572 sidere
2813 514 3108 581 conditur,

2063 604 2153 660 Sic
2183 603 2366 660 verbo
2396 605 2532 660 ﬁdei
2566 604 2724 660 clare
2754 603 3092 660 revolvitur.

2058 692 2275 747 Adesto
2300 693 2554 759 miseris,
2578 709 2952 766 quaesumus,
2983 688 3251 746 atfatim.‘

2059 780 2370 854 Perplexos
2392 782 2667 854 precibus
2693 781 2921 837 solvere
2952 780 3199 835 concite.

2128 869 2357 925 Adsiste
2388 870 2619 941 gemitis
2648 870 2953 943 poscimus
2983 868 3210 938 excitis,

2058 958 2366 1013 lnﬂectens
2399 957 2635 1013 famulis
2661 973 2822 1013 nunc
2850 973 3092 1029 quoque
3114 957 3378 1013 numinis

2057 1046 2342 1103 Auditum
2371 1046 2699 1120 placidum,
2724 1062 2918 1118 quove
2950 1045 2961 1085 ¹
3002 1045 3266 1101 serenius

2053 1137 2302 1192 Mentem
2330 1140 2395 1192 ut
2422 1134 2700 1208 precibus
2731 1139 2934 1190 sancte
2963 1133 3243 1190 refocilet.

2127 1228 2195 1281 Ut
2221 1230 2414 1280 rector
2433 1224 2627 1280 deleat
2653 1239 2839 1293 regna
2869 1221 3109 1289 ferocia,

2052 1312 2369 1371 Conculcet
2398 1312 2632 1367 validus
2662 1312 2951 1380 dogmata
2976 1310 3181 1383 impia,

2049 1402 2322 1474 Adspiret
2341 1401 2479 1456 ﬁdei
2506 1405 2762 1473 comptae
2800 1399 3063 1467 refulsio,

2048 1492 2179 1556 Qua
2202 1491 2333 1545 coeli
2356 1494 2576 1545 reseret
2605 1488 2868 1545 culmina
2895 1487 3146 1556 fulgida.

2121 1582 2190 1635 Ut
2220 1582 2503 1652 torquens
2532 1578 2775 1634 haeresis
2804 1577 2982 1646 longe
3009 1576 3247 1640 resiliat,

2050 1670 2119 1724 Ut
2147 1667 2339 1723 cultus
2369 1667 2601 1724 Domini
2631 1667 2806 1723 altius
2845 1666 3057 1722 emicet
3081 1682 3095 1721 :

2050 1759 2323 1813 Rectores
2351 1756 2556 1829 patriae
2586 1755 2732 1811 ﬂore
2762 1754 3090 1821 redoleaut,

2047 1844 2342 1900 Adversos
2374 1860 2597 1900 cuneos
2617 1843 2801 1900 libere
2830 1842 3128 1899 ventilent.

2119 1934 2201 1991 Sit
2224 1934 2347 1990 vita
2372 1933 2632 2007 populis,
2661 1933 2737 1989 sit
2762 1948 3004 2006 quoque
3035 1934 3290 2007 provida

2048 2023 2275 2080 Sanctis
2290 2022 2509 2094 'religio
2540 2038 2646 2096 per
2663 2024 2807 2094 juge
2839 2027 3130 2094 tempora,

2048 2112 2130 2169 Sit
2148 2111 2322 2168 Trino
2352 2111 2603 2168 Domino
2636 2110 2823 2182 gloria
2848 2109 3057 2166 sedula

2043 2203 2344 2257 Eternum
2364 2200 2684 2256 dominans
2712 2198 2930 2270 inclyte
2960 2199 3203 2255 saecula.
3226 2200 3438 2255 Amen.

1970 2326 2117 2386 Post
2141 2325 2266 2387 haec
2293 2326 2605 2405 superiora
2632 2324 2697 2383 in
2724 2322 2912 2385 altera
2942 2324 3278 2405 exemplari
3310 2324 3623 2405 sequentia

2514 2432 2686 2483 erant
2711 2422 3082 2485 continuata.

2218 2556 2287 2629 (6)
2338 2570 2680 2611 TRANSLATIO
2718 2569 2995 2611 conponis
3034 2571 3084 2611 δ.
3124 2568 3367 2611 sumen.

2035 2681 2365 2738 Translatio
2391 2680 2547 2737 facta
2578 2683 2664 2735 est
2680 2679 2869 2735 sancti
2901 2679 3128 2750 Eulogii
3143 2679 3425 2752 martyris
3452 2678 3625 2735 etdo-

1963 2771 2142 2827 ctoris
2172 2772 2233 2827 in
2260 2770 2512 2827 basilica
2534 2769 2722 2825 sancti
2745 2768 2911 2841 Zoyli
2940 2768 3107 2825 titulo
3136 2768 3471 2843 principali,
3504 2768 3622 2825 Ka-

1960 2859 2172 2916 lendas
2202 2860 2413 2916 Junias
2439 2874 2560 2915 aera
2590 2873 2877 2914 ncccxcvu
2904 2872 2941 2898 ιιι
2966 2898 2979 2914 .
3031 2857 3375 2914 Celebratur
3417 2861 3620 2913 autem

1960 2948 2087 3004 dies
2117 2949 2328 3004 natalis
2357 2949 2488 3020 ejus
2514 2946 2575 3001 in
2599 2945 2942 3019 supradicto
2993 2946 3068 3017 (7)
3117 2950 3273 3014 coto,
3332 2962 3404 3001 eo
3452 2944 3619 3017 quod

1893 3036 1934 3092 C
1964 3037 2129 3093 omni
2160 3041 2426 3109 tempore
2451 3035 2511 3091 in
2541 3034 2754 3090 diebus
2776 3033 3263 3104 Quadragesimte
3281 3033 3536 3088 occurrit
3551 3031 3618 3087 il-

1962 3124 2077 3182 lius
2104 3125 2469 3181 solemnitas.

2265 3248 2682 3305 EPITAPHIUM
2723 3245 2966 3302 SANCTI
3004 3244 3313 3301 EULOGII.

1962 3375 2063 3431 Hic
2092 3374 2340 3432 recubat
2358 3372 2593 3446 lepidus
2648 3374 2898 3444 martyr,
2929 3370 3257 3443 doctorque
3312 3368 3614 3439 refulgens

1962 3464 2263 3535 Eulogius,
2296 3454 2521 3532 lumen,
2548 3460 2723 3518 dulce
2751 3476 2859 3533 per
2885 3459 3105 3516 saecula
3142 3474 3387 3516 nomen.

1961 3551 2071 3618 Qui
2100 3553 2223 3608 zelo
2252 3552 2392 3608 ﬁdei
2423 3550 2691 3618 rutilans,
2716 3550 2929 3606 virtute
2961 3548 3230 3622 priorum
3258 3559 3285 3587 ιι

1957 3642 2234 3698 Accensit
2259 3641 2496 3697 animos
2520 3654 2747 3709 magno
2778 3638 3007 3708 fulgore
3038 3637 3325 3695 virorum.

1956 3730 2060 3786 Hic
2085 3734 2278 3786 macte
2307 3729 2540 3785 celeber
2567 3728 2737 3784 libris
2768 3731 3148 3799 praeconatus
3178 3724 3537 3798 ethymnis:

1957 3820 2024 3875 Et
2042 3820 2162 3875 vita
2192 3817 2429 3887 vigidus
2458 3830 2484 3858 ο
2513 3859 2531 3887 ,
2559 3821 2616 3872 et
2645 3816 2771 3871 sine
2794 3815 2915 3870 sole
2947 3831 3251 3870 coruscus.

1956 3908 2067 3973 Qui
2092 3911 2363 3962 temnens
2385 3904 2591 3970 ﬂuida,
2622 3902 2971 3959 conscendit
2998 3901 3198 3958 lucida
3214 3900 3367 3957 coeli.

1956 4000 2070 4053 Nec
2101 3999 2288 4049 morte
2317 3992 2509 4065 periit,
2541 3990 2648 4046 sed
2677 3990 2815 4046 vivit
2830 3989 2970 4045 sede
3001 3988 3267 4062 perenni.

1955 4084 2181 4144 Credite
2210 4097 2440 4155 quaeso,
2468 4080 2631 4143 mihi,
2665 4079 2827 4145 vivit,
2861 4095 2968 4152 per
2998 4077 3217 4135 saecula
3244 4077 3404 4141 vivit,

1955 4173 2236 4247 Quisquis
2268 4171 2491 4229 caelesti
2516 4170 2748 4226 laetatur
2773 4168 2961 4240 gloria
2990 4168 3177 4238 regni.

2486 4294 2743 4351 ΟΡΑΤΙΟ
2793 4292 3073 4348 ALVARI.

1955 4426 2121 4479 Nunc
2151 4426 2206 4478 te
2229 4435 2400 4491 rogo,
2429 4423 2652 4488 sancte,
2684 4416 2913 4475 recolas
2938 4419 3001 4472 ut
3028 4430 3250 4471 nomen
3271 4415 3468 4485 amici,

1954 4513 2143 4578 Quem
2165 4515 2269 4567 tua
2284 4508 2382 4566 hic
2413 4510 2601 4566 tenuit
2625 4506 2819 4564 dulcis
2847 4503 3107 4563 amicitia
3129 4502 3339 4571 ﬁxum,

1870 4385 1917 4439 D

2024 4863 2063 4889 ιι
2107 4849 2193 4920 Ita
2219 4861 2491 4920 prorsus,
2511 4858 2971 4920 nonpcccxcvm,
2986 4846 3049 4899 ut
3066 4841 3263 4913 Morel,
3277 4844 3334 4898 et
3342 4838 3446 4920 qui
3464 4855 3605 4920 eum

1953 4919 2140 4976 secuti
2169 4912 2352 4987 fu'ere,
2386 4918 2606 4981 Schot.,
2634 4918 2845 4970 Baron.
2878 4919 2934 4970 et
2964 4920 3270 4988 Antuerp.,
3300 4912 3405 4986 qui
3426 4912 3606 4988 nimis

1952 4990 2297 5047 hallucinati
2329 4984 2483 5045 sunt.
2518 4991 2665 5043 Nam
2704 5002 2843 5041 cum
2896 4984 3280 5044 Schottus—in
3321 4984 3607 5054 ‘margine

1954 5061 2389 5120 animadvertat
2411 5076 2522 5132 pro
2551 5074 2651 5113 vm
2682 5057 2792 5132 legi
2819 5075 2898 5113 v11
2927 5060 2987 5115 in
3016 5075 3152 5127 ms.,
3171 5059 3440 5132 Ahafcque
3462 5061 3607 5132 nota

1953 5151 2031 5189 v11
2062 5134 2263 5188 statim
2291 5129 2432 5204 post
2457 5132 2708 5186 verbum
2736 5131 2859 5186 dies
2877 5132 2953 5204 ad
2977 5147 3146 5185 oram
3167 5129 3471 5204 incideret,
3492 5130 3607 5182 An-

1955 5201 2324 5285 tuerpienses
2355 5209 2608 5285 utraque
2638 5204 2826 5285 verba
2865 5203 3137 5285 iunxere,
3191 5201 3602 5285 legeruutque,

1957 5270 2429 5333 Celebratur“...
2456 5270 2579 5330 dt'tzs
2604 5289 2674 5327 vn
2720 5270 2947 5329 natalis
2978 5276 3126 5343 ejus,
3178 5270 3444 5343 arbitrati
3499 5283 3608 5341 per

1955 5352 2232 5403 octavam
2255 5351 2358 5403 aut
2375 5363 2455 5401 vn
2484 5344 2612 5400 dies
2633 5350 2947 5416 sequentes
2973 5340 3189 5400 festum
3212 5340 3441 5410 Eulogii
3461 5340 3605 5416 con-

1957 5418 2196 5475 tinuari.
2211 5420 2423 5490 Postea
2433 5431 2543 5490 pro
2559 5421 2687 5473 coto
2707 5414 3020 5490 perperam
3036 5417 3163 5490 loco
3173 5414 3601 5490 reposuerunt;

1956 5494 2125 5545 cotus
2149 5489 2330 5557 enim,
2353 5481 2535 5550 diem.
2567 5502 2690 5543 non
2709 5481 2861 5543 'vcr'o
2884 5486 3106 5554 locum,
3138 5481 3603 5557 hic'_signi_ﬁca_t.

2027 5573 2054 5601 ιι
2083 5558 2254 5614 Haud
2283 5553 2437 5614 recte
2470 5558 2713 5623 Schott.,
2741 5557 2837 5613 cui
2857 5553 3142 5628 Antuerp.
3199 5553 3602 5616 subscribunt,

1958 5630 2085 5684 vult
2104 5628 2458 5699 substituere
2480 5630 2739 5699 piorum.

2029 5712 2055 5741 ο
2085 5697 2281 5755 Mora].
2313 5702 2371 5754 et
2390 5697 2698 5771 Antuerp.,
2724 5698 2975 5769 rigidus.
