4106 6174
308 124 418 188 ’733

1127 118 1561 187 MEMORIALIS
1596 116 2041 185 saucroaim.
2081 157 2149 167 —
2188 116 2542 185 tristem:
2579 126 2899 183 PREWE.

3614 116 3721 181 734

312 248 692 316 descendere,
712 265 782 307 ac
812 250 1126 324 praemissa
1144 244 1285 307 ﬁdei
1312 248 1960 320 confessione,hostcm
1989 251 2037 306 A
2072 247 2354 304 excolatis
2380 268 2392 317 ;
2435 252 2492 305 et
2520 249 2569 305 si
2593 245 2854 305 hominis
2884 240 2978 304 Sui
3008 247 3287 304 meritum
3317 251 3497 319 geret,
3523 251 3718 304 vestro

308 334 587 396 Ecclesiae
617 338 932 407 detestari;
960 339 1114 395 illico
1131 340 1443 396 iracundia
1463 338 1698 413 tyranni
1722 338 1962 394 saevien-

304 424 380 486 tis
411 442 625 485 omnes
651 428 926 493 exterriti,
943 429 1215 486 inaudita
1234 429 1617 486 versibilitate
1640 429 1960 485 sententias

303 522 565 585 mutant,
587 517 931 580 detrahunt,
965 515 1370 588 maledicunt;
1406 523 1797 591 auctoresque
1826 532 1958 573 ma-

304 604 410 678 gni
441 606 677 663 sceleris
707 618 834 663 esse
866 611 922 663 et
946 622 1048 663 eos
1077 606 1182 682 qui
1228 606 1367 665 talia
1395 611 1600 679 agunt,
1660 608 1717 663 et
1743 607 1846 680 qui
1876 607 1958 663 eis

304 694 531 763 favent,
578 696 937 752 annuntiant
964 690 1223 769 ;3paucis
1269 695 1621 764 admodum,
1655 695 1808 752 sicut
1832 696 1957 769 ipse

300 792 431 842 non
460 780 675 853 nescis,
712 778 921 840 talium
948 780 1254 856 sacrilegio
1280 782 1682 858 sequestratis,
1706 780 1809 858 qui
1836 782 1956 857 pri-

298 882 471 931 mam
502 872 859 930 sententiam
884 888 1060 930 suam
1078 873 1417 931 nullatenus
1447 891 1483 932 a
1511 870 1955 931 venerabilitate

299 966 653 1019 sanctorum
699 961 1188 1019 immutaverunt.
1240 964 1371 1030 Qua
1408 963 1482 1020 de
1512 979 1575 1020 re
1621 962 1788 1019 nisus
1819 979 1955 1019 sum

295 1046 443 1108 huic
467 1048 736 1107 insistere
764 1051 951 1125 operi,
985 1054 1041 1108 et
1069 1067 1178 1125 pro
1209 1056 1389 1126 captu
1435 1051 1667 1120 virium,
1701 1050 1954 1108 Domino

302 1139 652 1213 adiuvante,
706 1140 1073 1198 succinctam
1120 1138 1303 1212 hujus
1332 1134 1804 1198 mediocritatem
1833 1138 1952 1198 for-

298 1238 468 1286 mare
495 1224 714 1286 libelli:
749 1234 814 1285 ut
838 1244 1016 1284 suum
1044 1228 1119 1287 de
1147 1229 1322 1286 nobis
1338 1229 1595 1287 reddens
1618 1228 1827 1286 futuris
1859 1245 1954 1302 ge-

293 1317 708 1376 nerationibus
756 1314 1182 1383 testimonium,
1229 1333 1252 1360 α
1303 1324 1405 1375 aut
1447 1319 1746 1376 mendacii
1798 1319 1950 1376 infa-

291 1408 506 1467 miam.
524 1413 627 1464 aut
654 1404 852 1463 laudis
878 1406 956 1463 ab
973 1407 1055 1463 eis
1078 1407 1441 1481 susciperem
1473 1408 1726 1465 titulum.
1748 1409 1774 1449 δ
1803 1412 1951 1482 Cum

290 1513 409 1554 nos
440 1497 684 1553 obtentu
717 1497 845 1568 ejus
894 1497 1209 1569 praemium
1237 1498 1567 1553 defensoris
1589 1496 1828 1570 justitire
1858 1498 1949 1554 ni-

2072 334 2407 395 testimonio
2434 339 2747 394 roboretis.
2779 342 2857 394 Ita
2886 354 3023 393 cum
3041 337 3264 393 eisdem
3298 336 3460 408 ipsis,
3485 336 3559 392 de
3590 336 3719 409 qui-

2067 424 2183 483 bus
2233 427 2557 501 loquimur,
2619 427 2859 494 sanctis,
2910 427 3168 499 ascripta
3214 422 3475 480 nominis
3536 426 3717 481 vestri

2068 516 2361 572 memoria
2389 515 2451 571 in
2477 515 2696 571 crelesti
2742 515 2987 588 pagina,
3029 513 3363 585 gaudeatis,
3393 512 3540 567 dum
3571 513 3716 568 mihi

2066 603 2160 660 vel
2202 602 2263 660 in
2306 600 2517 661 ultimo
2563 604 2785 674 angulo
2830 604 3095 677 paradisi
3137 603 3325 673 gratia
3354 602 3715 658 interventus

2065 702 2274 749 eorum
2300 694 2478 751 situm
2507 693 2839 767 prmstiterit
2860 692 3224 767 quiescendi.
3247 694 3458 748 Amen.
3491 691 3635 747 Vale
3653 691 3713 747 in

2064 774 2317 839 Domino
2346 784 2487 840 Jesu
2518 783 2767 851 Christo,
2795 781 3167 838 serenissime
3196 780 3394 838 frater.

2526 888 2958 949 RESCRIPTUM
2991 880 3253 947 ALVARI

2691 1015 2761 1054 AD
2784 1013 3087 1055 EULOGIUM.

2061 1118 2467 1173 Ancalaarun.
2517 1147 2586 1157 ——
2638 1114 2939 1187 Superiori
3001 1113 3374 1187 respondens
3439 1112 3711 1180 Alvarus,

2132 1203 2407 1260 opusque
2437 1203 2665 1260 magno
2692 1185 3177 1260 operataudans,
3200 1200 3404 1260 rerum
3431 1190 3712 1260 praestan-

2132 1254 2275 1314 tiam
2303 1254 2359 1314 et
2379 1254 2663 1314 orationis
2693 1254 2916 1313 eitollit
2933 1254 3305 1326 gravitatem.
3332 1254 3400 1326 Ut
3421 1254 3559 1310 edat
3580 1254 3713 1310 hor-

2133 1333 2317 1397 tatur;
2359 1329 2784 1384 sublimitatem
2822 1325 2963 1383 vero
3010 1325 3286 1381 dictionis
3316 1325 3622 1385 affectans.
3652 1326 3711 1380 in

2132 1396 2572 1456 affectationem
2604 1416 2710 1473 per
2739 1398 3096 1455 cacozeliam
3122 1396 3390 1453 incurrit.

2131 1506 2620 1563 Reuerentissimo
2644 1507 2820 1561 Patri
2848 1508 3089 1560 EULocio
3115 1508 3399 1559 ALVARUS.

289 1587 626 1643 hilominus
674 1602 711 1642 a
766 1585 1017 1641 Domino
1065 1602 1377 1658 speremus
1437 1588 1725 1660 accipere.
1779 1588 1948 1651 Quod
1978 1608 2021 1660 Β
2130 1597 2521 1665 Repriorasti,
2557 1600 2640 1651 mi
2678 1594 2929 1654 domine.
2975 1594 3376 1649 emolumenta
3400 1591 3713 1661 priorum:

289 1693 452 1750 opus
472 1677 603 1747 jam
637 1690 786 1747 pene
811 1675 1178 1747 expeditum,
1201 1691 1339 1730 cum
1371 1690 1465 1731 me
1492 1674 1817 1732 funibunda
1847 1692 1949 1749 op-

292 1765 377 1821 tio
406 1762 745 1839 preesidalis
794 1760 1179 1819 horribilibus
1217 1764 1555 1820 carceribus
1600 1763 1945 1838 applicaret,

288 1852 536 1912 turbata
566 1854 730 1909 omni
751 1852 976 1910 familia
1005 1869 1141 1909 mea
1170 1854 1494 1928 irruptione
1526 1852 1865 1925 satellitum,
1886 1859 1949 1910 ut

290 1949 424 2002 erat
453 1943 735 1999 chartulis
765 1946 822 1999 et
843 1952 866 1979 °
887 1942 1117 2015 pitaciis
1147 1942 1398 1999 diversis
1425 1945 1821 2017 dispositum;
1858 1959 1946 2000 ar-

290 2030 550 2092 bitratus
577 2050 733 2104 sum,
762 2031 929 2106 quod
953 2048 1061 2106 per
1089 2031 1116 2073 ἀ
1143 2034 1312 2089 varia
1353 2034 1558 2091 fuisset
1581 2034 1943 2107 dispersum.

299 2123 419 2182 Sed
448 2123 580 2180 illuc
607 2126 746 2178 tunc
772 2122 1021 2179 Domino
1052 2128 1459 2191 conservante,
1490 2140 1650 2180 nunc
1680 2123 1830 2180 inter
1845 2140 1947 2180 an-

300 2213 535 2286 gustias
562 2210 902 2280 carcerales,
935 2211 1067 2285 ipso
1098 2210 1345 2269 demum
1392 2215 1662 2284 juvante,
1692 2230 1814 2270 non
1847 2230 1946 2271 so-

295 2302 428 2359 lum
457 2300 674 2376 perﬁci,
705 2319 914 2358 verum
965 2302 1144 2358 etiam
1184 2300 1325 2358 alibi
1362 2302 1675 2359 transcribi
1706 2318 1945 2376 prome-

291 2391 433 2463 ruit,
468 2407 716 2464 seseque
745 2406 867 2446 non
897 2390 1061 2463 prius
1106 2388 1272 2447 alteri
1301 2407 1487 2464 quam
1522 2390 1624 2447 tibi
1654 2392 1942 2448 innotesci

288 2479 485 2554 elegit.
514 2490 535 2517 ο
575 2480 726 2548 Quia
761 2481 983 2536 caeteris
1034 2479 1227 2552 magis
1250 2484 1373 2537 non
1407 2482 1587 2538 audet
1629 2481 1942 2554 publicari,

286 2587 478 2645 quam
521 2570 706 2626 nolit:
766 2576 842 2625 n'e
903 2568 1256 2625 detrahendi
1299 2570 1682 2627 occasionem
1721 2570 1945 2627 inculta

287 2659 570 2716 materies
611 2658 967 2715 adversariis
991 2656 1274 2731 praebeat,
1299 2675 1373 2715 ne
1406 2658 1723 2715 ridiculum
1753 2660 1943 2716 oratio

288 2746 565 2821 impolita
640 2749 869 2814 perosis
901 2746 1197 2803 exhibeat.
1230 2744 1485 2811 Hinciiad
1516 2754 1566 2806 te
1595 2749 1772 2806 frater
1801 2750 1941 2805 cha-

286 2838 541 2905 rissima,
593 2837 883 2893 arbitrum
934 2837 1247 2893 scientiolae
1306 2854 1454 2894 mete
1515 2838 1940 2910 justissimum,

285 2943 445 3000 opus
473 2930 681 3000 ipsum
722 2925 939 3018 vilibus
969 2927 1169 3018 adhuc
1199 2927 1570 3018 membranis
1619 2928 1937 3018 digestum,
1973 2964 2012 3018 Ο

288 3018 487 3091 primo
516 3015 837 3091 procuravi
894 3016 1312 3083 transmittere,
1344 3022 1408 3072 ut
1438 3017 1699 3073 fraterno
1739 3017 1939 3073 elima-

287 3112 420 3163 tum
438 3105 686 3178 judicio,
706 3107 754 3161 si
777 3104 1147 3178 probaveris,
1170 3109 1373 3180 pateat
1395 3102 1486 3174 ;'_si
1505 3106 1938 3177 reprobaveris,

289 3199 506 3252 taceat.
547 3201 627 3252 Ac
654 3195 938 3267 deinceps
978 3200 1117 3251 tunc
1139 3195 1269 3266 jam
1299 3194 1317 3235 ί
1352 3194 1559 3251 illabili
1606 3210 1815 3265 gressu
1841 3213 1941 3251 cu-

295 3294 447 3339 neos
489 3300 874 3341 susurronum
922 3289 1154 3341 armata
1199 3285 1442 3341 dextera
1490 3283 1743 3352 scindat,
1777 3291 1834 3340 et
1864 3285 1942 3341 ad

293 3365 507 3425 ﬁdeles
567 3372 755 3424 suos!
798 3369 1172 3426 victoriando
1227 3369 1511 3426 accedat:
1568 3374 1632 3425 ut
1687 3369 1938 3442 simplici

288 3459 697 3516 exhortatione
738 3459 1100 3518 catholicum
1128 3460 1407 3516 imbuens
1445 3475 1710 3530 gregem,
1770 3459 1941 3533 quid-

285 3548 434 3621 quid
459 3548 661 3619 gloriie
707 3549 1036 3621 promeruit
1091 3550 1299 3605 vestris
1349 3549 1632 3606 laudibus
1662 3549 1941 3606 admitta-

288 3642 402 3705 tur,
436 3642 765 3712 vestraeque
805 3642 959 3711 parti
1002 3643 1123 3695 tota
1150 3639 1279 3710 ejus
1309 3638 1645 3695 benedictio
1683 3639 1940 3712 applice-

290 3731 402 3782 tur.
434 3727 530 3784 Sin
555 3744 694 3784 vero
726 3727 1066 3784 turbinibus
1115 3744 1239 3783 suae
1268 3727 1621 3784 obvolutum
1672 3728 1937 3798 signitiae,

289 3814 519 3873 silentio
549 3812 690 3874 eum
712 3816 1040 3874 decreveris
1066 3817 1310 3891 perenni
1340 3817 1555 3890 sopire,
1586 3817 1787 3873 nullus
1816 3835 1941 3873 mu-

284 3909 413 3961 tum
439 3906 703 3977 irridere,
722 3923 902 3963 nemo
935 3911 1226 3964 tacentem
1252 3906 1466 3979 poterit
1493 3906 1803 3962 infamare.
1833 3908 1942 3963 Un-

278 3996 356 4053 de
380 4012 591 4069 quaeso
620 3997 998 4053 serenitatem
1026 4002 1306 4066 vestram,
1341 4001 1402 4052 ut
1440 3994 1656 4051 intuitu
1685 3996 1939 4051 charita-

280 4085 376 4154 tis,
403 4100 530 4158 qua
557 4086 793 4159 utrique
842 4085 1379 4143 inconvulsibiliter
1414 4084 1791 4158 copulamur,
1822 4083 1939 4140 ele-

278 4174 479 4230 ctione
510 4174 734 4231 arbitrii
764 4175 949 4230 nostri
988 4175 1103 4230 hoc
1132 4190 1285 4247 opus
1334 4174 1681 4230 Memoriale
1707 4178 1940 4229 sancto-

275 4280 417 4320 rum
442 4268 727 4320 vocatum
754 4264 1159 4338 percurrendo
1188 4263 1538 4330 emendetis,
1569 4262 1940 4318 recensendo

349 4402 375 4429 ο
406 4388 530 4444 Aut
560 4389 860 4446 mendacii
905 4390 1244 4459 infamiam.
1296 4391 1379 4444 Ex
1425 4387 1648 4444 ﬁducia
1685 4386 1941 4446 veritatis

276 4459 363 4516 ita
392 4459 659 4531 loquitur
688 4460 1084 4516 subobscure.
1118 4464 1332 4517 MORAL.

353 4544 383 4584 δ
413 4529 563 4587 cum
605 4547 711 4587 nos
738 4532 980 4589 obtentu
1031 4548 1177 4601 ejus.
1210 4534 1275 4587 Et
1303 4531 1399 4586 hic
1436 4546 1560 4601 non
1607 4529 1940 4587 admodum

277 4601 599 4675 perspicue
638 4602 932 4675 loquitur,_
947 4606 1007 4675 et
1036 4600 1239 4658 tamen
1268 4601 1392 4657 zelo
1425 4600 1564 4657 ﬁdei
1593 4607 1650 4657 et
1683 4602 1942 4658 veritatis

283 4672 463 4727 etiam
494 4672 868 4729 ﬁduciaﬁhaac
899 4673 1196 4729 dicuntur.
1231 4675 1309 4729 In.

361 4755 385 4782 ε
414 4743 674 4816 Pitaciis,
707 4743 983 4816 Tabellas,
1013 4742 1449 4816 Graecepitatia
1479 4742 1777 4816 dicuntur.
1808 4744 1940 4816 Om:

284 4809 395 4867 nia
421 4819 613 4887 autem
653 4814 715 4870 in
745 4809 978 4887 quibus
1017 4809 1411 4887 scribebatur,
1453 4814 1707 4887 tabellas
1760 4814 1940 4885 prisci

282 4884 603 4948 vocabant,
634 4884 817 4942 tamet
843 4886 887 4941 si
915 4886 1272 4942 membrana
1293 4884 1447 4942 esset
1470 4891 1573 4943 aut
1602 4884 1825 4941 charta.
1863 4888 1935 4939 In.

350 4954 383 5081 εἰ
404 4956 525 5081 fer
555 4959 750 5080 vizria.
782 4956 1021 5030 Aliquid
1052 4958 1225 5014 desse
1259 4957 1529 5013 videtur:
1564 4956 1935 5024 discrimina,

350 5044 356 5081 ι
433 5043 563 5081 oca.
622 5046 670 5081 υ.

273 5042 383 5082 aut
410 5042 563 5083 1008.
594 5042 670 5082 Π).

346 5106 371 5132 ο
399 5098 554 5166 Quia
585 5098 832 5171 caeteris.
870 5098 1091 5171 subtile
1122 5099 1416 5171 quiddam
1447 5116 1582 5155 cum
1615 5099 1810 5155 dicere
1841 5115 1937 5171 cu-

271 5173 462 5243 peret,
497 5183 620 5243 non
651 5169 846 5243 potuit
874 5168 1615 5243 effugere—obscuritatem.
1667 5171 1811 5225 Cum
1844 5169 1934 5223 in-

273 5238 478 5315 digne,
527 5238 738 5315 inquit,
771 5242 920 5315 ferat
948 5238 1101 5315 opus
1134 5256 1198 5315 se
1237 5243 1552 5315 supprimi,
1603 5241 1801 5315 horret
1844 5245 1933 5315 ta-

272 5326 415 5384 men
440 5312 518 5384 inr
551 5311 767 5384 vulgus
815 5311 1001 5369 exire.
1032 5313 1204 5377 Cupit
1246 5311 1547 5384 etpariter
1576 5313 1741 5384 timet
1770 5311 1932 5366 evul-

271 5383 426 5464 gari.
465 5382 707 5464 Videtur
731 5384 1023 5464 pauculis
1056 5384 1264 5464 verbis.
1296 5382 1800 5455 comprehendere
1832 5398 1932 5463 vo-

269 5452 482 5526 luisse,
514 5453 682 5526 quod
729 5452 949 5526 librum
983 5472 1159 5510 suum
1190 5452 1525 5526 alloquens,
1572 5470 1692 5509 non
1720 5454 1930 5526 paucis

267 5524 555 5599 Versibus:
584 5525 856 5599 iloratius
887 5526 1249 5599 exsequitur.
1285 5524 1360 5581 lii.

341 5597 361 5637 ί
399 5596 643 5654 Illabili
663 5611 890 5695 gressu.
905 5600 1024 5655 Hoc
1045 5590 1139 5654 cst
1156 5596 1355 5669 ﬁrmo,
1368 5598 1428 5653 et
1444 5590 1612 5679 quod
1623 5591 1928 5655 labescere

2059 1689 2114 1741 et
2144 1687 2503 1742 anteriorem
2516 1687 2765 1756 jamque
2788 1685 3166 1739 obliteratum
3192 1682 3497 1753 fulgorem
3515 1682 3715 1737 catho-

2060 1774 2369 1844 licum,seu
2382 1775 2608 1845 fontem
2626 1775 2967 1829 obturatum
3002 1775 3137 1829 vitae
3153 1776 3709 1840 eetez'nw,saturum,

2057 1879 2134 1920 ea:
2156 1864 2299 1920 Jesu
2325 1871 2562 1934 pectore
2589 1863 3048 1919 scaturientibus
3071 1864 3375 1930 pro/luens
3406 1864 3590 1928 venis,
3623 1874 3709 1916 re-

2056 1955 2276 2008 serasti
2292 1953 2568 2020 ﬁdelibus
2595 1954 2906 2007 universis.
2938 1953 3048 2007 Ille
3068 1953 3243 2014 enim,
3266 1950 3370 2020 qui
3385 1949 3577 2004 aeta/is
3604 1963 3709 2002 no-

2055 2048 2199 2098 strte
2229 2043 2408 2111 hujus
2431 2043 2748 2097 miseratus
2770 2056 3051 2105 errorem,
3077 2040 3443 2094 athletarum
3466 2052 3709 2092 suorum

2057 2132 2355 2187 occultum
2387 2130 2735 2200 propalavit
2787 2144 3058 2200 agonem,
3104 2130 3228 2197 ipse
3266 2141 3550 2195 magnum
3578 2141 3708 2194 pra!

2055 2219 2323 2276 omnibus
2354 2219 2672 2288 inspiravit
2705 2210 3022 2287 do‘ctorem,
3046 2231 3215 2288 quem
3246 2216 3457 2270 talium
3480 2212 3709 2270 verissi-

2054 2324 2215 2364 mum
2235 2309 2571 2379 accingeret
2591 2307 2983 2362 laudatorem.
3004 2302 3213 2376 Vigore
3228 2318 3435 2372 nempe
3447 2301 3696 2359 aethereo

2055 2412 2175 2452 non
2206 2396 2507 2452 mundiali
2527 2396 2751 2451 caduco
2784 2395 3174 2459 accinctus,et
3192 2393 3530 2463 eloquentia
3548 2388 3709 2460 pari-

2056 2492 2146 2542 ter
2170 2486 2377 2541 divina
2410 2486 2792 2556 humanaque
2836 2489 3108 2551 ornatus,
3155 2487 3210 2537 et
3253 2482 3315 2536 in
3370 2480 3708 2536 hortatione

2054 2574 2338 2644 martyrii
2353 2574 2584 2643 primus
2616 2572 2869 2637 accuris,
2890 2578 2944 2627 et
2966 2572 3029 2626 in
3063 2569 3402 2639 defensione
3431 2568 3708 2623 Ecclesia:

2053 2670 2194 2720 ante
2218 2664 2369 2719 alios
2398 2664 2613 2719 milites
2624 2662 2910 2731 palestrd
2941 2665 3179 2717 aeterna
3208 2658 3527 2726 desudans,
3550 2656 3707 2712 bella

2051 2750 2292 2809 Domini
2317 2755 2626 2823 pralians,
2648 2766 2776 2822 pra:
2807 2752 3034 2807 cunctis
3060 2750 3345 2819 assurgis.
3385 2748 3525 2802 Vere
3540 2756 3707 2802 nam-

2051 2859 2165 2914 que
2192 2843 2297 2898 ille
2319 2844 2566 2911 spiritus
2589 2841 2771 2895 corda
2794 2846 3002 2895 vestrae
3017 2838 3353 2908 prudentiae
3383 2834 3710 2907 tetigit,qui

2051 2933 2192 2987 olim
2216 2934 2428 2987 missus
2460 2931 2763 2999 apostolis,
2798 2930 3127 2984 Ecclesium
3147 2927 3395 2981 diversis
3424 2924 3595 2979 donis
3616 2940 3709 2979 or-

2048 3021 2235 3076 navit.
2270 3021 2347 3074 Et
2377 3021 2483 3090 qui
2500 3019 2733 3081 heroas,
2759 3017 2832 3073 de
2859 3017 3070 3088 quibus
3099 3016 3423 3086 loquimur,
3445 3013 3707 3067 armavit

2049 3109 2132 3166 ad
2154 3124 2445 3179 pugnam,
2493 3108 2725 3176 aptavit
2752 3106 2834 3162 ad
2858 3107 3136 3177 gloriam,
3169 3109 3224 3160 et
3255 3100 3337 3158 ad
3382 3114 3701 3173 perennem

2050 3198 2334 3268 perduxit
2367 3212 2669 3264 coronam,
2722 3197 2847 3264 ipse
2874 3194 3015 3263 ﬁdei
3044 3198 3253 3250 vestrae
3281 3192 3699 3256 constantiam,

2052 3302 2122 3343 ac
2167 3287 2391 3355 linguae
2429 3286 2668 3341 disertae
2698 3284 3052 3353 facundiam
3094 3296 3193 3338 seu
3222 3280 3530 3351 sapientiae
3561 3293 3702 3348 pro-

2046 3376 2327 3445 ﬂuentem
2353 3372 2689 3430 doctrinam
2711 3373 2852 3441 plus
2872 3372 3045 3426 solito
3068 3385 3284 3426 acuens
3308 3370 3371 3423 in
3394 3368 3571 3451 rebus
3591 3364 3707 3423 sibi

2044 3465 2314 3535 placitis,
2342 3479 2405 3520 eo
2428 3464 2719 3533 dogmatis
2744 3461 2951 3517 imbuit
2974 3475 3240 3528 munere,
3266 3459 3292 3498 δ
3318 3474 3434 3530 quo
3464 3457 3578 3513 sibi
3605 3472 3706 3512 no-

2051 3560 2175 3609 tum
2208 3560 2290 3610 est
2321 3555 2436 3609 soli
2454 3555 2715 3622 placere.
2735 3552 2811 3606 Et
2842 3552 2976 3607 licet
3001 3549 3420 3618 philosophica
3442 3548 3705 3615 dictio,et

2053 3640 2323 3699 Tulliani
2363 3643 2551 3713 [ontis
2582 3640 2928 3697 redundans
2949 3640 3141 3695 oratio
3162 3639 3174 3677 ί
3198 3638 3518 3693 trimodum
3547 3634 3706 3691 illud

2053 3729 2333 3804 loquendi
2347 3746 2531 3801 genus
2549 3745 2661 3799 pro
2681 3730 2864 3784 insita
2881 3727 3159 3784 naturali
3178 3727 3413 3782 cautela
3431 3729 3700 3795 retentet,

2051 3825 2250 3878 tamen
2275 3820 2498 3889 majori
2514 3819 2693 3875 laude
2712 3817 3051 3874 habendum
3080 3821 3163 3872 est
3194 3814 3353 3887 quod
3376 3814 3702 3883 apostolico

2048 3924 2213 3965 more
2229 3909 2519 3978 digestum
2543 3907 2728 3961 est.ld
2750 3920 2869 3959 uno
2885 3905 3040 3960 enim
3067 3910 3118 3960 et
3137 3906 3419 3972 parvo,ut
3444 3901 3697 3968 videtur,

2051 3997 2432 4065 volumine,et
2455 3996 2651 4050 lumen
2683 3992 3100 4049 inenarrabile
3114 3992 3354 4061 profers
3376 3990 3592 4055 cteli,et
3614 4003 3704 4045 vc-

2050 4091 2345 4142 nustatem
2369 4086 2653 4141 sermonis
2674 4099 2793 4138 non
2808 4083 2998 4139 medie
3017 4086 3407 4151 repraesentas
3428 4078 3701 4135 humani:

2052 4175 2193 4230 dum
2217 4180 2269 4231 et
2283 4179 2589 4230 oratorum
2600 4174 2806 4242 ﬂorem
2819 4172 3086 4241 aspergis
3105 4169 3470 4225 rhetoricum
3475 4173 3553 4238 ,et
3568 4182 3703 4237 por-

2054 4264 2200 4335 rigis
2228 4262 2556 4335 legentibus
2577 4262 2771 4319 cibum
2800 4260 3089 4317 divinum.
3117 4258 3279 4315 Tibii
3305 4258 3527 4314 lacteus
3548 4256 3704 4312 Livii

2049 4388 2177 4460 jam
2208 4403 2332 4460 non
2362 4385 2657 4460 formidet.
2692 4389 2766 4440 In.

2124 4473 2148 4511 s
2215 4458 2596 4514 Victoriando
2623 4498 2635 4511 .
2695 4459 2989 4511 Novatum
3046 4452 3146 4508 illo
3197 4456 3487 4522 tempore
3517 4464 3698 4522 voca-

2051 4529 2286 4595 bulum,
2312 4529 2467 4584 sicut
2493 4533 2550 4583 et
2575 4526 2721 4598 illud
2751 4524 2934 4598 paulo
2964 4528 3104 4598 post
3115 4520 3694 4598 inconvulsibiliter:

2052 4603 2108 4656 et
2134 4593 2323 4656 multa
2352 4593 2891 4670 hujusmodi,qquae
2944 4593 3228 4649 omnibus
3274 4595 3417 4670 nota
3452 4594 3702 4670 annota-

2051 4671 2209 4727 tione
2228 4659 2454 4743 nostra'
2470 4684 2592 4743 non
2617 4659 2906 4743 indigent,
2938 4681 3077 4721 cum
3093 4735 3103 4743 _
3121 4661 3451 4743 praesertim
3479 4659 3700 4718 catalo-

2050 4739 2640 4822 gurnipsorumjam
2685 4731 2903 4811 in'ipso
2943 4731 3139 4809 operis
3190 4731 3483 4790 vestibulo
3514 4747 3701 4807 appo-

2049 4815 2671 4949 sufrgililgiilblinotum
2700 4883 2804 4935 est.
2851 4877 3111 4935 Obscure
3142 4873 3604 4950 aliquantulum,
3634 4877 3702 4950 ut

2047 4953 2164 5009 alia
2191 4944 2496 5025 quaedam,
2524 4951 2690 5007 dixit.
2738 4953 2819 5025 Eo
2849 4953 3181 5025 te__i_nunere
3233 4944 3384 5025 Deus
3427 4944 3698 5025 donavit,

2091 5017 2319 5098 uod'illi
2347 5017 2696 5098 repensum,
2728 5020 2876 5098 solet
2902 5020 2981 5098 illi
3010 5020 3265 5093 placere.
3302 5017 3467 5098 Novit
3495 5021 3699 5098 autem

2091 5041 2209 5081 uoa
2239 5041 2319 5080 llll
2347 5041 2696 5098 repensum,
2728 5041 2876 5077 SOlet
2902 5041 2981 5076 Iul
3011 5041 3265 5093 placere.
3302 5041 3467 5074 uuvu.
3495 5041 3697 5075 autem

2044 5041 2138 5153 ille
2169 5096 2353 5163 solus,
2383 5100 2441 5152 et
2480 5092 2647 5163 quod
2679 5091 2919 5150 tandem
2949 5091 3063 5147 hoc
3106 5104 3329 5163 munus
3360 5088 3452 5158 sit,
3485 5090 3543 5143 et
3572 5102 3697 5163 quo

2043 5173 2221 5240 pacto
2255 5160 2466 5240 eodem
2496 5160 2723 5240 donati,
2749 5164 2810 5240 in
2840 5163 3030 5240 ipsius
3065 5160 3425 5240 obsequium
3457 5160 3695 5229 gratum

2043 5234 2236 5295 eidem
2267 5242 2323 5294 et
2345 5234 3066 5309 jucundum_refuii_dant_._
3088 5237 3161 5288 In.

2113 5313 2127 5352 ί
2170 5299 2513 5366 Trimodum
2543 5305 2980 5382 illud.__Triplex
3000 5302 3470 5382 dicendigenue
3501 5299 3701 5382 rhetp-

2039 5398 2134 5437 res
2164 5371 2868 5451 distinguunt,_sublime,
2883 5375 3203 5451 mediocre,
3223 5379 3279 5451 et
3308 5371 3614 5451 infimum.
3630 5373 3697 5451 in

2038 5451 2197 5506 idem
2224 5442 2382 5514 pene
2428 5442 2701 5506 recidunt
2728 5442 3040 5514 Asianum,
3086 5442 3404 5511 Rhodium,
3465 5444 3520 5497 et
3548 5442 3695 5495 Atti-

2037 5535 2407 5649 οιῖωῐᾶέὲἱεω
2418 5591 2589 5649 Levii
2598 5590 2880 5649 subditur
2897 5588 3112 5647 omnis.
3127 5583 3241 5643 Titi
3262 5584 3405 5643 Livii
3426 5576 3691 5658 plenam,
