4110 6190
476 150 673 203 735Ϊ

1671 143 1728 200 S.
1768 140 2053 199 EULOGII
2092 141 2415 201 ARCHIEP.
2456 148 2698 207 TOLET.

3824 162 3937 216 736

469 268 751 325 subditur
772 269 972 337 annis,
1024 266 1135 321 tibi
1162 266 1358 321 dulcis
1405 266 1566 323 cedet
1618 266 1731 322 illa
1758 278 1783 307 ιι
1813 267 2123 323 saecularis
2150 268 2199 321 A
2236 284 2377 339 gas;
2411 278 2608 330 tamen
2635 277 2969 333 cavendum
2995 282 3079 333 est
3108 277 3347 347 iterum,
3376 293 3451 333 ne
3477 279 3617 335 dum
3653 280 3939 338 humili-

473 358 684 427 lingua
710 356 977 420 Catonis,
1000 356 1240 423 fervens
1271 370 1503 425 quoque
1529 355 1937 412 Demosthenis
1967 357 2125 427 inge-

472 445 653 503 nium.
676 448 731 499 et
760 442 921 498 dives
947 443 1237 504 Ciceronis
1256 443 1398 497 olim
1421 444 1739 514 eloquium,
1755 445 2125 516 ﬂoridusque

470 531 898 600 Quintilianus.
932 531 959 570 δ
982 531 1061 585 Ει
1094 531 1321 587 dudum
1345 537 1730 601 praeconatus
1758 534 1915 603 stylo
1946 534 2010 589 in
2040 549 2123 589 re-

469 620 574 675 bus
594 619 850 690 perditis
879 624 935 675 et
964 618 1227 685 caducis,
1243 624 1297 675 et
1329 619 1527 676 labilis
1550 622 1662 676 zvi
1688 627 1892 677 rotatu
1918 622 2126 678 decur-

464 709 567 780 sis,
597 708 901 779 omnisque
951 709 1120 765 mille
1160 708 1474 779 generibus
1521 711 1764 766 exculta
1820 710 2119 777 doctrina,

465 802 814 868 comparata
841 799 1307 855 luculentissimo
1328 800 1514 869 operi,
1531 799 1790 857 obsoleta
1819 806 1924 871 est,
1948 807 2001 857 et
2032 801 2122 856 in-

460 888 644 957 fecta.
665 889 985 944 Terrestris
998 888 1218 959 quippe
1236 888 1400 944 nitor
1414 891 1831 959 aquiparatur
1850 906 1926 947 ea:
1944 892 2121 948 nulla

454 980 637 1046 parte
651 977 892 1043 caelesti,
913 982 967 1033 et
978 978 1326 1033 immortale
1345 980 1649 1049 ingenium
1675 980 2007 1036 immortali
2024 996 2121 1037 ea:-

465 1066 707 1120 tollitur
751 1065 947 1121 laude.
1005 1066 1206 1121 Nescit
1233 1080 1492 1137 namque
1516 1068 1687 1135 ﬁniri
1709 1084 1844 1124 cum
1873 1070 2115 1133 smeulo,

461 1154 622 1226 quod
650 1156 939 1211 collatum
969 1161 1053 1211 est
1082 1155 1236 1211 dono
1264 1172 1543 1225 superno.
1594 1158 1799 1213 Bonus
1828 1161 1985 1216 enim
2020 1158 2120 1214 ho-

460 1259 556 1300 mo
580 1244 653 1301 de
682 1243 831 1299 bono
862 1243 1141 1300 thesauro
1180 1244 1422 1315 profert
1449 1261 1519 1303 ea
1548 1262 1681 1319 quae
1698 1248 1849 1303 bona
1873 1254 2035 1317 sunt,
2066 1255 2122 1305 et

459 1332 669 1388 doctus
693 1347 731 1389 a
759 1333 878 1389 Deo
903 1332 1100 1389 scriba
1119 1333 1192 1389 de
1229 1333 1510 1390 thesauro
1544 1336 1642 1391 Dei
1664 1337 1901 1406 profert
1930 1352 2106 1405 nova,

460 1426 515 1476 et
542 1424 764 1488 vetera,
788 1421 861 1477 de
885 1422 1096 1492 quibus
1118 1423 1337 1478 summi
1360 1423 1564 1478 Patris
1594 1431 1763 1494 regat
1780 1426 2103 1493 familiam.

532 1509 794 1577 Ornasti,
828 1512 916 1566 mi
963 1512 1347 1579 sanctissime,
1381 1518 1604 1570 nostrae
1657 1515 1848 1570 atatis
1897 1515 2114 1571 ultima

2237 361 2352 414 tati
2378 362 2624 420 nimium
2655 368 2858 430 servis,
2898 367 3201 436 infringas
3242 367 3531 435 judicium
3580 371 3934 428 veritatis:

2233 447 2375 505 dum
2400 452 2691 520 inﬁmum,
2726 461 2781 510 et
2806 471 2975 526 quem
3027 461 3091 510 tu
3120 455 3372 510 inscium
3403 459 3723 515 multoties
3769 477 3939 517 com-

2222 539 2515 611 probasti,
2541 548 2726 599 tantae
2762 545 3031 601 materiae
3068 547 3441 615 superponis,
3472 553 3529 603 et
3557 557 3936 617 pretiosum

2230 643 2267 682 a
2296 629 2405 684 vili
2427 646 2544 686 non
2575 633 2767 688 solum
2798 648 2917 688 non
2944 634 3220 702 secernis,
3262 634 3365 689 sed
3393 637 3554 706 quod
3583 642 3811 710 magis
3842 648 3932 697 est

2229 718 2550 775 verendum
2581 736 2744 777 caeno
2773 722 3029 793 limoque
3055 722 3330 778 involvzs.
3372 723 3582 781 Verum
3614 730 3787 797 quia
3820 746 3933 786 no-

2227 810 2368 862 strae
2396 823 2556 864 cura:
2589 813 2743 881 (quae
2766 811 2944 866 nulla
2973 810 3075 879 est)
3128 809 3288 866 hunc
3319 813 3666 885 tacendum,
3701 818 3933 886 publi-

2227 895 2557 952 candumve
2612 899 2899 969 injungis,
2954 899 3255 967 patienter
3312 901 3524 970 perfer
3615 912 3926 965 nostram

2227 987 2601 1053 sententiam,
2650 992 2704 1042 et
2751 988 2943 1055 ipsum
2994 986 3251 1043 codicem
3295 988 3522 1045 sidereo
3567 994 3927 1060 splendore

2228 1087 2537 1129 coruscum
2566 1076 2648 1131 ad
2701 1077 3027 1131 multorum
3053 1076 3377 1145 remedium
3422 1080 3641 1150 solida,
3669 1085 3732 1137 si
3786 1085 3928 1142 dici

2224 1161 2323 1229 las
2355 1163 2680 1229 est,litteris
2705 1165 2769 1218 in
2800 1165 3923 1235 aeternumﬂgistiautem,beatissime

2226 1251 2429 1316 Pater,
2462 1267 2702 1309 carmen
2727 1269 3030 1322 sonorum,
3062 1268 3176 1325 quo
3205 1256 3412 1310 mortis
3442 1262 3638 1314 metus
3671 1277 3919 1320 exoran-

2227 1344 2385 1393 tatus
2407 1341 2679 1410 e/fugiat.
2695 1347 2749 1397 et
2771 1342 3023 1411 antiqua
3038 1342 3232 1411 glacie
3251 1342 3509 1400 duratus
3526 1350 3751 1405 animae
3772 1359 3914 1408 stu-

2221 1442 2353 1496 por,
2386 1430 2700 1500 frigusque
2744 1431 3058 1500 pellatur:
3115 1446 3233 1502 qua
3265 1433 3437 1488 calor
3480 1436 3619 1492 vitae
3650 1445 3706 1494 et
3733 1442 3911 1511 ignis

2225 1514 2330 1569 ille
2359 1515 2621 1585 deiﬁcus,
2648 1533 2817 1588 quem
2848 1517 3125 1574 Christus
3158 1520 3318 1575 venit
3349 1522 3608 1594 mittere,
3650 1529 3901 1604 ardeat,

461 1602 748 1667 tempora,
776 1605 831 1655 et
872 1601 1163 1656 secuturis
1194 1602 1676 1670 generationibus
1713 1603 1951 1659 odorem
1980 1618 2117 1661 nec-
2146 1621 2184 1673 Β
2222 1609 2275 1657 et
2298 1605 2580 1660 exstincti
2611 1606 2916 1676 carbones,
2966 1608 3059 1663 vel
3102 1623 3358 1677 corpora
3388 1618 3648 1685 mortua,
3692 1601 3901 1685 ﬂante

459 1692 693 1743 tareum
708 1690 1078 1757 propinasti:
1113 1693 1178 1743 ut
1208 1704 1245 1745 a
1274 1691 1659 1760 generatione
1689 1692 1752 1747 in
1782 1694 2116 1762 generatio-

456 1791 589 1833 nem
615 1783 823 1833 nostra
846 1782 989 1834 aetas
1023 1778 1394 1848 laudetur,et
1415 1795 1627 1836 nomen
1658 1787 1826 1837 tuum
1849 1783 2115 1839 redoleat

454 1867 518 1921 in
549 1865 839 1921 universis
889 1865 1110 1935 ﬁnibus
1141 1872 1336 1923 terra.
1370 1868 1491 1924 Nec
1535 1870 1711 1939 vigor
1737 1870 1974 1925 divinus
2008 1871 2116 1926 hu—

458 1970 637 2011 mano
660 1956 963 2024 praeconio
991 1954 1253 2025 indiget:
1277 1961 1331 2012 et
1351 1958 1513 2027 quod
1539 1972 1648 2027 per
1670 1973 1731 2014 se
1754 1964 1949 2014 exstat
1984 1961 2113 2015 lau-

454 2042 676 2110 dabile,
710 2043 877 2099 haud
903 2043 1147 2099 dubium
1180 2045 1326 2115 quid
1355 2046 1419 2101 in
1456 2047 1663 2115 prima
1682 2048 2009 2117 gloriosum
2037 2050 2114 2103 sit

449 2132 901 2202 facie.Pulcher
930 2133 1108 2196 enim,
1136 2149 1281 2189 mox
1311 2139 1375 2189 ut
1400 2135 1661 2201 videtur,
1686 2137 1821 2192 licet
1851 2152 1888 2192 a
1941 2138 2115 2207 longe

452 2221 749 2287 videatur,
802 2227 1095 2293 amatur;
1148 2227 1200 2278 et
1232 2235 1256 2263 ο
1302 2223 1631 2293 ignicomus
1682 2226 1874 2281 centri
1918 2226 2115 2282 viator

453 2311 765 2380 confestim
781 2317 849 2366 ut
870 2311 1088 2381 oritur,
1120 2313 1257 2368 σωιί
1281 2314 1488 2369 oculus
1510 2315 1935 2384 comprobatur
1959 2333 1971 2370 :
2004 2331 2112 2371 nec

451 2413 694 2467 operoso
733 2399 961 2468 inniget
991 2401 1140 2466 visu,
1183 2401 1289 2471 qui
1314 2417 1435 2457 non
1484 2402 1819 2459 videntibus
1860 2404 2104 2459 oriendo

444 2485 672 2553 praebet
702 2492 1005 2554 aspectum
1017 2526 1029 2540 .

524 2568 693 2634 Quod
721 2584 860 2625 vero
906 2571 1240 2629 humilitati
1264 2576 1590 2643 serviendo,
1620 2592 1746 2633 meo
1780 2578 1983 2632 subolis
2004 2581 2105 2646 ju-

448 2656 620 2722 dicio,
651 2658 816 2728 quod
840 2657 1045 2715 divino
1068 2661 1388 2718 intruxisti
1413 2667 1701 2734 oraculo;
1745 2666 1876 2721 licet
1902 2668 1973 2721 ob
2002 2683 2104 2722 no-

446 2748 637 2800 stram
667 2744 1120 2815 aediﬁcationem
1142 2747 1169 2788 ἀ
1195 2764 1301 2807 tua
1347 2751 1510 2808 dicta
1542 2754 1794 2822 inﬁcias,
1826 2761 1882 2810 et
1914 2757 2103 2810 satius

451 2834 760 2890 veritatem
795 2850 833 2891 a
873 2850 981 2892 suo
1024 2839 1282 2895 tramitis
1301 2855 1508 2911 gressu
1530 2842 1593 2898 in
1615 2843 1920 2915 obliquum
1949 2860 2102 2901 mer-

449 2959 507 3034 et
523 2954 683 3034 dul_ci
701 2958 968 3028 quadam
978 2960 1388 3034 aequabilitate
1408 2964 1846 3023 redundantem
1868 2967 2101 3025 uberta-
2130 2976 2168 3029 C

450 3033 590 3109 tem.
615 3027 881 3109 lacteum
899 3027 1145 3109 primus
1157 3034 1370 3109 Fabius
1398 3037 1736 3109 appellavit.
1761 3039 1902 3094 Inde
1920 3040 2099 3095 Divus

447 3099 843 3229 giertongmus
866 3099 1058 3160 lacteo
1090 3104 1257 3161 illum
1284 3099 1635 3180 eloquentiae
1666 3110 1827 3166 fonte
1851 3126 2098 3168 manare

492 3188 568 3227 1x1
601 3211 613 3223 .
695 3187 859 3228 ORAL.

492 3188 613 3227 ixu.
695 3188 859 3228 ORAL.

516 3255 540 3283 ι
569 3188 889 3317 δωῗμιανὶε
921 3246 1131 3317 lingua
1156 3247 1418 3305 Catonis.
1447 3254 1570 3306 Non
1594 3251 1768 3308 video
1790 3268 1896 3308 cur
1917 3269 2097 3309 saecu-

452 3310 649 3400 larem
672 3314 918 3400 Catonis.
955 3310 1221 3400 linguam
1253 3320 1660 3400 appellaverit.
1698 3322 1991 3400 Nisiforte
2034 3325 2095 3380 in

448 3383 694 3465 nomine
715 3384 953 3465 Qatonis
983 3383 1272 3465 mendum
1288 3383 1453 3465 insit,
1500 3397 1604 3447 aut
1629 3392 1692 3448 in
1720 3395 2000 3465 epitheto,
2033 3400 2097 3451 ut

441 3454 775 3521 singularis
801 3453 1124 3521 legendum
1158 3458 1250 3511 sit.
1286 3463 1363 3513 In.

514 3526 541 3565 ι»
573 3522 646 3601 Et
677 3523 1528 3616 dudum_prteconatus.‘Hunc
1559 3536 1884 3616 auctorem,
1911 3551 2092 3616 quem

439 3591 703 3671 maxime
749 3592 1022 3673 omnium
1079 3597 1457 3678 nominatum
1514 3603 1793 3678 oportuit,
1852 3591 2092 3678 reliquit

444 3661 574 3742 sine
616 3662 859 3743 nomine
884 3680 903 3743 ;_
928 3679 1037 3743 nec
1063 3665 1331 3743 divinare
1352 3670 1529 3725 datur
1544 3661 1726 3743 quem
1749 3661 2001 3731 innuat.‘
2013 3678 2093 3732 Et

440 3732 785 3819 conjunctio
803 3733 1045 3816 quidem
1070 3736 1275 3819 deerat
1312 3740 1370 3819 in
1401 3732 1749 3819 exemplari,
1782 3745 2091 3819 fueratque

443 3803 843 3883 superaddita
880 3806 1484 3883 prisca_adm_odum,
1516 3803 1902 3873 et‘Mozarabi
1946 3803 2090 3873 scri-

435 3875 633 3947 ptura,
669 3875 839 3931 sicuti
881 3875 939 3932 et
985 3878 1174 3936 multa
1221 3881 1342 3937 alia
1375 3875 1555 4010 scalpe.
1593 3888 1657 3942 Et
1706 3888 2091 3945 manifestum

436 3945 640 4010 utique
665 3952 753 4002 est
781 3949 1266 4010 conjunctionem
1295 3954 1373 4009 ab
1405 3956 1450 4008 Α
1479 3972 1624 4010 varo
1652 3957 2085 4010 interpositam:

436 3945 640 4018 utique
665 3952 753 4028 est
781 3949 1266 4018 conjunctionem
1295 3945 1624 4029 abAIvaro
1652 3957 2085 4029 interpositam;

434 4018 819 4142 ξὲἓέιθιξηίω
842 4035 977 4091 quas
1004 4028 1338 4093 sequuntur
1360 4026 1721 4091 Quintiliano
1746 4018 1924 4087 trﬂsui
1953 4018 2089 4104 pos;

436 4232 1231 4250 “M-

1234 4242 1591 4254 η-ο--α--ι--ι-

2223 1706 2297 1746 ex
2325 1700 2584 1762 quatuor
2601 1694 2880 1763 partibus
2908 1696 3123 1751 mundi
3159 1698 3399 1765 spiritu,
3442 1701 3661 1772 vivant,
3691 1711 3746 1759 et
3774 1708 3884 1760 lu-

2221 1795 2354 1836 men
2384 1781 2643 1838 Arabico
2660 1783 2797 1838 dolo
2824 1785 3183 1840 exstinctum
3208 1787 3516 1855 recipiant.
3534 1790 3723 1847 Macte
3746 1796 3873 1848 vir-

2222 1875 2365 1941 tute,
2396 1877 2585 1926 macte
2611 1873 2821 1942 gloriae
2864 1888 3095 1941 semper
3125 1873 3447 1939 habendus,
3495 1879 3596 1947 qui
3622 1894 3738 1935 non
3760 1896 3860 1936 so-

2222 1958 2346 2012 lum
2398 1960 2620 2029 linguae
2670 1962 2733 2015 in
2760 1961 3040 2017 laudibus
3071 1964 3475 2032 confessorum
3510 1968 3732 2023 solvisti
3775 1971 3870 2040 of-

2217 2048 2483 2114 Ιτὶίιὶιιγη,θ
2514 2052 2901 2106 verumetiam
2933 2051 3003 2105 ob
3032 2053 3151 2107 oris
3176 2055 3439 2123 gratiam
3473 2056 3536 2110 in
3552 2060 3879 2125 prtemium

2219 2138 2623 2206 confessorum
2651 2153 2726 2195 ea:
2762 2146 2940 2209 parte
2969 2142 3149 2196 sentis
3185 2143 3591 2215 supplicium;
3619 2152 3675 2202 et
3718 2148 3882 2205 inter

2216 2240 2374 2281 saeva
2401 2228 2671 2283 claustra
2697 2233 2751 2284 et
2778 2234 2949 2285 arcta
2983 2230 3268 2287 custodite
3313 2232 3560 2290 verbum
3592 2238 3769 2307 regni
3797 2254 3881 2295 se-

2217 2330 2373 2378 rens,
2403 2317 2669 2386 feliciori
2688 2319 2881 2386 polles
2908 2319 3181 2374 victoria.
3216 2320 3671 2381 Praeconandus
3700 2341 3882 2383 saecu-

2219 2404 2291 2457 lis
2322 2405 2636 2464 universis.
2669 2407 2775 2476 qui
2803 2416 2858 2463 et
2887 2408 2949 2461 in
2978 2409 3290 2476 suppliciis
3327 2413 3563 2478 positus
3606 2416 3873 2486 linguam

2214 2508 2332 2546 non
2357 2493 2605 2562 cohibet,
2631 2499 2686 2548 et
2705 2510 2815 2563 pro
2838 2495 3106 2551 omnibus
3135 2498 3296 2552 solus
3322 2515 3443 2554 non
3468 2506 3649 2558 tacet.
3666 2505 3874 2574 Splen-

2213 2580 2398 2641 desce.
2432 2587 2485 2636 et
2533 2584 2816 2651 ampliori
2859 2585 3100 2651 lumine,
3144 2600 3259 2655 quo
3296 2587 3518 2658 fulges,
3570 2594 3870 2651 ctaresce:

2211 2670 2352 2738 quia
2384 2672 2641 2738 reposita
2673 2677 2813 2726 sunt
2842 2674 3111 2741 praemia,
3141 2678 3197 2729 et
3224 2678 3639 2746 centuplicata
3657 2687 3715 2737 te
3745 2699 3871 2740 ma-

2210 2762 2307 2812 net
2334 2774 2574 2825 corona,
2608 2774 2828 2831 nosque
2872 2766 2971 2816 tuo
3009 2764 3322 2833 suffragio,
3365 2781 3483 2836 quo
3521 2784 3759 2840 semper
3783 2774 3871 2843 fo-

2213 2846 2364 2914 visti,
2395 2852 2577 2904 tuere.

2282 2971 2671 3052 f_lgnicomus
2716 2975 2908 3052 centri
2934 2976 3153 3052 viator.
3200 2978 3509 3045 Tragicum
3550 2980 3732 3052 plane
3767 2991 3863 3042 est

2208 3042 3080 3123 epithetonsquemadmodum
3109 3052 3165 3103 et
3208 3042 3498 3131 poeticum
3530 3042 3707 3107 etiam
3734 3061 3846 3120 est,

2209 3113 2399 3168 solem
2428 3114 2554 3168 coeli
2577 3114 2818 3170 oculum
2846 3117 3168 3181 appellare.
3218 3122 3407 3176 Mundi
3435 3120 3639 3177 oculus
3672 3125 3840 3181 anud

2209 3129 2399 3168 smem
2428 3129 2554 3168 ccell
2577 3129 2818 3170 oculum
2846 3129 3168 3188 appellare.
3218 3129 3407 3176 Mundi
3435 3129 3639 3177 oculus
3672 3139 3750 3197 ap

2207 3185 2461 3258 Ovidii.
2495 3187 2880 3258 Metamorph.
2929 3192 2999 3243 In.

2275 3256 2315 3336 d_
2347 3257 2658 3339 Tua-dicta
2680 3256 2933 3339 inﬁcias.
2985 3262 3253 3339 Hocest:
3302 3263 3416 3319 hoc
3437 3262 3654 3339 colore,
3680 3266 3856 3339 quod

2204 3324 2692 3402 dicistintingas,
2738 3324 2953 3402 ethoc
2977 3336 3271 3402 praetextu
3301 3335 3507 3390 utaris.
3554 3339 3621 3392 Et
3641 3324 3858 3395 'satius

2202 3397 2555 3522 griis'erbium
2577 3397 2729 3454 mox
2759 3397 3033 3456 additum
3057 3419 3167 3475 pro
3189 3407 3434 3462 cautius
3448 3408 3713 3479 positum
3735 3425 3862 3466 cre-

2246 3484 2287 3521 ι(
2310 3484 2476 3523 erum.
2541 3486 2588 3523 ι).

2276 3510 2726 3595 filatim-etiam
2771 3542 2846 3597 ab
2896 3545 3014 3598 oris
3051 3547 3335 3616 gratiam.
3365 3548 3590 3605 Subtile
3621 3557 3680 3607 et
3719 3552 3862 3608 inde

2200 3608 2547 3688 obscurum,
2604 3608 3173 3688 prmterquamquod
3228 3617 3360 3688 ipsa
3410 3621 3596 3676 verba
3653 3624 3861 3680 nescio

2245 3679 2345 3734 uid
2373 3694 2479 3751 per
2522 3679 2724 3736 leium
2751 3679 3309 3743 involvun't.Sensus
3338 3695 3463 3746 est:
3495 3694 3625 3748 Non
3656 3679 3860 3750 solum

2198 3696 2399 3805 36ὺὶιο
2420 3698 2618 3805 οἶὲοἱο
2647 3752 2864 3805 IIﬂQllfB
2895 3756 3179 3805 fungaris-
3201 3760 3579 3805 nrmfpsenrnc
3606 3764 3860 3805 lanﬂnn-

2242 3750 2399 3805 ebito
2420 3750 2618 3827 ofﬁcio
2647 3752 2877 3827 linguae
2895 3756 3180 3827 iungeris,
3201 3760 3579 3818 confessores
3603 3764 3862 3821 laudan-

2198 3820 2311 3889 do;
2344 3822 2449 3903 sed
2468 3820 2785 3911 praempium
2809 3826 2983 3910 etiam
3006 3820 3326 3911 laudabilis
3346 3832 3447 3911 buj
3459 3850 3528 3888 us
3549 3820 3733 3911 ofﬁcii
3756 3820 3858 3892 as-

2197 3894 2489 3964 sequeris,
2521 3894 2881 3951 confessoris
2914 3900 3041 3969 jam
3064 3894 3855 3977 sustinendo'supplicium.

2195 3963 2282 4018 Ob
2312 3969 2606 4035 martyres
2651 3965 2927 4024 laudatos
2956 3986 3026 4025 eo
3066 3986 3315 4028 munere
3347 3990 3384 4030 a
3424 3977 3542 4031 Deo
3568 3978 3854 4035 aﬂiceris.

2196 3981 2282 4018 un
2312 3981 2606 4047 martyres
2651 3981 2927 4024 laudatos
2956 3986 3026 4025 eo
3066 3986 3315 4052 munere
3347 3990 3384 4030 a
3425 3981 3542 4031 Deo
3568 3981 3854 4049 atﬁceris,

2196 4039 2261 4090 ut
2290 4051 2444 4107 pene
2469 4053 2600 4109 Jam
2628 4042 2858 4111 martyr
2885 4040 3178 4097 efﬁciams.
3215 4044 3290 4098 In.

2679 4259 3027 4273 —___._.__

427 4336 664 4418 DIVI
730 4338 1171 4423 EULOGII
1230 4343 1345 4424 1N
1410 4345 1861 4430 PRIMUM
1923 4352 2354 4438 LIBRUM
2410 4357 3106 4445 MEMORIALIS
3179 4367 3859 4455 SANCTORUM
3922 4324 3933 4335 ἢ

1837 4484 2441 4573 ΡΡιίΕῈΑΤΙΟ.

1908 4645 2329 4662 _

492 4737 516 4765 ι
554 4727 733 4795 t.Ego
747 4725 820 4799 (1)
839 4726 1097 4821 quidem
1108 4727 1399 4821 volumen
1429 4728 1545 4786 hoc
1559 4732 1923 4821 _Mrmoriale
1941 4753 2078 4795 san-
2116 4739 2161 4792 D
2188 4756 2302 4813 pra
2318 4743 2745 4804 solidissimam
2760 4752 2994 4821 petram
3009 4750 3272 4810 fundatis
3288 4755 3505 4813 dicavi:
3524 4762 3592 4815 ut
3610 4763 3850 4818 tantum

436 4815 667 4866 ciorum
693 4814 1028 4885 appellans,
1062 4816 1174 4873 illis
1199 4819 1619 4876 tantummodo
1647 4822 1721 4894 (2)
1750 4825 2089 4897 ascysteriis

425 4904 995 4969 commentaveram,
1017 4920 1049 4957 e
1079 4906 1301 4976 quibus
1333 4908 1497 4980 prior
1522 4909 1616 4964 ille
1648 4914 2087 4970 monachorum

423 4981 639 5052 globus
664 4984 742 5039 ad
771 4987 1175 5045 resistendum
1215 4995 1681 5053 mendacissimo
1707 5000 1829 5054 vati
1853 5016 2085 5070 proces-

422 5074 599 5124 serat.
631 5070 744 5125 Sed
774 5077 1096 5144 postquam
1124 5093 1196 5132 ex
1226 5079 1497 5147 urbibus,
1524 5083 1752 5154 viculis,
1780 5085 2085 5143 obbidicu-

418 5156 510 5221 lis,
543 5161 600 5215 et
628 5159 884 5215 castellis
914 5164 1182 5221 certatim
1208 5155 1490 5237 proruere
1525 5171 1604 5227 ad
1631 5172 1748 5228 hoc
1779 5178 2079 5233 certamen

417 5247 581 5303 viros
625 5264 695 5304 ac
721 5248 1002 5306 mulieres
1032 5255 1307 5323 cognovi,
1361 5272 1558 5331 neque
1584 5276 1956 5332 quemquam
1983 5282 2080 5321 ve-

414 5336 533 5395 reri
577 5337 849 5410 praesidis
897 5339 1155 5397 tribunal
1203 5346 1489 5417 comperi,
1540 5348 1645 5404 sed
1709 5365 1919 5407 omnes
1966 5371 2076 5427 pro

416 5430 856 5495 testamento,et
875 5426 1110 5498 legibus
1133 5432 1233 5487 Dei
1257 5434 1442 5489 nostri
1459 5441 1711 5494 mortem
1734 5426 2078 5501 incunctan-

416 5519 502 5572 ter
526 5515 779 5588 elegisse
811 5518 1098 5590 conspexi
1126 5538 1139 5575 :
1174 5520 1468 5578 universis
1513 5523 1661 5583 illud
1686 5528 1958 5587 Ecclesiis
1982 5550 2077 5590 su-

2195 4830 2483 4889 haberent
2515 4837 2709 4892 cuncti
2738 4837 2812 4893 de
2842 4839 3145 4912 triumpho
3173 4859 3382 4901 eorum
3414 4863 3537 4903 suae
3569 4849 3851 4907 consola-

2194 4920 2369 5009 tionis
2398 4927 2454 4978 et
2483 4924 2683 4992 glorise
2712 4928 3057 5001 exemplum
3096 4935 3153 4987 et
3181 4935 3495 5007 gaudium,
3544 4945 3849 5009 quantum

2193 5006 2302 5064 fuit
2326 5010 2457 5066 illos
2487 5028 2560 5067 ex
2589 5014 2837 5071 diversis
2864 5017 2979 5074 loci
3019 5021 3277 5089 venisse,
3310 5029 3368 5078 et
3405 5024 3466 5080 in
3497 5006 3849 5100 exemplum

2192 5097 2367 5151 totius
2400 5099 2669 5157 Ecclesiae
2701 5104 3046 5163 discrimina
3073 5111 3431 5182 passionum
3458 5097 3733 5173 subiisse.

2257 5188 2310 5238 2.
2327 5186 2593 5281 sedreor
2611 5192 2777 5262 quod
2798 5194 2950 5251 inter
2968 5196 3130 5271 ipsos
3157 5199 3319 5255 haud
3342 5202 3524 5259 dubie
3545 5205 3845 5281 principa-

2341 5274 2569 5368 o_btinet
2591 5284 2830 5368 sanctus
2851 5285 3019 5342 Isaac
3048 5288 3404 5359 monachus,
3437 5292 3514 5361 (3)
3545 5274 3654 5365 qui
3680 5274 3848 5368 prior

2186 5363 2264 5431 (4)
2294 5378 2325 5418 e
2357 5363 2699 5422 Tabanensi
2728 5372 2996 5429 caenobio
3015 5375 3077 5431 in
3105 5376 3303 5434 forum
3333 5363 3728 5448 descendens,
3748 5386 3846 5455 ju-

2186 5448 2381 5538 dicem
2414 5454 2764 5529 adiit,atque
2784 5459 2876 5515 his
2900 5462 3097 5519 verbis
3126 5481 3262 5522 eum
3288 5469 3691 5538 aggreditur.«
3714 5448 3845 5529 Vici.

2182 5536 2301 5594 lem
2332 5540 2569 5615 (inquit)
2605 5547 2816 5620 judex,
2870 5550 3061 5607 cultor
3088 5553 3225 5610 fidei
3275 5536 3552 5614 strenuus
3600 5560 3750 5629 ﬁeri,
3788 5562 3837 5618 si

484 5613 511 5646 ι
541 5605 683 5664 Vide
712 5606 950 5665 Scholia
980 5607 1281 5667 Ambrosii
1311 5613 1543 5671 Moralis
1574 5615 1748 5691 infra,
1771 5619 1851 5676 ad
1878 5622 2103 5680 calcem
2132 5605 2385 5698 operum
2413 5605 2477 5686 l3.
2509 5605 2755 5704 Eulogii.
