4106 6174
236 159 344 212 737

1285 166 1687 224 MEMORALIS
1727 167 2130 229 SANTORUM.
2150 204 2221 217 -
2238 178 2601 236 PREFATIO

3552 186 3657 239 738

237 278 426 375 modo
454 283 518 334 tu
546 294 670 335 non
721 280 989 375 differres
1017 284 1289 375 ordinem
1319 288 1732 362 rationemque
1761 291 1893 361 ejus
1928 295 1978 349 A
2006 295 2277 366 innotuit,
2309 300 2414 373 qui
2449 305 2628 357 tantae
2665 300 3063 359 accusationis
3115 305 3333 358 eventu
3387 303 3661 375 perterri-

237 366 387 421 mihi
409 381 730 438 exponere.
748 390 776 417 ››
799 371 902 425 Cui
924 388 1060 427 cum
1081 372 1524 449 libenter,quasi
1546 377 1673 448 jam
1694 381 1900 449 tyrun-

234 453 372 510 culo
402 454 544 510 ﬁdei
569 472 692 511 suae
715 458 1010 514 credituro
1025 461 1230 530 juveni
1268 463 1490 519 inﬂatis
1520 465 1744 534 buccis,
1777 471 1895 522 tur-

233 544 396 613 genti
426 549 684 615 gutture,
718 548 1069 619 crepitantia
1106 551 1260 607 infra
1307 569 1456 609 cava
1500 555 1681 626 palati
1712 556 1896 611 verba

230 633 621 689 institutionis
652 635 859 706 lingua
889 636 1070 694 fallax
1110 641 1434 712 proferret;
1490 649 1659 699 secta:
1712 645 1892 715 hujus

232 728 543 779 auctorem
568 725 803 780 Mahom
825 726 946 782 fore
972 730 1264 799 praedixit,
1289 733 1393 803 qui
1435 733 1630 802 angeli
1660 733 1895 790 Gabrie-

229 811 304 868 lis
330 813 678 882 magisterio
709 813 1061 882 illustratus,
1090 819 1343 875 verbum
1399 822 1787 895 prophetismi
1815 823 1893 879 ab

227 900 534 957 Altissimo
568 903 917 959 nationibus
948 906 1240 963 relaturus
1269 913 1517 982 accepit,
1550 911 1746 982 legem
1775 913 1894 967 ins-

228 991 407 1062 tituit,
446 991 799 1064 paradisum
847 994 1146 1066 disseruit,
1201 1014 1576 1072 regnumque
1604 1000 1893 1056 caelorum

226 1079 479 1153 plenum
510 1080 701 1153 epulis
733 1086 790 1138 et
818 1082 1078 1139 fluxibus
1100 1086 1460 1144 feminarum
1490 1090 1741 1145 edocuit.
1780 1090 1893 1146 Sed

227 1172 287 1223 et
316 1166 437 1223 alia
475 1167 671 1241 plura,
694 1186 830 1241 quae
858 1170 954 1226 hic
983 1171 1225 1245 disponi
1265 1176 1624 1246 perlongum
1680 1168 1791 1243 est,
1821 1193 1893 1233 ex

228 1257 347 1312 ritu
388 1273 499 1330 pro
549 1274 702 1314 vano
735 1260 979 1316 arbitrio
1032 1272 1454 1337 prosequente,
1513 1267 1785 1339 protinus
1813 1270 1891 1338 (5)

228 1348 501 1422 ephebus
517 1348 612 1404 ille
631 1351 989 1407 venerabilis
1018 1356 1442 1419 monachus,ut
1464 1362 1591 1412 erat
1616 1357 1891 1429 apprime

222 1438 435 1494 litteris
463 1438 716 1493 arabicis
741 1440 1033 1512 imbutus,
1065 1443 1313 1499 Arabice
1352 1444 1506 1501 dans
1533 1446 1615 1502 illi
1641 1463 1889 1520 respon-

226 1542 398 1581 sum:
436 1548 463 1575 ‹‹
497 1527 797 1598 Mentitus,
839 1529 937 1597 ait,
971 1536 1063 1587 est
1090 1531 1254 1587 vobis
1290 1534 1385 1604 ([6]
1412 1534 1492 1589 ita
1523 1534 1887 1590 maledictio-

2006 389 2123 455 tus,
2164 387 2321 445 illico
2366 389 2755 446 ferocioribus
2784 390 3001 446 animis
3041 389 3207 446 ferox
3261 391 3482 464 promit
3510 392 3660 449 edic-

2005 477 2155 545 tum,
2181 476 2386 534 dicens
2410 479 2587 537 morti
2627 495 3064 552 usquequaque
3106 479 3235 534 fieri
3291 479 3509 536 debere
3562 480 3661 537 ob-

2004 565 2274 637 noxium,
2304 566 2484 624 talem
2529 568 2589 623 in
2637 574 2940 624 auctorem
2998 567 3139 623 ﬁdei
3197 584 3320 623 suae
3372 568 3658 625 ferentem

2005 653 2362 710 convicium.
2394 657 2542 712 Hinc
2579 656 2680 712 Dei
2730 672 2939 712 servus
2967 655 3046 711 ad
3076 671 3285 712 necem
3333 656 3659 714 damnatus

2002 742 2214 797 vertice
2264 742 2572 814 plectitur:
2628 745 2767 801 hinc
2822 745 2885 800 in
2935 744 3128 816 stipite
3167 745 3433 802 elevatus
3464 746 3658 819 capite

2002 826 2286 886 deorsum
2310 833 2691 905 appenditur,
2723 838 2903 907 atque
2928 833 3083 890 ultra
3108 849 3351 890 amnem
3387 833 3448 890 in
3486 851 3654 909 spec-

2002 919 2264 976 taculum
2294 920 2460 977 urbis
2487 921 2718 979 locatur
2746 924 2913 979 tertio
2936 927 3132 979 Nonas
3148 924 3376 991 Junias,
3404 924 3481 996 (7)
3510 924 3658 981 feria

2000 1014 2234 1080 quarta,
2267 1025 2387 1066 aera
2404 1011 2900 1081 octingentesima
2923 1013 3332 1082 octuagesima
3352 1014 3654 1069 nona.Cu-

1994 1097 2096 1166 jus
2124 1114 2342 1171 corpus
2364 1104 2500 1171 post
2529 1099 2759 1172 aliquot
2786 1100 2914 1171 dies
2935 1117 3074 1156 cum
3105 1102 3349 1168 caeteris,
3381 1102 3487 1174 qui
3516 1119 3654 1159 eum

1997 1186 2289 1245 imitando
2316 1190 2606 1262 perempti
2630 1190 2932 1261 sunt,igne
2963 1194 3378 1258 crematum,et
3400 1191 3463 1247 in
3479 1192 3651 1248 favil-

1996 1275 2121 1333 lam
2149 1279 2817 1352 conversum,deinceps
2849 1280 2910 1335 in
2928 1295 3171 1335 amnem
3187 1280 3524 1353 projectum
3542 1286 3652 1337 est.

2067 1368 2120 1421 4.
2149 1366 2261 1423 Sed
2290 1383 2536 1423 necesse
2586 1373 2674 1424 est
2701 1384 3000 1441 exponere
3030 1368 3252 1440 quibus
3298 1369 3532 1425 indiciis
3564 1369 3656 1425 vel

1996 1454 2286 1526 prodigiis
2314 1456 2410 1512 hic
2431 1457 2643 1514 beatus
2676 1459 2847 1513 Isaac
2876 1457 3158 1513 exstiterit
3185 1458 3248 1513 in
3277 1458 3527 1514 infantia
3547 1458 3652 1514 de-

1998 1548 2274 1613 notatus;
2308 1551 2373 1601 ut
2400 1562 2471 1602 ex
2514 1562 2587 1602 eo
2618 1546 2902 1603 divinitus
2940 1546 3021 1602 ad
3065 1563 3354 1603 coronam
3384 1547 3651 1619 martyrii

222 1612 408 1709 911395
427 1613 699 1670 tabescat
718 1614 983 1709 (Πνίξὶίε),
1016 1618 1125 1709 (Illi,
1146 1624 1311 1709 tanto
1354 1620 1570 1676 Scelere
1620 1621 1886 1693 implica-
1916 1647 1960 1699 Β
1996 1633 2161 1689 illum
2190 1612 2373 1691 fuisse
2404 1635 2723 1692 credamus
2751 1635 3027 1704 electum,
3050 1652 3124 1692 ex
3154 1652 3276 1709 quo
3336 1636 3398 1692 in
3445 1638 3653 1693 matris

223 1706 671 1766 tus,tantorum
703 1705 949 1774 agmina
988 1708 1357 1780 perditorum
1411 1709 1630 1766 invasit
1658 1727 1887 1767 secum-

220 1808 344 1865 que
362 1793 691 1849 inferorum
713 1794 1001 1852 barathro
1021 1798 1401 1871 mancipavit.
1422 1799 1520 1855 Ille
1538 1803 1754 1857 etenim
1768 1801 1884 1857 daa-

218 1882 431 1938 monio
460 1882 696 1955 plenus,
729 1884 1078 1941 daemonicis
1093 1885 1299 1943 favens
1316 1889 1648 1961 praestigiis,
1669 1889 1885 1947 lethale

219 1971 516 2027 morbidis
547 1973 876 2045 propinans
925 1975 1231 2047 poculum,
1273 1981 1506 2033 aeternae
1535 1979 1885 2050 perditionis

217 2060 347 2117 luet
377 2061 903 2127 interitum.Quare
934 2079 1042 2119 vos
1074 2065 1321 2122 scientia
1351 2067 1582 2139 praediti
1603 2084 1638 2123 a
1662 2067 1884 2124 talibus

219 2166 351 2206 non
382 2150 671 2207 abdicatis
701 2151 979 2224 periculis
1001 2154 1029 2209 ‘I
1059 2155 1252 2219 Quare
1298 2171 1442 2226 non,
1474 2158 1882 2213 renuntiantes

224 2239 400 2295 ulcus
429 2238 681 2311 pestiferi
713 2239 1031 2312 dogmatis,
1062 2257 1389 2314 perennem
1434 2244 1573 2301 ﬁdei
1601 2245 1879 2301 Christia-

221 2346 324 2385 nae
355 2329 756 2400 evangelicam
787 2331 1132 2404 sospitatem
1163 2334 1380 2406 optatis
1402 2335 1430 2390 ?
1460 2356 1486 2384 »

297 2424 351 2475 3.
378 2421 510 2474 Haec
540 2424 594 2474 et
618 2418 710 2474 his
733 2419 946 2476 similia
966 2437 1067 2476 ore
1084 2422 1588 2495 pudico,summis
1609 2440 1880 2480 reveren-

220 2509 315 2565 tiae
343 2508 593 2564 ausibus
627 2508 995 2582 viribusque,
1017 2510 1226 2580 lingua
1258 2518 1540 2585 peracuta
1558 2513 1736 2570 beato
1761 2514 1879 2570 dis-

218 2604 452 2655 serente
480 2600 666 2666 Isaac,
688 2604 929 2672 stupore
959 2601 1146 2658 nimio
1162 2602 1350 2673 judex
1368 2602 1661 2671 turbatus,
1689 2620 1760 2660 ac
1780 2620 1878 2659 ve-

166 2758 177 2769 *
210 2687 324 2744 luti
350 2704 562 2744 amens
593 2688 859 2758 effectus,
894 2690 1147 2745 ubertim
1188 2691 1557 2764 lacrymasse
1606 2694 1879 2766 perhibe-

213 2782 314 2833 tur
340 2794 354 2831 ε
379 2781 436 2833 et
462 2777 734 2850 quadam
763 2779 980 2834 mentis
1017 2779 1379 2838 hebetudine
1400 2786 1754 2854 occupatus,
1777 2783 1878 2840 vix

210 2867 483 2939 potuisse
511 2866 698 2922 fertur
718 2868 1106 2940 exprobranti
1136 2885 1197 2925 se
1228 2871 1528 2927 monacho
1553 2873 1876 2945 responde-

208 2971 314 3011 re:
343 2955 546 3028 sicque
575 2972 767 3011 manu
822 2962 1067 3015 extensa
1106 2958 1317 3015 faciem
1369 2960 1498 3031 ejus
1537 2961 1873 3017 verberanti
1906 2999 1947 3052 Ο

214 3046 532 3102 confestim
562 3046 900 3104 monachus
926 3047 1109 3104 dixit:
1141 3071 1169 3098 «
1203 3049 1585 3105 Consimilem
1627 3050 1875 3121 imagini

211 3137 315 3193 Dei
348 3135 577 3191 vultum
600 3136 788 3192 audes
810 3137 980 3193 ferire
999 3138 1027 3194 ?
1054 3137 1196 3194 Vide
1225 3137 1465 3211 qualem
1492 3144 1734 3211 propter
1760 3140 1875 3195 hoc

211 3226 561 3282 redditurus
594 3227 675 3282 sis
706 3227 1059 3283 rationem.»
1085 3228 1308 3284 Idcirco
1349 3244 1384 3283 a
1408 3228 1874 3283 consedentibus

218 3329 431 3368 secum
485 3315 848 3385 sapientibus
900 3315 1310 3388 deprehensus
1375 3315 1664 3387 arguitur,
1709 3316 1876 3389 quod

220 3399 833 3471 gravitatis‘censoris
854 3404 1093 3473 oblitus,
1123 3404 1327 3460 leviter
1350 3422 1457 3478 per
1488 3405 1875 3478 semetipsum

214 3488 299 3544 ad
334 3488 690 3545 caedendum
718 3497 1042 3564 martyrem
1067 3493 1278 3563 egerit:
1302 3493 1703 3566 etpraesertim
1730 3494 1876 3565 quia

211 3576 557 3634 secundum
586 3577 782 3650 legum
815 3597 1064 3637 suarum
1107 3582 1460 3639 sententiam
1517 3582 1567 3638 is
1611 3584 1713 3655 qui
1764 3599 1874 3655 pro

212 3667 463 3722 crimine
487 3668 707 3739 dignus
735 3676 821 3725 est
848 3671 1019 3737 mori,
1047 3670 1268 3727 nullius
1298 3687 1451 3744 pene
1482 3672 1762 3727 conviciis
1793 3671 1874 3728 la-

213 3757 404 3812 cerari
432 3757 628 3814 debet.
653 3762 814 3815 Tunc
851 3760 1039 3832 judex
1093 3761 1167 3816 ad
1229 3766 1506 3817 sanctum
1538 3766 1702 3817 Isaac
1730 3777 1873 3817 con-

212 3861 422 3900 versus
449 3847 528 3902 ait
553 3864 566 3902 :
592 3869 621 3897 «
645 3849 815 3903 Forte
836 3849 1121 3904 madidus
1143 3849 1416 3915 vino,aut
1436 3850 1873 3923 phrenesicap—

212 3938 314 3989 tus
340 3934 417 3989 ad
442 3936 575 4007 ista,
608 3953 744 4009 quas
773 3938 1029 4009 profers,
1060 3954 1183 3994 non
1213 3938 1382 3994 facile
1429 3944 1625 4011 potest
1667 3940 1875 3994 adver-

212 4026 356 4079 tere.
389 4028 536 4081 Nam
566 4026 756 4098 ipsius
779 4029 930 4082 vatis
962 4028 1167 4093 nostri,
1196 4042 1375 4100 quem
1404 4032 1465 4083 tu
1497 4033 1719 4084 temere
1736 4044 1873 4084 con-

204 4112 379 4169 viciis
404 4114 669 4187 impetis,
722 4117 1015 4173 sententia
1043 4120 1247 4173 manet
1276 4116 1721 4187 irrefragabilis,
1750 4118 1873 4173 ani-

203 4204 507 4260 madverti
535 4205 754 4261 debere
777 4206 839 4261 in
871 4222 973 4262 eos
1016 4206 1120 4279 qui
1163 4205 1302 4262 talia
1330 4206 1406 4261 de
1446 4205 1579 4278 ipso
1623 4222 1746 4262 non
1775 4223 1873 4263 ve-

200 4299 419 4350 rentur
439 4294 728 4367 proﬁteri.
749 4317 777 4345 »
802 4295 891 4351 Ad
917 4311 1100 4369 quem
1127 4294 1485 4351 venerabilis
1509 4295 1674 4352 Isaac
1702 4296 1873 4352 intre-

199 4382 357 4457 pida.
376 4383 774 4455 responsione
801 4385 913 4440 ait:
947 4407 974 4434 «
1035 4387 1152 4453 Ego
1204 4384 1471 4456 quidem,
1517 4384 1724 4455 judex,
1758 4401 1869 4441 nec

200 4473 356 4528 vino
392 4472 706 4540 madidus,
735 4490 845 4530 nec
876 4474 1141 4547 quolibet
1169 4473 1383 4529 morbo
1416 4474 1656 4529 saucius
1688 4491 1821 4530 sum
1842 4475 1871 4531 ?

205 4560 319 4617 sed
352 4563 482 4618 zelo
505 4563 746 4633 justitiee
773 4563 1175 4634 conﬂagrans,
1205 4580 1329 4635 qua
1356 4568 1553 4619 vatem
1581 4569 1869 4635 vestrum,

203 4666 447 4723 vosque
479 4657 752 4724 expertes
782 4653 1030 4709 existere
1060 4652 1344 4725 comperi,
1379 4651 1678 4708 veritatem
1698 4653 1870 4709 vobis

209 4739 504 4813 exposui:
537 4746 780 4814 propter
810 4758 998 4815 quam
1038 4741 1087 4797 si
1117 4758 1278 4797 mors
1310 4740 1639 4797 furibunda
1668 4757 1872 4797 occur-

210 4828 381 4895 rerit,
403 4829 593 4885 libens
642 4830 959 4903 excipiam,
998 4830 1255 4904 placitus
1305 4829 1579 4899 subeam,
1629 4845 1739 4885 nec
1791 4831 1870 4886 ab

211 4916 354 4987 ejus
384 4918 617 4974 casibus
650 4920 912 4976 cervices
960 4936 1128 4976 meas
1185 4924 1478 4976 avertam.
1521 4919 1665 4975 Novi
1709 4919 1870 4975 enim

206 5006 537 5063 Dominum
570 5009 837 5065 dixisse:
892 5010 1069 5066 Beati
1096 5011 1204 5081 qui
1245 5011 1715 5079 persecutionem
1763 5025 1872 5080 pa-

208 5096 456 5151 tiuntur
490 5104 742 5168 propter
768 5100 1108 5167 justitiam:
1165 5101 1444 5171 quoniam
1482 5101 1747 5169 ipsorum
1786 5106 1872 5156 est

206 5199 467 5254 regnum
532 5187 817 5242 caelorum
876 5188 1117 5255 (Matth.
1171 5204 1230 5255 v,
1296 5187 1401 5259 10).
1452 5206 1482 5240 ›
1549 5188 1717 5244 Tunc
1776 5189 1870 5259 ju-

205 5274 326 5330 dex
356 5276 582 5332 carceri
612 5276 783 5333 illum
802 5276 1069 5345 tradens,
1093 5278 1364 5350 protinus
1386 5278 1510 5349 regi
1541 5294 1727 5334 causa
1742 5278 1792 5349 ej
1803 5295 1871 5334 us

280 5425 303 5445 ⁶
331 5418 667 5493 Consorem
691 5425 868 5493 vocat
891 5421 1005 5477 hoc
1035 5420 1188 5489 loco,
1212 5437 1394 5493 quem
1417 5437 1494 5477 an
1505 5424 1592 5477 tea
1613 5423 1670 5475 et
1688 5418 1871 5492 paulo

206 5495 355 5561 post
379 5489 651 5561 judicem
681 5492 977 5566 appellat:
1039 5498 1095 5548 et
1135 5489 1291 5548 intra
1333 5492 1434 5548 lib.
1480 5508 1560 5557 III,
1593 5489 1728 5619 cap.
1784 5496 1867 5547 t6.

211 5563 609 5619 Sason—Ibi
634 5580 747 5619 nos
767 5565 845 5619 ad
875 5564 1109 5619 Scholia
1153 5564 1386 5619 Moralis
1413 5563 1488 5619 de
1526 5563 1642 5619 hoc
1689 5579 1867 5619 caue-

211 5564 501 5689 S-fgpr.—
522 5563 609 5620 Ibi
634 5563 747 5620 nos
766 5563 845 5622 ad
875 5564 1109 5622 Scholia
1153 5564 1386 5622 Moralis
1413 5563 1488 5619 de
1526 5563 1642 5619 hoc
1666 5563 1871 5636 loque-

1998 1727 2164 1779 utero
2206 1724 2440 1797 positus
2470 1725 2792 1782 terribilem
2822 1726 2994 1783 valde
3048 1726 3400 1799 parentibus
3444 1732 3649 1799 stupo—

1994 1828 2122 1869 rem
2172 1813 2452 1870 intulerit.
2511 1814 2718 1871 Tribus
2765 1831 3032 1889 namque
3081 1816 3311 1871 vicibus
3357 1832 3482 1872 una
3532 1816 3649 1884 die,

1992 1901 2176 1974 paulo
2207 1907 2535 1975 antequam
2563 1909 2927 1968 nasceretur,
2957 1904 3124 1960 visus
3167 1910 3258 1961 est
3303 1904 3502 1978 loqui:
3553 1922 3653 1961 cu-

1987 1990 2088 2061 jus
2127 1991 2212 2046 rei
2240 1992 2503 2048 novitate
2524 1993 2832 2065 perterrita
2844 1992 3059 2049 mulier
3086 2009 3241 2067 pene
3269 1999 3507 2051 mortua
3525 1994 3651 2050 vim

1990 2078 2311 2135 verborum
2336 2095 2726 2153 nequaquam
2747 2081 2940 2153 potuit
2958 2081 3305 2152 intelligere.
3321 2082 3451 2138 Alio
3467 2081 3647 2138 etiam

1992 2172 2280 2240 tempore,
2328 2184 2469 2224 cum
2527 2169 2725 2226 adhuc
2780 2170 3084 2242 septennis
3140 2170 3433 2235 existeret,
3475 2170 3647 2239 virgo

1988 2256 2272 2328 quaedam
2292 2274 2320 2314 δ
2347 2257 2494 2313 vidit
2544 2272 2651 2329 per
2691 2257 2981 2315 visionem
3039 2258 3288 2330 globum
3340 2258 3584 2325 luminis
3613 2274 3646 2315 e

1989 2345 2139 2400 caelo
2161 2345 2546 2415 descendere,
2577 2351 2635 2402 et
2663 2346 2816 2403 inter
2844 2347 3120 2404 omnium
3171 2347 3645 2421 praestolantium

1987 2433 2228 2490 turbam
2259 2433 2420 2489 solus
2450 2434 2545 2491 hic
2577 2434 2751 2492 ulnas
2766 2435 3411 2507 extendens,manibus
3439 2436 3644 2494 lumen

1987 2522 2236 2594 excepit,
2274 2526 2578 2595 totamque
2608 2523 2739 2594 ejus
2763 2523 3095 2580 claritatem
3123 2524 3333 2580 orisuo
3362 2524 3644 2596 injectum

1988 2610 2209 2666 ebibit:
2249 2610 2481 2667 felicem
2511 2616 2654 2667 tunc
2682 2616 2740 2668 et
2775 2627 2913 2668 vere
2955 2612 3203 2669 beatum
3234 2613 3519 2669 omnibus
3543 2611 3646 2669 tali

1987 2699 2357 2769 condignum
2385 2715 2634 2756 munere
2662 2700 3198 2774 nuncupantibus.
3227 2701 3360 2756 Haec
3391 2705 3534 2758 sunt
3559 2701 3648 2756 in-

1985 2788 2184 2845 fantiae
2213 2790 2343 2861 ejus
2372 2790 2651 2862 prodigia
2679 2793 2737 2846 et
2766 2790 2959 2860 signa,
2991 2807 3127 2864 quae
3172 2789 3341 2847 illum
3386 2790 3643 2863 dignum

1985 2878 2272 2950 martyrio
2300 2878 2479 2949 longe
2504 2884 2682 2935 antea
2708 2879 3164 2952 portenderunt.

2057 2972 2110 3023 5.
2144 2971 2293 3023 Nam
2315 2967 2565 3039 quidam
2588 2968 2870 3025 sacerdos
2885 2984 2959 3024 ex
2989 2967 3264 3024 coenobio
3282 2967 3642 3034 Tabanensi,

1984 3071 2057 3110 ex
2078 3072 2201 3127 quo
2228 3054 2390 3111 idem
2429 3055 2641 3112 beatus
2672 3055 2750 3112 ad
2781 3071 3040 3127 agonem
3094 3060 3490 3127 processerat,
3540 3071 3641 3128 pe-

1984 3143 2161 3199 ractis
2199 3143 2522 3199 missarum
2555 3143 2863 3199 Dominico
2891 3143 2988 3198 die
3026 3142 3350 3209 solemniis,
3386 3143 3642 3216 septimo

1987 3232 2210 3288 scilicet
2235 3232 2449 3288 Iduum
2479 3232 2817 3296 Juniarum,
2849 3232 2955 3305 qui
2983 3237 3123 3305 post
3151 3231 3432 3304 quintum
3452 3237 3641 3288 °mar-

1985 3320 2121 3393 tyrii
2152 3320 2243 3375 sui
2272 3319 2432 3375 diem
2460 3324 2757 3390 evenerat,
2773 3320 2833 3375 in
2859 3319 3130 3393 quodam
3146 3318 3363 3376 lectulo
3389 3318 3640 3376 fratrum

1982 3408 2362 3476 recumbens,
2413 3408 2756 3465 obdormire
2786 3407 3037 3481 paulum
3059 3408 3236 3480 erepit
3261 3425 3274 3475 ;
3306 3412 3365 3465 et
3387 3423 3524 3465 ecce
3541 3425 3639 3464 su-

1983 3497 2107 3553 bito
2140 3512 2247 3569 per
2276 3496 2579 3553 somnium
2608 3496 2758 3553 vidit
2798 3513 3055 3570 puerum
3096 3496 3330 3552 decoris
3371 3494 3645 3568 pulcher-

1983 3587 2118 3642 rimi
2148 3603 2185 3643 a
2205 3586 2478 3660 partibus
2508 3586 2760 3643 Orientis
2789 3587 3010 3654 venire,
3037 3585 3445 3658 schedamque
3474 3584 3641 3641 mirae

1981 3674 2443 3748 pulchritudidis
2472 3674 2755 3729 manibus
2800 3680 3129 3745 gestantem
3181 3674 3294 3729 sibi
3327 3674 3638 3730 adsistere.

1985 3765 2179 3830 Quam
2202 3763 2281 3820 ab
2313 3778 2384 3819 eo
2415 3762 2736 3834 accipiens,
2771 3764 3128 3835 scripturam
3154 3763 3283 3832 ejus
3303 3761 3499 3833 legere
3520 3778 3640 3819 coe-

1982 3854 2071 3926 pit
2102 3873 2114 3909 :
2146 3860 2274 3910 erat
2302 3852 2465 3910 enim
2492 3852 2585 3907 his
2636 3857 2880 3907 exarata
2925 3852 3343 3908 sermonibus:
3404 3874 3433 3902 «
3483 3852 3643 3909 Sicut

1981 3946 2151 4015 pater
2174 3946 2375 3997 noster
2403 3940 2712 3995 Abraham
2741 3940 2909 3994 Isaac
2938 3938 3129 3994 ﬁlium
3163 3941 3278 3994 Deo
3307 3938 3368 3993 in
3420 3935 3641 3993 sacriﬁ-

1983 4029 2144 4085 cium
2172 4028 2407 4092 obtulit,
2438 4027 2521 4084 ita
2548 4031 2605 4082 et
2631 4042 2794 4082 nunc
2817 4030 3058 4083 sanctus
3080 4030 3243 4081 Isaac
3267 4025 3326 4080 in
3355 4040 3639 4098 conspec-

1981 4123 2045 4175 tu
2074 4116 2311 4173 Domini
2357 4115 2716 4173 sacriﬁcium
2761 4131 2872 4188 pro
2902 4114 3187 4171 fratribus
3215 4113 3573 4171 immolavit.
3606 4137 3634 4165 ››

1982 4210 2049 4264 Et
2069 4206 2353 4264 continuo
2381 4204 2634 4278 quidam
2672 4220 2705 4262 e
2751 4204 2982 4261 civitate
3012 4202 3315 4260 venientes
3360 4202 3642 4259 dixerunt

1979 4297 2227 4353 beatum
2254 4295 2327 4367 (3)
2389 4295 2708 4351 Jeremiam
2747 4292 3037 4367 martyrio
3095 4309 3234 4349 cum
3283 4291 3414 4348 aliis
3456 4292 3639 4348 fuisse

1982 4389 2337 4442 coronatum
2379 4399 2487 4457 per
2528 4384 2848 4440 Dominum
2876 4386 3151 4439 nostrum
3191 4383 3395 4437 Iesum
3443 4381 3638 4438 Chris-

1981 4480 2129 4542 tum,
2162 4473 2336 4546 cujus
2379 4473 2657 4546 exemplo
2712 4471 2988 4529 nonnulli
3040 4470 3120 4528 ad
3162 4469 3475 4543 publicum
3524 4468 3637 4525 sub

1979 4563 2192 4620 eadem
2222 4562 2592 4636 professione
2617 4560 2911 4635 perempti
2941 4563 3099 4616 sunt.

2050 4656 2102 4708 6.
2147 4651 2261 4709 Sed
2305 4650 2540 4706 dudum
2591 4649 2857 4722 anticeps
2916 4647 3030 4703 illis
3076 4646 3268 4703 beatae
3327 4643 3634 4700 memoria:

1976 4738 2275 4795 Perfectus
2304 4739 2617 4811 presbyter
2646 4737 2886 4807 exstitit,
2915 4735 3020 4809 qui
3050 4735 3130 4791 ob
3169 4732 3471 4805 ejusmodi
3499 4749 3636 4806 pro-

1976 4827 2296 4885 fessionem
2326 4843 2452 4899 qua
2483 4830 2539 4882 et
2564 4826 2664 4882 isti
2694 4824 2997 4893 occubuit,
3056 4823 3165 4880 sed
3219 4838 3343 4880 non
3401 4837 3472 4879 eo
3502 4837 3634 4879 mo-

1977 4917 2057 4975 do
2081 4933 2204 4990 quo
2229 4916 2346 4989 ipsi
2390 4915 2763 4973 deciderunt.
2790 4914 3118 4972 Prasdictus
3166 4929 3434 4987 namque
3462 4929 3633 4987 pres-

1976 5008 2150 5080 byter
2192 5009 2397 5063 coacte
2437 5006 2516 5063 ad
2544 5005 2890 5080 passionem
2934 5009 3176 5070 tractus,
3223 5002 3468 5061 viriliter
3495 5019 3640 5061 con-

1980 5096 2303 5153 summavit
2358 5094 2553 5152 sancti
2621 5094 2960 5152 certaminis
3026 5110 3290 5151 cursum.
3357 5093 3428 5150 Hi
3489 5108 3633 5151 vero

1981 5191 2192 5258 sponte
2222 5202 2331 5242 sua
2382 5184 2703 5248 venientes,
2737 5184 2947 5241 acriter
3001 5183 3159 5241 hosti
3213 5182 3518 5251 resistunt,
3577 5187 3636 5239 et

1978 5275 2246 5346 quadam
2272 5273 2558 5331 violentia
2578 5288 2685 5346 per
2712 5272 3070 5330 effusionem
3097 5273 3327 5331 cruoris
3374 5283 3633 5342 regnum

2050 5437 2078 5477 b
2100 5419 2320 5485 Schot.,
2358 5419 2569 5476 cernit.

2050 5496 2069 5520 °
2098 5492 2417 5559 Inclusive,
2438 5491 2529 5547 uti
2556 5489 2753 5559 aiunt,
2784 5493 3110 5561 computat.
3142 5489 3365 5545 Mona.
