4110 6190
483 129 590 186 789

1677 126 1735 181 S.
1769 122 2046 182 EULOGII
2083 120 2406 180 ARCHIEP.
2446 124 2687 182 TOLET.
3807 132 3900 188 740

484 251 616 308 οωΙί
637 256 980 325 capessunt.
1009 254 1133 316 Quo
1159 253 1360 305 autem
1385 248 1593 305 ordine
1622 246 1978 304 venerabilis
1998 249 2125 302 Per—
2163 251 2209 302 A
2238 247 2823 324 vituperationesque
2864 254 3210 307 sanctorum
3241 265 3336 306 me
3363 249 3778 319 discurrente,
3819 253 3902 309 in-

481 340 671 397 fectus
736 339 1046 411 presbyter
1097 337 1395 410 passionis
1449 336 1726 392 bravium
1792 335 2123 401 cmeruerit,

480 429 840 504 principium
888 426 1023 482 libri
1080 426 1328 481 secundi
1367 431 1660 498 exponet;
1727 441 1796 481 ac
1842 424 2124 495 deinceps

481 525 830 575 caeterorum
893 517 1160 583 nomina,
1220 520 1440 585 aetates,
1495 521 1678 586 ortus,
1734 520 2126 586 temporaque

477 608 821 665 allisionum
874 606 1080 662 edicet.
1157 607 1529 677 Quapropter
1604 604 1760 660 hanc
1834 601 2126 677 praefatio-

475 714 616 754 nem
646 696 709 751 in
753 699 944 768 capite
991 694 1314 750 voluminis
1348 693 1548 766 posui,
1602 698 1666 748 ut
1711 690 1864 748 inter
1915 691 2124 747 laudes

1700 877 2036 962 LIBER
2129 874 2552 964 PRIMUS
2583 874 2636 964 “.

546 1068 595 1119 l.
629 1061 1126 1119 Peritissimorum
1160 1058 1514 1130 (1)virorum
1543 1054 1860 1130 providum
1889 1069 2124 1125 semper

471 1169 599 1209 esse
628 1153 807 1208 debet
830 1150 1195 1214 consultum,
1221 1148 1543 1204 commoda
1569 1145 1839 1202 Ecclesiae
1872 1142 2120 1199 catholi-

471 1261 554 1300 cae
589 1258 710 1299 non
743 1240 1199 1314 parvipendere,
1224 1254 1334 1294 nec
1351 1237 1428 1294 ab
1450 1237 1713 1292 obventu
1742 1231 2120 1306 perfectionis

471 1335 601 1404 ejus
629 1333 915 1387 desistere
940 1349 953 1399 ;
984 1331 1100 1399 vel,
1141 1329 1188 1384 si
1219 1344 1340 1400 qua
1360 1327 1500 1382 vitio
1521 1326 1813 1396 cujusque
1863 1322 2114 1378 hebetu-

469 1421 624 1477 dinis
653 1436 781 1476 sese
814 1419 1171 1474 interserunt
1212 1419 1552 1472 commenta
1592 1414 1706 1486 piae
1755 1410 2118 1481 religiositati

470 1511 762 1579 adultera,
793 1508 1139 1564 nullatenus
1180 1506 1459 1578 improbo
1489 1503 1764 1572 neglectu
1795 1501 2009 1557 silentii
2057 1500 2118 1555 in

470 1600 759 1669 majorem
812 1597 1136 1670 perniciem
1194 1594 1512 1651 sinendum
1565 1606 1921 1647 accrescere.
1969 1589 2118 1655 Quia

467 1694 763 1762 quantum
815 1687 1037 1742 meritis
1103 1684 1406 1757 praeclarae
1463 1679 1950 1750 conversationis,
2013 1695 2116 1733 seu

467 1783 686 1833 sanctae
712 1776 993 1832 doctrinae
1026 1774 1333 1843 gradibus,
1366 1777 1574 1828 sancta
1608 1769 1865 1825 Ecclesia
1903 1769 1964 1824 in
2016 1785 2114 1823 su-

465 1882 652 1939 perna
673 1865 958 1931 evehitur,
987 1865 1044 1919 in
1081 1862 1334 1918 sublime
1363 1861 1646 1924 elevatur,
1681 1859 1901 1930 ubique
1931 1857 2116 1912 incre-

465 1960 668 2012 mento
687 1954 825 2010 ﬁdei
847 1954 1165 2020 dilatatur;
1201 1957 1434 2007 tantum
1481 1950 1680 2016 etiam,
1714 1953 1818 2004 aut
1869 1963 1938 2002 eo
1989 1961 2114 2002 am-

464 2045 622 2118 plius
665 2044 895 2100 incuria
933 2043 1364 2111 negligentium
1421 2038 1711 2109 dejicitur,
1753 2034 2112 2108 impulsibus

461 2135 679 2191 horum
707 2135 920 2189 misere
941 2132 1294 2197 concutitur,
1327 2134 1384 2185 et
1405 2127 1810 2201 quorumdam
1837 2123 2112 2180 socordia

464 2225 540 2279 ad
563 2224 685 2280 ima
703 2223 1039 2296 projicitur.
1075 2221 1222 2276 Hinc
1247 2219 1547 2292 provenit,
1606 2221 1672 2272 ut
1726 2219 1913 2272 auctte
1955 2213 2109 2268 vires

460 2329 881 2385 perversorum
905 2311 1326 2367 detrimentum
1367 2322 1604 2377 semper
1631 2304 1912 2360 ﬁdelibus
1944 2303 2109 2371 inge-

459 2401 1126 2473 rant,dispendiumque
1158 2398 1324 2468 gregi
1349 2395 1588 2468 pusillo,
1613 2395 1708 2450 cui
1747 2389 2110 2464 complacuit

462 2491 612 2546 Patri
641 2491 785 2546 dare
806 2505 1058 2560 regnum
1081 2490 1244 2559 (Luc.
1274 2503 1370 2541 xu.
1405 2486 1516 2556 32),
1554 2488 1938 2551 exaggerent:
1959 2480 2106 2536 dum

458 2579 785 2651 aliquando
815 2577 1071 2650 torpenti
1101 2575 1332 2631 silentio
1359 2574 1642 2630 omnibus
1663 2570 1976 2636 contentis,
2001 2585 2106 2624 seu

457 2667 722 2740 proniori
749 2667 928 2740 lapsu
957 2666 1166 2722 ultimo
1196 2663 1477 2718 vitiorum
1526 2662 1756 2733 abyssu
1786 2658 2100 2724 immersis,

457 2757 656 2812 nullus
675 2758 835 2814 adsit
865 2757 968 2829 qui
1001 2755 1272 2821 redimat,
1296 2768 1492 2823 neque
1524 2752 1626 2823 qui
1651 2749 1883 2806 salvum
1928 2748 2105 2804 faciat

455 2847 645 2919 (Psat.
673 2865 780 2911 vu,
815 2851 886 2916 3),
921 2846 1150 2901 dicente
1197 2842 1518 2914 Propheta:
1575 2842 1708 2895 Non
1758 2839 2102 2895 ascendistis

455 2951 529 2992 ex
573 2937 843 3003 adverso,
875 2950 1063 3005 neque
1105 2932 1462 3002 opposuistis
1505 2945 1745 2985 murum
1785 2944 1897 2997 pro
1929 2928 2100 2982 domo

2238 335 2468 390 terdum
2503 338 2680 394 etiam
2729 338 2957 394 auctori
2994 338 3247 411 profano
3276 338 3515 395 obviam
3553 340 3902 398 venientem

2235 422 2482 480 lectores
2507 427 2623 482 mei
2662 428 2894 484 facilius
2924 427 3336 498 intelligerent,
3369 428 3666 500 precibus
3701 432 3901 502 expia~

2234 517 2383 580 rent,
2416 515 2785 571 orationibus
2815 517 3201 588 adjuvarent:
3232 523 3288 572 et
3307 522 3429 572 tam
3453 517 3531 573 de
3566 517 3899 592 illis,quam

2233 601 2308 658 de
2340 619 2434 657 me
2459 604 2603 676 ipsis
2642 604 2900 673 favente,
2951 605 3245 676 judicium
3280 607 3604 678 proprium
3655 614 3717 664 et
3746 625 3900 666 nunc

2233 695 2289 746 et
2319 696 2456 747 ante
2477 695 2798 750 Dominum
2820 695 3057 751 ferrent.

2231 1056 2459 1127 vivum,
2492 1057 2539 1112 si
2568 1057 2852 1130 possibile
2884 1062 2988 1124 est,
3021 1057 3234 1131 quietis
3267 1063 3630 1115 sanctorum
3688 1061 3893 1134 implo-

2229 1147 2379 1203 dunt
2406 1149 2806 1221 supplicium:
2834 1165 2937 1204 seu
2965 1148 3160 1219 dignis
3191 1149 3510 1206 beatorum
3541 1151 3890 1208 satisfacere

2229 1240 2532 1295 memoriis
2558 1240 2870 1311 anhelans,
2900 1240 3005 1312 qui
3050 1240 3200 1297 caelo
3231 1246 3558 1311 regnantes
3589 1243 3888 1316 exempla-

2227 1329 2314 1385 ria
2344 1331 2727 1388 victoriarum
2751 1348 2996 1387 suarum
3014 1331 3368 1387 mortalibus
3391 1332 3770 1405 reliquerunt
3794 1333 3882 1403 ;li-

2224 1417 2353 1474 buit
2382 1420 2525 1476 mihi
2557 1437 2665 1493 pro
2691 1420 2939 1478 modulo
2961 1420 3159 1490 exigui
3196 1421 3419 1490 ingenii
3451 1422 3680 1479 talibus
3709 1424 3880 1480 rebus

2227 1509 2515 1576 insistere,
2545 1514 2872 1582 nostroque
2902 1510 3037 1566 licet
3062 1510 3366 1566 rusticano
3399 1519 3724 1568 sermoneb
3749 1529 3877 1586 par-

2227 1597 2582 1670 vipendulos
2612 1598 2954 1665 informare,
2991 1599 3220 1654 aemulis
3251 1601 3570 1670 contraire,
3619 1605 3676 1657 et
3729 1602 3871 1658 caelo

2227 1691 2396 1742 tenus
2425 1693 2556 1743 acta
2585 1694 2928 1744 sanctorum
2959 1687 3256 1744 extollere.

2295 1780 2347 1832 3.
2385 1776 2496 1833 Sed
2527 1778 2727 1833 nescio
2777 1793 2900 1848 quo
2930 1776 3169 1833 tendere
3201 1793 3304 1833 rea
3333 1794 3502 1834 mens
3522 1779 3727 1850 poterit
3755 1782 3848 1844 (2),

2224 1866 2318 1921 cui
2343 1865 2549 1936 legalis
2572 1867 2892 1922 auctoritas
2923 1883 2994 1922 ex
3020 1883 3160 1923 voce
3192 1867 3425 1924 Domini
3471 1868 3730 1933 occurrit,
3761 1865 3844 1921 di-

2223 1972 2364 2011 cens
2388 1975 2400 2011 :
2431 1957 2746 2014 Peccatori
2773 1962 2970 2013 autem
2995 1957 3151 2013 dixit
3173 1959 3350 2014 Deus:
3373 1960 3555 2026 Quare
3587 1964 3648 2013 tu
3675 1973 3841 2013 enar-

2222 2061 2322 2101 ras
2343 2048 2614 2115 justitias
2642 2061 2824 2115 meas,
2856 2052 2908 2102 et
2939 2048 3186 2102 assumis
3219 2052 3629 2103 testamentum
3668 2061 3851 2102 meum

2213 2149 2326 2202 per
2345 2150 2407 2190 os
2435 2140 2600 2191 tuum
2623 2138 2650 2189 ?
2682 2136 2866 2205 (Psal.
2894 2151 3050 2203 xux,
3093 2136 3192 2207 l6).
3229 2136 3372 2191 Hinc
3403 2136 3568 2192 silere
3595 2135 3858 2192 decreve-

2221 2239 2372 2286 ram.
2403 2224 2540 2279 hinc
2568 2224 2781 2280 melius
2813 2224 2890 2280 ab
2922 2224 3270 2295 hujusmodi
3300 2225 3628 2281 intentione
3674 2224 3856 2282 abdu-

2219 2329 2348 2367 cere
2378 2330 2474 2367 me
2493 2313 2902 2383 judicaveram
2933 2331 2945 2364 :
2979 2312 3270 2384 quoniam
3328 2312 3500 2370 nefas
3547 2330 3678 2370 esse
3701 2318 3860 2386 puta-

2217 2400 2356 2456 bam
2391 2417 2458 2456 os
2479 2401 2644 2456 nulla
2676 2401 2999 2458 sanctitatis
3030 2417 3145 2474 ope
3171 2401 3519 2469 subnixum,
3542 2408 3759 2459 temere
3779 2418 3856 2458 ac-

2217 2495 2274 2544 ta
2297 2489 2652 2545 elucubrare
2674 2496 3018 2547 sanctorum
3043 2509 3054 2557 ;
3087 2491 3208 2546 sive
3256 2491 3427 2562 quod
3452 2493 3754 2563 majestati
3781 2491 3855 2548 rei

2215 2585 2392 2648 gestae
2447 2584 2719 2635 nostrum
2768 2579 3058 2636 imbecille
3120 2580 3428 2650 ingenium
3496 2581 3858 2638 consideravi

2212 2684 2388 2740 posse
2411 2669 2856 2724 succumbere°.
2915 2669 3063 2734 Quia
3095 2669 3245 2726 sicut
3296 2669 3504 2726 divina
3533 2686 3632 2726 res
3660 2671 3858 2727 huma-

2212 2771 2358 2811 num
2382 2757 2828 2828 supergreditur
2869 2763 3154 2813 conatum
3187 2775 3199 2813 :
3232 2756 3314 2813 sic
3369 2757 3582 2827 lingua
3623 2758 3855 2814 terrenis

2209 2842 2585 2912 incumbens,
2621 2847 2873 2903 aetherea
2902 2862 3022 2902 non
3053 2850 3245 2917 potest
3267 2847 3558 2918 mysteria
3580 2847 3759 2921 loqui.
3782 2847 3855 2904 Si-

2210 2939 2308 2990 cut
2338 2935 2660 3005 priedicarc
2689 2934 2872 2990 libere
2903 2935 3108 2997 nescit,
3143 2934 3245 3001 qui
3274 2935 3480 2991 minus
3511 2936 3760 3007 peccatis
3782 2935 3850 2989 li-

451 3027 751 3091 Israel,ut
781 3027 1020 3082 staretis
1045 3025 1108 3078 in
1133 3023 1346 3092 praelia
1387 3023 1446 3076 in
1472 3021 1567 3076 die
1595 3021 1835 3074 Domini
1863 3017 2096 3085 (Ezech.
2131 3000 2170 3054 (ἶ
2207 3023 2315 3078 ber
2344 3023 2569 3089 existit;
2598 3023 2680 3078 sic
2711 3023 3104 3080 abnuendum
3154 3024 3415 3080 creditur
3452 3000 3666 3093 dogma
3695 3024 3848 3093 ejus-

451 3130 566 3184 xm,
608 3120 683 3180 5).
711 3114 867 3171 Illius
895 3113 1069 3170 etiam
1097 3129 1282 3184 quam
1301 3111 1562 3166 maxime
1594 3106 1940 3163 vaticinium
1963 3109 2100 3160 Pro-

450 3204 644 3275 phetas
684 3203 1034 3270 formidans,
1067 3218 1189 3275 quo
1210 3201 1545 3256 socordiam
1580 3197 1875 3252 inutilium
1897 3199 2098 3267 pasto-

448 3309 583 3349 rum
613 3295 899 3349 Dominus
931 3297 1312 3349 contestatur.
1343 3291 1518 3351 Ecce,
1550 3287 1848 3359 inquiens,
1883 3301 1980 3340 vos
2004 3286 2099 3341 lac

447 3384 799 3444 comedistis,
815 3390 866 3438 et
895 3385 1048 3438 lanis
1072 3379 1500 3447 operiebamim'
1521 3395 1534 3442 ;
1567 3391 1697 3432 oves
1717 3382 1914 3431 autem
1938 3389 2097 3430 meas

448 3473 580 3539 lupi
607 3473 957 3525 invaserunt
989 3469 1164 3539 (Ibid.
1211 3483 1409 3530 xxxxv,
1439 3465 1493 3532 3,
1525 3469 1608 3534 5):
1665 3469 1725 3518 et
1783 3464 1929 3518 dum
1973 3479 2096 3518 non

445 3558 777 3633 procuratis
809 3571 1036 3628 pascua
1077 3553 1362 3622 salubria,
1407 3553 1484 3607 ab
1528 3551 1782 3606 inimicis
1825 3552 1911 3607 eis
1959 3556 2097 3605 sunt

442 3649 644 3705 herbae
674 3643 964 3700 morbida:
989 3646 1342 3716 procuratee.

513 3741 567 3793 2.
597 3738 971 3808 Quapropter
997 3748 1072 3788 ne
1093 3730 1260 3787 canis
1280 3734 1504 3796 mutus,
1529 3732 1587 3784 et
1615 3743 1738 3783 non
1765 3726 1967 3783 valens
2006 3725 2092 3782 la-

443 3831 596 3884 trare
629 3826 942 3898 (Isa.XLv1,
980 3826 1066 3888 10)
1091 3819 1424 3893 appellarer
1449 3835 1485 3875 a
1532 3818 1806 3884 Domino,
1854 3815 1975 3872 sive
2027 3819 2092 3871 ut

441 3916 761 3972 evaderem
794 3913 855 3969 in
896 3912 1164 3968 futurum
1190 3909 1618 3980 negligentium
1650 3906 1945 3978 judicium
1985 3921 2086 3961 co-

438 4011 615 4061 natus
639 4020 775 4059 sum
807 4019 878 4058 ex
907 3999 1300 4074 pauperrimo
1333 4004 1555 4055 nostrae
1586 3997 1841 4053 scientiae
1872 3995 2088 4052 scrinio

437 4093 789 4166 depromere
821 4090 1044 4163 aliqua,
1076 4094 1134 4145 et
1171 4106 1243 4145 ex
1292 4089 1520 4144 olerum
1578 4086 1834 4154 ferculis,
1884 4090 2085 4141 tamen

437 4181 730 4239 catholico
751 4180 954 4236 studio
980 4177 1307 4251 apparatis,
1356 4176 1625 4232 ﬁdelium
1658 4182 1924 4231 saturare
1955 4190 2086 4230 esu-

434 4273 604 4330 riem.
637 4275 854 4328 Eorum
883 4270 1122 4334 scilicet,
1146 4267 1250 4340 qui
1278 4269 1590 4322 veritatem
1633 4265 1772 4320 fidei
1817 4264 2084 4322 Christia-

2209 3111 2368 3178 dem,
2401 3113 2574 3183 cujus
2606 3112 2760 3168 vitiis
2818 3112 3035 3168 infecta
3083 3117 3173 3168 est
3226 3113 3364 3169 vita.
3417 3111 3523 3169 Sed
3567 3110 3833 3182 nunquid

2207 3201 2547 3257 mercedem
2574 3218 2748 3258 suam
2779 3217 2983 3257 coram
3007 3201 3259 3258 Domino
3287 3199 3483 3275 perdet
3509 3215 3674 3256 mens
3700 3197 3827 3253 tali-

2204 3289 2320 3345 bus
2341 3289 2636 3346 oblectata
2657 3290 2866 3347 studiis
2882 3292 2908 3346 ?
2954 3295 3059 3346 aut
3086 3295 3447 3350 teternorum
3493 3287 3835 3346 vacuabitur

2205 3379 2390 3447 gratia
2412 3396 2733 3436 munerum
2753 3380 2780 3435 ‘t
2803 3379 2908 3445 Qui
2942 3379 3048 3435 init
3071 3380 3236 3451 quod
3270 3383 3387 3435 Deo
3413 3383 3501 3436 est
3543 3377 3841 3452 placitum,

2204 3467 2313 3522 etsi
2334 3484 2458 3523 non
2473 3469 2777 3534 effectum,
2811 3472 2964 3524 certe
2994 3468 3087 3524 vel
3134 3470 3301 3540 pium
3354 3472 3519 3538 geret
3555 3471 3842 3524 affectum.

2201 3560 2317 3609 Aut
2337 3573 2459 3610 non
2489 3560 2598 3612 erit
2625 3573 2828 3612 coram
2856 3558 3110 3614 Domino
3135 3556 3846 3629 compensandum,quod

2199 3642 2280 3712 hi,
2315 3644 2417 3716 qui
2437 3644 2560 3701 zelo
2602 3645 2701 3700 Dei
2731 3646 2942 3702 armati
2997 3651 3206 3703 contra
3242 3646 3483 3703 hostem
3539 3645 3847 3719 publicum

2199 3737 2594 3806 apertumque
2625 3736 2912 3804 gesserint
2937 3734 3185 3806 bellum,
3217 3735 3278 3792 in
3308 3751 3379 3791 eo
3424 3751 3536 3791 nos
3584 3733 3849 3791 ineffabi-

2197 3821 2346 3878 lium
2367 3823 2591 3879 attollat
2614 3823 2813 3880 laetitia
2843 3823 3208 3894 gaudiorum
3225 3827 3252 3882 ‘2
3285 3824 3446 3882 Sicut
3473 3825 3639 3880 enim

2196 3917 2320 3968 met
2348 3913 2590 3969 nesrius
2613 3929 2737 3970 non
2768 3929 2903 3969 sum
2946 3914 3205 3986 peccatis
3255 3914 3591 3971 obnoxium
3618 3913 3849 3970 sceleri-

2192 4000 2309 4057 bus
2333 4000 2706 4074 implicatum
2732 4017 2827 4061 me
2857 4002 3056 4074 ipsum
3079 4018 3232 4070 esse;
3261 4002 3343 4060 ita
3367 4018 3614 4076 quoque
3643 4002 3726 4059 de
3742 4003 3845 4059 cle-

2193 4091 2417 4148 mentia
2437 4092 2848 4164 Redemptoris
2871 4091 2989 4147 mei
3019 4091 3360 4149 nullatenus
3390 4109 3526 4148 sum
3565 4091 3845 4162 diffusus,

2191 4181 2296 4253 qui
2325 4181 2657 4254 reprobans
2711 4185 3056 4253 peccatores
3100 4182 3178 4236 ab
3227 4180 3422 4238 ofﬁcio
3470 4180 3845 4254 praedicandi

2189 4269 2355 4342 (quia
2383 4284 2507 4325 non
2548 4269 2685 4325 licet
2737 4269 3108 4325 committere
3157 4270 3292 4326 cani
3341 4275 3548 4326 sancta
3611 4269 3847 4326 Domini

433 4379 549 4431 nte,
584 4362 734 4417 sicut
764 4376 800 4418 a
830 4359 1048 4416 sanctis
1067 4357 1335 4414 Patribus
1368 4360 1745 4427 acceperunt,
1781 4369 1928 4410 sana
1954 4369 2079 4409 cre-
2107 4348 2152 4401 D
2189 4359 2400 4429 [ΜαιΙι.
2429 4374 2528 4428 vn,
2565 4359 2666 4428 6]),
2690 4373 2814 4414 non
2843 4358 3060 4414 refutat
3083 4363 3470 4430 peccatorum
3502 4357 3712 4414 utilem
3743 4375 3844 4415 vo-

431 4453 677 4510 dulitate
730 4454 1071 4507 retentant:
1130 4463 1207 4502 ne
1258 4445 1580 4502 desistente
1642 4442 2078 4515 procurationis

429 4550 652 4601 nostra:
684 4541 927 4598 salutari
947 4538 1167 4607 edulio,
1200 4535 1537 4594 lethiferum
1589 4533 1666 4590 ab
1698 4533 1950 4589 inimicis
1982 4549 2078 4590 su-

428 4639 658 4690 merent
688 4632 913 4688 cibum.
937 4629 1216 4701 ldeoque,
1258 4629 1505 4695 urgente
1530 4640 1627 4680 me
1671 4622 1890 4679 divinae
1937 4623 2076 4678 cha-

428 4723 614 4778 rit‘atis
645 4721 910 4791 stimulo,
942 4722 998 4775 et
1028 4715 1368 4774 consultum
1391 4729 1602 4786 gerens
1630 4711 1937 4769 catholicae
1962 4711 2076 4784 ple-

427 4808 542 4879 bis,
601 4827 785 4881 quam
833 4812 1146 4865 nutantem
1207 4807 1269 4862 in
1341 4803 1768 4861 certaminibus
1818 4802 2075 4858 militum

430 4895 643 4951 Christi
669 4897 938 4965 cognovi,
968 4912 1076 4952 seu
1095 4895 1310 4952 obvius
1341 4894 1453 4951 illis
1473 4894 1720 4950 studens
1742 4908 2071 4958 occurrere,

429 4993 569 5040 ense
595 4983 762 5038 verbi
781 4984 891 5039 'Dei
919 4985 1242 5052 accinctus,
1290 4985 1398 5058 qui
1423 5001 1548 5041 non
1577 4984 1772 5040 solum
1801 5000 1906 5040 eos
1931 4983 2075 5040 reci-

427 5077 568 5145 pere
597 5071 748 5126 inter
767 5076 1061 5144 martyres
1079 5073 1312 5136 nolunt,
1332 5073 1728 5129 verumetiam
1757 5088 1858 5127 ore
1889 5073 2071 5128 sacri-

425 5160 561 5230 lego
587 5159 870 5216 conviciis
909 5164 1087 5233 atque
1117 5160 1898 5232 blasphemiisimpetentes,
1917 5160 2070 5216 redi-

483 5260 795 5340 ""SCriptus
833 5279 994 5340 anno
1029 5261 1151 5332 851,
1180 5272 1320 5340 post
1344 5267 1612 5324 medium
1641 5265 1816 5327 Junii,
1851 5270 1908 5322 et
1935 5273 2070 5324 ante

421 5341 605 5398 ﬁnem
631 5339 1002 5396 Novembris.

494 5417 521 5456 b
551 5411 964 5484 Hispanismus
989 5429 1000 5466 :
1021 5407 1387 5484 quosvulgo
1401 5425 1552 5478 poco
1570 5407 1995 5484 cocsideractos,
2015 5414 2071 5466 et

425 5479 777 5540 burladbres
801 5479 1075 5538 dicimus.
1111 5481 1295 5536 Utitur
1327 5479 1752 5552 smpe‘eoﬁdem‘
1777 5480 1981 5545 verbo,
2015 5486 2070 5552 et

419 5555 482 5613 in
512 5555 725 5613 eodem
748 5571 928 5610 sensu
954 5570 1102 5610 voce
1119 5549 1564 5625 parvipenttens
1579 5550 1715 5607 infr.
1737 5549 1799 5607 in
1817 5556 1965 5610 orat.
1989 5551 2065 5610 ad

419 5626 526 5686 ﬁn.
555 5627 660 5687 lib.
693 5644 760 5702 ιι,
789 5626 931 5686 etin
965 5625 1210 5701 Apolog.
1240 5640 1409 5683 num.
1442 5627 1496 5683 4.
1541 5625 1742 5682 Scnor.

2183 4444 2475 4502 luntatem
2510 4445 2654 4501 inid
2708 4447 2874 4519 quod
2929 4447 3040 4502 sibi
3095 4446 3310 4519 placet.
3388 4446 3657 4520 Denique
3687 4462 3847 4504 exse-

2184 4535 2410 4592 cranda
2439 4539 2574 4592 sunt
2603 4551 2784 4608 opera
2807 4537 3224 4609 reproborum,
3243 4553 3366 4596 non
3396 4538 3844 4596 contemnenda

2181 4628 2322 4680 vota
2348 4623 2687 4696 probabilia
2715 4626 3283 4696 peccatorum.Quia
3313 4626 3466 4686 sicut
3487 4643 3646 4700 opus
3667 4626 3839 4682 sinis-

2183 4717 2341 4770 trum
2365 4729 2798 4787 usquequaque
2848 4730 2960 4770 nos
2989 4714 3210 4786 dejicit,
3237 4716 3320 4774 ita
3348 4715 3518 4790 pium
3548 4714 3836 4772 affectum

2180 4801 2243 4858 in
2271 4802 2448 4860 nobis
2498 4803 2784 4860 Dominus
2826 4819 2950 4860 non
2999 4805 3240 4876 spernit.
3275 4806 3654 4879 Quapropter
3681 4803 3838 4863 illico

2180 4908 2353 4949 mens
2379 4891 2612 4963 dejecta
2656 4892 2917 4962 erigitur,
2955 4893 3373 4967 Christumque
3418 4893 3835 4952 instituentem

2181 4997 2251 5038 ac
2288 4981 2732 5054 promittentem
2755 4981 3044 5052 recolens,
3067 4998 3176 5055 spe
3203 4981 3665 5055 quodammodo
3697 4999 3837 5057 pos-

2181 5070 2474 5127 sibilitatis
2503 5070 2823 5136 animatur,
2851 5073 2956 5145 qui
2976 5072 3082 5129 ait:
3113 5073 3303 5142 Aperi
3327 5089 3388 5129 os
3415 5079 3607 5144 tuum,
3641 5080 3700 5130 et
3731 5089 3838 5146 ego

2179 5160 2515 5229 adimplebo
2582 5161 2742 5217 illud
2801 5162 2990 5233 (Psat.
3060 5179 3235 5234 LXXX,
3304 5165 3412 5237 li).
3481 5166 3548 5220 Et
3627 5164 3832 5222 alibi:

2242 5273 2265 5300 ‘
2295 5270 2465 5340 Hunc
2481 5267 2681 5340 locum
2706 5268 2788 5324 ita
2814 5270 3199 5340 restituimus,
3231 5285 3372 5326 cum
3392 5275 3450 5328 et
3476 5271 3537 5327 in
3569 5270 3833 5328 editione

2177 5339 2473 5396 Ambrosii
2498 5339 2817 5414 Moralis,et
2843 5341 3007 5414 apud
3036 5339 3335 5398 Andream
3368 5343 3673 5410 Schotum,
3690 5359 3830 5399 eum

2179 5417 2527 5470 corruptum
2549 5411 2901 5468 credamus.’
2923 5413 3031 5469 Ubi
3062 5414 3222 5470 enim
3249 5429 3361 5470 nos
3387 5416 3539 5470 sicut
3565 5414 3630 5470 in
3661 5420 3827 5472 utra-

2176 5498 2296 5554 que
2318 5484 2572 5556 periodo
2602 5482 2966 5556 apponimus
2992 5504 3004 5552 ;
3032 5485 3277 5542 Morales
3298 5487 3404 5552 sic,
3437 5487 3695 5544 Schotus
3725 5502 3826 5544 ve-

2175 5567 2244 5611 ro
2275 5554 2326 5609 si
2335 5554 2555 5625 priori,
2586 5554 2670 5613 sic
2682 5554 2898 5614 autem
2923 5556 3194 5614 secundo
3215 5556 3461 5631 aptavit.
