4110 6190
203 152 297 207 741
1116 178 1123 183 λ
1286 152 1704 213 ΜΕΜΟΜΔΙᾹΕ
1742 155 1842 213 ΒΔ]

1949 158 2181 219 [‘ORUI.
2220 190 2290 204 ~——
2324 166 2456 223 LIB.
2498 171 2539 224 Ι.

3516 178 3622 241 7n

200 275 487 330 Dominus
515 274 685 331 dabit
717 273 962 331 verbum
988 276 1535 368 evangetizantibus
1568 280 1632 335 in
1666 281 1854 336 virtu-
1880 280 1933 335 Α
1960 280 2179 341 bentur
2206 289 2484 348 testacea.
2510 291 2667 349 Solet
2702 293 2860 351 enim
2898 302 3179 368 peccator
3202 302 3346 357 sorti
3376 304 3477 360 Dei
3508 304 3624 361 im-

202 365 356 420 tibus
388 365 591 419 multis
618 365 743 431 (Ps.
792 380 968 433 van,
1010 363 1108 432 l2).
1146 364 1288 419 Inde
1320 366 1468 422 votis
1499 384 1749 441 compos
1778 368 1857 425 ef-

198 452 403 521 fectus,
427 453 611 509 credo
628 452 794 525 quod
814 453 975 508 idem
1000 453 1285 523 magister
1315 471 1489 511 verus
1509 457 1856 528 dignabitur

198 543 373 600 nobis
405 544 678 599 conferre
704 542 1098 615 prteconabile
1124 543 1377 600 verbum
1408 546 1487 601 ad
1526 547 1856 604 instructio-

200 647 340 687 nem
360 631 795 687 catholicorum
810 631 1233 699 honestam,ad
1251 632 1495 690 laudem
1509 641 1853 692 sanctorum

203 720 648 791 dignissimam,
671 725 728 777 et
746 721 824 777 ad
844 724 1350 794 expugnationem
1371 724 1852 783 adversariorum

204 808 700 876 efﬁcacissimam,
759 810 863 882 qui
913 811 1181 883 praestitit
1227 812 1468 869 animali
1525 814 1852 871 irrationali

206 898 406 972 eloqui
445 900 554 956 ritu
601 899 914 955 hominum
947 901 1147 971 (Num.
1199 918 1329 964 xm,
1360 906 1428 959 28
1458 908 1514 960 et
1554 909 1736 977 seqq).
1784 909 1852 964 Et

208 988 362 1044 sicut
384 1004 478 1044 me
506 987 818 1059 indignum
855 992 1020 1045 tanto
1049 1005 1229 1061 opere
1257 990 1463 1059 fateor,
1493 992 1576 1048 ita
1603 1010 1848 1067 quoque

201 1077 295 1132 sui
322 1076 673 1150 perfectione
699 1093 823 1133 non
854 1078 1049 1133 solum
1076 1080 1203 1134 erui
1234 1079 1424 1152 culpis
1454 1081 1712 1151 conﬁdo,
1744 1100 1845 1140 ve-

194 1166 515 1221 rumetiam
560 1166 756 1238 poenis
794 1166 1153 1237 abstractus,
1197 1170 1673 1242 priestantiorem
1710 1188 1845 1241 gra-

192 1253 337 1310 tiam
352 1255 678 1334 interventu
693 1256 745 1326 ej
754 1272 823 1310 us
840 1256 1004 1329 apud
1018 1256 1338 1314 Dominum
1349 1258 1614 1316 invenire
1633 1277 1808 1334 spero
1829 1279 1842 1317 :

190 1347 259 1397 ut
283 1348 369 1399 est
388 1343 534 1399 illud
562 1330 1050 1416 philosophicum
1087 1362 1100 1401 :

296 1467 418 1521 Hoc
439 1484 590 1538 opus
621 1468 731 1522 hoc
758 1467 894 1523 olim
922 1470 1119 1523 forsan
1150 1485 1239 1524 me
1270 1472 1563 1527 subtrahet
1591 1473 1735 1542 igni.

262 1594 317 1648 4.
358 1591 541 1662 Igitur
578 1589 652 1648 de
691 1593 995 1649 memoriis
1023 1599 1358 1668 martyrum
1401 1597 1715 1670 quidpiam
1746 1615 1844 1655 me

181 1680 485 1750 locuturo,
518 1680 878 1754 principium
908 1684 1192 1740 orationis
1224 1690 1444 1741 nostrae
1471 1687 1548 1742 ad
1574 1704 1683 1743 vos
1711 1688 1847 1744 diri-

184 1775 387 1840 gatur,
417 1787 453 1826 o
480 1770 666 1826 sancti
699 1770 911 1827 fratres
936 1774 1142 1841 nostri,
1170 1777 1227 1830 et
1265 1790 1498 1831 sorores
1526 1776 1587 1831 in
1618 1777 1845 1833 Christo

181 1857 403 1921 beatae,
432 1873 505 1913 ex
523 1874 782 1931 quorum
813 1859 1077 1931 collegiis
1098 1863 1500 1920 sacratissimo
1520 1864 1639 1920 Deo
1659 1864 1846 1922 libata

182 1953 281 2004 est
303 1948 519 2017 hostia,
550 1964 672 2005 non
693 1965 906 2007 verens
927 1950 1222 2023 pudorem
1242 1952 1440 2008 inculti
1459 1954 1697 2027 eloquii,
1721 1972 1846 2013 non

181 2043 569 2094 venustatem
598 2038 985 2112 leporemque
1026 2040 1313 2096 affectans
1354 2042 1614 2099 liberalis
1645 2044 1842 2108 studii,

181 2127 361 2200 quod
378 2126 971 2183 nulliu'sinstitnentis
983 2129 1325 2199 magisterio
1338 2131 1616 2188 traditum
1628 2133 1842 2189 habui:

182 2216 529 2289 praesertim
570 2232 706 2271 cum
752 2221 809 2271 et
856 2215 917 2270 in
962 2216 1379 2287 hujuscemodi
1428 2219 1608 2275 rebus
1656 2223 1848 2292 magis

188 2302 470 2358 noverim
511 2304 841 2376 simplicem
876 2306 1183 2361 veritatem
1213 2322 1344 2362 esse
1382 2307 1845 2380 observandam,

191 2407 391 2463 quam
450 2396 755 2448 tonantem
812 2409 1122 2449 musarum
1181 2396 1480 2465 turgidam
1535 2414 1843 2471 pompam.

189 2482 439 2551 Loquar
463 2480 639 2537 etiam
673 2482 795 2545 tibi,
847 2499 883 2538 o
922 2483 1269 2538 universalis
1316 2485 1586 2542 Ecclesiae
1631 2496 1847 2545 sanctae

176 2573 544 2635 conventus,
577 2574 641 2625 ut
680 2571 929 2628 verbum
974 2571 1249 2638 veritatis,
1292 2574 1455 2645 quod
1498 2591 1598 2631 ore
1640 2582 1845 2635 nostro

174 2656 459 2721 edicitur,
486 2655 739 2729 placidis
760 2659 1052 2715 mentium
1082 2659 1233 2715 ulnis
1253 2662 1638 2734 amplectens,
1662 2666 1847 2723 nulla.

174 2751 361 2801 tenus
384 2745 826 2818 praedicationis
856 2754 1071 2804 nostrae
1103 2750 1425 2807 arcendam
1451 2752 1599 2809 velis
1631 2754 1846 2811 doctri-

170 2848 350 2905 nam,
374 2852 530 2908 quae,
560 2836 885 2908 apostolica
907 2835 1242 2894 afﬁrmante
1265 2843 1633 2905 auctoritate.
1657 2844 1845 2901 libera

170 2925 256 2980 ad
292 2924 744 2983 instructionem
792 2928 1062 2983 omnium
1119 2928 1423 2999 redditur;
1468 2949 1604 2988 cum
1664 2935 1842 2991 unius

169 3014 320 3070 ﬁdei
373 3015 672 3072 auditores
726 3017 893 3073 vario
961 3016 1247 3075 discretos
1309 3020 1549 3089 talento,
1611 3023 1844 3081 diverso

167 3108 620 3177 praeceptorum
674 3106 945 3162 accendit
995 3107 1239 3165 oraculo
1275 3126 1288 3164 :
1322 3113 1379 3164 et
1420 3109 1500 3165 ibi
1549 3113 1842 3170 acriorem

173 3179 391 3267 spiritu
439 3195 738 3267 patientiae
785 3196 1064 3252 virtutem
1117 3196 1438 3262 demulcet,
1493 3199 1596 3256 ubi
1639 3202 1843 3259 mitem

177 3273 381 3339 vivido
406 3283 673 3355 jubentis
717 3284 967 3357 imperio
1014 3287 1379 3358 perarmavit
1411 3307 1424 3344 :
1459 3289 1562 3344 uni
1592 3290 1795 3347 dicens
1826 3311 1839 3349 :

172 3375 406 3445 Argue,
439 3374 703 3444 obsecra,
732 3376 982 3445 increpa
1020 3377 1084 3431 in
1114 3379 1277 3432 omni
1300 3379 1595 3446 patientia
1625 3388 1680 3438 et
1710 3384 1843 3440 doc-

176 3467 347 3521 trina
380 3465 482 3532 (II.
519 3467 664 3521 Tim.
689 3482 763 3522 iv.
798 3467 849 3538 2)
877 3485 891 3534 ;
933 3467 1099 3523 alteri
1129 3484 1271 3524 vero
1300 3470 1651 3543 praecipiens
1681 3492 1696 3529 :
1728 3477 1842 3531 Ar-

174 3566 294 3625 gue
313 3568 447 3610 cum
469 3556 631 3611 omni
653 3555 924 3625 imperio.
954 3556 1136 3612 Nemo
1164 3563 1219 3613 te
1248 3565 1585 3615 contemnat
1608 3564 1747 3633 (Tit.
1776 3580 1835 3631 ιι,

180 3648 292 3702 15).
318 3643 487 3699 Unde
515 3647 707 3718 parati
733 3650 917 3701 estote
946 3648 1111 3702 omni
1137 3647 1364 3704 homini
1389 3650 1638 3707 reddere
1659 3655 1838 3711 ratio-

176 3746 351 3796 nem,
368 3734 568 3801 petere
589 3749 622 3788 a
642 3732 814 3789 vobis
832 3733 1047 3790 volenti
1071 3733 1147 3791 de
1170 3735 1272 3792 illa
1294 3752 1427 3809 quae
1451 3737 1513 3793 in
1537 3755 1608 3795 eo
1638 3748 1841 3798 manet

184 3832 297 3890 spe
324 3818 384 3889 (Ι
404 3819 673 3884 Petr.'ni,
706 3823 823 3894 I5);
858 3839 932 3879 ne
957 3823 1141 3896 (quod
1167 3824 1343 3896 absit)
1367 3827 1605 3899 stupido
1631 3830 1841 3886 auditu

184 3919 356 3960 sanae
377 3903 651 3965 doctrinm
672 3911 956 3981 dogmata
973 3917 1337 3985 respuentes,
1358 3913 1509 3969 illius
1527 3932 1691 3988 quon
1722 3919 1840 3974 Iam

181 3995 531 4068 apostolicae
560 3998 968 4072 imputationis
1003 4001 1308 4057 sententia
1339 4002 1583 4059 obdoxii
1616 4005 1841 4075 judice-

173 4085 348 4151 mini,
377 4102 500 4158 qua
529 4087 743 4144 dicitur
770 4107 781 4144 :
811 4092 946 4145 Erit
977 4093 1132 4147 enim
1159 4097 1407 4161 tempus,
1441 4108 1574 4148 cum
1605 4110 1836 4163 sanam,

172 4174 517 4232 doctrinam
558 4192 675 4233 non
719 4180 1113 4250 sustinebunt,
1153 4181 1255 4237 sed
1293 4181 1374 4237 ad
1409 4196 1515 4237 sua
1548 4182 1841 4242 desideria

172 4266 619 4322 coacervabunt
666 4268 779 4323 sibi
812 4270 1135 4340 magistros
1158 4272 1503 4339 prurientes
1542 4273 1841 4329 auribus:

171 4358 223 4408 et
255 4368 295 4409 a
326 4356 583 4411 veritate
608 4355 841 4427 quidem
876 4335 1468 4425 auditum-avertent,
1493 4360 1573 4415 ad
1588 4360 1838 4429 fabulas
1862 4335 1913 4387 ’Β

170 4447 371 4499 autem
400 4450 830 4501 convertentur
866 4446 956 4516 (II
986 4447 1133 4502 Tim.
1174 4462 1254 4513 iv,
1288 4450 1342 4510 3,
1373 4447 1450 4517 4).
1500 4448 1651 4513 Quia
1689 4450 1841 4508 sicut

170 4531 351 4587 nobis
386 4532 684 4588 incumbit
712 4532 1053 4591 ofﬁciositas
1096 4534 1486 4607 praedicandi,
1538 4536 1619 4593 ita
1662 4539 1838 4595 vobis

170 4620 380 4676 subest
402 4622 734 4678 necessitas
761 4623 1061 4679 audiendi.
1103 4627 1216 4680 Nec
1246 4629 1490 4697 propter
1528 4626 1644 4683 hoc
1672 4628 1839 4700 quod

168 4723 283 4764 nos
320 4709 663 4767 inordinate
708 4711 1004 4783 degimus,
1052 4713 1271 4786 turpiq'
1304 4730 1335 4769 e
1387 4718 1837 4774 conversatione

169 4795 523 4867 dejicemur,
574 4802 982 4873 respuendum
1034 4802 1197 4857 verbi
1254 4802 1353 4858 Dei
1406 4804 1836 4861 documentum

169 4885 539 4944 arbitremini
577 4906 590 4945 :
624 4890 915 4962 quoniam
936 4891 1294 4963 plerumque
1321 4893 1382 4948 in
1407 4908 1633 4962 magna
1653 4894 1836 4950 domo

165 4974 621 5047 patrisfamilias
642 4982 924 5035 novimus
939 4989 966 5017 ι
993 4980 1160 5037 haud
1184 4981 1466 5052 ambigue
1494 4984 1837 5041 conversari

166 5065 430 5123 asseclas
467 5067 794 5141 deploratae
819 5069 974 5139 vitae,
1015 5086 1277 5143 quorum
1307 5073 1635 5130 ministerio
1666 5072 1835 5130 fami-

165 5150 344 5211 liares
367 5155 758 5214 dominarum
797 5158 1098 5215 interdum
1141 5160 1537 5233 expediuntur
1587 5164 1837 5220 necessi-

167 5245 339 5302 tates.
368 5246 522 5303 Nam
561 5252 619 5304 et
660 5247 1121 5321 imperatoribus
1150 5251 1362 5307 mundi
1404 5251 1702 5324 plumbeis
1733 5254 1835 5311 ad-

165 5330 404 5391 ducitur
429 5336 722 5393 cuniculis
742 5337 942 5405 unda;
970 5339 1194 5395 etinter
1224 5356 1396 5396 sacra
1419 5341 1660 5396 Domini
1685 5358 1833 5401 vasa

166 5436 315 5480 auro
347 5429 672 5496 argentove
702 5426 982 5498 conﬂata,
1019 5429 1419 5501 pretiosorum
1444 5428 1715 5501 lapidum
1742 5446 1834 5488 or‘

165 5514 467 5571 namentis
522 5520 895 5589 percompta,
948 5517 1128 5575 etiam
1178 5533 1303 5574 non
1347 5517 1687 5588 abjicienda
1712 5520 1824 5579 ha-

233 5628 263 5655 ⁸
290 5620 485 5680 Haud
507 5622 711 5692 dubie,
734 5624 961 5693 procul
984 5625 1187 5682 dubio.
1221 5624 1427 5681 Senor.

300 5728 325 5765 ε

1962 372 2171 429 mistus
2209 378 2474 449 quotidie
2501 380 2562 436 in
2593 397 2770 439 aures
2812 385 3021 456 populi
3064 387 3190 443 haec
3218 389 3417 447 dicere
3450 409 3464 447 :
3502 396 3614 450 Do-

1960 460 2160 518 minus
2208 466 2310 532 ait,
2354 469 2666 527 Proclama
2696 489 2710 527 :
2743 471 2819 528 de
2852 476 3427 544 transgressionibus
3467 497 3615 553 prm-

1960 555 2266 622 ceptorum
2298 555 2396 612 Dei
2414 558 2656 630 plebem
2688 576 2874 630 argue
2908 579 2921 617 :
2955 564 3031 620 de
3054 567 3363 623 severitate
3386 570 3615 641 judicii,

1958 653 2093 710 quas
2138 649 2489 713 pecatorum
2536 648 2790 706 debetur
2830 653 3197 721 excessibus,
3232 663 3569 717 eontestare
3602 676 3616 718 :

1958 726 2032 782 de
2060 730 2296 788 redditu
2325 735 2532 802 venite,
2564 742 2623 793 et
2666 754 2773 810 spe
2817 743 3233 813 promerendae
3281 746 3614 806 clementia

1957 815 2217 875 admone
2242 837 2256 887 ;
2289 836 2428 876 cum
2458 826 2661 880 tamen
2682 825 2780 882 ille
2802 827 2931 900 ipse
2959 845 3070 886 nec
3099 832 3351 890 modum
3374 836 3620 896 sibimet

1954 903 2015 960 in
2044 906 2398 965 criminibus
2430 917 2637 982 ponat,
2665 930 2776 970 nec
2802 919 3087 974 terrorem
3119 919 3300 978 futuri
3320 926 3614 983 examinis

1954 999 2198 1059 metuat,
2233 1003 2288 1053 et
2312 999 2484 1070 quod
2509 1000 2639 1056 aliis
2686 1004 2993 1077 praedicat,
3037 1009 3309 1067 moribus
3351 1012 3480 1086 ipse
3506 1016 3618 1075 im-

1953 1089 2185 1154 pugnat
2217 1105 2229 1140 :
2263 1087 2451 1144 verbo
2488 1093 2691 1146 autem
2718 1092 2849 1163 ejus
2873 1096 3145 1152 nonnum
3170 1098 3400 1170 intenti,
3431 1103 3515 1159 ab
3543 1105 3617 1161 ii-

1951 1170 2123 1228 licitis
2169 1174 2490 1243 abstinent,
2541 1185 2599 1236 et
2649 1182 3103 1251 perfectioﬁbus
3151 1187 3480 1247 adhaerent.
3533 1195 3613 1251 De

1918 1262 2175 1355 quibus
2212 1264 2273 1320 in
2320 1268 2643 1337 Evangelio
2684 1270 2901 1328 dicitur
2930 1291 2946 1329 :
2978 1274 3191 1332 Omna
3233 1294 3617 1355 quacumque

1952 1351 2219 1409 dixerint
2248 1355 2411 1410 vobis
2434 1358 2740 1416 observate
2754 1367 2813 1418 et
2829 1363 3061 1432 facite:
3084 1368 3408 1425 secundum
3431 1351 3615 1440 opera

1954 1455 2093 1497 vero
2132 1443 2376 1500 illorum
2414 1447 2601 1503 nolite
2643 1450 2885 1519 facere;
2910 1452 3122 1509 dicunt
3168 1456 3345 1525 enim,
3388 1464 3446 1515 et
3491 1476 3615 1517 non

1952 1530 2192 1599 faciunt
2220 1547 2242 1587 .·
2268 1534 2534 1603 alligant
2557 1551 2741 1593 onera
2760 1541 2982 1608 gravia
3010 1548 3067 1598 et
3096 1544 3527 1615 inimitabilia,
3554 1555 3615 1606 et

1874 1632 1916 1685 ῃ
1955 1618 2273 1688 imponunt
2311 1636 2379 1678 ea
2406 1623 2669 1680 humeris
2700 1626 3027 1699 hominum,
3063 1631 3250 1701 digito
3279 1641 3476 1693 autem
3504 1652 3614 1695 suo

1952 1708 2167 1762 nolunt
2198 1723 2266 1764 ea
2292 1713 2777 1783 movere(Matth.
2797 1732 2947 1784 mn,
2967 1720 3100 1790 3,4).
3134 1720 3298 1777 Unde
3338 1726 3615 1793 congruit

1954 1800 2037 1862 ut,
2070 1811 2209 1852 cum
2249 1798 2505 1856 Ecclesia
2548 1802 2814 1873 possidet
2837 1812 3127 1865 rectorem
3178 1810 3313 1866 vitae
3342 1812 3612 1872 moribus

1953 1883 2273 1954 dejectum,
2291 1904 2414 1944 non
2429 1893 2933 1951 contemnendam
2955 1896 3087 1967 ejus
3120 1901 3610 1970 medicationem

1954 1974 2264 2041 existimet,
2288 1978 2567 2049 quamvis
2596 1979 2754 2037 hanc
2784 1983 2909 2054 ipse
2928 1988 3134 2055 pravis
3156 1989 3391 2046 actibus
3417 1992 3614 2065 impu-

1955 2069 2111 2133 gnet.
2134 2063 2409 2121 Ofﬁcium
2428 2067 2629 2139 itaque
2657 2069 2819 2139 vulgi
2840 2077 2927 2128 est
2945 2072 3251 2133 intendere
3276 2079 3357 2134 ad
3374 2063 3613 2137 concio-

1952 2157 2223 2223 nantem,
2254 2158 2311 2210 et
2338 2155 2546 2211 audire
2583 2157 2900 2231 dicentem,
2940 2166 2998 2218 et
3042 2163 3301 2221 doctoris
3322 2167 3612 2239 praedica-

1954 2241 2177 2297 tionem
2223 2244 2531 2314 operando
2561 2248 2827 2320 exsequi,
2859 2255 2915 2305 et
2944 2266 3067 2306 non
3104 2255 3418 2326 proprium
3448 2256 3609 2329 judi-

1955 2331 2115 2387 cium
2151 2335 2226 2387 de
2279 2334 2736 2405 praepositorum
2778 2340 3004 2395 meritis
3060 2340 3229 2411 ferre,
3284 2359 3442 2418 quos
3499 2364 3609 2405 suo

1956 2419 2242 2475 Dominus
2263 2420 2708 2491 distringendos
2738 2429 3360 2501 examinireservavit,
3381 2435 3605 2493 dicens:

1953 2509 2260 2578 Propheta
2304 2526 2562 2582 namque
2591 2520 2643 2569 et
2675 2518 2948 2573 sacerdos
2976 2521 3206 2589 polluti
3242 2531 3403 2593 sunt,
3443 2532 3500 2582 et
3540 2528 3608 2583 in

1954 2598 2125 2653 domo
2150 2614 2281 2654 mea
2308 2602 2512 2656 inveni
2536 2604 2764 2660 malum
2802 2620 3027 2679 eorum,
3066 2612 3160 2667 ait
3514 2616 3610 2673 td-

1955 2691 2111 2744 circo
2142 2690 2241 2745 via
2268 2705 2473 2748 eorum
2500 2696 2611 2748 erit
2650 2700 2827 2766 quasi
2864 2698 3160 2759 lubricum
3200 2705 3268 2759 in
3312 2706 3610 2763 tenebris:

1954 2778 2340 2847 impellentur
2367 2783 2543 2850 enim,
2564 2790 2619 2839 et
2649 2795 2931 2844 corruent
2957 2792 3019 2845 in
3050 2806 3138 2847 ea.
3160 2793 3429 2863 Aﬂ'eram
3448 2799 3608 2853 enim

1952 2883 2132 2937 super
2169 2884 2263 2925 eos
2310 2872 2498 2931 mata.
2545 2889 2771 2932 annum
2823 2879 3179 2936 uisitationis
3226 2898 3426 2940 eorum
3463 2887 3609 2957 (Jer-

1870 2985 1914 3038 ο
1950 2972 2113 3024 xxm,
2152 2964 2238 3027 Η,
2284 2959 2387 3031 l2).
2428 2964 2501 3017 Et
2542 2962 2755 3019 iterum
2790 2982 2804 3021 :
2835 2968 2991 3023 Mihi
3022 2970 3376 3041 vindictam,
3418 2978 3475 3029 et
3502 2986 3608 3044 ego

1949 3047 2292 3115 retribuam,
2322 3050 2468 3105 dicit
2492 3053 2782 3109 Dominus
2805 3056 2994 3124 (Deut.
3032 3072 3204 3125 χχιιι,
3239 3062 3350 3130 35),
3378 3063 3444 3116 Et
3472 3060 3609 3117 licet

1947 3134 2095 3201 haec,
2136 3137 2564 3208 quamdudum
2615 3140 2835 3210 digessi
2874 3146 3215 3215 auctoritas,
3267 3148 3457 3203 meriti
3487 3149 3606 3206 mei

1946 3223 2355 3282 defensionem
2384 3227 2667 3300 iuqnirat,
2719 3234 2775 3286 et
2814 3232 3037 3303 quibus
3080 3235 3276 3291 modis
3301 3237 3606 3307 justorum

1944 3313 2139 3383 legem
2169 3315 2422 3372 evadere
2459 3332 2583 3373 non
2608 3320 2842 3392 possim
2882 3323 3197 3395 ostendat;
3230 3325 3369 3398 plus
3397 3331 3606 3383 tamen

1946 3404 2279 3478 simplicem
2304 3407 2719 3478 religiosorum
2751 3420 3114 3470 conventum
3142 3417 3471 3474 accendere
3501 3434 3606 3475 an-

1944 3493 2121 3560 helat,
2154 3510 2231 3552 ne
2260 3502 2466 3555 sancta
2497 3505 2868 3573 sanctorum,
2893 3505 3172 3576 quamvis
3195 3520 3299 3563 ore
3327 3507 3605 3582 improbo

1944 3583 2125 3649 edita,
2154 3591 2423 3658 respuat.

2015 3678 2066 3729 5.
2119 3676 2181 3729 In
2225 3675 2441 3732 horum
2490 3676 2668 3749 igitur
2716 3683 3143 3741 certaminibus
3188 3686 3605 3745 confessorum

1943 3765 2108 3819 tanto
2138 3763 2529 3822 alacrioribus
2562 3769 2779 3824 animis
2809 3776 2900 3827 est
2932 3775 3380 3846 exsultaudum,
3404 3782 3603 3835 tanta-

1944 3867 2061 3924 que
2077 3851 2345 3909 libertate
2361 3855 2557 3910 cordis
2572 3861 2630 3912 et
2644 3858 2808 3913 vocis
2824 3859 3155 3927 gloriosum
3172 3879 3487 3919 consumm
3495 3870 3605 3921 atat

1943 3940 2204 3996 victoriae
2234 3957 2480 3996 cursum
2509 3943 2864 4012 ferendum;
2894 3954 3122 4018 quanto
3142 3950 3239 4005 bis
3264 3950 3472 4007 divina
3486 3964 3607 4008 vox

1943 4028 2478 4099 indulgentissime
2509 4032 2853 4103 sponsionis
2895 4051 3102 4093 verum
3140 4039 3607 4098 salutiscon’fert

1945 4117 2244 4189 solatium,
2266 4118 2473 4175 dicens
2506 4137 2521 4175 :
2547 4120 2663 4187 Qui
2684 4128 3086 4192 perseveravit
3107 4142 3291 4200 usque
3306 4130 3370 4186 in
3400 4131 3603 4200 ﬁnem,

1946 4207 2041 4264 hic
2071 4207 2276 4263 salvus
2304 4209 2419 4265 erit
2460 4209 2697 4280 (Matth.
2740 4228 2794 4279 x,
2839 4214 2947 4285 22).
2996 4216 3290 4280 Quoniam
3319 4219 3607 4276 veraciter

1945 4296 2481 4365 cognovimnsmn
2498 4298 3606 4379 inchoantibusdeberipraimium,sed

1943 4385 2483 4456 perseverantibus.
2502 4388 2667 4446 Adeo
2688 4389 2788 4447 illa
2807 4390 3211 4462 primordialis
3227 4393 3607 4453 abrenuntia-

1944 4475 2024 4529 tio
2052 4489 2276 4545 rerum,
2303 4476 2641 4550 mundique
2679 4484 3059 4552 contemptus
3098 4482 3418 4555 praecipuis
3448 4484 3603 4540 votis

1944 4566 2000 4619 et
2027 4563 2226 4620 studio
2254 4564 2582 4621 ardentiori
2612 4567 2691 4623 ab
2719 4568 2807 4623 eis
2830 4569 3191 4625 exercitatas
3222 4574 3333 4637 est;
3365 4575 3430 4627 ut
3450 4586 3601 4627 eon-

1944 4652 2149 4707 tuendi
2174 4652 2434 4709 velocius
2460 4656 2676 4725 Deum,
2720 4660 2780 4712 et
2820 4657 3134 4713 beatorum
3182 4658 3420 4714 fruendi
3463 4673 3605 4716 con-

1943 4738 2124 4795 sortio
2152 4740 2516 4796 desiderium
2540 4741 2851 4810 haberent,
2882 4747 2948 4798 ut
2975 4744 3155 4800 etiam
3184 4745 3443 4803 labentis
3466 4746 3602 4803 vitae

1943 4826 2160 4882 obnixe
2188 4842 2475 4882 occasum
2504 4834 2854 4900 appeterent
2880 4847 2893 4885 :
2922 4831 3136 4888 melius
3167 4838 3452 4906 putantes
3488 4834 3602 4892 sub

1942 4912 2120 4969 unius
2161 4914 2368 4986 puncti
2417 4915 2611 4987 spatio
2658 4915 2810 4973 ferre
2860 4920 3216 4977 sententiam
3256 4922 3600 4993 hominum,

1941 5017 2077 5076 quae
2090 5000 2269 5069 illico,
2282 5002 2868 5073 nullaiutercedente
2883 5007 3188 5080 dilatione,
3204 5024 3311 5068 eos
3331 5010 3510 5072 ferret
3523 5013 3604 5072 ad

1942 5090 2373 5164 caelum,un
2399 5108 2506 5166 per
2529 5094 2697 5152 varia
2717 5099 2775 5152 et
2794 5095 2978 5168 longa
3004 5097 3354 5159 discrimina
3370 5106 3605 5176 tempo~

1940 5197 2077 5237 rum
2106 5196 2245 5238 cum
2271 5184 2439 5253 gravi
2460 5184 2734 5242 molestia
2748 5186 3038 5245 sustinere
3057 5191 3355 5249 versutias
3374 5193 3604 5250 dmo-

1940 5286 2110 5328 num.
2136 5275 2202 5330 Et
2223 5273 2511 5331 Dominus
2535 5276 2784 5348 quidem
2806 5276 2887 5334 ad
2913 5277 3180 5335 omcium
3206 5282 3600 5354 praedicanda

1939 5361 2196 5418 veritatis
2223 5362 2518 5437 discipulo
2549 5365 2849 5436 imbuens,
2881 5367 3195 5440 impavida
3212 5386 3321 5427 eos
3334 5370 3601 5428 audacia

1934 5451 2107 5523 jubet
2145 5468 2274 5509 esse
2321 5459 2653 5521 contentos,
2690 5456 2903 5513 dicens
2932 5474 2946 5513 :
2974 5460 3202 5516 Euntes
3223 5475 3339 5530 per
3359 5462 3603 5518 univer-

1940 5556 2072 5597 sum
2115 5542 2405 5601 mundum
2443 5546 2770 5615 praeaicate
2809 5547 3209 5620 Evangelium
3242 5551 3406 5607 omni
3445 5562 3580 5606 creo
