4110 6190
460 175 565 237 us
1582 214 1585 217 .
1654 171 1713 226 s.
1751 167 2032 224 EULOGH
2070 164 2387 223 ARCHIEP.
2427 169 2667 224 reuna
3810 140 3921 224 ita

462 300 638 367 turea,
671 296 1039 365 baptizantes
1064 308 1161 351 eos
1205 294 1270 349 in
1298 294 1535 350 nomine
1575 292 1801 355 Patris,
1848 296 1903 347 et
1946 290 2111 356 Filii,
2143 290 2193 343 A
2225 295 2427 346 cantes
2467 290 2853 363 Evangelium
2893 289 2994 346 Dei
3022 288 3393 362 principibus
3430 294 3486 345 et
3526 289 3923 346 nationibus

462 386 543 441 Et
572 385 838 453 Spiritus
877 385 1090 449 sancti,
1144 382 1258 449 Qui
1302 383 1642 450 crediderit,
1683 386 1737 437 et
1783 380 2114 451 baptizatus
2225 378 2455 434 mundi.
2501 382 2688 454 Super
2726 380 3023 435 Christum
3070 383 3335 434 montem
3386 378 3719 435 excelsum
3780 396 3925 435 con-

460 475 667 545 fuerit,
717 472 920 527 salvus
962 472 1121 528 erit:
1150 473 1255 543 qui
1283 487 1420 528 vero
1455 487 1575 527 non
1604 471 1945 538 crediderit,
1976 485 2115 525 con-
2224 468 2609 539 temptatione
2652 468 2944 523 mentium
2983 467 3214 533 elevati,
3267 467 3613 524 didicerunt
3664 469 3925 524 confes-

462 561 847 618 demnabitur
881 562 1118 631 (Matth.
1152 578 1320 629 XXIII;
1361 562 1553 617 Marc.
1583 561 1725 633 XVI).
1757 563 1822 616 Et
1852 558 2066 615 iterum
2100 574 2113 612 :
2227 572 2390 611 sores
2421 557 2579 613 beati
2604 574 2675 614 ex
2701 557 3025 613 Psalmistae
3051 555 3307 613 oraculis
3324 556 3630 627 justitiam
3668 558 3928 615 Domini

461 651 661 711 Nolite
681 655 887 706 timere
904 665 999 706 eos
1026 650 1133 721 qui
1151 651 1429 706 occidunt
1450 665 1685 719 corpus,
1709 650 1850 721 quia
1871 664 1992 704 non
2017 647 2117 703 ha-
2226 648 2286 703 in
2352 647 2615 704 Ecclesia
2677 663 2906 718 magna
2959 647 3084 703 fore
3148 646 3644 703 annuntiandam
3726 649 3923 719 (Psal.

465 740 601 796 bent
623 739 771 810 quid
799 740 1060 807 amplius
1081 739 1359 811 faciant;
1386 739 1488 795 sed
1508 740 1711 807 potius
1738 753 1869 795 eum
1901 739 2115 806 timete,
2226 742 2502 806 xxx1x,tO)
2531 755 2545 792 ε
2570 742 2627 794 et
2654 737 2789 793 ideo
2819 737 3080 810 perfecto
3110 736 3248 792 odio
3273 740 3479 792 contra
3506 736 3925 794 adversarios

463 829 568 899 qui
593 832 781 897 potest
806 843 1023 897 corpus
1056 833 1110 883 et
1132 829 1396 884 animam
1421 827 1694 897 perdere,
1722 832 1778 883 et
1797 827 2030 882 mittere
2053 826 2117 880 in
2228 828 2501 884 Ecclesiae
2530 828 2908 894 insurgentes
2939 832 3200 896 arguunt
3239 826 3458 899 impios
3496 826 3574 883 de
3622 827 3924 885 falsidica

460 895 1051 986 qehennamUllatlh.
1076 933 1134 980 x,
1156 917 1268 987 28).
1310 895 1574 972 Vosﬁestis
1596 917 1707 971 lux
1728 915 1957 971 mundi.
1982 915 2119 969 Non
2227 918 2377 973 vatis
2406 916 2594 990 iniqui
2622 916 2913 984 doctrina,
2943 895 3276 989 praestigiis,
3310 895 3669 995 sacrilegiis,
3721 921 3787 973 et
3827 935 3923 973 va-

459 1011 650 1075 potest
667 1007 876 1063 civitas
893 1006 1180 1062 abscondi
1197 1006 1856 1075 supermontemposita
1891 1018 2121 1074 :neque
2227 1006 2512 1062 nitatibus
2566 1006 2764 1062 saeculi
2812 1006 2991 1079 plena
3037 1023 3049 1060 :
3097 1005 3469 1063 detestantur
3514 1023 3816 1080 quoque,
3869 1016 3922 1063 et

466 1094 807 1151 accendunt
855 1096 1184 1163 lucernam,
1228 1099 1284 1150 et
1322 1099 1554 1163 ponunt
1602 1108 1731 1150 eam
1770 1093 1879 1148 sub
1926 1092 2119 1148 modio
2228 1095 2746 1153 maledictionibus
2775 1100 3080 1152 auctorem
3109 1099 3284 1151 tantae
3330 1097 3759 1168 perversitatis
3812 1097 3919 1153 im-

469 1182 707 1255 (Matth.
738 1201 789 1251 v,
821 1186 908 1252 14,
934 1184 1041 1254 15).
1093 1184 1261 1251 Quod
1283 1183 1416 1239 dico
1446 1184 1606 1239 vobis
1634 1184 1698 1238 in
1725 1182 1998 1244 tenebris,
2027 1182 2118 1235 di-
2228 1191 2521 1260 pugnant,
2546 1186 2949 1259 eumdemque
2971 1190 3189 1241 cretum
3222 1185 3439 1240 talibus
3468 1186 3919 1243 inservientem

468 1274 579 1329 cile
605 1274 668 1328 in
704 1274 947 1341 lumine,
980 1278 1034 1328 et
1062 1288 1194 1343 quae
1221 1274 1284 1328 in
1314 1287 1463 1329 aure
1491 1272 1763 1337 audistis,
1796 1271 2123 1341 praedicate

466 1377 647 1431 super
667 1366 821 1417 tecta
841 1360 1080 1431 (Matth.
1103 1377 1162 1430 x,
1187 1361 1297 1431 27).
1325 1360 1497 1426 Quod
1516 1363 1575 1415 in
1600 1359 1883 1433 mysterio
1905 1374 2123 1427 cogno-

466 1449 655 1515 vistis,
671 1449 933 1521 apertius
951 1455 1223 1505 enarrate
1240 1467 1255 1515 ;
1272 1449 1439 1521 quod
1453 1449 1740 1505 didicistis
1751 1447 2120 1514 abscondite,

468 1536 706 1610 publice
723 1537 1042 1610 loquimini
1064 1556 1076 1605 ;
1101 1537 1267 1610 quod
1286 1554 1391 1593 vos
1412 1536 1634 1592 erudivi
1653 1537 1713 1591 in
1728 1551 1915 1608 parvo
1926 1535 2123 1605 judeae

467 1624 621 1693 loco,
653 1625 716 1681 in
754 1625 1046 1681 universis
1074 1626 1345 1691 urbibus,
1378 1629 1437 1681 et
1472 1625 1531 1681 in
1579 1629 1701 1680 toto
1744 1624 1973 1679 mundo
2018 1640 2124 1679 au-

468 1712 672 1770 dacter
697 1713 891 1769 dicite.
925 1714 1100 1770 Docet
1122 1714 1408 1770 tiduciam
1439 1713 1824 1787 praedicandi,
1850 1728 1923 1768 ne
1955 1728 2128 1785 apos-

470 1803 571 1861 toli
592 1802 1041 1859 abscondantur
1057 1804 1136 1859 ob
1155 1812 1402 1872 metum,
1421 1808 1477 1859 et
1498 1803 1613 1857 sint
1629 1801 1848 1857 similes
1869 1801 2126 1857 lucernae

471 1891 588 1947 sub
628 1890 869 1959 modio;
901 1892 1194 1964 quoniam
1240 1892 1303 1946 hi
1348 1891 1452 1963 qui
1494 1891 1826 1946 libertatem
1872 1889 2122 1945 faciendi

471 1980 723 2036 verbum
732 1981 794 2036 in
806 1981 1044 2053 populis
1056 1980 1339 2036 divinitus
1354 1986 2126 2052 acceperunt,nequaquam

469 2068 691 2125 resilire
739 2086 776 2125 a
829 2070 1251 2141 praedicatione
1294 2069 1577 2138 veritatis,
1619 2069 1795 2124 etiam
1848 2066 2126 2139 periculis

470 2156 949 2228 imminentibus,
972 2157 1212 2227 debent,
1236 2162 1301 2213 ut
1328 2173 1451 2213 non
1482 2156 1739 2212 lucernis
1766 2156 1879 2211 sub
1903 2156 2128 2219 modio,

474 2247 583 2302 sed
613 2263 797 2320 supra
817 2246 1251 2304 candelabrum
1280 2246 1487 2319 positis
1516 2250 1958 2318 comparentur.

543 2340 595 2392 6.
630 2339 696 2392 Et
720 2336 855 2393 licet
879 2336 1283 2393 formidolosis
1317 2335 1571 2392 facultas
1601 2334 1817 2391 collata
1847 2333 1921 2389 sit
1951 2332 2129 2388 decli-

472 2424 659 2499 nandi
676 2425 906 2481 rabiem
926 2424 1380 2497 persecutionis,
1403 2439 1526 2479 non
1549 2429 1751 2478 tamen
1772 2422 1998 2494 passim
2013 2420 2129 2475 hoc

474 2512 920 2568 observandum
942 2518 1030 2568 est
1050 2523 1121 2568 an
1151 2512 1445 2585 perfectis,
1473 2511 1578 2583 qui
1601 2512 1727 2581 jam
1750 2509 2005 2583 praescia
2030 2512 2129 2564 Re-

475 2599 804 2669 demptoris
816 2601 1082 2671 potentia
1103 2600 1364 2655 denotati
1383 2603 1441 2654 et
1460 2597 1980 2670 conscripti,quasi
2000 2596 2078 2652 ab
2106 2597 2131 2636 δ

470 2686 780 2743 immensis
803 2687 1140 2755 legionibus
1172 2688 1252 2743 ad
1280 2687 1624 2743 exercitium
1656 2686 2001 2759 praeliorum
2026 2685 2132 2741 Dei

476 2774 644 2831 electi
666 2779 822 2831 sunt.
844 2777 912 2831 Ut
932 2775 978 2830 si
1001 2780 1245 2848 propter
1264 2775 1570 2831 veritatem
1594 2790 1756 2830 mors
1783 2780 2028 2830 cruenta
2050 2775 2132 2830 eis

474 2868 768 2934 occurrat,
800 2879 924 2919 non
970 2864 1307 2920 curandum
1354 2869 1442 2920 est
1470 2863 1545 2919 de
1572 2864 1806 2935 jactura
1832 2862 2133 2919 membro-

2231 1275 2476 1332 culturis
2540 1275 2788 1347 perenni
2849 1275 3230 1330 anathemate
3268 1273 3566 1330 damnant
3624 1295 3639 1332 :
3708 1282 3772 1332 et
3836 1278 3917 1332 ita

2231 1365 2476 1422 interriti
2525 1370 2730 1421 contra
2780 1365 3012 1421 hostem
3070 1364 3382 1438 publicum
3428 1372 3719 1437 apertum
3765 1368 3919 1423 veri-

2235 1458 2366 1512 tatis
2396 1456 2685 1527 erigentes
2716 1455 3014 1517 vexillum,
3040 1459 3244 1528 utpote
3265 1458 3402 1510 ante
3428 1454 3587 1511 fores
3616 1458 3911 1529 praetorii,

2234 1551 2291 1603 et
2321 1547 2380 1601 in
2409 1547 2541 1619 ipso
2572 1562 2817 1602 accessu
2854 1544 3059 1617 palatii
3089 1544 3457 1616 proferentes
3484 1546 3911 1603 testimonium

2164 1643 2207 1697 B
2235 1638 2295 1693 in
2341 1636 2558 1692 ducem
2603 1634 2973 1707 perditionis,
3015 1634 3385 1691 confusionis
3415 1640 3473 1690 et
3500 1634 3856 1706 ignominiae
3890 1653 3905 1695 :

2236 1743 2359 1783 non
2398 1730 2681 1792 verentes,
2723 1723 2889 1798 quod
2932 1724 3367 1797 suppliciorum
3407 1740 3518 1796 pro
3549 1726 3757 1783 eadem
3800 1741 3900 1781 ve-

2236 1817 2406 1873 ritate
2435 1815 2703 1870 subirent
2729 1819 3117 1882 tormentum,
3152 1817 3257 1869 aut
3294 1814 3568 1885 qualibus
3603 1813 3887 1885 periculis

2240 1906 2369 1961 vitae
2410 1904 2592 1975 hujus
2630 1903 2920 1959 haberent
2958 1919 3263 1958 occasum.
3312 1902 3531 1975 Quippe
3572 1918 3721 1974 quos
3760 1901 3881 1957 im-

2241 2010 2486 2051 mensus
2515 1992 2768 2063 urgebat
2795 1990 2975 2047 ardor
3005 1991 3303 2062 migrandi
3336 1991 3415 2047 ad
3448 1990 3677 2051 coelum.
3718 1990 3888 2049 testi-

2241 2088 2452 2139 nantes
2480 2082 2679 2137 videre
2710 2080 2923 2137 faciem
2964 2081 3114 2151 ejus,
3147 2080 3242 2136 cui
3284 2080 3630 2136 servierunt.
3673 2080 3898 2137 Stimu-

2240 2173 2396 2229 latur
2439 2172 2561 2227 zelo
2602 2170 2840 2226 ultionis
2888 2170 3103 2226 cohors
3148 2169 3355 2243 iniqua
3387 2170 3720 2239 gentilium,
3754 2169 3901 2225 cele-

2243 2262 2442 2334 risque
2516 2258 3057 2317 adimadversionis
3124 2259 3374 2329 emergit
3437 2259 3770 2316 vindicium
3838 2259 3901 2315 in

2243 2352 2667 2406 obtrectatores
2712 2352 2882 2404 sectae
2931 2364 3072 2403 sure.
3124 2350 3460 2405 Nescientes
3503 2348 3651 2421 quia
3698 2347 3803 2417 illi,
3845 2354 3907 2404 ut

2244 2440 2442 2495 hunc°
2469 2454 2799 2510 praecocem
2839 2436 3069 2493 obitum
3111 2437 3473 2508 exciperent.
3511 2437 3714 2493 liberis
3753 2439 3907 2515 voci-

2245 2528 2361 2583 bus
2408 2528 2649 2583 inimico
2697 2527 2933 2598 justitiae
2991 2531 3046 2581 et
3088 2524 3431 2583 adversario
3484 2525 3761 2584 Ecclesiae
3808 2526 3907 2582 Dei

2245 2633 2570 2689 progressu
2611 2616 2883 2671 ultroneo
2927 2617 3300 2672 restiterunt:
3332 2616 3649 2689 loquentes
3678 2617 3753 2673 de
3800 2623 3907 2673 tes-

2246 2706 2506 2762 timoniis
2570 2705 2803 2761 Domini
2867 2705 2929 2760 in
2994 2710 3316 2776 conspectu
3402 2722 3615 2776 regum
3708 2708 3903 2775 (Psal.

2246 2812 2433 2858 cxvm,
2465 2799 2578 2864 46),
2611 2799 2668 2851 et
2694 2794 2839 2850 nihil
2870 2800 3159 2863 verentes,
3192 2795 3336 2867 quia
3370 2795 3517 2851 nihil
3547 2796 3711 2852 aliud
3744 2812 3902 2852 mor-

2245 2893 2363 2942 tem
2395 2901 2590 2951 suam,
2623 2901 2808 2957 quam
2850 2884 3035 2940 vitam
3074 2890 3425 2956 perpetuam
3467 2886 3896 2951 existimantes,

473 2969 631 3050 1'91“,
661 2952 765 3050 “bi
796 2954 923 3009 Sine
943 2952 1131 3050 (11³ῘῖῘο
1161 2952 1595 3050 ⁸9ῙδίξυωὙίίίθ
1621 2951 1906 3050 gemellis
1934 2952 2133 3050 139un
2164 2993 2205 3050 ο
2244 2981 2456 3049 sponte
2507 2976 2807 3031 interitum
2866 2951 3093 3031 carnis-
3127 2951 3431 3048 cit-optant,
3491 2975 3896 3031 voluntarium

472 3041 621 3099 ritur
650 3042 1013 3110 animarum,
1032 3042 1265 3099 dicente
1294 3042 1543 3098 domino
1568 3060 1580 3097 :
1607 3042 1680 3098 Si
1695 3043 1826 3113 quis
1854 3042 1983 3098 vult
2000 3049 2130 3110 post

472 3148 566 3187 me
602 3132 823 3203 venire,
868 3132 1121 3203 abneget
1155 3136 1551 3201 semetipsum,
1589 3137 1643 3186 et
1684 3130 1861 3186 tollat
1899 3144 2131 3185 crucem

470 3236 663 3291 suam,
683 3227 736 3278 et
760 3228 1047 3293 sequatur
1061 3236 1170 3277 me.
1199 3221 1312 3288 Qui
1324 3222 1479 3277 enim
1507 3219 1839 3289 perdiderit
1867 3220 2134 3275 animam

471 3325 643 3366 suam
666 3317 917 3380 propter
944 3324 1054 3377 me,
1081 3311 1145 3365 in
1173 3313 1354 3366 vitam
1397 3316 1682 3366 wternam
1721 3311 1978 3365 inveniet
2004 3322 2135 3364 eam

476 3400 714 3465 (Matth.
750 3415 862 3454 xvr.
894 3401 986 3465 24,
1009 3399 1119 3465 25).
1153 3397 1297 3453 lnde
1329 3398 1516 3452 sancti
1538 3397 1649 3452 viri
1677 3396 1931 3469 placidis
1962 3396 2133 3452 audi-

473 3485 633 3539 tibus
648 3485 957 3540 veritatem
977 3485 1387 3554 evangelicam
1404 3485 1729 3556 capientes,
1747 3501 1881 3540 eam
1901 3486 2035 3541 totis
2051 3484 2136 3540 ni-

478 3572 651 3628 sibus
679 3571 1008 3644 adimplere
1034 3571 1405 3627 contendunt
1436 3590 1449 3628 :
1484 3573 1702 3628 scilicet
1727 3574 1888 3629 viam
1914 3576 2137 3628 sanctae

476 3659 875 3717 confessionis
906 3660 1183 3716 virtutem
1220 3659 1401 3730 hujus
1439 3660 1723 3732 praeconii
1752 3677 1880 3716 esse
1912 3661 2135 3717 solum-

476 3748 664 3805 modo
692 3747 1075 3805 arbitrantes.
1103 3747 1212 3814 Qui
1240 3747 1395 3804 illico
1420 3747 1635 3804 relictis
1661 3747 1934 3819 urbibus,
1961 3754 2017 3805 et
2044 3750 2138 3805 his

476 3855 613 3913 quae
662 3837 958 3895 mundani
1004 3838 1231 3895 hmrent
1276 3837 1609 3907 affectibus,
1652 3834 1830 3894 avida
1866 3838 2141 3910 rapiendi

474 3944 731 4001 regnum
760 3928 863 3984 Dei
891 3927 1172 4001 cupidine
1206 3928 1666 3998 conﬂagrantes,
1696 3928 2053 3984 eircuierunt
2076 3928 2139 3983 in

474 4018 755 4085 mellotis,
778 4022 836 4073 et
856 4018 919 4074 in
947 4017 1204 4092 pellibus
1229 4018 1489 4091 caprinis
1517 4037 1529 4074 :
1563 4022 1823 4088 egentes,
1848 4016 2138 4089 angustiis

476 4107 697 4175 afﬂicti,
729 4106 951 4181 quibus
980 4108 1201 4179 dignus
1234 4124 1357 4164 non
1387 4112 1514 4165 erat
1537 4107 1805 4164 mundus
1849 4125 1862 4163 :
1903 4108 1964 4163 in
2006 4106 2142 4163 soli-

476 4196 788 4254 tudinibus
819 4203 1105 4268 errantes,
1132 4198 1195 4254 in
1223 4197 1551 4265 montibus,
1575 4202 1633 4253 et
1650 4197 1711 4253 in
1736 4196 2055 4269 speluncis,
2080 4199 2140 4253 et

474 4285 539 4342 in
568 4286 839 4343 caverni‘s
868 4290 1038 4343 terrae
1068 4286 1275 4358 (Hebr.
1311 4303 1393 4354 x1,
1434 4290 1523 4355 37,
1556 4287 1641 4358 38)
1676 4303 1690 4341 :
1719 4287 2134 4357 exspectantes

478 4374 933 4449 Dominum,qui
959 4374 1214 4432 salvaret
1241 4390 1343 4430 eos
1362 4372 1898 4447 apusillanimitate
1926 4372 2133 4441 animi,

476 4467 534 4521 et
575 4468 926 4538 tempestate
968 4465 1159 4538 (Psal.
1208 4479 1318 4527 LIV,
1371 4466 1447 4531 9).
1501 4462 1616 4519 Sed
1652 4462 1766 4518 ista
1801 4478 1912 4534 pro
1951 4461 2137 4518 nihilo

476 4559 917 4629 computantes,
949 4555 1074 4611 imo
1102 4569 1246 4611 vero
1285 4556 1494 4609 contra
1536 4550 1817 4624 spiritalis
1857 4551 2136 4624 nequitiae

474 4643 710 4700 hostem
752 4642 1010 4699 dubium
1056 4640 1323 4716 quotidie
1360 4655 1619 4709 agonem
1651 4644 1942 4710 gerentes,
1987 4644 2140 4696 nutu

477 4731 579 4787 Dei
626 4730 1082 4789 mortiﬁcatione
1125 4728 1325 4786 subita
1364 4726 1708 4802 temporalis
1753 4727 1886 4784 vita;
1930 4741 2139 4783 accen-

477 4818 723 4886 duntur,
757 4822 815 4875 et
842 4818 1178 4875 secundum
1208 4815 1562 4890 Apostolum
1589 4814 1837 4873 dissolvi
1867 4814 2135 4889 cupiunt,

478 4908 537 4959 et
580 4920 710 4960 esse
759 4921 899 4961 cum
942 4907 1172 4964 Christo
1215 4906 1487 4976 Philipp.
1527 4923 1564 4972 ι,
1614 4910 1706 4973 23)
1740 4924 1753 4961 :
1788 4905 1949 4962 viam
1979 4920 2139 4961 com-

478 4991 683 5064 pendii
709 4993 1095 5064 requirentes,
1142 5010 1265 5065 qua
1303 4996 1378 5051 de
1421 5010 1670 5067 corpore
1711 4995 1918 5050 mortis
1955 4993 2138 5063 hujus

479 5079 649 5147 eruti,
690 5095 943 5153 propere
984 5082 1065 5137 ad
1111 5081 1412 5138 ccelestem
1454 5083 1711 5154 patriam
1741 5081 2134 5154 pervenirent,

479 5172 537 5226 et
564 5167 666 5243 pia
694 5168 976 5225 violentia
1001 5185 1256 5240 regnum
1276 5170 1377 5225 Dei
1398 5172 1748 5243 arriperent.
1776 5169 1866 5225 Sic
1891 5183 2135 5240 quoque

480 5259 697 5316 armati
723 5257 910 5315 lorica
930 5259 1194 5329 justitiae,
1236 5258 1298 5314 in
1336 5259 1533 5314 forum
1564 5257 1896 5331 prosiliunt,
1926 5257 2138 5329 praedi-

549 5374 576 5400 ι
604 5366 690 5421 Ita
708 5364 830 5421 fere
859 5369 1068 5421 auctor
1092 5362 1340 5419 Indiculi
1368 5363 1669 5419 Luminosi
1703 5380 1715 5418 :
1748 5364 2011 5429 Fuqiant
2041 5364 2138 5418 de-

484 5436 627 5493 biles
659 5443 713 5493 et
743 5437 988 5505 inﬁrmi,
1032 5441 1258 5492 certent
1296 5438 1483 5505 fortes
1531 5442 1586 5490 et
1614 5435 1802 5489 animi
1832 5435 2138 5490 honestate

478 5509 1005 5589 prwcincti.-:l‘om.
1040 5508 1137 5589 xl.
1174 5507 1351 5589 llisp._
1374 5508 1533 5562 Sacr.
1562 5520 1707 5589 pag.
1733 5510 1855 5561 223.
1882 5507 1951 5561 Si
1968 5508 2138 5589 iit/ir-

480 5578 632 5647 mus,
664 5580 894 5645 debilis,
926 5580 1146 5648 inanis,
1179 5578 1421 5634 timidus
1459 5593 1559 5633 es..
1602 5578 1918 5649 quiesce...
1953 5581 2003 5633 si
2033 5578 2138 5633 ha-

483 5653 640 5726 bilis,
658 5653 713 5711 si
733 5652 936 5724 fortis,
966 5652 1022 5710 si
1045 5651 1277 5726 audax,
1296 5652 1351 5708 si
1367 5655 1687 5709 constans“
1722 5693 1735 5707 .
1764 5655 1976 5708 contra
2005 5649 2134 5707 hos-

2242 3067 2363 3122 Deo
2424 3065 2765 3121 animarum
2828 3080 3074 3119 suarum
3141 3062 3492 3120 sacriﬁcium
3545 3061 3881 3117 offerentes.

2244 3156 2472 3223 Quibus
2498 3160 2653 3211 recte
2674 3154 3025 3228 prophetica
3048 3170 3193 3209 voce
3215 3158 3511 3210 cantatur:
3537 3151 3646 3219 Qui
3669 3156 3881 3222 sponte

2243 3247 2538 3302 obtulistis
2568 3245 2640 3301 de
2669 3244 2860 3300 Israel
2889 3245 3121 3299 animos
3152 3250 3376 3300 vestras
3416 3242 3488 3298 ad
3528 3241 3887 3311 periculum,

2245 3336 2565 3393 benedicite
2594 3334 2911 3389 Dominum
2942 3332 3162 3402 (Judic.
3195 3350 3250 3395 v,
3279 3338 3357 3401 2).
3384 3338 3463 3388 Ac
3489 3348 3591 3404 per
3615 3330 3732 3386 hoc
3768 3331 3900 3389 veri

2243 3424 2571 3480 imitatores
2600 3420 2765 3477 Pauli
2805 3419 3059 3493 apostoli
3103 3421 3251 3476 mihi
3287 3436 3417 3477 esse
3461 3420 3752 3490 videntur,
3794 3420 3903 3495 qui

2245 3513 2324 3569 ait
2353 3530 2365 3567 ε
2400 3514 2471 3569 Si
2496 3513 2626 3583 quis
2658 3512 2816 3567 vobis
2843 3511 3341 3579 evangelizaverit
3369 3516 3594 3579 praeter
3623 3509 3785 3581 quod
3812 3524 3905 3565 ac-

2246 3602 2499 3671 cepistis,
2542 3600 2866 3657 anathema
2900 3602 2977 3656 sit
3007 3601 3163 3671 (Gal.
3198 3616 3237 3669 1,
3267 3601 3342 3669 9).
3376 3600 3558 3670 Cujus
3584 3598 3907 3655 testimonii

2244 3689 2549 3749 informati
2576 3688 2855 3759 oraculis,
2898 3690 3213 3763 prosiliunt
3242 3694 3450 3745 contra
3485 3687 3773 3759 angelum
3812 3691 3910 3746 Sa-

2246 3784 2402 3837 tanae
2432 3782 2488 3835 et
2515 3779 2809 3851 praevium
2830 3778 3188 3843 Antichristi,
3216 3777 3418 3851 patula
3439 3794 3514 3834 ea
3532 3794 3670 3851 quae
3698 3787 3909 3836 sancta

2248 3873 2391 3924 sunt
2419 3867 2788 3934 conﬁtentes,
2820 3884 2953 3940 quae
2986 3883 3148 3922 nunc
3176 3867 3353 3922 etiam
3382 3865 3582 3921 omnis
3613 3868 3693 3937 (3)
3721 3865 3913 3922 Eccle-

2248 3956 2337 4013 sia
2358 3956 2674 4031 Hispaniae,
2696 3972 3052 4030 quanquam
3072 3954 3478 4025 clandestinis,
3496 3959 3563 4011 ut
3591 3971 3909 4029 oppressa,

2245 4047 2534 4121 praedicat
2561 4046 2830 4103 vocibus.

2320 4159 2371 4209 7.
2398 4157 2546 4209 Nam
2566 4152 2727 4208 idem
2748 4150 3008 4225 perversi
3034 4150 3334 4222 dogmatis
3355 4154 3583 4217 auctor,
3607 4156 3668 4208 et
3696 4152 3911 4209 multa-

2248 4259 2384 4318 rum
2420 4243 2762 4297 animarum
2792 4241 3162 4313 perniciosus
3193 4256 3448 4309 eversor,
3482 4241 3634 4297 inter
3664 4248 3915 4300 crateres

2174 4343 2218 4397 1)
2249 4336 2387 4405 post
2406 4330 2833 4386 Ascensionem
2858 4330 3090 4387 Domini
3114 4331 3403 4387 haeresum
3425 4329 3799 4388 institutores
3821 4347 3916 4387 so-

2247 4419 2342 4476 lus
2371 4435 2544 4475 novae
2561 4418 2951 4491 superstionis
2974 4423 3201 4475 sectam
3222 4418 3503 4474 instinctu
3523 4417 3757 4476 diaboli
3772 4435 3916 4477 con-

2248 4507 2634 4581 dens,procul
2647 4506 2724 4564 ab
2736 4507 2957 4565 unione
2972 4508 3276 4565 catholicae
3290 4506 3559 4563 Ecclesia:
3571 4513 3911 4580 separatur.

2247 4597 2681 4671 Prophetarum
2691 4596 2972 4655 vaticinia
2985 4596 3781 4670 respuens,etapostolorum
3800 4596 3916 4652 do-

2246 4684 3000 4757 ctrinasinfamans,sancti
3020 4702 3264 4759 quoque
3282 4684 3585 4758 Evangelii
3600 4684 3916 4742 veritatem

2246 4774 2629 4843 conculcans,
2661 4775 3022 4849 piorumque
3048 4774 3364 4832 doctorum
3404 4774 3697 4845 dogmata
3731 4773 3919 4833 abne-

2246 4869 2479 4936 gans,et
2491 4863 2811 4920 ridiculum
2831 4864 3029 4936 potius
3049 4864 3559 4938 quiddam,quam
3581 4879 3791 4919 rerum
3815 4880 3916 4920 ne-

2246 4952 2642 5009 cessariarum
2663 4968 2877 5009 causas
2898 4969 3005 5026 per
3020 4953 3300 5009 eamdem
3325 4957 3548 5009 sectam
3566 4967 3752 5008 suam
3773 4951 3916 5017 insi-

2245 5057 2443 5097 nuans
2460 5059 2473 5108 ;
2492 5040 2695 5096 docuit
2710 5042 3005 5098 Christum
3025 5042 3123 5097 Dei
3142 5042 3407 5098 Verbum
3424 5045 3638 5112 esse,et
3654 5042 3916 5115 prophe—

2246 5136 2371 5187 tam
2390 5130 2636 5202 quidem
2659 5146 2975 5201 magnum,
2999 5131 3166 5188 nulla
3187 5137 3391 5189 tamen
3411 5131 3681 5206 potentia
3697 5131 3918 5189 divini-

2246 5220 2379 5277 tatis
2402 5218 2982 5288 subnixum,caeteris
3002 5222 3353 5278 hominibus
3373 5220 3769 5293 similem,sed
3791 5236 3912 5278 non

2246 5368 2421 5437 lesul
2442 5367 2739 5431 strenuus,
2771 5370 2825 5419 et
2856 5381 2975 5420 non
3016 5370 3083 5420 ut
3118 5367 3371 5437 ignavus
3400 5370 3613 5420 contra
3644 5372 3781 5423 tuos
3810 5369 3911 5437 ja-

2246 5436 2387 5489 cula
2419 5440 2643 5505 torque.
2672 5437 2808 5503 Pag.
2843 5440 2967 5491 238.

2316 5507 2343 5543 b
2374 5508 2479 5559 Pro
2511 5508 2861 5562 numerosis.
2890 5510 3094 5564 Scuor.

2318 5585 2339 5611 ο
2371 5576 2551 5642 Quasi
2574 5582 2709 5633 ante
2746 5579 3171 5652 temporarium
3205 5583 3664 5653 praematurum.
3701 5583 3910 5661 Scuor.
