4110 6190
182 168 300 222 745
1251 150 1678 211 MEIORIALIS
1717 144 1919 205 SANCI

2027 146 2154 201 iUM.
2185 174 2252 184 —
2284 145 2413 200 LIB.
2455 145 2495 198 Ι.
3493 133 3599 186 746

182 292 304 345 Deo
334 284 492 342 Patri
521 280 818 355 aequalem
845 279 946 351 (4).
979 277 1458 334 Comessationes
1485 289 1730 349 quoque
1777 272 1839 328 in
1867 272 1917 326 A
1947 267 2198 334 vestivit,
2227 266 2516 338 salvoque
2541 260 2774 355 pudore
2800 258 3003 331 ipsum
3034 255 3291 355 Verbum
3315 253 3396 311 ad

180 341 488 450 paradiso,
531 341 825 427 et‘carnis
852 341 1172 440 proposuit
1220 341 1584 438 voluptates.
1632 341 1842 428 -Quam
1950 357 2238 414 mendam
2267 358 2327 450 in
2385 356 2574 408 morte
2620 353 2956 450 creaturam
2986 343 3362 450 praecipitem.
3396 341 3602 398 edidit.

177 431 584 538 quaestionem
597 460 688 515 vir
703 457 1452 525 disertissimus.magnum
1476 451 1844 526 temporibus
1953 449 2095 514 Quae
2125 444 2320 502 omnis
2348 446 2541 500 tactus
2569 441 2968 538 aspectusque
2984 431 3400 538 expersvirilis
3423 445 3607 538 expa-

181 517 414 610 nostris
441 549 719 607 Ecclesiae
742 547 946 602 lumen
974 554 1022 610 ³,
1051 517 1422 618 Speraindeo
1448 517 1676 610 Abbas,
1707 555 1846 596 cum
1951 535 2033 592 vit
2059 534 2481 592 salutationem
2509 527 2846 600 angelicam
2875 528 2970 594 ;et
2997 523 3132 580 licet
3160 521 3289 578 sine
3315 519 3445 576 viro
3474 517 3609 574 nul-

187 644 408 698 contra
427 635 814 708 nugashujus
844 633 1086 690 nefandi
1115 631 1345 705 stylum
1395 631 1762 698 admoveret,
1794 629 1846 684 et
1951 626 2076 682 lam
2104 623 2274 682 fetari
2306 637 2484 698 posse
2511 619 3166 708 cognosceret,__t_amen
3193 625 3456 708 superno
3485 623 3613 664 cre-

192 745 322 785 uno
350 701 645 801 opusculo
661 701 734 780 ex
759 722 886 793 ejus
908 701 1235 777 deliramen
1247 719 1316 775 tis
1337 718 1628 776 nonnulla
1645 717 1852 772 nitere—
1955 714 2101 770 dula
2115 711 2371 781 numini,
2400 709 2501 766 sed
2526 707 2604 764 ad
2617 702 2971 801 hujusmodi
2983 701 3332 759 inusitatum
3357 713 3614 801 concep-

201 820 297 872 tur
327 787 598 885 arguere,
627 811 687 866 in
722 787 885 866 sexto
918 808 1106 881 ipsius
1137 806 1316 863 libelli
1368 805 1651 879 capitulo,
1677 801 1852 878 quasi
1957 808 2085 861 tum
2115 802 2364 858 electam
2395 800 2515 854 Deo
2536 795 2833 853 revelante
2861 793 3080 885 sciens,
3109 789 3421 885 consentit,
3442 792 3501 844 et
3524 787 3615 844 di-

204 920 277 960 ex
300 880 445 960 voce
488 901 779 958 cultorum
809 880 1364 969 ejusobjectionem
1413 895 1726 962 inducens,
1782 909 1853 949 ac
1959 891 2070 948 cit:
2104 891 2258 946 Ecce
2283 888 2515 945 ancilla
2545 885 2805 954 Domini,
2834 885 2944 952 ﬁat
2972 881 3122 937 mihi
3146 880 3471 936 secundum
3495 893 3616 969 ver—

205 993 490 1064 deinceps
507 1005 676 1046 suam
694 965 1434 1061 prop'onens'sententiam,
1458 986 1539 1041 ita
1554 982 1851 1054 disseruit,
1963 982 2100 1038 bum
2130 986 2302 1036 tuum
2325 979 2489 1049 (Luc.
2525 991 2564 1040 ι,
2596 975 2705 1044 38).
2743 976 2822 1064 De
2851 965 3618 1064 cujus_gloriosa_parturi-

206 1055 457 1139 dicensc
492 1055 726 1145 Futuro,
763 1055 953 1146 aiunt,
1004 1077 1067 1131 in
1119 1074 1338 1131 saeculo
1367 1074 1563 1131 cuncti
1610 1076 1856 1130 ovantes
1963 1069 2120 1126 tione
2151 1067 2294 1124 olim
2326 1065 2616 1122 Dominus
2649 1077 2756 1135 per
2789 1059 3151 1116 Ezechielem
3181 1058 3510 1132 praedicare
3535 1055 3622 1111 di-

203 1167 650 1243 asportabimur
667 1165 731 1222 in
759 1164 1114 1238 paradisum
1141 1179 1154 1218 :
1186 1163 1269 1219 ibi
1318 1177 1585 1236 namque
1615 1160 1790 1218 nobis
1821 1175 1857 1215 a
1964 1162 2184 1230 gnatus
2215 1160 2322 1222 est,
2346 1154 2556 1210 dicens
2585 1169 2599 1206 :
2662 1150 2946 1207 Converti
2971 1163 3063 1205 me
3091 1148 3172 1204 ad
3226 1149 3384 1204 viam
3428 1154 3622 1217 porta:

203 1238 323 1315 Deo
368 1261 545 1313 erunt
601 1254 882 1311 mulieres
926 1269 1230 1309 concessa:
1275 1252 1562 1326 pulchrae,
1591 1255 1649 1308 et
1675 1264 1860 1322 supra
1965 1245 2323 1307 sanctuarii,
2369 1258 2501 1315 quae
2530 1239 2880 1310 respiciebat
2931 1238 3012 1294 ad
3041 1238 3360 1304 Orientem,
3411 1242 3465 1293 et
3487 1240 3625 1326 erat

199 1345 520 1402 hominum
545 1347 827 1399 naturam
858 1325 1336 1413 speciossisimae,
1389 1344 1569 1412 atque
1592 1337 1768 1395 nobis
1798 1337 1860 1392 in
1968 1337 2198 1393 clausa.
2245 1334 2325 1389 Et
2378 1332 2536 1388 dicit
2593 1329 2881 1385 Dominus
2920 1327 3001 1383 ad
3037 1341 3175 1383 me:
3224 1327 3414 1382 Porta
3476 1325 3624 1394 haec,

200 1433 575 1507 voluptatem
604 1434 978 1505 praeparatae.
1006 1429 1077 1485 R.
1099 1432 1492 1502 Nequaquam
1521 1443 1664 1498 ergo
1685 1423 1862 1482 vestri
1967 1441 2148 1499 quam
2174 1423 2335 1480 vides
2361 1423 2653 1484 clausam,
2672 1434 2792 1474 non
2817 1417 3112 1507 aperitur,
3135 1421 3190 1472 et
3211 1415 3307 1507 uir
3324 1430 3446 1470 non
3455 1420 3631 1507 _tran-_

202 1523 266 1580 in
291 1503 576 1596 paradiso
605 1503 993 1576 beatitudinis
1014 1517 1371 1574 obtinebunt
1397 1521 1638 1585 statum,
1692 1514 1741 1571 si
1768 1530 1862 1570 eo—
1969 1516 2046 1572 sit
2095 1527 2211 1583 per
2280 1527 2429 1578 eam,
2505 1509 2789 1581 quoniam
2857 1505 3140 1596 Dominus
3212 1505 3383 1596 Deus
3438 1503 3634 1559 Israel

202 1592 342 1669 rum
360 1615 611 1683 uterque
635 1624 815 1664 sexus
839 1607 1143 1664 vacaverit
1170 1606 1447 1662 exercitio
1472 1606 1651 1662 ﬂuxae
1672 1603 1866 1660 libidi-
1895 1629 1936 1683 Β
1973 1601 2310 1674 egredietur
2333 1614 2447 1669 per
2497 1613 2646 1665 eam,
2697 1601 2752 1653 et
2783 1595 2895 1652 erit
2923 1595 3132 1651 clausa
3181 1592 3419 1661 (Ezech.
3473 1607 3632 1670 μιν,

207 1701 323 1760 nis.
353 1703 472 1756 Hoc
486 1715 610 1756 non
636 1698 746 1755 erit
763 1697 1109 1772 paradisus,
1143 1697 1249 1754 sed
1277 1695 1560 1770 lupanar,
1592 1699 1650 1751 et
1697 1694 1865 1750 locus
1980 1697 2030 1762 1,
2061 1695 2115 1746 2.
2145 1711 2171 1740 ›

212 1787 714 1848 obscenissimus:
740 1771 876 1843 cum
917 1785 1226 1853 Dominus,
1253 1783 1696 1841 sciscitantibus
1731 1782 1871 1839 Pha-
2049 1784 2103 1836 8.
2127 1777 2304 1836 Multa
2322 1776 2582 1849 denique
2604 1773 2718 1831 alia
2747 1771 3018 1831 inaudita
3045 1772 3324 1830 vanitatis
3346 1771 3638 1843 ﬁgmenta

214 1878 401 1936 rismis
443 1878 618 1950 cujus
650 1876 712 1932 in
742 1875 1172 1933 resurrectione
1226 1874 1327 1931 illa
1380 1873 1595 1930 mulier
1649 1870 1873 1942 conjux
1981 1867 2312 1926 scelerosus
2349 1865 2512 1922 idem
2541 1863 2828 1920 instinctu
2856 1861 3107 1933 maligni
3137 1861 3397 1935 spiritus,
3447 1878 3485 1918 a
3513 1876 3638 1934 quo

219 1949 529 2036 existeret,
562 1982 700 2039 qua:
749 1970 976 2038 septem
1014 1964 1248 2029 fratres,
1287 1962 1620 2019 secundum
1678 1960 1876 2031 legem
1982 1955 2396 2028 obsidebatur,
2429 1951 2918 2023 transﬁgurando
2950 1967 3011 2007 se
3037 1950 3118 2006 illi
3146 1951 3208 2007 in
3237 1951 3522 2021 angelum
3551 1949 3642 2005 lu-

221 2056 428 2130 Moysi,
479 2058 794 2126 acceperat
824 2052 903 2109 ad
929 2051 1342 2108 suscitandum
1363 2050 1622 2123 proximi
1649 2063 1875 2116 semen,
1985 2048 2070 2106 cis
2090 2045 2428 2102 Gabrielem
2457 2058 2853 2111 componens,
2897 2041 3149 2098 delubra
3168 2041 3228 2097 in
3259 2041 3482 2114 quibus
3509 2055 3644 2113 pes-

220 2129 635 2217 responderit:
665 2142 900 2197 Erratis
915 2141 1238 2196 nescientes
1250 2138 1738 2208 Scripturas,nec
1766 2137 1883 2192 vir-
1989 2137 2212 2194 simum
2235 2134 2463 2204 dogma
2491 2132 2803 2202 coleretur,
2835 2129 3142 2186 exstruxit.
3175 2130 3355 2202 Cujus
3395 2129 3645 2202 quidem

227 2241 415 2290 tutem
457 2230 980 2302 Dei(Matth.xxu,
1005 2231 1119 2296 29).
1141 2229 1288 2284 Filii
1315 2229 1496 2298 hujus
1534 2227 1740 2283 saeculi
1782 2241 1885 2280 nu-
1990 2226 2205 2284 erroris
2261 2223 2582 2291 insaniam,
2635 2219 3078 2294 praedicationis
3134 2219 3548 2290 deliramenta,
3591 2222 3649 2276 et

1991 2315 2193 2389 impiae
2219 2311 2494 2370 novitatis
2521 2315 2823 2384 praecepta
2856 2310 2933 2381 (5)
2979 2309 3248 2366 nonnulli
3301 2313 3649 2366 nostrorum

1992 2402 2497 2478 philosophorum
2546 2399 2669 2456 zelo
2729 2398 2830 2454 Dei
2887 2402 3125 2467 armati,
3179 2397 3647 2460 commentariis,

1995 2499 2052 2552 et
2080 2491 2489 2550 voluminibus
2515 2493 2899 2562 exponentes,
2948 2489 3190 2561 justitiaa
3221 2490 3506 2546 arietibus
3548 2488 3656 2544 illi-

1997 2586 2222 2640 serunt.
2257 2584 2327 2636 At
2349 2595 2489 2636 vero
2523 2577 2896 2635 confessores
2925 2577 3083 2634 beati
3103 2594 3226 2634 non
3253 2578 3458 2635 leviter
3486 2593 3657 2651 spur-

232 2689 414 2730 mane
472 2671 708 2729 facinus
754 2672 1186 2744 respuendum,
1229 2671 1394 2744 quod
1436 2669 1510 2727 de
1538 2669 1891 2728 beatissima
1997 2673 2200 2730 citiam
2223 2668 3042 2743 ejusferentes,praastantius
3063 2667 3231 2725 illum
3252 2669 3504 2743 ejusque
3528 2682 3658 2724 sec-

232 2761 490 2832 Virgine,
509 2759 721 2817 mundi
737 2759 963 2831 regina,
996 2765 1202 2817 sancta
1230 2765 1286 2816 et
1303 2759 1631 2817 venerabili
1655 2757 1892 2816 Domini
2000 2768 2126 2820 tam
2174 2759 2396 2834 patulis
2449 2757 2847 2815 assertionum
2893 2758 3316 2829 congressibus
3357 2773 3664 2832 expugna-

236 2855 296 2908 et
322 2849 641 2906 Salvatoris
669 2849 859 2906 nostri
885 2849 1164 2919 genitrice
1214 2851 1394 2906 Maria
1422 2850 1591 2907 canis
1616 2849 1894 2922 impurus
2000 2856 2158 2908 runt.
2189 2849 2342 2916 Quia
2373 2847 2660 2904 nimirum
2689 2851 2982 2903 noverant
3009 2847 3176 2920 quod
3208 2853 3455 2921 propter
3503 2863 3665 2903 eam-

235 2323 405 2391 bunt,
456 2325 509 2376 et
543 2319 875 2376 traduntur
904 2318 986 2373 ad
1032 2319 1311 2386 nuptias:
1342 2317 1409 2372 in
1457 2314 1888 2372 resurrectione

234 2414 433 2466 autem
464 2423 570 2464 nec
597 2407 840 2477 nubent,
875 2420 982 2462 nec
1024 2405 1366 2472 tradentur,
1401 2405 1502 2462 sed
1531 2409 1706 2460 erunt
1733 2404 1885 2458 sicut

232 2498 444 2568 angeli
466 2497 566 2553 Dei
592 2497 656 2551 in
712 2496 858 2552 caelo
890 2495 1058 2565 (Luc.
1092 2510 1184 2560 xx,
1233 2497 1320 2563 34,
1353 2497 1466 2561 35).
1502 2495 1754 2549 Taceam
1797 2506 1888 2547 sa-

231 2584 542 2656 crilegium
570 2583 740 2648 illud,
768 2588 825 2640 et
849 2583 982 2640 totis
1004 2581 1434 2640 catholicorum
1465 2580 1888 2639 auditibusim-

237 2941 435 2998 dicere
453 2956 639 3035 ausus
662 2943 772 2996 est.
797 2942 1156 3035 Protestatus
1185 2939 1346 2996 enim
1362 2945 1450 2996 est
1474 2939 1897 3012 (salvaloquor
1926 2979 1967 3035 Β
2003 2941 2144 2998 dem
2218 2939 2548 3007 veritatem,
2616 2953 2804 3009 quam
2859 2936 2933 2992 de
2979 2936 3111 3008 ipso
3157 2953 3455 2994 caecorum
3509 2938 3663 2993 duce

237 3030 569 3089 reverentia
597 3033 775 3087 tanta:
795 3029 1068 3101 Virginis)
1097 3029 1263 3103 quod
1294 3030 1424 3101 ejus
1453 3029 1684 3086 foretin
1715 3043 1900 3084 saecu-

239 3121 302 3178 lo
329 3124 580 3177 venturo
601 3119 680 3176 ab
709 3134 772 3174 se
791 3117 1073 3175 violanda
1084 3119 1418 3189 virginitas.
1446 3120 1489 3176 0
1519 3134 1782 3174 vacuum
1807 3132 1899 3173 ce-

240 3210 418 3267 rebro
447 3213 650 3282 caput,
691 3212 749 3265 et
775 3208 802 3248 b
821 3206 1131 3280 privilegio
1164 3208 1398 3264 Satanae
1428 3210 1722 3280 occupata
1749 3222 1900 3279 prae-

244 3296 450 3355 cordia
473 3297 486 3352 Ξ
517 3298 561 3353 0
586 3311 695 3352 vas
715 3295 1042 3369 perditum,
1065 3299 1123 3352 et
1146 3294 1560 3351 habitaculum
1583 3294 1900 3367 spirituum

245 3383 737 3442 immundorum!
772 3385 816 3440 0
846 3381 1148 3439 frustatim
1195 3381 1717 3455 praescindendam
1757 3397 1902 3438 ense

247 3475 472 3548 bicipiti
484 3474 757 3546 linguam
773 3472 786 3528 l
805 3474 848 3530 0
871 3487 1172 3544 organum
1186 3471 1644 3540 daemoniorum,
1673 3476 1732 3530 et
1746 3488 1905 3545 sym-

249 3564 539 3638 phoniam
587 3561 786 3619 zabuli
846 3562 860 3618 !
909 3561 1051 3628 Quis
1126 3561 1312 3630 furor,
1395 3578 1602 3636 quaeve
1663 3561 1907 3618 demen-

252 3653 335 3710 tia
402 3651 576 3709 tantis
641 3655 696 3708 te
762 3649 1155 3723 blasphemiis
1232 3649 1533 3723 inquinari
1599 3649 1906 3724 compule-

255 3741 452 3798 runt?
483 3740 621 3804 Quis
649 3742 726 3806 te,
770 3753 808 3794 ο
837 3737 1108 3794 sordium
1157 3737 1382 3805 cloaca,
1414 3737 1667 3812 laqueus
1706 3737 1908 3812 perdi-

261 3829 518 3898 tionum,
579 3843 792 3899 gurges
853 3826 1256 3900 iniquitatum,
1325 3832 1381 3884 et
1447 3827 1721 3884 omnium
1775 3827 1908 3884 viti-

264 3931 443 3974 orum
522 3915 765 3984 sentina,
822 3914 1100 3972 sensibus
1173 3915 1427 3988 privavit
1491 3915 1795 3980 humanis,
1846 3917 1914 3971 ut

262 4021 388 4063 non
444 4005 626 4061 modo
679 4003 785 4062 tibi
838 4007 930 4062 sat
965 4003 1142 4062 fuerit
1189 4007 1273 4060 tot
1300 4003 1644 4060 nationibus
1697 4002 1911 4058 inferre

258 4094 584 4161 interitum,
654 4093 878 4167 quibus
959 4091 1401 4165 praestigiosum
1480 4092 1913 4148 documentum

259 4182 526 4250 suasisti,
539 4186 596 4238 et
605 4182 738 4238 totis
754 4180 987 4237 nisibus
1000 4196 1162 4236 nunc
1175 4184 1232 4236 et
1251 4180 1313 4236 in
1327 4179 1528 4237 futuro
1540 4178 1915 4234 luxuriarum

258 4271 731 4330 obscenitatibus
748 4270 1060 4338 inservire;
1096 4269 1205 4326 sed
1223 4269 1402 4326 etiam
1422 4269 1485 4325 in
1506 4271 1777 4326 Creatore
1793 4285 1916 4325 sce-

259 4362 355 4420 lus
376 4361 616 4436 operari
642 4376 924 4431 agressus
938 4376 1024 4429 es,
1054 4359 1277 4434 impius
1292 4364 1611 4417 temerator
1639 4375 1918 4416 asserens

264 4452 508 4510 caleste
527 4451 854 4524 hospitium
885 4455 943 4506 et
969 4448 1414 4523 receptaculum
1439 4449 1688 4522 Spiritus
1733 4448 1923 4506 sancti

263 4538 1924 4612 incontaminatum,incoinquinatum,purum,sanctum,

267 4636 328 4688 et
351 4630 674 4692 mundum,
704 4628 1028 4700 sacrilegiis
1055 4627 1454 4684 immunditiis.
1477 4633 1596 4684 tum
1642 4628 1704 4684 in
1728 4628 1927 4684 futuro

269 4719 491 4776 saeculo
503 4717 1074 4776 contaminandum?
1086 4719 1230 4784 Qum
1240 4720 1390 4774 nutu
1401 4717 1930 4791 supernoVerbum

277 4808 518 4865 Deitatis
541 4813 704 4866 utero
746 4822 857 4864 suo
877 4806 1200 4880 excipiens,
1224 4822 1403 4864 carne
1438 4823 1550 4865 sua
1596 4811 1932 4865 Creatorem

357 4959 385 4986 ⁸
409 4952 570 5007 Hunc
590 4951 787 5008 virum
802 4966 987 5024 quem
1003 4948 1256 5024 Alvarus
1273 4948 1438 5024 initio
1451 4949 1593 5024 Viue
1618 4953 1682 5006 Ι).
1707 4947 1936 5020 Eulogii

278 5028 738 5094 commemorat,
759 5020 1123 5094 et‘Eulogius
1143 5020 1243 5094 hic
1269 5025 1326 5077 et
1349 5021 1412 5076 in
1435 5021 1553 5094 vita
1590 5026 1938 5094 sanctarum

278 5095 587 5167 virginum
612 5091 815 5167 iFlo'rm
858 5091 1142 5167 etmariae,
1165 5091 1350 5167 fuisse
1381 5093 1690 5167 utriusque
1713 5093 1938 5163 magis-

282 5163 442 5240 trum
461 5166 577 5240 ipsi
591 5166 820 5240 dicunt2
847 5165 986 5235 Ejus
1007 5163 1290 5240 Opusculi
1314 5169 1521 5240 contra
1538 5163 1940 5240 Méhometum

282 5237 430 5316 nihil
444 5235 708 5316 amplius
722 5237 1021 5316 habemus
1241 5235 1425 5316 hocce
1438 5237 1840 5316 fragmentum
1862 5237 1941 5292 ab

283 5309 539 5379 Enlogio
551 5306 942 5379 translatum,
965 5306 1206 5379 Scripsit
1235 5306 1414 5364 etiam
1443 5313 1577 5379 acta
1606 5313 1943 5379 martyrum

287 5377 556 5453 Adulphi
581 5385 638 5453 et
657 5379 908 5453 Joannis
932 5377 1944 5453 Hispalensium,_quaelaudatidem

289 5448 576 5524 Eulogius
587 5451 649 5508 in
660 5449 948 5524 praedicta
961 5448 1116 5524 Vita;
1133 5448 1237 5504 sed
1249 5448 1496 5524 omnino
1509 5449 1752 5524 periere.
1769 5448 1946 5524 Aliud

289 5519 904 5600 opus—dogmaticum
945 5520 1234 5600 adversus
1289 5519 1594 5600 quosdam
1641 5520 1948 5600 haereticos

291 5589 919 5668 mysteria'_Trinita_ti_s
949 5596 1006 5647 et
1037 5589 1465 5668 lncarnationis
1521 5589 1948 5668 labefactantes

293 5661 662 5739 composuit,
693 5663 860 5738 quod
880 5664 1193 5736 hucusque
1213 5661 1588 5729 delitescens,
1617 5662 1681 5719 in
1699 5661 1898 5720 lucem
1933 5680 1970 5720 a

589 5753 840 5808 PA'I'IOL.
880 5767 988 5806 cxv

2004 3029 2357 3104 proferrent,
2419 3025 2620 3098 gladio
2647 3024 2882 3080 vindice
2912 3025 3184 3098 protinus
3211 3031 3382 3082 erant
3431 3025 3661 3081 ruituri.

2077 3125 2132 3178 9.
2183 3121 2250 3174 Et
2295 3117 2428 3174 licet
2483 3115 2680 3188 primo
2735 3118 2979 3169 sanctus
3000 3114 3295 3170 Perfectus
3355 3113 3670 3188 presbyter

2007 3208 2317 3283 exemplar
2389 3203 2725 3263 detestandi
2809 3203 2950 3260 ﬁdei
3048 3204 3284 3260 hostem
3380 3203 3667 3260 omnibus

2010 3297 2340 3356 exhibuerit
2397 3299 2749 3366 metumque
2806 3292 3100 3349 moriendi
3130 3309 3241 3366 pro
3296 3294 3541 3350 veritate
3570 3308 3668 3349 ro-

2009 3390 2126 3446 bur
2168 3383 2558 3444 confessionis
2587 3383 2718 3454 ejus
2773 3399 2811 3440 a
2859 3381 3060 3439 multis
3089 3383 3404 3440 excluserit
3429 3383 3526 3456 (de
3549 3398 3672 3457 quo

2012 3479 2074 3536 in
2103 3478 2256 3535 libro
2282 3475 2548 3534 secundo
2601 3490 2716 3531 nos
2761 3473 2998 3548 plenius
3035 3474 3360 3546 locuturos,
3416 3475 3674 3550 propitio

2015 3570 2157 3636 Deo,
2189 3565 2604 3640 spondemus),
2637 3579 2761 3621 non
2803 3568 3006 3621 tamen
3050 3565 3548 3640 parvipendenda
3592 3568 3679 3621 est

2017 3658 2092 3730 (6)
2143 3655 2507 3713 invictissimi
2565 3654 2725 3710 illius
2773 3655 3021 3712 Joannis
3075 3657 3412 3714 constantia
3454 3673 3681 3730 prteco-

2014 3745 2253 3812 nabilis,
2298 3743 2402 3817 qui
2454 3743 2606 3799 inter
2653 3759 2813 3798 saeva
2892 3760 2962 3799 ac
3042 3745 3174 3800 dira
3249 3745 3488 3816 ﬂagella
3548 3745 3681 3802 forti

2018 3835 2224 3892 animo
2253 3832 2503 3901 durans,
2551 3831 2846 3904 plurimos
2871 3832 3237 3888 documento
3270 3848 3380 3888 suo
3403 3832 3482 3888 ad
3525 3849 3685 3893 mar-

2019 3921 2242 3996 tyrium
2270 3919 2618 3976 incitaverit.
2656 3920 2845 3990 Super
2869 3935 3052 3991 quem
3100 3919 3324 3975 inimici
3356 3919 3456 3975 Dei
3483 3919 3687 3975 viven-

2020 4011 2094 4070 tis
2122 4008 2341 4066 falsum
2371 4023 2574 4064 coram
2617 4006 2821 4078 judice
2849 4006 3259 4064 testimonium
3291 4008 3687 4100 proferentes,

2020 4097 2444 4172 hujuscemodi
2467 4101 2676 4153 contra
2720 4111 2861 4153 eum
2891 4096 3113 4154 crimen
3151 4097 3479 4172 deponunt.
3515 4123 3544 4150 «
3578 4096 3702 4157 No;

2023 4190 2225 4248 vimus
2247 4188 2430 4258 hunc,
2458 4202 2495 4242 o
2518 4186 2720 4258 judex,
2758 4185 2820 4241 in
2866 4185 3405 4245 subsannationem
3430 4189 3692 4246 doctoris

2026 4276 2218 4334 nostri
2239 4290 2477 4348 semper
2506 4274 2796 4343 insistere,
2830 4291 3092 4347 eumque
3127 4275 3462 4333 maledictis
3489 4277 3691 4334 verbis

2029 4367 2419 4424 irreverenter
2438 4364 2743 4438 impetere.
2792 4365 2876 4421 Ita
2917 4368 2983 4420 ut
3015 4379 3156 4420 cum
3198 4364 3346 4421 forte
3381 4365 3693 4435 negotium

2031 4453 2405 4512 mercimonii
2417 4452 2508 4509 sui
2529 4453 2591 4509 in
2603 4453 2891 4510 nundinis
2907 4451 3370 4525 vellitexercere,
3388 4468 3512 4509 non
3545 4453 3695 4508 alias

2033 4544 2250 4601 illicere
2274 4547 2469 4615 potest
2493 4547 2779 4612 ementes,
2801 4542 2916 4597 nisi
2945 4557 3084 4597 cum
3109 4544 3555 4598 sacramentum
3584 4554 3696 4594 no-

2037 4637 2227 4690 strum
2237 4631 2410 4686 dictis
2426 4631 2876 4704 parvipendulis
2889 4629 3314 4686 subtilissimus
3339 4627 3543 4684 irrisor
3561 4643 3698 4701 pro-

2038 4719 2322 4794 posuerit.
2368 4718 2550 4790 Cujus
2578 4721 2663 4775 rei
2687 4735 2800 4775 nos
2827 4723 3002 4775 testes
3031 4735 3262 4790 sumus,
3285 4723 3345 4775 et
3370 4717 3433 4774 in
3457 4717 3700 4774 veritate

2042 4808 2299 4880 dignum
2313 4807 2475 4862 hunc
2486 4812 2677 4864 morte
2696 4807 3071 4864 confitemur.
3082 4809 3331 4864 »Verum
3342 4807 3486 4882 quia
3496 4807 3701 4865 minus

2043 4949 2221 5024 nobis
2253 4948 2584 5024 proferetur
2613 4950 2674 5024 in
2704 4949 3152 5024 Appendicibus
3182 4952 3341 5010 hanc
3372 4952 3562 5009 sancti
3593 4955 3705 5012 Eu-

2043 5022 2187 5136 logii
2210 5021 2532 5103 editionem
2563 5021 2989 5078 subsecuturis.

2195 5092 2567 5136 Drimlnmnm
2600 5093 2696 5136 hin
2719 5109 2828 5136 nm
2854 5093 2989 5136 imm

2194 5092 2571 5167 Privilegium
2600 5093 2696 5149 hic
2719 5109 2828 5167 pro
2853 5093 3108 5167 imperio
3131 5101 3384 5167 usurpat
3409 5096 3707 5166 Schottus;

2049 5164 2156 5223 sed
2175 5181 2286 5240 n_os
2313 5164 2763 5221 considerantes
2783 5164 3174 5240 hancfvocem
3202 5164 3541 5239 Eulogium,
3575 5164 3715 5240 Spe-

2049 5236 2387 5306 raindeum,
2421 5241 2478 5294 et
2533 5243 2792 5312 cancros
2822 5237 3005 5312 medii
3049 5238 3160 5294 aevi
3212 5236 3530 5312 scriptores
3588 5236 3714 5295 non

2051 5324 2162 5382 pro
2187 5324 2552 5382 quocunque
2582 5308 2856 5382 imperio,
2891 5309 2997 5365 sed
3045 5326 3156 5382 pro
3179 5308 3504 5382 tyrannica
3534 5325 3714 5366 acce-

2096 5379 2237 5448 isse,
2265 5383 2330 5434 ut
2355 5379 2554 5454 videre
2575 5379 2689 5454 est,
2706 5379 2806 5436 lib.
2831 5397 2872 5435 ιι
2894 5379 3238 5454 Μθιιιόνὶξιιζ,
3257 5397 3393 5454 cap.
3427 5381 3554 5454 l,et
3571 5386 3714 5437 tom.

2051 5397 2237 5506 pisse,
2265 5397 2330 5434 ιιι
2355 5397 2554 5436 Videre
2575 5397 2682 5450 esr,
2706 5397 2806 5436 nn.
2831 5397 2872 5435 ιι
2894 5397 3238 5445 memoriam
3257 5397 3393 5454 cap.
3427 5397 3474 5449 ι,
3499 5397 3554 5438 et
3571 5397 3714 5437 tom.

2086 5495 2098 5507 .
2138 5451 2746 5533 nostrze_Collection.,
2783 5469 2922 5533 pag.
2957 5457 3047 5533 tt,
3069 5453 3316 5533 minime
3349 5452 3720 5533 dubitamus:

2057 5521 2204 5594 quin
2232 5522 2346 5595 hoc
2374 5522 2508 5578 loco
2536 5521 2915 5595 privilegium
2954 5521 3186 5581 Satanae
3249 5523 3380 5594 ejus
3433 5523 3726 5593 signiticet

2060 5591 2467 5663 tyrannidem.

3384 5751 3457 5806 24
