4110 6190
494 156 597 209 747

1672 154 1726 208 S.
1774 148 2053 209 BULOGll
2092 144 2417 207 ARCHIEP.
2460 149 2639 209 TOLE
2689 195 2700 206 .

3840 148 3945 205 748

488 273 849 330 idoneorum
882 273 1263 329 accusatione
1287 274 1529 359 testium
1570 275 1990 348 impetebatur,
2031 286 2142 327 nec
2172 272 2220 329 Α
2252 269 2571 359 beiitorum
2630 273 2917 331 laudibus
2966 273 3216 339 laboret,
3249 271 3539 344 repagula
3581 286 3947 344 opponens

489 359 853 435 poteratreis
888 366 1142 418 mortem
1164 360 1378 418 inferre
1409 363 1666 434 objectio
1690 361 2018 419 testatiouis
2044 377 2142 417 eo-

487 467 645 518 rum,
663 451 987 507 damnatur
1008 448 1109 506 Dei
1130 466 1336 507 servus
1356 451 1684 508 acrioribus
1700 452 1925 521 ﬂagris,
1943 455 2001 507 et
2014 466 2143 506 cru-

486 539 605 597 deli
623 539 870 597 verbere
898 538 1196 597 laceratus
1220 540 1545 611 cogebatur
1572 541 1870 599 Christum
1898 553 2138 609 negare.

486 628 584 685 llle
613 644 756 685 vero
779 644 903 685 non
936 644 1001 685 se
1026 628 1247 684 talibus
1277 628 1607 685 obnoxium
1625 628 2143 687 criminationibus

485 717 867 776 solummodo
884 718 1300 786 conﬁtebatur,
1328 717 1437 775 sed
1452 718 1632 775 etiam
1647 735 1843 791 neque
1855 734 2044 791 usque
2062 715 2142 772 ad

482 811 737 869 mortem
749 806 1097 877 religionem
1113 807 1389 863 Crucitixi
1411 807 1808 865 deserturum‘
1819 806 2139 865 clamabat.

483 897 666 967 Cujus
685 895 1089 953 obstinatione
1097 896 1285 967 judex
1303 897 1641 954 vehementi
1662 898 1862 954 furore
1873 911 2141 953 commo-

479 990 598 1055 tus,
611 986 953 1059 quingentis
967 990 1025 1044 et
1038 1002 1110 1043 eo
1123 987 1381 1059 amplius
1397 988 1558 1044 hunc
1571 988 2005 1045 macerandum
2022 991 2141 1043 tra-

483 1075 633 1132 dens
680 1075 957 1146 ﬂagellis,
1003 1075 1214 1132 tandiu
1272 1076 1626 1135 verberibus
1648 1077 1827 1147 jussit
1853 1076 2140 1140 insistere,

481 1181 801 1238 quousque
816 1164 1274 1221 exanimisinter
1299 1166 1656 1223 caedentium
1694 1182 1914 1223 manus
1953 1164 2015 1220 in
2045 1180 2140 1220 so-

476 1251 607 1308 lum
637 1257 967 1324 prorueret.
990 1253 1200 1325 Sicque
1229 1254 1581 1311 semivivum
1600 1254 1695 1310 vix
1717 1253 2132 1327 palpitantem.

478 1345 771 1399 retrorsus
786 1341 967 1401 asello
979 1340 1353 1414 impositum,
1376 1348 1559 1400 totam
1577 1343 1823 1399 circuire
1838 1341 2052 1399 urbem
2068 1357 2141 1397 ac

478 1430 743 1502 plateam
761 1429 915 1491 fecit.
937 1431 1310 1502 praecedente
1333 1432 1624 1501 sacrilega
1648 1431 1941 1504 praeconis
1972 1446 2135 1497 voce,

479 1519 764 1577 dicentis:
795 1520 933 1574 Haec
953 1520 1277 1577 merebitur
1314 1522 1707 1594 exprobrator
1739 1520 1888 1577 vatis
1925 1519 2136 1591 nostri,

2249 358 2657 420 difﬁdentibus
2685 369 2741 420 et
2786 362 3223 429 dubitantibus,
3279 360 3383 434 qui
3413 377 3514 418 eos
3562 360 3717 417 loco
3772 377 3947 418 mar-

2251 451 2449 519 tyrum
2476 458 2734 508 renuunt
2764 451 2878 509 coli
2908 451 3148 507 debere.

2326 541 2406 593 il.
2438 539 2728 596 Caeterum
2759 540 3111 599 earumdem
3135 542 3480 595 sanctorum
3505 553 3817 610 corpora,
3841 540 3948 611 qui

2248 627 2444 699 primo
2466 629 2743 686 conflictu
2765 630 2942 687 occisi
3002 635 3157 696 sunt,
3217 627 3492 701 equuleis
3513 628 3721 684 versis
3754 629 3945 684 vesti-

2250 716 2362 785 giis
2388 716 2700 786 afﬁgentes
2729 718 2997 788 gentiles,
3026 724 3166 790 post
3196 721 3434 773 sextum
3466 716 3629 772 diem
3669 716 3942 772 alllisio-

2249 803 2343 859 nis
2371 821 2600 872 eorum,
2626 806 2687 861 id
2714 812 2803 864 est
2830 806 3021 879 pridie
3042 806 3179 862 idus
3199 805 3425 877 junias,
3447 803 3788 877 inopinato
3820 821 3944 861 sce-

2251 891 2369 949 lere
2417 894 2782 953 crudelitatis
2838 900 3055 952 cuncta
3099 895 3229 966 jam
3277 893 3592 966 putredine
3651 893 3942 951 resoluta

2260 982 2569 1039 atrocibus
2595 985 2888 1042 incendiis
2918 984 3229 1056 deputant.
3263 982 3601 1049 Quinetiam
3617 999 3713 1040 ne
3746 984 3937 1039 virtu-

2253 1074 2380 1126 tum
2413 1073 2821 1130 emolumenta
2843 1075 3195 1146 praestarent
3216 1072 3383 1130 Chris
3393 1071 3935 1139 tioolis,deformes

2256 1160 2502 1217 cineres,
2529 1178 2683 1233 quos
2719 1162 2914 1232 legere
2936 1178 2967 1218 e
2991 1161 3231 1218 camino
3287 1161 3626 1233 quiverant;
3658 1162 3934 1219 minacis

2247 1248 2397 1305 alvei
2428 1249 2637 1307 ultimo
2669 1252 3011 1307 conduntur
3038 1250 3281 1323 abysso.

2323 1339 2404 1393 l2.
2442 1339 2706 1397 Instabat
2729 1356 2973 1412 quoque
3000 1339 3355 1395 universitas
3406 1339 3803 1396 ethnicorum
3830 1356 3924 1397 re-

2248 1427 2549 1494 sultando,
2576 1428 2808 1500 pietatis
2824 1428 3193 1502 exprobrans
3215 1428 3462 1497 cultum,
3494 1429 3663 1501 quod
3698 1430 3764 1486 in
3787 1446 3923 1487 suo-

2244 1533 2381 1572 rum
2414 1516 2634 1574 ultione
2665 1518 2898 1574 nullum
2930 1517 3285 1574 adversariis
3315 1517 3486 1573 daret
3508 1519 3919 1591 opprobrium

479 1609 794 1682 cultusque
810 1608 1012 1665 irrisor
1028 1610 1310 1683 perferre.
1332 1614 1655 1683 Postquam
1684 1627 1828 1666 vero
1851 1610 1931 1667 ad
1949 1608 2140 1667 vindi—
2167 1625 2206 1681 Β
2247 1605 2581 1662 ιωιδὺᾶιωτ
2610 1621 2896 1679 namque,
2928 1606 3095 1679 quod
3124 1606 3183 1662 in
3215 1606 3547 1663 vindictam
3578 1608 3676 1665 sui
3709 1608 3918 1664 docto-

478 1702 638 1754 ctam
694 1697 785 1753 sui
815 1697 1075 1754 doctoris
1106 1699 1246 1755 talia
1272 1704 1680 1765 exercuerunt,
1728 1699 1805 1754 ad
1857 1698 2136 1755 ultimum

478 1786 843 1858 gravissima
870 1786 1009 1844 ferri
1033 1804 1213 1847 onere
1230 1792 1597 1849 coarctatum
1620 1787 1922 1859 ergastulo
1943 1786 2135 1859 depu-

476 1879 695 1933 tarunt.
730 1877 919 1942 Quem
950 1894 1060 1934 nos
1097 1877 1323 1935 ibidem
1351 1878 1689 1947 religatum,
1724 1877 1925 1934 adhuc
1954 1876 2137 1933 dorso

476 1965 607 2037 ejus
622 1965 960 2035 vigentibus
976 1966 1172 2039 plagis
1190 1966 1550 2035 invenimus,
1582 1971 1911 2038 nostroque
1933 1970 2137 2021 contu-

472 2052 685 2110 bernio
711 2070 816 2126 per
839 2054 1000 2111 idem
1030 2059 1290 2129 tempus,
1320 2072 1442 2128 quo
1473 2055 1698 2112 detrusi
1719 2070 1949 2124 sumus,
1977 2054 2134 2110 acci-

475 2141 695 2199 vimus.
727 2146 878 2200 Nam
902 2143 1285 2201 beatissimus
1328 2144 1629 2201 Perfectus
1679 2142 2013 2217 presbyter,
2058 2142 2135 2203 de

480 2246 605 2305 quo
625 2246 811 2304 supra
839 2232 1226 2291 meminimus
1265 2232 1362 2291 cui
1408 2234 1671 2290 Joannes
1701 2232 1783 2289 ad
1806 2231 2047 2289 vincula
2078 2235 2138 2289 et

487 2319 684 2377 caedes
716 2321 1025 2391 successit,
1070 2321 1358 2380 violenter
1386 2322 1464 2381 ad
1493 2322 1840 2395 passionem
1891 2325 2133 2389 tractus,

473 2412 876 2483 posteaquam
922 2426 1226 2468 carcerem
1256 2411 1420 2485 adiit,
1468 2410 1749 2468 divinitus
1774 2409 2127 2478 illustratus,

474 2498 555 2561 ad
573 2498 972 2574 praeliandum
993 2505 1262 2557 armatus
1292 2506 1399 2557 est.
1438 2504 1519 2557 Ita
1543 2506 1606 2555 ut
1634 2499 2053 2556 necessitatem
2071 2498 2131 2555 in

473 2585 845 2644 voluntatem
874 2593 1252 2660 convertens,
1288 2590 1409 2644 vim
1440 2588 1605 2645 illam
1627 2587 2130 2659 cmlestiquodam

472 2679 747 2749 respectu
795 2693 923 2734 esse
954 2677 1367 2744 considerans,
1424 2692 1547 2751 quo
1594 2675 1880 2748 martyrio
1908 2675 2131 2746 dignus

471 2763 815 2837 haberetur,
882 2770 1042 2824 totus
1099 2766 1164 2821 in
1211 2779 1478 2838 superna
1520 2764 1788 2835 erigitur,
1841 2764 2133 2823 alienatur

472 2853 893 2926 praesentibus,
924 2854 1263 2910 futurorum
1293 2853 1618 2909 commoda
1648 2851 2040 2924 praestolatur,
2075 2855 2133 2913 et

473 2942 653 2998 totius
682 2941 977 2998 mundani
1005 2956 1218 3014 expers
1248 2941 1517 3007 affectus,
1567 2941 1647 2998 ad
1695 2957 1768 2999 ea
1817 2957 1953 3013 quae
1997 2940 2130 2997 dili—
2163 2976 2206 3029 ο

475 3030 753 3102 gentibus
810 3033 999 3087 Deum
1050 3030 1357 3105 promissa
1409 3034 1567 3095 sunt,
1627 3030 1862 3087 futurus
1905 3036 2133 3102 martyr

476 3124 732 3194 aptatur.
784 3120 934 3177 Hinc
995 3120 1214 3179 saeculo
1268 3125 1563 3189 mortuus,
1627 3125 1681 3178 ct
1728 3121 1848 3177 Deo
1900 3120 2130 3189 vivens,

474 3211 641 3284 quod
682 3211 879 3286 primo
920 3227 981 3269 se
1008 3211 1228 3268 dixisse
1254 3218 1601 3283 negaverat,
1630 3210 2019 3284 postmodum
2044 3210 2133 3267 ul-

474 3301 718 3356 troneus
761 3300 1091 3364 confessor,
1134 3304 1192 3357 et
1239 3300 1462 3358 athleta
1520 3300 1879 3356 fortissimus
1929 3316 2133 3357 coram

468 3386 676 3458 judice
705 3388 1032 3444 asserebat.
1064 3388 1246 3458 Magis
1276 3389 1506 3457 eligens
1530 3388 1685 3444 mori
1724 3404 1835 3461 pro
1865 3389 2128 3456 veritate,

475 3472 789 3529 occasione
818 3473 959 3529 inde
989 3479 1233 3545 sumpta
1287 3473 1628 3545 proferendi
1681 3476 1975 3545 justitiam
2031 3475 2132 3531 Dei

474 3558 775 3631 gentibus,
816 3575 885 3615 ac
936 3559 1270 3616 detestandi
1311 3560 1727 3617 adversarium
1756 3563 1917 3635 ﬁdei,
1945 3579 2130 3637 quam

472 3646 755 3718 negando
839 3646 1149 3703 veritatem
1222 3652 1387 3706 tanto
1442 3665 1504 3705 se
1569 3650 1820 3722 praemio
1897 3652 2129 3709 abstra-

473 3734 634 3792 bere.

550 3822 632 3879 10.
668 3824 890 3881 Horum
937 3823 1115 3895 igitur
1144 3824 1407 3884 duorum
1437 3831 1494 3885 et
1522 3831 1894 3901 spontaneus
1926 3834 1982 3886 et
2010 3830 2133 3887 vio-

466 3913 665 3971 lentus
690 3914 770 3972 ad
797 3913 1147 3988 passionem
1168 3932 1379 3973 cursus
1407 3924 1652 3975 caeteros
1676 3918 1739 3975 in
1760 3934 1950 3975 unum
1966 3937 2133 3977 eum-

472 4002 733 4078 demque
755 4019 1120 4062 consensum
1148 4006 1477 4065 dimicandi
1500 4007 1655 4065 ultro
1684 4010 1885 4066 venire
1915 4010 2127 4081 coegit,

471 4094 620 4160 Quia
643 4109 767 4151 non
809 4098 977 4150 erant
1004 4094 1079 4151 de
1108 4112 1333 4153 corona
1358 4096 1648 4169 ambigui,
1678 4099 1783 4171 qui
1837 4104 2132 4157 noverant

471 4183 651 4245 etiam
678 4182 735 4239 vi
763 4187 1095 4256 protractos
1125 4185 1293 4257 regni
1316 4186 1590 4259 perpetui
1612 4203 1899 4244 coronam
1931 4205 2131 4261 perce-

470 4272 650 4351 pisse.
702 4274 1077 4346 Quapropter
1106 4274 1336 4345 ordine,
1380 4275 1594 4347 quoin
1626 4276 1973 4348 praefatione
2018 4294 2126 4334 vo-

470 4360 713 4418 luminis
736 4360 918 4433 hujus
943 4362 1241 4434 digestum
1268 4368 1375 4433 est,
1416 4364 1618 4423 omnis
1666 4364 1844 4423 turba
1887 4372 2125 4423 sancto-

467 4467 605 4508 rum
637 4450 713 4508 ad
745 4450 1086 4524 palaestram
1116 4451 1457 4508 certaminis
1489 4468 1754 4522 currens,
1787 4454 1893 4512 dat
1945 4471 2125 4529 repu-

469 4538 638 4597 dium
697 4539 1040 4598 adversario
1072 4540 1193 4613 Dei,
1220 4544 1276 4598 et
1299 4540 1543 4598 inimico
1592 4542 1856 4613 justitiaa.
1905 4546 2126 4603 Omnes

466 4646 706 4687 summo
734 4645 836 4687 ore
869 4628 1168 4687 Christum
1213 4628 1550 4698 laudantes,
1607 4632 1779 4703 cujus
1822 4636 1988 4691 tanta
2015 4633 2124 4690 vir-

465 4722 586 4778 tute
625 4718 868 4777 subnixi
893 4718 958 4774 in
986 4718 1310 4777 certamine
1361 4718 1721 4793 claruerunt,
1755 4726 1820 4779 ut
1847 4722 1909 4780 in
1956 4723 2122 4782 nullo

464 4809 703 4881 penitus
774 4812 1077 4864 terrenum
1134 4807 1528 4866 formidarent
1576 4811 1959 4885 supplicium,
2017 4813 2121 4887 qui

465 4896 685 4949 summi
744 4893 1153 4967 Redemptoris
1212 4897 1405 4967 gratia
1451 4898 1747 4968 illustrati,
1778 4901 1915 4975 plus
1945 4918 2121 4960 nove-

463 4986 599 5039 rant
625 4986 915 5038 aeternum
948 4989 1219 5040 mutuare
1250 4990 1635 5044 tormentum.
1672 4991 1843 5055 Quod
1876 4991 2012 5048 ideo
2055 4993 2117 5048 in

461 5070 755 5144 principio
777 5069 913 5126 libri
942 5073 1212 5145 exposui,
1235 5078 1301 5130 ut
1329 5088 1453 5131 non
1479 5076 1718 5134 deesset
1766 5078 2117 5149 cognitioni-

459 5160 576 5217 bus
620 5164 1025 5233 posterorum,
1089 5176 1224 5234 quae
1266 5177 1363 5219 res
1408 5164 1851 5222 confessoribus
1898 5169 2117 5226 nostris

457 5248 738 5308 obtulerit
753 5247 984 5307 obitum
1017 5266 1030 5306 :
1062 5253 1120 5306 et
1147 5250 1320 5321 cujus
1349 5252 1433 5309 rei
1476 5253 1616 5310 odio
1644 5255 1708 5310 in
1762 5254 2112 5314 molestissi-

456 5354 621 5395 mam
648 5336 1028 5395 iracundiam
1049 5337 1304 5394 excitata
1327 5340 1644 5410 gentilitas,
1676 5345 1870 5399 totum
1898 5344 2111 5403 imma-

455 5427 653 5483 nitatis
682 5426 945 5484 furorem
965 5426 1043 5482 ad
1063 5426 1389 5500 perniciem
1407 5427 1548 5485 talia
1567 5430 1977 5503 proﬁtentium
2003 5435 2111 5491 ad-

2243 1694 2322 1750 ris
2355 1700 2437 1751 tot
2467 1700 2951 1769 contemptorum
2979 1711 3235 1769 corpora
3264 1696 3702 1768 prostravisset.
3736 1696 3911 1753 nulla

2244 1783 2503 1841 novitate
2556 1785 2967 1857 prodigiorum
3046 1785 3345 1857 obstante,
3402 1802 3541 1858 quae
3588 1787 3895 1842 horrorem

2242 1878 2444 1945 posset
2492 1873 2798 1930 scelerosis
2844 1874 3128 1931 incutere.
3160 1874 3523 1947 Dicebatque
3550 1892 3612 1929 ιιι
3647 1874 3699 1931 Si
3746 1889 3887 1929 vene

2244 1962 2397 2017 Deus
2452 1967 2559 2027 est,
2591 1963 2651 2018 in
2683 1964 2855 2034 cujus
2915 1962 3160 2019 nomine
3208 1968 3389 2019 tanta:
3426 1979 3525 2018 vos
3567 1961 3887 2018 calamitati

2245 2050 2607 2119 submittitis,
2639 2056 2695 2108 et
2724 2066 2930 2107 verum
2957 2053 3072 2109 hoc
3093 2068 3222 2109 esse
3249 2052 3606 2125 martyrium
3631 2051 3895 2117 creditis,

2242 2138 2337 2195 vel
2355 2139 2405 2194 si
2435 2139 2602 2196 nulla
2624 2140 2869 2197 veritate
2894 2141 3223 2213 prophetia
3249 2140 3345 2196 hic
3371 2146 3573 2197 noster
3587 2146 3751 2197 vates
3770 2156 3901 2197 suc-

2240 2226 2471 2285 cinctus
2492 2230 2623 2298 est(
2655 2228 2754 2300 [7],
2785 2229 2910 2302 qui,
2943 2233 3006 2285 ut
3028 2229 3188 2285 idem
3218 2229 3440 2291 docuit,
3474 2230 3692 2300 angelo
3734 2230 3899 2286 insti-

2240 2319 2439 2373 tuente
2469 2317 2736 2374 Gabriele
2764 2317 3061 2387 gentibus,
3087 2322 3315 2392 totique
3342 2318 3475 2375 orbi
3505 2320 3759 2376 verbum
3804 2322 3899 2378 Dei

2240 2405 2569 2478 praedicare
2599 2407 2929 2479 permissus
2955 2411 3061 2474 est,
3095 2406 3189 2462 lex
3217 2423 3404 2479 quam
3459 2407 3721 2464 cultores
3774 2410 3901 2479 ejus

2240 2494 2613 2562 meditarent,
2649 2495 3012 2551 documento
3042 2496 3232 2568 ipsius
3266 2496 3464 2567 angeli
3519 2497 3901 2570 promulgata

2238 2587 2344 2639 est.
2376 2584 2559 2651 Cujus
2586 2583 2951 2640 vocabulum
2974 2584 3143 2640 rudis
3172 2585 3608 2658 protoplastus,
3644 2604 3783 2644 cum
3802 2588 3901 2644 ad-

2236 2671 2359 2728 huc
2377 2670 2520 2728 olim
2568 2673 2919 2745 paradisum
2969 2673 3273 2742 incoleret,
3333 2674 3693 2733 adnotatum
3727 2677 3787 2732 in
3814 2692 3899 2732 su-

2236 2760 2458 2833 pernis,
2532 2760 2834 2834 globoque
2898 2762 3177 2819 micantis
3247 2762 3531 2821 claritatis
3574 2766 3897 2823 immistum

2240 2850 2679 2924 contemplans,
2705 2868 2843 2925 quae
2863 2857 3016 2909 esset
3041 2852 3143 2909 illo
3168 2852 3273 2910 lux
3292 2855 3522 2911 caeteris
3532 2856 3899 2927 priestantior

2238 2939 2302 2995 in
2325 2944 2528 2997 centro
2549 2940 2804 3005 micans,
2834 2957 2972 3013 quae
3001 2940 3338 3011 fulgoribus
3361 2944 3679 2999 Dominum
3700 2945 3892 3017 expia-

2240 3034 2326 3085 ret
2378 3027 2560 3085 fertur
2590 3030 2931 3086 Creatorem
2963 3030 3106 3086 Adae
3137 3031 3557 3103 interrogasse,
3601 3032 3891 3104 illumque

2239 3118 2619 3191 respondisse
2651 3137 2663 3175 :
2706 3119 2810 3176 Hic
2842 3106 3041 3176 verus.
3078 3122 3374 3194 propheta
3414 3127 3501 3178 est
3541 3121 3770 3176 futurus
3817 3122 3881 3175 in

2240 3207 2490 3275 mundo,
2520 3209 2623 3281 qui
2654 3224 2726 3265 ex
2756 3209 2983 3266 semine
3025 3214 3131 3267 tuo
3159 3211 3374 3278 oriens,
3429 3211 3557 3284 ipso
3578 3225 3756 3283 quem
3783 3225 3879 3265 ra-

2239 3296 2404 3354 diare
2428 3297 2671 3354 nomine
2699 3298 3101 3370 obstupescis,
3129 3300 3448 3357 Mahomad
3475 3298 3887 3374 appellabitur,

2241 3386 2412 3456 cujus
2440 3402 2685 3459 quoque
2708 3388 2933 3443 meritis
2966 3392 3029 3444 tu
3056 3394 3291 3446 creatus
3316 3390 3634 3447 subsistere
3651 3389 3897 3445 meruis-

2239 3475 2338 3544 ti);
2397 3490 2584 3547 quare
2627 3492 2752 3533 non
2794 3477 3102 3534 satellibus
3131 3478 3555 3553 qualecunque
3600 3479 3896 3552 prodigio-

2240 3580 2375 3619 rum
2405 3564 2629 3620 infertis
2656 3568 2967 3632 terrorem,
3002 3568 3092 3623 vel
3115 3568 3486 3640 quibuslibet
3513 3570 3730 3626 astanti
3774 3568 3895 3624 vul-

2238 3667 2314 3723 go
2335 3652 2659 3722 signaculis
2683 3656 3005 3712 coruscatis
3032 3657 3060 3711 ?
3087 3657 3235 3727 quia
3292 3658 3442 3713 dum
3471 3675 3579 3715 vos
3621 3658 3897 3733 improvi-

2238 3757 2316 3796 sae
2340 3742 2519 3799 morti
2555 3742 2636 3799 ob
2666 3745 3000 3816 quamdam
3050 3745 3478 3803 asssertionem
3529 3749 3896 3822 superﬂuam

2236 3829 2564 3894 destinatis,
2617 3848 2814 3905 neque
2855 3833 2977 3891 ulla
3001 3833 3217 3891 virtute
3266 3836 3727 3909 miraculorum,
3768 3854 3895 3912 quis

2237 3922 2593 3978 sententiam
2632 3926 2905 3979 nostram
2952 3923 3014 3979 in
3060 3929 3323 3981 vestrum
3380 3926 3566 3983 latam
3598 3929 3896 3984 excidium

2236 4010 2558 4081 infringere
2589 4012 2795 4084 possit,
2828 4012 3163 4085 praecellitis
3188 4033 3199 4083 ;
3226 4031 3365 4070 cum
3385 4021 3618 4089 partem
3642 4024 3896 4074 vestram

2234 4100 2481 4158 minime
2513 4101 2831 4173 adjuvetis,
2863 4102 3099 4159 nullum
3148 4105 3337 4161 etiam
3360 4106 3540 4163 coetui
3565 4112 3779 4164 nostro
3812 4108 3896 4164 in-

2231 4188 2395 4246 fertis
2417 4189 2830 4261 dispendium.
2863 4213 2892 4241 »

2310 4278 2395 4334 l3.
2426 4281 2494 4333 Et
2521 4278 2600 4334 ob
2630 4279 2745 4335 hoc
2775 4280 2978 4352 ipsum
3033 4281 3332 4356 plerisque
3359 4290 3709 4342 nostrorum
3761 4302 3896 4359 par-

2231 4366 2572 4438 vipendulis
2614 4385 2825 4427 verum
2856 4386 2979 4427 non
3009 4388 3140 4428 esse
3162 4373 3484 4431 videbatur
3510 4377 3894 4450 martyrium,

2230 4455 2398 4529 quod
2424 4472 2551 4513 non
2579 4458 2659 4514 ad
2688 4458 3103 4518 confusionem
3157 4462 3628 4534 incredulorum,
3679 4466 3777 4522 vel
3809 4483 3897 4523 ro-

2228 4544 2605 4603 borationem
2631 4547 2902 4606 ﬁdelium
2948 4550 3196 4625 aliquod
3245 4557 3574 4612 ostentaret
3626 4555 3893 4612 miracu-

2226 4632 2374 4690 lum.
2409 4635 2747 4693 Nescientes
2775 4637 2919 4710 quia
2955 4638 3017 4695 in
3062 4638 3187 4695 ﬁne
3243 4642 3467 4714 saeculi,
3528 4647 3596 4699 ut
3645 4649 3895 4700 sanctus

2229 4723 2545 4794 Gregorius
2574 4724 2752 4782 refert
2774 4726 2928 4783 libro
2974 4728 3285 4786 Moralium
3335 4732 3518 4800 (Mor.
3548 4732 3651 4789 lib.
3685 4746 3892 4799 mw,

2228 4828 2286 4871 n.
2323 4816 2398 4887 7),
2426 4805 2683 4873 aberunt
2708 4816 2785 4873 de
2823 4817 3082 4875 Ecclesia
3113 4819 3289 4890 signa
3338 4821 3649 4880 virtutum.
3676 4846 3708 4875 ι(
3754 4826 3896 4881 Ter-

2227 4903 2380 4960 ribili
2411 4906 2657 4980 quippe,
2703 4906 2804 4974 ait,
2855 4907 3064 4964 ordine
3125 4908 3540 4983 dispositionis
3608 4913 3890 4981 occultae,

2226 4994 2580 5067 priusquam
2627 4995 2951 5054 Leviathan
3026 4996 3089 5054 in
3139 4996 3241 5056 illo
3293 5000 3585 5059 damnato
3639 5000 3894 5061 homine

2225 5099 2408 5157 quem
2438 5089 2721 5154 assumet,
2757 5091 3067 5160 appareat,
3109 5104 3148 5146 a
3190 5095 3399 5148 sancta
3426 5091 3688 5149 Ecclesia
3713 5093 3895 5151 virtu-

2224 5175 2352 5228 tum
2380 5171 2553 5241 signa
2576 5174 3022 5235 subtrahentur.
3084 5181 3234 5236 Nam
3278 5181 3595 5254 prophetia
3624 5181 3893 5241 abscon-

2223 5258 2401 5330 ditur,
2435 5262 2817 5319 curationum
2840 5265 3032 5335 gratia
3057 5266 3344 5342 aufertur,
3373 5266 3715 5343 prolixioris
3747 5271 3892 5329 abso

2222 5349 2481 5409 tinentiae
2511 5351 2697 5409 virtus
2752 5353 3150 5429 imminuitur,
3192 5357 3481 5417 doctrinm
3509 5360 3699 5419 verba
3748 5378 3892 5425 con-

2221 5440 2531 5511 ticescunt,
2586 5442 3017 5503 miraculorum
3064 5446 3345 5519 prodigia
3374 5448 3680 5507 tolluntur.
3743 5454 3890 5518 Qua:

451 5517 724 5574 moverit.
755 5515 896 5610 Inde
951 5516 1131 5573 etiam
1181 5516 1633 5610 prudentissimi
1657 5518 1907 5581 lectores
1937 5525 2108 5583 facile
2218 5529 2466 5602 quidem
2496 5546 2883 5605 nequaquam
2915 5515 3179 5609 superna
3208 5515 3580 5610 dispensatio
3609 5515 3889 5598 funditus

452 5613 733 5683 poterunt
757 5607 1081 5678 advertere,
1113 5622 1301 5681 quam
1322 5606 1533 5668 merito
1543 5609 1659 5669 hoc
1669 5614 2031 5686 opusculum
2045 5616 2108 5676 in

2221 5616 2538 5693 subtrahit,
2567 5622 2673 5679 sed
2700 5637 2825 5680 non
2850 5623 2980 5681 haec
3000 5625 3150 5684 sicut
3173 5625 3478 5703 prioribus
3510 5628 3891 5711 temporibus
