4140 6188
268 149 383 203 749
1327 151 1751 207 MEMORIALIS
1793 148 2229 208 SANCTORUM.
2275 179 2342 188 --
2372 151 2498 206 LIB.
2535 152 2575 203 Ι.
3574 149 3678 204 730

259 274 463 345 aperte
493 286 563 327 ac
616 270 1017 345 multipliciter
1066 272 1479 330 ostenduntur.
1515 273 1687 341 Quod
1718 278 1921 330 tamen
1952 275 2000 327 A
2031 271 2275 327 existere
2307 270 2513 341 dignm
2536 269 2903 345 percipiendi
2926 271 3334 341 evangelicam
3349 270 3683 337 veritatem,

258 362 413 417 mira
440 359 889 433 dispensatione
917 361 1129 432 agitur,
1158 365 1224 417 ut
1252 378 1375 417 una
1407 378 1478 417 ex
1509 379 1571 418 re
1603 363 1807 419 divina
1850 361 1922 416 si-
2031 376 2301 433 praesaga
2322 359 2646 416 divinitatis
2665 358 3013 417 auctoritate
3029 358 3354 434 discipulos
3375 359 3453 416 ab
3475 374 3683 416 eorum

256 448 388 505 mul
413 449 623 521 pietas,
654 454 709 505 et
733 448 959 521 justitia
990 449 1379 523 compleatur.
1415 451 1567 506 Dum
1594 451 1754 507 enim
1782 449 1922 505 sub-
1952 468 1959 475 ’
2033 447 2222 505 salute
2252 447 2524 505 inhibuit.
2568 450 2775 522 Utpote
2806 448 2919 522 qui,
2933 448 3184 505 verbum
3221 448 3353 506 vitae
3385 447 3687 519 arroganti

256 538 460 595 tractis
491 536 803 607 signorum
848 538 1167 595 virtutibus
1215 544 1421 596 sancta
1462 539 1722 596 Ecclesia
1770 539 1927 595 velut
2035 536 2241 610 spiritu
2280 540 2446 594 erant
2498 538 2792 609 rejecturi,
2820 553 3016 611 neque
3067 537 3360 607 audirent,
3396 536 3687 611 quoniam

262 626 552 699 abjectior
582 631 867 699 apparet;
911 634 966 684 et
1015 628 1315 684 bonorum
1347 629 1663 701 praemium
1696 629 1924 713 crescit,
2036 630 2397 698 spernerent.

258 717 367 789 qui
395 715 561 771 illam
593 731 701 788 pro
735 731 839 789 spe
867 716 1221 789 cmlestium,
1269 721 1324 773 et
1349 733 1471 773 non
1503 722 1745 791 propter
1775 733 1925 790 prae-

263 806 457 861 sentia
486 804 659 874 signa
690 810 1085 874 venerantur;
1119 809 1173 862 et
1196 805 1496 863 malorum
1530 822 1700 862 mens
1722 810 1929 863 contra

260 895 429 952 illam
478 895 647 951 citius
678 895 1029 961 ostenditur,
1063 895 1164 969 qui
1219 896 1391 968 sequi
1424 895 1743 952 invisibilia
1792 912 1929 969 qua:

260 984 555 1059 promittit
609 984 940 1055 negligunt.
996 985 1143 1040 dum
1194 984 1378 1055 signis
1434 984 1769 1041 visibilibus
1807 1000 1930 1041 non

262 1077 561 1132 tenentur.
586 1093 615 1125 ›
667 1075 848 1144 Signa
891 1089 1157 1146 namque
1191 1073 1471 1130 virtutum
1507 1090 1615 1129 nec
1646 1074 1930 1131 omnibus

260 1163 428 1228 data,
460 1177 568 1217 nec
598 1162 825 1234 passim
854 1177 1222 1236 quocunque
1256 1166 1527 1235 tempore
1582 1168 1721 1219 sunt
1770 1177 1932 1218 exer-

266 1252 483 1309 cenda.
503 1252 652 1318 Quia
682 1256 738 1306 et
768 1251 827 1307 hi
859 1251 964 1323 qui
994 1252 1107 1307 hoc
1140 1266 1358 1306 munus
1390 1251 1673 1307 divinitus
1695 1267 1936 1324 accepe-
2040 1248 2199 1318 lant;
2230 1250 2276 1304 si
2296 1250 2513 1305 saeculo
2537 1251 2757 1307 mortui
2786 1253 2905 1307 Deo
2927 1249 3159 1308 vivant:
3183 1251 3234 1307 si
3263 1256 3506 1326 propter
3533 1250 3697 1309 illam

266 1345 427 1407 runt,
456 1340 576 1396 nisi
609 1354 717 1412 spe
750 1344 805 1395 et
834 1338 951 1394 ﬁde
1004 1340 1274 1413 probatis
1314 1344 1623 1414 nequeunt
1666 1355 1933 1412 erogare,
2040 1353 2249 1394 veram
2278 1338 2803 1413 charitatem,quee
2837 1344 3051 1396 cuncta
3081 1340 3512 1397 charismatum
3536 1339 3702 1396 dona

270 1428 653 1499 Evangelista
682 1434 990 1484 narrante:
1022 1429 1101 1484 Et
1140 1444 1258 1484 non
1287 1435 1527 1498 poterat
1554 1433 1726 1486 Iesus
1780 1430 1938 1490 inter
2045 1428 2383 1500 exsuperat,
2443 1444 2653 1484 omnes
2715 1428 3056 1486 affectiones
3102 1429 3314 1486 mundi
3351 1444 3461 1503 pro
3516 1428 3701 1486 nihilo

270 1533 367 1575 eos
396 1518 601 1587 facere
632 1518 881 1574 virtutes
896 1523 1147 1587 propter
1172 1518 1655 1575 incredulitatem
1689 1519 1939 1574 illorum
2046 1523 2339 1590 pensant;
2374 1516 2420 1573 si
2451 1520 2761 1591 acceptam
2790 1519 3067 1576 virtutem
3098 1535 3223 1577 non
3261 1520 3338 1577 ad
3374 1535 3549 1576 suam
3580 1518 3703 1589 glo-

292 1607 518 1662 Matth.
548 1620 676 1673 xm,
695 1606 805 1675 38).
826 1607 890 1661 Et
912 1606 1134 1661 Veritas
1160 1621 1268 1678 per
1304 1607 1695 1679 semetipsum
1722 1624 1732 1662 :
1759 1606 1942 1662 Multi
1971 1632 2016 1688 Β
2047 1606 2223 1670 riam,
2248 1605 2352 1662 sed
2383 1607 2461 1663 ad
2492 1607 2853 1664 beneﬁcium
2883 1608 3147 1666 referunt
3177 1609 3508 1678 collatoris;
3542 1610 3591 1665 si
3624 1613 3707 1666 at-

266 1694 488 1768 inquit,
525 1695 744 1764 leprosi
773 1701 947 1751 erant
982 1695 1045 1750 in
1077 1695 1269 1751 Israel
1295 1695 1402 1751 sub
1430 1695 1651 1753 Elist
1683 1696 1946 1766 prop/te-
2049 1695 2223 1752 tentis
2269 1696 2515 1753 auribus
2565 1697 2783 1766 cordis,
2813 1697 2936 1754 veri
2982 1698 3251 1769 magistri
3298 1697 3705 1756 admonitione

272 1790 372 1841 ta:
405 1790 461 1840 et
503 1798 672 1840 nemo
719 1799 923 1840 eorum
967 1784 1295 1840 mundatus
1346 1790 1450 1856 est,
1508 1786 1626 1840 nisi
1656 1782 1940 1841 Naaman
2049 1790 2492 1860 percepta,non
2516 1786 2660 1859 quia
2682 1787 2983 1845 daemonia
3008 1787 3094 1845 eis
3126 1789 3519 1861 subjiciantur
3535 1789 3705 1858 (Luc.

269 1873 469 1944 Syrus
497 1874 665 1943 (Luc.
701 1886 779 1940 iv,
811 1872 923 1945 27).
970 1872 1291 1928 Desistente
1322 1872 1482 1928 enim
1522 1872 1639 1928 ﬁde
1669 1888 1942 1945 quaeren-

2113 719 2194 770 15.
2230 714 2506 771 Miracula
2521 714 2780 789 denique
2808 715 2956 772 dum
2986 719 3089 772 aut
3105 717 3350 789 propter
3363 712 3547 771 ﬁdem
3570 730 3692 771 cre-

2037 803 2328 870 dentium,
2360 809 2462 859 ant
2493 810 2733 877 propter
2761 804 3025 862 futuram
3054 804 3464 861 credulitatem
3495 808 3692 861 astan-

2036 893 2186 948 tium
2205 892 2308 947 Dei
2337 892 2709 964 providentia
2730 898 3041 966 operatur;
3069 909 3195 951 non
3223 898 3347 952 tam
3372 910 3484 952 nos
3510 892 3572 950 in
3598 908 3694 951 eo-

2038 996 2174 1036 rum
2199 980 2594 1038 admiratione
2624 981 2918 1038 debemus
2947 986 3205 1055 stupere,
3232 998 3419 1056 quam
3439 982 3695 1057 provida

2040 1070 2528 1143 compensatione
2565 1071 2798 1140 intueri,
2831 1071 2877 1127 si
2910 1071 3261 1129 eorumdem
3283 1072 3589 1130 effectores
3623 1072 3698 1129 si-

2041 1174 2300 1230 gnorum
2331 1160 2593 1233 expulsis
2633 1159 2788 1217 vitiis
2816 1174 3056 1217 morum
3100 1162 3411 1219 honestate
3449 1161 3695 1237 praecel-

259 1962 451 2026 -tium,
481 1959 726 2031 largitas
778 1960 1152 2031 erogantium
1202 1967 1542 2033 quassatur.
1609 1964 1755 2017 Nam
1806 1976 1944 2016 cum

272 2050 440 2107 idem
498 2050 785 2106 Dominus
833 2049 1262 2107 ardentissimis
1311 2066 1581 2124 persaepe
1613 2049 1945 2105 multorum

274 2141 436 2196 votis
465 2140 800 2197 consolator
832 2143 1123 2211 occurrat,
1166 2140 1372 2195 dicens
1401 2157 1414 2195 :
1462 2143 1537 2195 lte
1587 2138 1648 2195 in
1678 2154 1847 2212 pace,
1880 2136 1946 2193 ﬁ-

281 2229 398 2285 des
425 2233 611 2285 vestra
641 2245 752 2285 vos
799 2229 997 2285 salvos
1024 2230 1196 2296 fecit;
1232 2233 1437 2301 tamen
1461 2226 1772 2285 deﬁciente
1804 2225 1943 2297 ﬁde,

284 2318 477 2374 virtus
505 2318 645 2374 nihil
669 2318 1123 2391 proﬁcit.Quam
1147 2317 1503 2391 plerumque
1534 2316 1803 2388 exigente
1829 2315 1947 2371 ﬁde

282 2408 721 2479 languentium,
767 2409 947 2464 etiam
998 2407 1275 2464 homines
1326 2406 1586 2480 reprobi,
1647 2410 1704 2463 et
1751 2408 1948 2461 mente

279 2498 547 2571 corrupti
576 2497 1012 2571 impertiuntur.
1049 2496 1228 2555 Sicuti
1259 2497 1333 2553 de
1366 2496 1480 2552 illis
1523 2496 1583 2553 in
1633 2493 1948 2566 Evangelio

278 2587 519 2655 legitur,
553 2587 658 2660 qui
698 2588 758 2642 in
783 2586 982 2643 futuro
1030 2591 1165 2643 ante
1197 2585 1352 2641 fores
1394 2584 1628 2641 Domini
1666 2582 1949 2658 quaesturi

284 2681 451 2742 sunt,
501 2676 803 2731 dicentes:
863 2677 1134 2746 Domine,
1186 2675 1453 2742 Domine,
1495 2689 1693 2731 nonne
1737 2676 1797 2730 in
1853 2678 1952 2728 tuo

283 2768 532 2823 nomine
554 2766 1050 2837 prophetavimus
1066 2765 1094 2820 ?
1119 2770 1175 2821 et
1198 2767 1262 2820 in
1285 2771 1384 2820 tuo
1406 2766 1643 2822 nomine
1662 2762 1953 2820 daemonia

284 2855 624 2926 ejecimus?
669 2859 727 2911 et
769 2856 832 2911 in
865 2860 964 2911 tuo
998 2855 1236 2910 nomine
1276 2856 1526 2909 virtutes
1555 2855 1780 2910 multas
1813 2851 1954 2923 feci-

282 2960 428 3001 mus
472 2943 714 3016 (Matth.
738 2959 840 3013 vn,
888 2946 976 3009 2'2,
1002 2943 1132 3015 23)?
1170 2941 1395 3007 Quibus
1448 2941 1652 3014 utique
1691 2941 1959 2996 dicturus

285 3038 389 3091 est
416 3034 745 3089 Dominus:
778 3033 912 3089 Non
950 3032 1095 3087 novi
1131 3047 1230 3088 vos
1266 3047 1287 3087 ,ο
1315 3031 1596 3087 discedite
1634 3046 1669 3087 a
1710 3046 1802 3086 me
1829 3045 1959 3100 ope-

291 3124 463 3179 rarii
514 3123 853 3194 iniquitatis
918 3121 1137 3193 (Ibid).
1189 3123 1252 3177 Et
1307 3120 1552 3177 iterum:
1612 3121 1960 3190 Exsurgent

286 3211 756 3282 pseudochristi,
776 3216 830 3267 et
852 3210 1419 3280 pseudoprophetae:
1444 3215 1499 3265 et
1529 3209 1761 3264 dabunt
1790 3209 1963 3277 signa

299 3314 534 3370 magna
560 3307 613 3356 et
637 3300 937 3371 prodigia,
966 3301 1055 3355 ita
1084 3304 1150 3354 ut
1180 3299 1243 3353 in
1275 3313 1535 3355 errorem
1568 3297 1881 3363 inducant,
1914 3297 1966 3350 si

305 3390 453 3459 ﬁeri
494 3395 673 3458 potest
694 3390 903 3445 electos
926 3388 1168 3459 (Matth.
1203 3404 1366 3457 xxiv,
1397 3388 1508 3458 24).
1542 3389 1611 3441 Et
1636 3386 1694 3442 in
1723 3384 1961 3441 Exodo:

302 3477 612 3533 Feeerunt
657 3482 709 3533 et
755 3477 1010 3546 maleﬁci
1058 3492 1169 3547 per
1216 3477 1676 3547 incantationes,
1716 3478 1868 3531 sicut
1913 3485 1965 3535 et

300 3568 547 3638 Moyses
575 3568 786 3636 (Exod.
820 3583 900 3623 vn
921 3574 976 3625 et
1006 3568 1149 3639 vni).

390 3660 472 3712 14.
500 3656 914 3714 Miraculorum
940 3671 1082 3711 vero
1112 3655 1285 3726 signa
1306 3655 1441 3710 ideo
1468 3653 1610 3709 olim
1632 3670 1739 3726 per
1765 3667 1971 3708 servos

308 3746 751 3802 suosDominus
766 3745 1116 3815 congruenti
1135 3750 1398 3817 tempore
1410 3740 1974 3816 praestabatmundo

310 3835 608 3909 quoniam
629 3835 883 3908 praescia
908 3834 1214 3890 Divinitate
1249 3834 1537 3906 proﬁcere
1581 3831 1972 3887 nihilominus

309 3925 799 4000 prastolantibus
829 3939 899 3980 ea
931 3923 1174 3996 sciebat,
1211 3938 1323 3978 nec
1365 3922 1427 3976 in
1473 3937 1694 3976 vanum
1739 3934 1974 3975 currere

2052 1890 2111 1946 x,
2148 1880 2233 1947 l7,
2265 1877 2376 1948 20),
2406 1876 2754 1949 tripudiant,
2784 1878 2889 1933 sed
2918 1878 3062 1952 quia
3101 1879 3351 1935 nomina
3381 1895 3490 1935 sua
3520 1877 3708 1951 scrip-

2057 1968 2114 2020 ta
2137 1969 2279 2021 sunt
2302 1966 2364 2020 in
2387 1965 2574 2037 caelis,
2608 1966 2895 2022 exultant.
2937 1969 3005 2022 Et
3023 1966 3242 2023 idcirco
3270 1968 3401 2023 haec
3433 1968 3709 2023 dinume-

2054 2054 2206 2109 ratio
2236 2054 2525 2110 virtutum
2556 2054 2618 2110 in
2646 2054 2756 2110 illis
2782 2055 3197 2128 prodigiorum
3226 2056 3570 2114 auctoribus
3600 2071 3714 2130 po-

2056 2143 2171 2200 tius
2201 2159 2390 2215 quam
2418 2144 2545 2216 ipse
2572 2144 2881 2215 signorum
2905 2144 3149 2202 effectus
3179 2149 3271 2203 est
3298 2144 3712 2213 admirandus,

2058 2235 2114 2288 et
2164 2230 2331 2304 quod
2363 2231 2435 2287 sit
2473 2232 2666 2301 magis
2697 2234 2989 2305 praevium
3040 2234 3349 2308 specimen
3405 2233 3588 2290 eundi
3637 2232 3718 2290 ad

2057 2335 2312 2391 regnum
2334 2321 2753 2394 quaerendum,
2770 2337 2893 2379 non
2917 2336 3058 2380 vero
3087 2324 3254 2399 quod
3271 2330 3290 2354 ⁸
3313 2323 3626 2396 signiferos
3649 2338 3720 2379 ac

2058 2408 2348 2466 notabiles
2373 2426 2485 2466 nos
2508 2409 2686 2481 vulgo
2711 2414 3141 2480 ostentet.Quia
3161 2415 3444 2471 sanctitas
3461 2418 3519 2471 et
3544 2412 3724 2469 timor

2062 2499 2297 2556 Domini
2344 2499 2661 2573 cultusque
2700 2500 2871 2571 regni
2922 2501 3177 2559 caelestis
3207 2502 3449 2559 nonnisi
3481 2502 3560 2559 ab
3589 2501 3723 2559 ido-

2061 2590 2188 2645 neis
2213 2592 2270 2645 et
2288 2589 2565 2663 perfectis
2602 2589 2959 2662 procedunt.
2992 2590 3173 2661 Signa
3212 2606 3356 2648 vero
3384 2596 3562 2666 atque
3591 2607 3726 2667 pro-

2063 2679 2224 2750 digia
2254 2683 2309 2734 et
2330 2677 2520 2735 sancti
2550 2682 2607 2735 et
2627 2677 2869 2752 reprobi
2909 2679 3159 2737 faciunt.
3192 2682 3335 2748 Quae
3378 2681 3526 2738 nihil
3564 2678 3728 2739 aliud

2063 2784 2249 2842 quam
2283 2768 2555 2824 notitiam
2586 2784 2810 2826 vanam
2838 2768 3017 2826 etiam
3049 2769 3382 2844 aliquando
3410 2770 3727 2828 hominum

2067 2856 2400 2917 conferunt.
2439 2857 2586 2913 Hinc
2613 2858 2908 2930 provenit,
2944 2863 3007 2916 ut
3034 2859 3137 2932 qui
3178 2859 3354 2916 fuerit
3381 2859 3728 2917 hominibus

1992 2988 2032 3043 Ο
2067 2950 2265 3043 notus,
2299 2945 2409 3001 nisi
2441 2946 2633 3043 ‘fucrit
2667 2945 2994 3043 justus,nad
3024 2951 3246 3003 aeterna
3275 2946 3571 3021 supplicia
3601 2964 3730 3021 per-

2068 3034 2269 3090 veniat
2307 3034 2829 3090 condemnandus.
2854 3034 2955 3091 Ille
2987 3038 3188 3091 autem
3217 3035 3321 3108 qui
3342 3035 3567 3092 ccelesti
3593 3050 3728 3106 gra-

2072 3124 2150 3180 tia
2208 3121 2558 3195 illustratus,
2617 3122 2729 3177 sub
2776 3122 2984 3179 notitia
3024 3122 3118 3178 sui
3174 3122 3466 3180 Creatoris
3518 3122 3730 3181 vixerit

2073 3215 2334 3280 sanctus,
2368 3209 2473 3267 etsi
2525 3208 2879 3267 mortalibus
2911 3211 2983 3268 sit
3024 3210 3283 3281 ignotus,
3312 3210 3374 3267 in
3404 3211 3619 3268 futuris
3648 3214 3732 3270 ta-

2076 3316 2214 3357 men
2245 3304 2590 3356 sanctorum
2624 3298 2858 3370 gaudiis
2887 3300 2995 3357 erit
3033 3300 3549 3358 annumerandus.

2151 3390 2233 3446 16.
2270 3392 2381 3445 Nec
2410 3407 2522 3445 nos
2554 3389 2628 3444 ita
2655 3393 3111 3462 prosequentes,
3160 3389 3593 3447 miraculorum
3634 3404 3736 3465 pe-

2079 3481 2235 3536 nitus
2264 3479 2616 3535 abdicamus
2633 3478 2910 3550 insignia,
2931 3478 3153 3535 ccelesti
3170 3478 3333 3535 dono
3365 3478 3734 3553 quibusdam

2079 3562 2314 3633 collata,
2333 3568 2390 3620 et
2409 3564 2759 3633 congruenti
2787 3567 3053 3636 tempore
3082 3579 3187 3637 per
3215 3563 3317 3620 Dei
3340 3561 3735 3636 dispensatio-

2080 3670 2217 3710 nem
2240 3652 2585 3709 nationibus
2599 3651 2905 3722 ordinata;
2926 3653 3033 3708 sed
3046 3651 3360 3709 latratibus
3383 3651 3737 3710 rabidorum

2081 3758 2302 3799 canum
2327 3741 2569 3797 obviam
2597 3741 2887 3808 venimus,
2907 3742 3013 3814 qui
3038 3746 3373 3815 martyrum
3394 3746 3739 3798 nostrorum

2081 3831 2469 3888 intentionem
2520 3830 2825 3886 exinanire
2856 3833 3167 3901 attentarit,
3201 3830 3349 3885 dum
3379 3845 3482 3887 eos
3521 3828 3596 3886 de
3629 3831 3743 3887 mi-

2081 3921 2299 3977 raculis
2331 3920 2688 3989 redarguere
2720 3919 3139 3991 sperant.Quid
3170 3920 3371 3992 potius
3394 3917 3741 3989 generaliter

307 4017 620 4087 operarios
639 4015 923 4071 virtutum
951 4017 1331 4081 cognoverat.
1358 4014 1425 4068 Ut
1446 4010 1658 4066 saltem
1678 4009 1977 4082 prodigio-
2086 4008 2462 4081 sequendum
2494 4008 2582 4075 sit,
2617 4008 2843 4064 cunctis
2875 4023 2947 4063 ex
3001 4008 3350 4065 auctoritate
3394 4007 3740 4065 divinorum

300 4104 833 4164 rumnovitatibus
859 4104 1154 4171 cederent,
1176 4101 1280 4175 qui
1302 4117 1485 4158 sacrae
1509 4099 1656 4171 legis
1678 4103 1980 4172 praecepta
2085 4098 2399 4169 librorum,
2433 4097 2525 4154 vel
2568 4097 2737 4153 dictis
2790 4101 3139 4154 sanctorum
3191 4100 3431 4155 Patrum
3484 4096 3743 4156 ostendi-

304 4193 607 4253 salutaria
620 4193 1007 4267 respuebant.
1028 4195 1284 4265 Eratque
1307 4190 1681 4264 temporibus
1700 4187 1814 4245 illis
1838 4190 1980 4244 satis
2089 4204 2244 4244 mus.
2277 4191 2403 4244 Non
2430 4187 2619 4260 (quod
2642 4185 2815 4258 absit)
2844 4185 3111 4242 funditus
3148 4186 3512 4246 charismata
3538 4186 3743 4245 coeles-

303 4300 659 4356 congruum
677 4284 777 4339 Dei
798 4287 1093 4356 martyres
1110 4282 1296 4352 signis
1323 4296 1640 4338 coruscare
1670 4279 1979 4346 virtutum,

2090 4277 2237 4334 tium
2268 4291 2590 4331 munerum
2623 4275 3011 4348 extirpamus.

306 4344 612 4449 quoniam
627 4371 841 4428 rudem
864 4344 1154 4428 diffusum
1176 4369 1685 4426 christianismum
1712 4384 1873 4424 nunc
1900 4367 1985 4423 in-
2017 4344 2058 4398 D
2168 4371 2251 4421 l7.
2282 4364 2471 4421 Radix
2500 4365 2701 4437 itaque
2732 4380 2800 4421 ac
2831 4364 3293 4420 fundamentum
3323 4363 3598 4421 omnium
3624 4362 3745 4420 vir-

304 4462 614 4522 truetione
641 4461 991 4533 verborum,
1017 4475 1181 4516 nunc
1212 4458 1620 4516 exhortatione
1662 4457 1985 4531 Scriptura-

306 4569 481 4620 rum,
511 4566 674 4608 nunc
717 4551 1055 4607 ostensione
1105 4549 1435 4619 signorum,
1465 4564 1626 4604 nunc
1660 4547 1836 4604 etiam
1869 4552 1986 4603 tro-

311 4642 473 4717 pacis
502 4639 736 4713 inclytis
758 4639 1112 4712 passionum
1144 4638 1520 4694 conabantur
1541 4636 1744 4693 solidis
1779 4635 1989 4691 radici-

322 4731 447 4785 bus
470 4728 599 4784 ﬁeri
633 4727 879 4783 ﬁrmum
929 4726 990 4782 in
1024 4725 1302 4783 cordibus
1339 4724 1711 4782 credentium
1739 4723 1989 4798 populo-

324 4832 491 4874 rum.
514 4820 659 4874 Nam
690 4817 835 4889 quia
863 4831 989 4872 non
1028 4815 1196 4872 omni
1222 4819 1491 4889 tempore
1522 4818 1609 4884 (ut
1638 4828 1822 4885 supra
1849 4811 1994 4868 rela-

327 4911 467 4965 tum
523 4910 624 4973 est)
674 4907 987 4977 signorum
1032 4904 1377 4961 exercitium
1429 4906 1740 4974 congruat,
1798 4917 1995 4974 neque

322 5010 547 5055 omnes
589 4995 922 5052 coelestium
972 4993 1477 5065 contemplatione
1516 4992 1801 5050 virtutum
1831 4990 1997 5062 digni

315 5085 615 5157 existunt,
662 5083 835 5141 facile
894 5083 1122 5141 adverti
1172 5086 1371 5155 potest
1421 5099 1493 5139 ex
1549 5080 1997 5155 comparatione

319 5189 545 5234 eorum
565 5189 703 5247 quas
720 5177 889 5244 gesta
904 5175 1042 5228 sunt
1067 5171 1146 5228 ab
1172 5170 1605 5245 apostolis.Qui
1622 5186 1761 5226 cum
1783 5168 2000 5226 vellent

317 5265 571 5322 bonum
648 5261 929 5318 nuntium
994 5259 1228 5315 Asianis
1291 5258 1639 5333 praedicare,
1717 5255 2001 5330 prohibiti

323 5357 479 5411 sunt
506 5367 543 5410 a
579 5351 801 5425 Spiritu
848 5353 1058 5407 sancto
1100 5349 1257 5417 (Act.
1290 5365 1408 5418 xv1,
1431 5350 1485 5417 6,
1517 5348 1603 5419 7):
1635 5350 1691 5402 et
1736 5344 1840 5418 qui
1886 5345 2002 5418 pri-

320 5444 479 5501 dem
504 5441 862 5500 annuntiare
892 5439 1284 5509 Evangelium
1323 5438 1490 5495 omni
1537 5440 1821 5493 creaturae
1847 5451 2000 5508 prae-

324 5535 583 5608 Ceperat
631 5531 849 5602 (Marc.
906 5545 1023 5599 xw,
1075 5528 1186 5601 t3),
1239 5527 1435 5584 sciens
1476 5526 1535 5582 in
1583 5524 1721 5581 Asia
1769 5523 2002 5580 nullum

2094 4457 2308 4522 tutum,
2340 4454 2699 4527 signumque
2740 4452 2994 4509 victoriae
3046 4452 3197 4508 ﬁdes
3251 4456 3356 4520 est,
3405 4467 3513 4524 per
3558 4468 3746 4524 quam

2091 4543 2235 4615 justi
2260 4542 2467 4599 vivunt
2497 4543 2747 4613 (Habac.
2774 4558 2833 4609 ιι,
2861 4543 2939 4612 4),
2964 4556 3071 4613 per
3098 4556 3285 4613 quam
3312 4540 3504 4595 sancti
3532 4554 3745 4594 omnes

2098 4646 2284 4702 regna
2313 4632 2600 4696 vicerunt,
2629 4631 2863 4700 operati
2876 4635 3016 4685 sunt
3037 4630 3363 4699 justitiam,
3382 4629 3586 4698 adepti
3608 4632 3749 4683 sunt

2099 4719 2600 4790 repromissiones,
2633 4718 3063 4773 obturaverunt
3111 4733 3219 4774 ora
3269 4719 3525 4786 leonum,
3558 4717 3751 4775 extin-

2099 4812 2321 4865 xerunt
2349 4808 2632 4876 impetum
2663 4808 2840 4877 ignis,
2874 4807 3290 4877 e/fugaverunt
3322 4809 3508 4865 aciem
3536 4806 3751 4879 gladii,

2102 4896 2539 4954 convaluerunt
2579 4895 2653 4952 de
2681 4896 3053 4968 inﬁrmitate,
3089 4897 3276 4966 fortes
3313 4898 3472 4968 facti
3523 4900 3664 4953 sunt
3692 4895 3757 4952 in

2108 4988 2258 5043 bello
2289 4985 2490 5058 (Hebr.
2522 5003 2603 5051 x1,
2635 4989 2725 5053 33,
2755 4983 2863 5056 34).
2900 4986 3166 5050 Quorum
3196 4987 3443 5057 vestigia
3469 4986 3531 5042 hi
3570 4983 3761 5044 sancti

2102 5075 2387 5134 veraciter
2461 5078 2917 5148 prosequentes,
2995 5073 3295 5147 intrepida
3386 5076 3763 5133 confessione

2106 5167 2294 5222 Deum
2342 5169 2399 5221 et
2449 5164 2774 5220 Dominum
2822 5165 3028 5219 Jesum
3065 5164 3365 5222 Christum
3418 5165 3481 5223 in
3512 5164 3763 5223 concilio

2107 5255 2448 5328 principum
2504 5254 2868 5328 proﬁtentes,
2935 5268 3179 5309 omnem
3238 5268 3500 5328 quoque,
3579 5267 3767 5328 quam

2109 5344 2456 5416 evangelica
2502 5342 2824 5401 auctoritas
2870 5358 2995 5399 non
3044 5343 3252 5417 recipit
3279 5343 3655 5419 prephetiam
3708 5345 3772 5399 ut

2110 5434 2310 5490 furum
2321 5439 2378 5491 et
2392 5434 2695 5491 latronum
2717 5432 3077 5490 detestantes
3091 5449 3161 5489 ac
3186 5432 3610 5490 maledicentes
3632 5431 3771 5488 abs-

2108 5524 2338 5596 jiciunt.
2391 5523 2479 5580 0b
2507 5539 2696 5596 quam
2725 5538 2975 5580 causam
3020 5521 3305 5579 inauditis
3335 5522 3573 5580 saavitiie
3616 5520 3778 5577 furo-

413 5667 441 5695 ι
462 5655 888 5717 Miraculorum
910 5662 1215 5714 auctiores.
1247 5655 1485 5712 Scaorr.
1520 5655 1662 5718 Quas
1686 5649 1852 5708 vocis
1875 5647 2275 5723 interpretatio
2294 5651 2491 5718 potest
2521 5647 2663 5705 addi
2690 5646 2990 5705 Glossario
3016 5645 3237 5716 Cangii.
