4110 6190
461 171 558 223 751
1664 159 1720 214 8.
1763 155 2045 212 EULOGll
2083 153 2399 210 ARCHIEP.
2439 155 2680 214 TOLET.
3831 160 3950 214 752

463 290 633 346 ribus
674 287 775 344 illa
805 282 1088 340 frendens
1137 279 1313 335 turba
1356 279 1682 348 gentillium
1724 283 1970 336 cunctos
1996 278 2126 335 ani-
2159 281 2205 334 A
2238 277 2500 346 fortium,
2527 279 2631 352 qui
2651 281 2780 350 jam
2813 294 3017 334 coram
3043 293 3182 348 rege
3213 293 3324 334 suo
3354 277 3518 333 haud
3557 278 3750 335 dubie
3824 297 3945 337 ex-

467 373 895 435 madversione
928 367 1110 440 gladii
1141 367 1446 441 praemittit
1491 367 1571 424 ad
1613 367 1852 434 caelum,
1882 367 2130 440 presby-
2238 365 2450 422 tollunt
2480 367 2736 424 victoriae
2772 383 2895 424 suae
2947 367 3255 422 vexillum.
3304 369 3419 422 Nec
3449 368 3712 423 contenti
3775 375 3945 426 sunt

467 474 644 531 teros,
678 463 908 531 levitas,
941 457 1339 521 confessores,
1383 457 1762 530 virginesque
1791 457 1998 514 beatas
2026 461 2080 528 (8

2316 455 2570 528 ripturas
2603 473 2753 512 sano
2785 473 2968 512 sensu
2998 455 3344 525 intelligere,
3377 455 3484 512 sed
3513 472 3618 512 eas
3644 473 3767 530 pro
3810 475 3939 514 suo

468 558 536 611 Et
561 563 959 626 quoscunque
989 545 1285 603 confessio
1315 544 1448 601 talis
1475 545 1741 614 haberet,
1785 551 1848 602 ut
1889 545 2127 619 publice
2233 544 2404 600 libitu
2462 551 2848 618 exponentes,
2903 545 3050 601 dum
3099 545 3159 600 in
3211 543 3524 616 superﬁcie
3565 543 3938 604 litterarum

465 657 678 699 eorum
749 635 1192 694 subsannando
1257 635 1637 707 prophetam,
1708 634 1936 691 cultum
1997 634 2126 705 ejus
2234 632 2408 705 quasi
2434 633 2863 690 concordantia
2895 650 3018 689 suae
3048 632 3304 689 vesania:
3355 633 3686 705 repererint
3748 635 3936 690 testi-

467 730 831 792 desiderent,
862 741 1004 782 mox
1039 723 1364 796 amputatis
1394 723 1725 779 cervicibus
1754 727 2014 779 ruerent.
2043 725 2126 778 Ac
2233 721 2457 788 monia,
2481 737 2604 778 non
2630 723 2813 778 modo
2847 721 3182 780 Christiano
3229 737 3397 777 more
3441 721 3808 794 simpliciter
3837 723 3932 779 eis

468 838 543 876 ne
575 818 688 874 sibi
717 814 1031 889 quidpiam
1062 812 1260 867 inesse
1296 811 1686 867 humanitatis
1724 811 2123 878 ostenderent,
2232 813 2499 877 utuntur,
2529 811 2617 867 vel
2647 811 2725 867 ab
2758 810 3178 867 eruditioribus
3209 810 3485 866 virtutem
3536 827 3766 867 sensus
3825 828 3932 869 ea-

467 905 793 965 nonnullos
820 919 976 976 quos
1010 900 1208 972 gladio
1258 900 1491 955 vindice
1541 900 1720 972 hujus
1768 900 1900 956 vitae
1941 899 2124 956 limen
2231 913 2365 954 rum
2397 898 2746 972 explorant;
2803 900 2907 956 sed
2937 898 3110 972 quasi
3161 898 3447 955 inauditae
3476 899 3560 956 rei
3591 901 3830 972 nuntii,
3869 906 3930 958 et

468 998 582 1054 sub
616 991 957 1052 testimonio
1005 989 1266 1046 veritatis
1311 989 1596 1046 excedere
1639 993 1977 1060 coegerant,
2002 1005 2123 1062 prae
2231 987 2484 1059 alicujus
2514 987 2793 1044 novitatis
2820 989 3004 1055 scioli,
3037 1003 3144 1062 per
3201 987 3424 1048 forum,
3474 1004 3582 1061 per
3639 989 3922 1062 plateas,

467 1088 696 1145 foribus
750 1082 955 1158 palatii
1008 1081 1356 1136 inhumatos
1396 1079 1824 1152 relinquentes,
1869 1078 2123 1135 canibus
2229 1091 2337 1149 per
2358 1075 2590 1147 vulgus,
2619 1093 2727 1150 per
2756 1075 3058 1133 nundinas
3082 1076 3383 1133 obdurata
3407 1075 3600 1133 fronte
3644 1079 3918 1136 easdem

460 1181 768 1251 jusserunt
819 1172 1058 1247 exponi,
1102 1170 1383 1226 adhibitis
1441 1169 1622 1225 simul
1679 1168 1987 1239 custodiis,
2046 1184 2122 1224 ne
2230 1164 2290 1221 in
2335 1165 2679 1222 summitate
2720 1166 3066 1238 linguarum
3100 1165 3458 1239 promendo,
3500 1169 3918 1237 recensendo,

466 1269 603 1342 quis
651 1264 1084 1322 catholicorum
1145 1260 1359 1316 intuitu
1418 1258 1652 1332 pietatis
1705 1259 1783 1328 (9)
1839 1257 2122 1314 carnibus
2230 1259 2410 1326 atque
2440 1255 2742 1312 cantando
2793 1256 3022 1311 vehunt
3069 1255 3410 1311 sententias.
3447 1258 3514 1310 Et
3551 1261 3617 1311 ut
3660 1257 3916 1314 facilius

467 1357 647 1413 etiam
679 1353 938 1427 spoliata
962 1350 1262 1407 cadavera
1307 1347 1596 1420 sepeliret.
1626 1346 1811 1413 Quasi
1841 1346 2124 1402 sentirent
2230 1349 2637 1414 agnoscantur
2665 1344 2838 1416 cujus
2865 1344 3052 1417 partis
3101 1344 3216 1398 sint
3265 1344 3634 1412 defensores,
3660 1362 3777 1418 per
3807 1347 3918 1403 de-

465 1443 866 1519 persecutoris
901 1439 1284 1514 supplicium,
1317 1453 1577 1510 quorum
1604 1436 1820 1492 animae
1857 1434 2121 1509 paradisi
2228 1431 2358 1488 vios
2386 1432 2782 1503 intelligentiae
2815 1449 2939 1488 suae
2983 1432 3162 1488 calles
3215 1433 3521 1490 veritatem
3577 1435 3911 1508 Scriptura;

463 1533 667 1608 requie
714 1530 1102 1588 fruebantur:
1158 1530 1262 1583 aut
1317 1525 1553 1582 obesset
1603 1524 1924 1580 animabus
1970 1523 2120 1580 caelo
2229 1523 2827 1594 torquentes,lineam
2848 1539 3009 1578 sanie
3027 1521 3311 1578 doctrinae
3330 1523 3909 1596 proprioelectionis

462 1621 852 1694 regnantibus
882 1616 1305 1690 temporalium
1359 1630 1538 1686 poena
1589 1618 2020 1670 tormentorum
2058 1612 2121 1668 il-
2161 1637 2200 1692 Β
2224 1611 2450 1683 judicio
2471 1612 2913 1685 derelinquunt.
2937 1615 3005 1669 Ut
3032 1611 3403 1686 quandoque
3432 1612 3546 1668 illis
3577 1613 3658 1670 ad
3685 1615 3900 1672 interi-

461 1713 584 1768 lata
610 1708 966 1782 corporibus
987 1724 1000 1762 :
1024 1705 1118 1763 vel
1149 1705 1223 1761 de
1255 1703 1582 1758 inhumatis
1616 1718 1824 1758 curare
1845 1705 2121 1774 poterant
2228 1704 2358 1757 tum
2383 1701 2725 1758 animarum
2764 1718 3014 1758 suarum
3044 1701 3375 1775 proveniat,
3404 1702 3569 1774 quod
3599 1719 3723 1761 non
3763 1706 3896 1762 sine

462 1801 750 1858 membris
797 1797 859 1854 hi
899 1796 1003 1870 qui
1054 1810 1191 1850 vere
1244 1791 1514 1848 sciebant
1554 1790 1740 1863 quod,
1775 1791 1928 1847 sicut
1972 1790 2120 1846 nihil
2229 1790 2584 1861 gravissima
2617 1791 3028 1862 indignatione
3069 1791 3364 1864 propheta
3415 1790 3601 1860 infert,
3632 1792 3837 1848 dicens
3863 1813 3882 1850 :

462 1889 842 1947 commodius
887 1887 1036 1942 foret
1076 1883 1274 1958 impiis
1341 1880 1665 1954 sepultura,
1710 1881 1898 1937 auctis
1957 1896 2119 1936 reve-
2238 1881 2333 1936 Vw
2357 1881 2462 1951 qui
2488 1880 2685 1936 dicitis
2716 1882 2943 1937 malum
2975 1881 3212 1949 bonum,
3244 1885 3300 1936 et
3363 1881 3568 1936 bonum
3596 1883 3821 1938 malum
3855 1900 3870 1938 :

460 1979 663 2035 rentia:
711 1975 922 2033 studiis
971 1972 1313 2030 solemniter
1354 1973 1711 2042 praeparata,
1739 1969 1821 2026 ita
1849 1969 2039 2025 beatis
2065 1973 2122 2025 et
2220 1975 2509 2039 ponentes
2541 1971 2814 2026 tenebras
2865 1972 3078 2039 lucem,
3108 1976 3162 2027 et
3207 1971 3399 2026 lucem
3431 1971 3691 2026 tenebras
3713 1987 3734 2027 :
3767 1988 3878 2041 po-

459 2067 681 2125 sanctis
712 2080 1100 2138 nequaquam
1134 2059 1370 2117 ofﬁcere
1399 2063 1600 2131 posset
1630 2058 1832 2123 vilem,
1860 2062 1965 2114 aut
1989 2057 2120 2114 nul-
2226 2063 2430 2114 nentes
2471 2073 2746 2115 amarum
2805 2059 2998 2125 dulce,
3031 2065 3084 2114 et
3133 2059 3310 2115 dulce
3358 2074 3634 2115 amarum
3654 2060 3795 2130 (Isa.
3823 2077 3886 2129 v,

457 2158 582 2215 lam
611 2155 984 2229 sepulturam
1014 2149 1291 2224 adipisci.
1326 2148 1508 2204 Licuit
1534 2147 1711 2204 etiam
1733 2147 1807 2204 de
1837 2148 1952 2204 hoc
1982 2164 2121 2222 poe—
2227 2149 2317 2212 20)
2344 2165 2356 2202 :
2390 2146 2450 2202 id
2478 2151 2566 2203 est
2589 2147 2915 2203 claritatem
2943 2161 3125 2204 sacra:
3145 2147 3292 2218 legis
3312 2163 3508 2220 pravo
3533 2164 3735 2206 errore
3763 2165 3895 2206 nes-

460 2246 533 2301 tis
560 2243 955 2318 plausibiliter
982 2242 1223 2298 ludere:
2228 2234 2458 2291 cientiaa
2517 2235 2974 2309 interpolantes,
3039 2236 3289 2309 ejusque
3346 2237 3704 2294 suavitatem
3769 2254 3891 2296 non

605 2377 620 2392 .
663 2377 676 2390 .
720 2376 734 2392 .
777 2333 936 2389 Caelo
968 2334 1206 2401 tegitur,
1235 2331 1333 2402 qui
1364 2347 1476 2384 non
1510 2329 1683 2383 liabet
1710 2337 1973 2384 urnam“.
2229 2329 2383 2381 recte
2438 2325 2836 2398 conjiciendo,
2866 2325 2928 2381 in
2971 2325 3120 2382 fellis
3151 2326 3615 2383 amaritudinem
3650 2344 3892 2386 conver-

532 2426 618 2478 18.
655 2424 804 2480 Sunt
845 2425 1049 2478 autem
1078 2419 1346 2492 plerique
1371 2416 1661 2484 ﬁdelium,
1693 2420 1750 2473 et
1798 2417 1936 2487 (heu
1965 2415 2118 2488 proh
2228 2419 2438 2471 tentes.
2460 2415 2632 2476 Quod
2661 2415 2894 2472 bonum
2923 2419 2979 2472 et
2999 2417 3166 2488 pium
3188 2421 3294 2486 est,
3325 2416 3627 2474 malivolis
3655 2421 3887 2492 conjec-

458 2511 632 2567 dolor
656 2511 694 2582 ι)
726 2511 906 2566 etiam
933 2508 1336 2573 sacerdotum,
1370 2511 1589 2562 temere
1626 2505 1845 2560 horum
1885 2503 2118 2560 confes-
2227 2504 2373 2560 turis
2400 2503 2689 2570 inﬁciunt,
2719 2509 2989 2578 expertes
3012 2521 3122 2561 nos
3147 2505 3505 2562 arbitrantes
3534 2508 3613 2564 ab
3643 2508 3880 2567 illorum

464 2614 674 2653 sorum
705 2597 961 2666 gloriam
987 2595 1251 2652 adimere
1283 2609 1405 2649 non
1448 2597 1740 2662 verentes,
1773 2591 1878 2664 qui
1903 2591 2120 2662 jubent
2225 2593 2612 2663 intelligentia
2669 2595 3168 2658 testimoniorum,
3217 2595 3438 2668 quibus
3475 2597 3890 2656 victoriosissi-

457 2703 563 2743 eos
587 2701 710 2742 non
737 2685 920 2758 recipi
949 2685 1010 2740 in
1062 2683 1335 2752 catalogo
1367 2688 1734 2748 sanctorum,
1765 2680 2115 2736 inusitatum
2225 2698 2390 2738 mam
2421 2687 2743 2740 extenuare
2762 2684 3152 2741 intentionem
3176 2690 3524 2742 sanctorum
3547 2693 3888 2761 martyrum

457 2775 873 2846 scilicetatque
889 2773 1211 2846 profanum
1233 2776 1562 2826 asserentes
1588 2769 1936 2841 hujusmodi
1961 2785 2118 2826 mar-
2225 2771 2611 2840 arbitrantur,
2643 2772 2732 2829 vel
2781 2778 3053 2829 nostram
3083 2773 3158 2828 de
3211 2774 3294 2830 eis
3339 2776 3696 2832 sententiam
3729 2783 3887 2850 (quae

457 2863 700 2938 tyrium.
754 2862 985 2935 Quippe
1029 2876 1183 2933 quos
1239 2858 1406 2915 nulla
1464 2857 1739 2914 violentia
1784 2857 2112 2931 praesidalis
2224 2875 2462 2932 semper
2499 2860 2559 2916 in
2590 2860 2770 2918 laude
2799 2862 3067 2935 ipsorum
3100 2862 3439 2936 exsultavit)
3472 2880 3759 2922 enervare
3791 2884 3886 2924 co—

457 2953 644 3010 ﬁdem
685 2968 861 3008 suam
903 2965 1127 3020 negare
1159 2947 1467 3044 compulit,
1500 2963 1608 3003 nec
1636 2963 1671 3044 a
1701 2946 1862 3003 cultu
1885 2952 2111 3044 sanctae
2141 2991 2182 3044 Ο
2221 2954 2442 3044 nan-tur
2469 2949 2605 3020 (10).
2628 2951 2858 3024 Quippe
2888 2951 2992 3024 qui
3017 2952 3142 3023 jam
3168 2968 3278 3008 nos
3304 2953 3770 3010 evidentioribus
3795 2955 3884 3012 in-

454 3043 689 3116 piaaque
719 3039 1021 3111 religionis
1046 3039 1298 3106 amovit;
1321 3037 1427 3094 sed
1456 3036 1699 3110 propria
1727 3053 1789 3094 se
1804 3035 2110 3093 voluntate
2147 3035 2178 3044 ν
2219 3037 2386 3094 diciis
2414 3054 2622 3095 eorum
2640 3041 3021 3114 passionibus
3063 3041 3502 3098 communicare
3537 3042 3878 3115 credamus,

451 3131 782 3188 discrimini
811 3130 1126 3186 olferentes
1173 3127 1252 3184 ob
1293 3126 1640 3200 superbiam
1688 3142 1863 3182 suam
1891 3127 1995 3194 (ita
2024 3126 2109 3182 di-
2220 3126 2367 3183 dum
2381 3143 2564 3184 causa
2585 3128 2971 3201 professionis
2989 3135 3285 3201 eorum,et
3302 3134 3635 3197 carceres,et
3656 3130 3864 3186 vincu-

453 3222 618 3292 cunt)
647 3237 782 3294 quae
811 3219 1045 3275 initium
1070 3222 1159 3274 est
1181 3217 1378 3273 omnis
1406 3215 1632 3290 peccati
1667 3216 1873 3287 (Eccli.
1906 3233 1966 3286 x,
2000 3216 2109 3287 15),
2219 3215 2295 3283 la,
2324 3215 2573 3290 insuper
2598 3221 2656 3274 et
2682 3219 2910 3274 damna
2938 3235 3136 3274 rerum
3163 3218 3449 3292 perpessi,
3477 3217 3555 3274 ad
3582 3217 3863 3276 ultimum

451 3311 810 3382 interempti,
856 3325 1103 3366 suarum
1143 3306 1453 3380 parricida:
1499 3305 1689 3362 effecti
1720 3311 1856 3362 sunt
1883 3305 2112 3362 anima-
2219 3305 2410 3376 gratia
2431 3307 3087 3364 intercessioniseorum
3102 3308 3872 3382 propitioDeoevaserimus

451 3417 608 3457 rum.
663 3398 980 3471 Praeceptis
1028 3396 1206 3453 etiam
1239 3395 1594 3466 evangelieis
1624 3411 1727 3450 eos
1767 3395 2110 3464 arguendos
2289 3398 2378 3450 20.
2403 3395 2521 3468 Ipsi
2537 3396 2796 3468 denique
2823 3397 3030 3465 sancti,
3054 3397 3332 3470 quihanc
3358 3397 3623 3471 corporis
3638 3397 3874 3454 cladem

451 3506 581 3546 esse
629 3488 900 3553 credunt,
941 3485 1162 3560 quibus
1222 3484 1466 3540 dicitur:
1524 3484 1766 3553 Diligite
1817 3485 2108 3552 inimicos,
2219 3483 2448 3539 cmlitus
2481 3485 2824 3557 compuncti
2853 3491 3096 3560 propter
3131 3487 3392 3542 veritatis
3441 3486 3873 3559 professionem

451 3585 694 3649 vestros,
730 3577 1058 3646 benefacite
1106 3574 1196 3630 his
1227 3575 1333 3645 qui
1376 3574 1630 3628 oderunt
1680 3588 1780 3628 vos
1805 3588 1828 3628 .'
1858 3579 1911 3629 et
1944 3579 2111 3629 orate
2218 3571 2447 3641 agressi
2479 3576 2637 3639 sunt,
2686 3573 2747 3628 in
2803 3573 2968 3630 nullo
3033 3591 3070 3630 a
3120 3575 3547 3647 praedictorum
3600 3575 3875 3632 custodia

441 3683 559 3738 pro
609 3665 1121 3738 persequentibus,
1153 3669 1208 3720 et
1249 3661 1762 3718 calumniantibus
1793 3662 1997 3718 vobis:
2043 3667 2109 3716 ul
2217 3659 2646 3717 mandatorum
2677 3679 2738 3718 se
2783 3667 3074 3720 avertunt.
3107 3663 3256 3729 Quia
3285 3669 3341 3720 et
3397 3669 3641 3737 propter
3688 3665 3871 3722 Deum

447 3758 573 3813 silis
603 3756 718 3826 ﬁlii
739 3755 946 3811 Patris
996 3755 1198 3821 vestri,
1239 3752 1345 3824 qui
1371 3751 1433 3806 in
1465 3751 1626 3806 ctelis
1665 3755 1747 3806 cst
1779 3751 2013 3822 (Matth.
2050 3768 2104 3817 v,
2218 3749 2490 3805 inimicos
2521 3750 2855 3822 diligentes,
2887 3753 2960 3808 de
2989 3753 3180 3809 salute
3210 3770 3421 3809 eorum
3457 3754 3633 3810 valde
3664 3753 3872 3811 sollici-

444 3848 534 3913 44,
561 3846 672 3916 45).
695 3847 759 3900 Et
785 3844 1032 3900 iterum:
1064 3841 1370 3898 Neminem
1402 3839 1776 3900 concutiatis,
1809 3853 2000 3909 neque
2015 3854 2112 3914 ca-
2219 3837 2258 3894 ti
2286 3853 2362 3894 ne
2415 3838 2638 3895 diutius
2695 3839 3040 3913 labyrintho
3089 3841 3407 3914 impietatis
3449 3842 3869 3914 detinerentur,

447 3936 738 3991 lumniam
783 3933 1027 4004 faciatis
1049 3935 1216 4001 (Luc.
1251 3930 1465 4003 ιιι,14).
1527 3931 1630 3984 Et:
1664 3929 1954 3985 Dominus
1985 3931 2111 4002 qui.
2217 3942 2466 3998 arguere
2535 3945 2658 3984 non
2719 3929 3088 3998 destiterunt,
3164 3935 3221 3987 et
3281 3931 3726 3988 benefacientes
3783 3932 3871 3988 his

445 4024 576 4081 dem
599 4039 731 4080 cum
756 4023 1359 4088 maledicereturmon
1381 4018 1971 4089 maledicebat;cum
1995 4035 2106 4088 pa-
2215 4017 2320 4090 qui
2350 4017 2602 4074 oderant
2640 4019 2956 4088 Christum,
3001 4018 3217 4075 melius
3255 4019 3358 4076 visi
3406 4026 3548 4076 sunt
3575 4036 3686 4093 per
3727 4022 3866 4078 etiu-

444 4118 692 4176 teretur,
722 4126 842 4166 non
866 4109 1373 4166 comminabatur:
1399 4107 1673 4164 tradebat
1697 4113 1899 4163 autem
1928 4123 1988 4162 se
2017 4110 2109 4176 iu-
2215 4107 2444 4163 sionem
2467 4108 2776 4178 sanguinis
2790 4109 3133 4166 vecordiam
3150 4125 3382 4174 eorum,
3397 4127 3584 4184 quam
3600 4127 3712 4183 per
3734 4112 3870 4169 doc-

443 4201 566 4256 dici
589 4201 810 4269 injuste
832 4199 1143 4269 judicanti
1195 4198 1254 4268 (I
1279 4198 1447 4252 Petr.
1471 4212 1530 4263 ιι,
1562 4196 1672 4266 23).
1721 4195 1870 4251 Illud
1899 4200 2106 4268 praete-
2213 4195 2380 4252 trinae
2415 4197 2594 4254 verba
2623 4198 2949 4254 instruere:
2981 4203 3047 4255 ut
3077 4199 3280 4257 relicta
3300 4201 3560 4257 vanitate
3592 4203 3871 4275 supersti-

439 4305 542 4345 rea
559 4287 848 4360 objiciunt
867 4287 941 4344 de
959 4285 1272 4361 Apostolo:
1302 4286 1504 4356 Neque
1520 4284 1826 4340 maledicti
1850 4299 2100 4354 regnum
2132 4350 2170 4362 ﬁ
2212 4284 2405 4353 tionis,
2440 4301 2562 4341 non
2592 4285 2787 4342 solum
2819 4287 3117 4344 Christum
3157 4289 3418 4362 credere,
3455 4306 3656 4346 verum
3687 4292 3865 4350 etiam

440 4380 550 4436 Dei
575 4350 961 4450 possidebunt
995 4350 1048 4448 (ἲ
1071 4375 1205 4431 Cor.
1237 4390 1315 4443 v1,
1346 4350 1453 4440 t0“).
1916 4350 1936 4354 ν
2132 4350 2174 4404 D
2209 4350 2399 4445 usque
2429 4373 2507 4428 ad
2537 4377 2790 4430 mortem
2818 4380 3061 4448 propter
3083 4375 3254 4432 illum
3287 4350 3588 4434 decertare
3618 4382 3863 4434 conten-

513 4472 596 4525 19.
631 4469 766 4523 Haec
809 4471 866 4524 et
903 4466 995 4522 his
1026 4463 1240 4520 similia
1267 4477 1370 4518 ore
1420 4460 1698 4534 pestifero
1743 4464 1950 4516 contra
1994 4461 2096 4517 Dei
2204 4459 2768 4518 derent.Sinedubio
2785 4463 3662 4536 precibusetobsecrationibus
3681 4466 3859 4523 etiam

433 4561 647 4618 milites
676 4558 1060 4634 proferentes,
1111 4553 1438 4610 multorum
1489 4549 1673 4607 corda
1711 4554 2090 4624 pervertunt:
2201 4549 2366 4621 apud
2419 4550 2739 4606 Dominum
2771 4553 3112 4610 animarum
3159 4553 3550 4628 impetrantes
3605 4555 3857 4612 salutem

431 4653 576 4724 quia
595 4651 776 4708 verba
805 4647 1219 4706 haereticorum
1247 4647 1308 4699 ut
1325 4657 1537 4698 cancer
1560 4643 1805 4712 serpunt
1826 4639 1912 4710 (II
1941 4641 2089 4696 Tim.
2199 4637 2458 4706 illorum,
2489 4640 2594 4712 qui
2619 4655 2778 4712 srepc
2801 4646 2859 4698 et
2881 4641 3248 4699 incessanter
3271 4643 3541 4701 Ecclesiae
3581 4642 3852 4700 membra

432 4757 494 4809 ιι,
531 4743 617 4812 17)
662 4741 722 4796 in
748 4743 978 4796 mentes
1004 4733 1360 4801 humilium;
1393 4736 1447 4789 et
1499 4728 1739 4787 modico
1797 4729 2089 4786 fermento
2197 4725 2657 4784 calumniantur.
2693 4733 3064 4804 Quapropter
3095 4731 3372 4805 exemplo
3416 4733 3542 4789 veri
3587 4731 3855 4802 magistri

431 4830 669 4884 sceleris
701 4828 933 4884 facilius
980 4827 1192 4897 ingens
1223 4838 1425 4879 massa
1465 4820 1641 4894 panis
1688 4818 2090 4893 corrumpitur
2194 4817 2451 4888 educati,
2487 4835 2627 4875 cum
2665 4819 2744 4876 ad
2773 4821 3121 4892 passionem
3150 4822 3542 4891 traherentur,
3571 4822 3855 4880 maledic-

427 4917 487 4985 (I
515 4917 651 4971 Cor.
683 4933 738 4981 v,
772 4917 847 4986 6),
880 4915 1276 4986 exturbatque
1309 4927 1750 4985 quampropere
1790 4910 1944 4966 ﬁlios
1983 4908 2085 4965 Dei
2193 4907 2232 4963 ti
2262 4923 2384 4964 non
2438 4908 2962 4977 remaledicebant,
3012 4910 3313 4981 flagellatii
3345 4928 3467 4969 non
3515 4928 3856 4969 murmura-

425 5002 658 5058 lethalis
689 5003 939 5057 assertio
969 5001 1182 5057 zabuli.
1228 5004 1306 5056 De
1335 5001 1556 5073 quibus
1587 5001 1800 5055 beatus
1830 5002 2082 5070 Aposto-
2188 4997 2355 5064 bant,
2374 4998 2721 5054 comminati
2737 4998 3034 5057 silentium
3057 5001 3482 5058 observabant:
3503 5003 3620 5059 hoc
3633 5002 3856 5061 solum-

424 5091 519 5146 lus
545 5089 716 5145 dicit:
753 5091 1005 5157 Quidam
1050 5089 1208 5145 enim
1241 5091 1612 5154 aberrantes,
1641 5087 1914 5142 conversi
1940 5091 2081 5140 sunt
2189 5087 2373 5142 modo
2422 5088 2880 5159 exprobrantes,
2911 5089 3078 5162 quod
3109 5092 3228 5146 Deo
3260 5091 3601 5148 convicium
3656 5091 3850 5164 infert,

424 5182 488 5236 in
517 5179 952 5250 vaniloquium,
992 5177 1252 5233 volentes
1282 5192 1402 5232 esse
1432 5176 1577 5244 legis
1609 5175 1914 5238 doctores;
1948 5188 2076 5229 nes-
2187 5178 2244 5231 et
2287 5174 2453 5246 quod
2486 5177 2858 5248 majestatem
2883 5179 3257 5236 tremendam
3283 5181 3634 5254 impugnat:
3672 5184 3852 5240 sacri-

423 5271 637 5326 cientes
666 5282 797 5340 qua:
823 5268 1172 5337 loquuntur,
1207 5280 1394 5335 neque
1424 5265 1496 5319 de
1519 5261 1734 5333 quibus
1759 5261 2074 5330 afﬁrmant
2184 5263 2386 5334 legum
2409 5263 2630 5322 scilicet
2653 5265 2810 5323 illius
2832 5267 3146 5324 vanissimi
3166 5285 3237 5325 ac
3259 5269 3474 5342 perditi
3493 5270 3851 5329 homunculi

418 5358 479 5429 (Ι
506 5359 651 5412 Tim.
698 5373 734 5424 ι,
783 5359 835 5424 6,
868 5355 943 5414 7).
983 5357 1048 5408 Et
1091 5353 1340 5407 iterum:
1399 5353 1745 5406 Docuerunt
1805 5351 2072 5421 linguam
2181 5353 2795 5428 prophetismum,qui
2824 5372 2947 5413 non
2975 5358 3192 5415 veritus
3221 5363 3312 5415 est
3333 5359 3564 5434 spiritiu
3594 5361 3851 5418 diaboli-

415 5462 584 5502 suam
617 5447 780 5517 loqui
825 5443 1236 5499 mendacium:
1269 5447 1331 5496 ut
1362 5441 1565 5510 inique
1593 5445 1860 5510 agerent,
1907 5440 2072 5496 labo-
2180 5459 2251 5498 co
2285 5449 2661 5515 perarmatus
2687 5461 2748 5500 se
2777 5444 2910 5502 loco
2926 5452 3359 5521 prophetarum
3380 5449 3848 5522 inserere,sanc-

414 5535 1086 5608 raverunt(.ler.1.\,5i):
1123 5548 1242 5587 non
1265 5535 1530 5586 verentes
1551 5529 1840 5598 derogare
1869 5531 2068 5600 gloriae
2181 5532 2371 5602 tisque
2429 5533 2924 5604 prmdicatoribus
2977 5543 3040 5592 ut
3091 5537 3341 5594 deiticus
3399 5540 3842 5609 evangelizator

485 5672 508 5697 λ
527 5664 777 5720 Carmen
809 5660 923 5718 hoc
953 5659 1092 5716 citat
1125 5655 1382 5714 Isidorus
1411 5653 1537 5710 sine
1567 5653 1828 5711 auctoris
1854 5653 2122 5724 nomine,
2149 5669 2289 5710 cum
2313 5653 2387 5710 sit
2407 5655 2646 5724 Lucani,
2670 5655 2774 5712 lib.
2803 5674 2898 5713 vn.
2929 5661 3173 5716 Scuorr.
