  <div class='ocr_page' id='page_1' title='image "/cluster/home/n/w/nwhite01/storage/ocr_20150623/115/hvd.32044054759790/383.png"; bbox 0 0 4140 6188; ppageno 0'>
   <div class='ocr_carea' id='block_1_1' title="bbox 464 210 568 260">
    <p class='ocr_par' dir='ltr' id='par_1_1' title="bbox 464 210 568 260">
     <span class='ocr_line' id='line_1_1' title="bbox 464 210 568 260; baseline 0 -1"><span class='ocrx_word' id='word_1_1' title='bbox 464 210 568 260; x_wconf 78' lang='lat'><strong>755</strong></span> 
     </span>
    </p>
   </div>
   <div class='ocr_carea' id='block_1_2' title="bbox 462 320 2111 394">
    <p class='ocr_par' dir='ltr' id='par_1_2' title="bbox 462 320 2111 394">
     <span class='ocr_line' id='line_1_2' title="bbox 462 320 2111 394; baseline -0.002 -15"><span class='ocrx_word' id='word_1_2' title='bbox 462 322 744 380; x_wconf 87' lang='lat' dir='ltr'><strong>ﬁdelibus</strong></span> <span class='ocrx_word' id='word_1_3' title='bbox 774 325 917 381; x_wconf 88' lang='lat' dir='ltr'><strong>dare</strong></span> <span class='ocrx_word' id='word_1_4' title='bbox 947 322 1318 394; x_wconf 83' lang='lat' dir='ltr'><strong>compulerit,</strong></span> <span class='ocrx_word' id='word_1_5' title='bbox 1355 327 1413 380; x_wconf 93' lang='lat' dir='ltr'><strong>et</strong></span> <span class='ocrx_word' id='word_1_6' title='bbox 1439 323 1759 379; x_wconf 72' lang='lat' dir='ltr'><strong>imminens</strong></span> <span class='ocrx_word' id='word_1_7' title='bbox 1806 322 1956 376; x_wconf 87' lang='lat' dir='ltr'><strong>hora</strong></span> <span class='ocrx_word' id='word_1_8' title='bbox 2009 320 2111 387; x_wconf 81' lang='lat' dir='ltr'><strong>oh-</strong></span> 
     </span>
    </p>
   </div>
   <div class='ocr_carea' id='block_1_3' title="bbox 372 412 2113 486">
    <p class='ocr_par' dir='ltr' id='par_1_3' title="bbox 372 412 2113 486">
     <span class='ocr_line' id='line_1_3' title="bbox 372 412 2113 486; baseline -0.004 -15"><span class='ocrx_word' id='word_1_9' title='bbox 372 418 377 423; x_wconf 75' lang='grc'><em>’</em></span> <span class='ocrx_word' id='word_1_10' title='bbox 469 413 816 471; x_wconf 74' lang='lat' dir='ltr'><strong>sacrationis</strong></span> <span class='ocrx_word' id='word_1_11' title='bbox 872 412 1160 468; x_wconf 87' lang='lat' dir='ltr'><strong>indicium</strong></span> <span class='ocrx_word' id='word_1_12' title='bbox 1210 414 1448 486; x_wconf 85' lang='lat' dir='ltr'><strong>populis</strong></span> <span class='ocrx_word' id='word_1_13' title='bbox 1516 414 1707 470; x_wconf 84' lang='lat' dir='ltr'><strong>facere</strong></span> <span class='ocrx_word' id='word_1_14' title='bbox 1758 416 2113 468; x_wconf 83' lang='lat' dir='ltr'><strong>consuetum</strong></span> 
     </span>
    </p>
   </div>
   <div class='ocr_carea' id='block_1_4' title="bbox 470 499 2116 578">
    <p class='ocr_par' dir='ltr' id='par_1_4' title="bbox 470 499 2116 578">
     <span class='ocr_line' id='line_1_4' title="bbox 470 499 2116 578; baseline -0.004 -18"><span class='ocrx_word' id='word_1_15' title='bbox 470 500 828 578; x_wconf 82' lang='lat' dir='ltr'><strong>poposcerit,</strong></span> <span class='ocrx_word' id='word_1_16' title='bbox 860 517 1002 557; x_wconf 88' lang='lat' dir='ltr'><strong>mox</strong></span> <span class='ocrx_word' id='word_1_17' title='bbox 1034 504 1099 558; x_wconf 92' lang='lat' dir='ltr'><strong>ut</strong></span> <span class='ocrx_word' id='word_1_18' title='bbox 1124 501 1387 559; x_wconf 82' lang='lat' dir='ltr'><strong>illectum</strong></span> <span class='ocrx_word' id='word_1_19' title='bbox 1412 502 1825 575; x_wconf 75' lang='lat' dir='ltr'><strong>superstitione</strong></span> <span class='ocrx_word' id='word_1_20' title='bbox 1842 499 2116 556; x_wconf 84' lang='lat' dir='ltr'><strong>mendaci</strong></span> 
     </span>
    </p>
   </div>
   <div class='ocr_carea' id='block_1_5' title="bbox 476 589 2120 665">
    <p class='ocr_par' dir='ltr' id='par_1_5' title="bbox 476 589 2120 665">
     <span class='ocr_line' id='line_1_5' title="bbox 476 589 2120 665; baseline -0.004 -16"><span class='ocrx_word' id='word_1_21' title='bbox 476 590 690 665; x_wconf 81' lang='lat' dir='ltr'><strong>vulgus</strong></span> <span class='ocrx_word' id='word_1_22' title='bbox 713 589 1056 660; x_wconf 81' lang='lat' dir='ltr'><strong>clangorem</strong></span> <span class='ocrx_word' id='word_1_23' title='bbox 1086 590 1386 648; x_wconf 86' lang='lat' dir='ltr'><strong>tinnientis</strong></span> <span class='ocrx_word' id='word_1_24' title='bbox 1426 592 1648 649; x_wconf 90' lang='lat' dir='ltr'><strong>metalli</strong></span> <span class='ocrx_word' id='word_1_25' title='bbox 1682 607 1823 649; x_wconf 86' lang='lat' dir='ltr'><strong>aure</strong></span> <span class='ocrx_word' id='word_1_26' title='bbox 1851 595 2120 665; x_wconf 88' lang='lat' dir='ltr'><strong>captave-</strong></span> 
     </span>
    </p>
   </div>
   <div class='ocr_carea' id='block_1_6' title="bbox 475 677 2120 754">
    <p class='ocr_par' dir='ltr' id='par_1_6' title="bbox 475 677 2120 754">
     <span class='ocr_line' id='line_1_6' title="bbox 475 677 2120 754; baseline -0.004 -13"><span class='ocrx_word' id='word_1_27' title='bbox 475 680 567 750; x_wconf 88' lang='lat' dir='ltr'><strong>rit,</strong></span> <span class='ocrx_word' id='word_1_28' title='bbox 600 680 661 738; x_wconf 91' lang='lat' dir='ltr'><strong>in</strong></span> <span class='ocrx_word' id='word_1_29' title='bbox 712 694 958 737; x_wconf 87' lang='lat' dir='ltr'><strong>omnem</strong></span> <span class='ocrx_word' id='word_1_30' title='bbox 987 679 1471 737; x_wconf 88' lang='lat' dir='ltr'><strong>maledictionem</strong></span> <span class='ocrx_word' id='word_1_31' title='bbox 1522 686 1575 737; x_wconf 89' lang='lat' dir='ltr'><strong>et</strong></span> <span class='ocrx_word' id='word_1_32' title='bbox 1634 680 1976 754; x_wconf 81' lang='lat' dir='ltr'><strong>spurcitiam</strong></span> <span class='ocrx_word' id='word_1_33' title='bbox 2014 677 2120 735; x_wconf 91' lang='lat' dir='ltr'><strong>lin-</strong></span> 
     </span>
    </p>
   </div>
   <div class='ocr_carea' id='block_1_7' title="bbox 478 768 2122 842">
    <p class='ocr_par' dir='ltr' id='par_1_7' title="bbox 478 768 2122 842">
     <span class='ocr_line' id='line_1_7' title="bbox 478 768 2122 842; baseline -0.004 -14"><span class='ocrx_word' id='word_1_34' title='bbox 478 785 664 842; x_wconf 88' lang='lat' dir='ltr'><strong>guam</strong></span> <span class='ocrx_word' id='word_1_35' title='bbox 686 769 1009 826; x_wconf 79' lang='lat' dir='ltr'><strong>admovere</strong></span> <span class='ocrx_word' id='word_1_36' title='bbox 1055 784 1178 825; x_wconf 90' lang='lat' dir='ltr'><strong>non</strong></span> <span class='ocrx_word' id='word_1_37' title='bbox 1214 768 1428 826; x_wconf 77' lang='lat' dir='ltr'><strong>differt.</strong></span> <span class='ocrx_word' id='word_1_38' title='bbox 1460 772 1612 840; x_wconf 88' lang='lat' dir='ltr'><strong>Ergo</strong></span> <span class='ocrx_word' id='word_1_39' title='bbox 1641 786 1763 826; x_wconf 88' lang='lat' dir='ltr'><strong>non</strong></span> <span class='ocrx_word' id='word_1_40' title='bbox 1794 769 2122 837; x_wconf 82' lang='lat' dir='ltr'><strong>incongrue</strong></span> 
     </span>
    </p>
   </div>
   <div class='ocr_carea' id='block_1_8' title="bbox 479 859 2124 932">
    <p class='ocr_par' dir='ltr' id='par_1_8' title="bbox 479 859 2124 932">
     <span class='ocr_line' id='line_1_8' title="bbox 479 859 2124 932; baseline -0.004 -13"><span class='ocrx_word' id='word_1_41' title='bbox 479 859 1240 932; x_wconf 82' lang='lat' dir='ltr'><strong>maledicuntur,quitanto</strong></span> <span class='ocrx_word' id='word_1_42' title='bbox 1260 860 1400 916; x_wconf 89' lang='lat' dir='ltr'><strong>odio</strong></span> <span class='ocrx_word' id='word_1_43' title='bbox 1441 860 1727 916; x_wconf 85' lang='lat' dir='ltr'><strong>adversus</strong></span> <span class='ocrx_word' id='word_1_44' title='bbox 1769 859 1868 915; x_wconf 81' lang='lat' dir='ltr'><strong>Dei</strong></span> <span class='ocrx_word' id='word_1_45' title='bbox 1905 865 2124 912; x_wconf 86' lang='lat' dir='ltr'><strong>sortem</strong></span> 
     </span>
    </p>
   </div>
   <div class='ocr_carea' id='block_1_9' title="bbox 480 947 2126 1024">
    <p class='ocr_par' dir='ltr' id='par_1_9' title="bbox 480 947 2126 1024">
     <span class='ocr_line' id='line_1_9' title="bbox 480 947 2126 1024; baseline -0.005 -16"><span class='ocrx_word' id='word_1_46' title='bbox 480 949 840 1024; x_wconf 89' lang='lat' dir='ltr'><strong>sequipedas</strong></span> <span class='ocrx_word' id='word_1_47' title='bbox 856 963 999 1005; x_wconf 86' lang='lat' dir='ltr'><strong>suos</strong></span> <span class='ocrx_word' id='word_1_48' title='bbox 1014 947 1357 1005; x_wconf 86' lang='lat' dir='ltr'><strong>informant.</strong></span> <span class='ocrx_word' id='word_1_49' title='bbox 1379 950 1545 1021; x_wconf 75' lang='lat' dir='ltr'><strong>Saepe</strong></span> <span class='ocrx_word' id='word_1_50' title='bbox 1567 949 1643 1004; x_wconf 89' lang='lat' dir='ltr'><strong>ab</strong></span> <span class='ocrx_word' id='word_1_51' title='bbox 1660 949 1742 1004; x_wconf 87' lang='lat' dir='ltr'><strong>eis</strong></span> <span class='ocrx_word' id='word_1_52' title='bbox 1757 953 1811 1004; x_wconf 92' lang='lat' dir='ltr'><strong>et</strong></span> <span class='ocrx_word' id='word_1_53' title='bbox 1826 948 2126 1003; x_wconf 85' lang='lat' dir='ltr'><strong>incessan-</strong></span> 
     </span>
    </p>
   </div>
   <div class='ocr_carea' id='block_1_10' title="bbox 480 1035 2131 1110">
    <p class='ocr_par' dir='ltr' id='par_1_10' title="bbox 480 1035 2131 1110">
     <span class='ocr_line' id='line_1_10' title="bbox 480 1035 2131 1110; baseline -0.005 -14"><span class='ocrx_word' id='word_1_54' title='bbox 480 1044 567 1098; x_wconf 90' lang='lat' dir='ltr'><strong>ter</strong></span> <span class='ocrx_word' id='word_1_55' title='bbox 581 1037 1045 1102; x_wconf 88' lang='lat' dir='ltr'><strong>calumniamur,</strong></span> <span class='ocrx_word' id='word_1_56' title='bbox 1067 1053 1375 1110; x_wconf 86' lang='lat' dir='ltr'><strong>causaque</strong></span> <span class='ocrx_word' id='word_1_57' title='bbox 1391 1037 1690 1107; x_wconf 79' lang='lat' dir='ltr'><strong>religionis</strong></span> <span class='ocrx_word' id='word_1_58' title='bbox 1723 1053 1932 1093; x_wconf 88' lang='lat' dir='ltr'><strong>eorum</strong></span> <span class='ocrx_word' id='word_1_59' title='bbox 1969 1035 2131 1090; x_wconf 58' lang='lat' dir='ltr'><strong>saevi-</strong></span> 
     </span>
    </p>
   </div>
   <div class='ocr_carea' id='block_1_11' title="bbox 481 1125 2136 1200">
    <p class='ocr_par' dir='ltr' id='par_1_11' title="bbox 481 1125 2136 1200">
     <span class='ocr_line' id='line_1_11' title="bbox 481 1125 2136 1200; baseline -0.007 -13"><span class='ocrx_word' id='word_1_60' title='bbox 481 1129 630 1187; x_wconf 84' lang='lat' dir='ltr'><strong>tiam</strong></span> <span class='ocrx_word' id='word_1_61' title='bbox 651 1127 874 1200; x_wconf 91' lang='lat' dir='ltr'><strong>ubique</strong></span> <span class='ocrx_word' id='word_1_62' title='bbox 894 1127 1279 1200; x_wconf 86' lang='lat' dir='ltr'><strong>perpetimur,</strong></span> <span class='ocrx_word' id='word_1_63' title='bbox 1307 1127 1470 1183; x_wconf 83' lang='lat' dir='ltr'><strong>Adeo</strong></span> <span class='ocrx_word' id='word_1_64' title='bbox 1501 1132 1566 1183; x_wconf 89' lang='lat' dir='ltr'><strong>ut</strong></span> <span class='ocrx_word' id='word_1_65' title='bbox 1586 1127 1755 1183; x_wconf 89' lang='lat' dir='ltr'><strong>multi</strong></span> <span class='ocrx_word' id='word_1_66' title='bbox 1776 1144 1850 1183; x_wconf 83' lang='lat' dir='ltr'><strong>ex</strong></span> <span class='ocrx_word' id='word_1_67' title='bbox 1869 1125 1951 1181; x_wconf 88' lang='lat' dir='ltr'><strong>eis</strong></span> <span class='ocrx_word' id='word_1_68' title='bbox 1976 1128 2136 1180; x_wconf 84' lang='lat' dir='ltr'><strong>tactu</strong></span> 
     </span>
    </p>
   </div>
   <div class='ocr_carea' id='block_1_12' title="bbox 483 1216 2135 1289">
    <p class='ocr_par' dir='ltr' id='par_1_12' title="bbox 483 1216 2135 1289">
     <span class='ocr_line' id='line_1_12' title="bbox 483 1216 2135 1289; baseline -0.005 -12"><span class='ocrx_word' id='word_1_69' title='bbox 483 1220 978 1277; x_wconf 87' lang='lat' dir='ltr'><strong>indumentorum</strong></span> <span class='ocrx_word' id='word_1_70' title='bbox 1020 1234 1270 1273; x_wconf 91' lang='lat' dir='ltr'><strong>suorum</strong></span> <span class='ocrx_word' id='word_1_71' title='bbox 1302 1234 1415 1274; x_wconf 89' lang='lat' dir='ltr'><strong>nos</strong></span> <span class='ocrx_word' id='word_1_72' title='bbox 1463 1218 1742 1287; x_wconf 88' lang='lat' dir='ltr'><strong>indignos</strong></span> <span class='ocrx_word' id='word_1_73' title='bbox 1785 1216 2135 1289; x_wconf 75' lang='lat' dir='ltr'><strong>diiudicent,</strong></span> 
     </span>
    </p>
   </div>
   <div class='ocr_carea' id='block_1_13' title="bbox 481 1306 2136 1382">
    <p class='ocr_par' dir='ltr' id='par_1_13' title="bbox 481 1306 2136 1382">
     <span class='ocr_line' id='line_1_13' title="bbox 481 1306 2136 1382; baseline -0.003 -17"><span class='ocrx_word' id='word_1_74' title='bbox 481 1307 882 1382; x_wconf 90' lang='lat' dir='ltr'><strong>propriusque</strong></span> <span class='ocrx_word' id='word_1_75' title='bbox 906 1306 1431 1364; x_wconf 88' lang='lat' dir='ltr'><strong>sibimetaccedere</strong></span> <span class='ocrx_word' id='word_1_76' title='bbox 1449 1313 1845 1364; x_wconf 73' lang='lat' dir='ltr'><strong>exsecrentur.</strong></span> <span class='ocrx_word' id='word_1_77' title='bbox 1860 1309 2136 1374; x_wconf 86' lang='lat' dir='ltr'><strong>Magnam</strong></span> 
     </span>
    </p>
   </div>
   <div class='ocr_carea' id='block_1_14' title="bbox 485 1395 2136 1470">
    <p class='ocr_par' dir='ltr' id='par_1_14' title="bbox 485 1395 2136 1470">
     <span class='ocr_line' id='line_1_14' title="bbox 485 1395 2136 1470; baseline -0.004 -14"><span class='ocrx_word' id='word_1_78' title='bbox 485 1398 706 1456; x_wconf 83' lang='lat' dir='ltr'><strong>scilicet</strong></span> <span class='ocrx_word' id='word_1_79' title='bbox 724 1397 1273 1470; x_wconf 86' lang='lat' dir='ltr'><strong>coinquinationem</strong></span> <span class='ocrx_word' id='word_1_80' title='bbox 1294 1399 1720 1463; x_wconf 81' lang='lat' dir='ltr'><strong>existimantes,</strong></span> <span class='ocrx_word' id='word_1_81' title='bbox 1771 1397 1815 1451; x_wconf 88' lang='lat' dir='ltr'><strong>si</strong></span> <span class='ocrx_word' id='word_1_82' title='bbox 1839 1397 1901 1453; x_wconf 91' lang='lat' dir='ltr'><strong>in</strong></span> <span class='ocrx_word' id='word_1_83' title='bbox 1935 1395 2136 1467; x_wconf 90' lang='lat' dir='ltr'><strong>aliquo</strong></span> 
     </span>
    </p>
   </div>
   <div class='ocr_carea' id='block_1_15' title="bbox 486 1483 2136 1559">
    <p class='ocr_par' dir='ltr' id='par_1_15' title="bbox 486 1483 2136 1559">
     <span class='ocr_line' id='line_1_15' title="bbox 486 1483 2136 1559; baseline -0.004 -15"><span class='ocrx_word' id='word_1_84' title='bbox 486 1503 687 1544; x_wconf 89' lang='lat' dir='ltr'><strong>rerum</strong></span> <span class='ocrx_word' id='word_1_85' title='bbox 710 1502 957 1543; x_wconf 89' lang='lat' dir='ltr'><strong>suarum</strong></span> <span class='ocrx_word' id='word_1_86' title='bbox 980 1486 1444 1543; x_wconf 90' lang='lat' dir='ltr'><strong>admisceamur.</strong></span> <span class='ocrx_word' id='word_1_87' title='bbox 1478 1489 1627 1543; x_wconf 88' lang='lat' dir='ltr'><strong>Cum</strong></span> <span class='ocrx_word' id='word_1_88' title='bbox 1676 1486 1879 1559; x_wconf 86' lang='lat' dir='ltr'><strong>utique</strong></span> <span class='ocrx_word' id='word_1_89' title='bbox 1922 1483 2136 1540; x_wconf 85' lang='lat' dir='ltr'><strong>milites</strong></span> 
     </span>
    </p>
   </div>
   <div class='ocr_carea' id='block_1_16' title="bbox 487 1573 2135 1645">
    <p class='ocr_par' dir='ltr' id='par_1_16' title="bbox 487 1573 2135 1645">
     <span class='ocr_line' id='line_1_16' title="bbox 487 1573 2135 1645; baseline -0.003 -13"><span class='ocrx_word' id='word_1_90' title='bbox 487 1578 590 1635; x_wconf 88' lang='lat' dir='ltr'><strong>Dei</strong></span> <span class='ocrx_word' id='word_1_91' title='bbox 628 1575 939 1635; x_wconf 88' lang='lat' dir='ltr'><strong>veritatem</strong></span> <span class='ocrx_word' id='word_1_92' title='bbox 980 1592 1185 1632; x_wconf 89' lang='lat' dir='ltr'><strong>coram</strong></span> <span class='ocrx_word' id='word_1_93' title='bbox 1224 1576 1306 1632; x_wconf 92' lang='lat' dir='ltr'><strong>eis</strong></span> <span class='ocrx_word' id='word_1_94' title='bbox 1353 1577 1550 1645; x_wconf 87' lang='lat' dir='ltr'><strong>magis</strong></span> <span class='ocrx_word' id='word_1_95' title='bbox 1600 1574 1856 1631; x_wconf 88' lang='lat' dir='ltr'><strong>confessi</strong></span> <span class='ocrx_word' id='word_1_96' title='bbox 1902 1573 2135 1639; x_wconf 85' lang='lat' dir='ltr'><strong>fuerint,</strong></span> 
     </span>
    </p>
   </div>
   <div class='ocr_carea' id='block_1_17' title="bbox 487 1663 2141 1739">
    <p class='ocr_par' dir='ltr' id='par_1_17' title="bbox 487 1663 2141 1739">
     <span class='ocr_line' id='line_1_17' title="bbox 487 1663 2141 1739; baseline -0.005 -15"><span class='ocrx_word' id='word_1_97' title='bbox 487 1680 674 1739; x_wconf 86' lang='lat' dir='ltr'><strong>quam</strong></span> <span class='ocrx_word' id='word_1_98' title='bbox 699 1664 1018 1723; x_wconf 88' lang='lat' dir='ltr'><strong>maledicta</strong></span> <span class='ocrx_word' id='word_1_99' title='bbox 1040 1664 1366 1736; x_wconf 78' lang='lat' dir='ltr'><strong>iniecerint,</strong></span> <span class='ocrx_word' id='word_1_100' title='bbox 1389 1663 1513 1719; x_wconf 89' lang='lat' dir='ltr'><strong>veri</strong></span> <span class='ocrx_word' id='word_1_101' title='bbox 1551 1663 1820 1733; x_wconf 79' lang='lat' dir='ltr'><strong>magistri</strong></span> <span class='ocrx_word' id='word_1_102' title='bbox 1842 1665 2141 1736; x_wconf 60' lang='lat' dir='ltr'><strong>praecepta</strong></span> 
     </span>
    </p>
   </div>
   <div class='ocr_carea' id='block_1_18' title="bbox 486 1752 2137 1827">
    <p class='ocr_par' dir='ltr' id='par_1_18' title="bbox 486 1752 2137 1827">
     <span class='ocr_line' id='line_1_18' title="bbox 486 1752 2137 1827; baseline -0.004 -16"><span class='ocrx_word' id='word_1_103' title='bbox 486 1757 813 1825; x_wconf 65' lang='lat' dir='ltr'><strong>sewanws,</strong></span> <span class='ocrx_word' id='word_1_104' title='bbox 850 1753 1073 1827; x_wconf 84' lang='lat' dir='ltr'><strong>quibus</strong></span> <span class='ocrx_word' id='word_1_105' title='bbox 1108 1752 1251 1809; x_wconf 91' lang='lat' dir='ltr'><strong>olim</strong></span> <span class='ocrx_word' id='word_1_106' title='bbox 1321 1752 1644 1825; x_wconf 87' lang='lat' dir='ltr'><strong>discipulos</strong></span> <span class='ocrx_word' id='word_1_107' title='bbox 1690 1752 2137 1820; x_wconf 86' lang='lat' dir='ltr'><strong>informaverat,</strong></span> 
     </span>
    </p>
   </div>
   <div class='ocr_carea' id='block_1_19' title="bbox 487 1842 2139 1916">
    <p class='ocr_par' dir='ltr' id='par_1_19' title="bbox 487 1842 2139 1916">
     <span class='ocr_line' id='line_1_19' title="bbox 487 1842 2139 1916; baseline -0.005 -15"><span class='ocrx_word' id='word_1_108' title='bbox 487 1844 695 1901; x_wconf 89' lang='lat' dir='ltr'><strong>dicens</strong></span> <span class='ocrx_word' id='word_1_109' title='bbox 745 1842 955 1916; x_wconf 81' lang='lat' dir='ltr'><strong>(Marc.</strong></span> <span class='ocrx_word' id='word_1_110' title='bbox 993 1858 1118 1914; x_wconf 81' lang='lat' dir='ltr'><strong>VIII,</strong></span> <span class='ocrx_word' id='word_1_111' title='bbox 1145 1843 1277 1913; x_wconf 65' lang='lat' dir='ltr'><strong>38)¢I</strong></span> <span class='ocrx_word' id='word_1_112' title='bbox 1320 1859 1333 1898; x_wconf 86' lang='lat'><strong>:</strong></span> <span class='ocrx_word' id='word_1_113' title='bbox 1367 1842 1483 1909; x_wconf 86' lang='lat' dir='ltr'><strong>Qui</strong></span> <span class='ocrx_word' id='word_1_114' title='bbox 1514 1843 1668 1898; x_wconf 85' lang='lat' dir='ltr'><strong>enim</strong></span> <span class='ocrx_word' id='word_1_115' title='bbox 1710 1856 1801 1898; x_wconf 88' lang='lat' dir='ltr'><strong>me</strong></span> <span class='ocrx_word' id='word_1_116' title='bbox 1840 1844 2139 1909; x_wconf 80' lang='lat' dir='ltr'><strong>confessus</strong></span> 
     </span>
    </p>
   </div>
   <div class='ocr_carea' id='block_1_20' title="bbox 484 1930 2137 2005">
    <p class='ocr_par' dir='ltr' id='par_1_20' title="bbox 484 1930 2137 2005">
     <span class='ocr_line' id='line_1_20' title="bbox 484 1930 2137 2005; baseline -0.004 -15"><span class='ocrx_word' id='word_1_117' title='bbox 484 1934 691 2005; x_wconf 84' lang='lat' dir='ltr'><strong>fuerit,</strong></span> <span class='ocrx_word' id='word_1_118' title='bbox 711 1937 765 1988; x_wconf 90' lang='lat' dir='ltr'><strong>et</strong></span> <span class='ocrx_word' id='word_1_119' title='bbox 786 1931 965 1989; x_wconf 88' lang='lat' dir='ltr'><strong>verba</strong></span> <span class='ocrx_word' id='word_1_120' title='bbox 990 1946 1121 1989; x_wconf 88' lang='lat' dir='ltr'><strong>mea</strong></span> <span class='ocrx_word' id='word_1_121' title='bbox 1150 1932 1212 1986; x_wconf 88' lang='lat' dir='ltr'><strong>in</strong></span> <span class='ocrx_word' id='word_1_122' title='bbox 1241 1930 1622 2002; x_wconf 78' lang='lat' dir='ltr'><strong>generatione</strong></span> <span class='ocrx_word' id='word_1_123' title='bbox 1644 1932 1758 1986; x_wconf 87' lang='lat' dir='ltr'><strong>ista</strong></span> <span class='ocrx_word' id='word_1_124' title='bbox 1776 1930 2061 1985; x_wconf 84' lang='lat' dir='ltr'><strong>adultera</strong></span> <span class='ocrx_word' id='word_1_125' title='bbox 2084 1933 2137 1985; x_wconf 84' lang='lat' dir='ltr'><strong>et</strong></span> 
     </span>
    </p>
   </div>
   <div class='ocr_carea' id='block_1_21' title="bbox 489 2020 2140 2095">
    <p class='ocr_par' dir='ltr' id='par_1_21' title="bbox 489 2020 2140 2095">
     <span class='ocr_line' id='line_1_21' title="bbox 489 2020 2140 2095; baseline -0.004 -14"><span class='ocrx_word' id='word_1_126' title='bbox 489 2023 1005 2095; x_wconf 51' lang='lat' dir='ltr'><strong>peccatm’ceﬁunc</strong></span> <span class='ocrx_word' id='word_1_127' title='bbox 1025 2027 1081 2078; x_wconf 88' lang='lat' dir='ltr'><strong>et</strong></span> <span class='ocrx_word' id='word_1_128' title='bbox 1100 2022 1293 2077; x_wconf 84' lang='lat' dir='ltr'><strong>Filius</strong></span> <span class='ocrx_word' id='word_1_129' title='bbox 1316 2022 1569 2077; x_wconf 76' lang='lat' dir='ltr'><strong>hominis</strong></span> <span class='ocrx_word' id='word_1_130' title='bbox 1587 2020 1982 2090; x_wconf 84' lang='lat' dir='ltr'><strong>conﬁtebitur,</strong></span> <span class='ocrx_word' id='word_1_131' title='bbox 2007 2034 2140 2074; x_wconf 90' lang='lat' dir='ltr'><strong>cum</strong></span> 
     </span>
    </p>
   </div>
   <div class='ocr_carea' id='block_1_22' title="bbox 491 2108 2143 2182">
    <p class='ocr_par' dir='ltr' id='par_1_22' title="bbox 491 2108 2143 2182">
     <span class='ocr_line' id='line_1_22' title="bbox 491 2108 2143 2182; baseline -0.005 -11"><span class='ocrx_word' id='word_1_132' title='bbox 491 2112 718 2171; x_wconf 82' lang='lat' dir='ltr'><strong>venerit</strong></span> <span class='ocrx_word' id='word_1_133' title='bbox 757 2112 820 2167; x_wconf 89' lang='lat' dir='ltr'><strong>in</strong></span> <span class='ocrx_word' id='word_1_134' title='bbox 848 2111 1049 2182; x_wconf 89' lang='lat' dir='ltr'><strong>gloria</strong></span> <span class='ocrx_word' id='word_1_135' title='bbox 1062 2110 1266 2166; x_wconf 77' lang='lat' dir='ltr'><strong>Patris</strong></span> <span class='ocrx_word' id='word_1_136' title='bbox 1296 2110 1410 2181; x_wconf 86' lang='lat' dir='ltr'><strong>sui,</strong></span> <span class='ocrx_word' id='word_1_137' title='bbox 1433 2116 1489 2166; x_wconf 92' lang='lat' dir='ltr'><strong>et</strong></span> <span class='ocrx_word' id='word_1_138' title='bbox 1520 2115 1864 2166; x_wconf 82' lang='lat' dir='ltr'><strong>sanctorum</strong></span> <span class='ocrx_word' id='word_1_139' title='bbox 1905 2108 2143 2179; x_wconf 72' lang='lat' dir='ltr'><strong>angelo«</strong></span> 
     </span>
    </p>
   </div>
   <div class='ocr_carea' id='block_1_23' title="bbox 491 2197 2145 2272">
    <p class='ocr_par' dir='ltr' id='par_1_23' title="bbox 491 2197 2145 2272">
     <span class='ocr_line' id='line_1_23' title="bbox 491 2197 2145 2272; baseline -0.003 -13"><span class='ocrx_word' id='word_1_140' title='bbox 491 2218 648 2259; x_wconf 85' lang='lat' dir='ltr'><strong>rum.</strong></span> <span class='ocrx_word' id='word_1_141' title='bbox 678 2200 820 2268; x_wconf 84' lang='lat' dir='ltr'><strong>Quis</strong></span> <span class='ocrx_word' id='word_1_142' title='bbox 839 2199 935 2257; x_wconf 90' lang='lat' dir='ltr'><strong>ille</strong></span> <span class='ocrx_word' id='word_1_143' title='bbox 956 2203 1079 2256; x_wconf 88' lang='lat' dir='ltr'><strong>tam</strong></span> <span class='ocrx_word' id='word_1_144' title='bbox 1099 2214 1307 2255; x_wconf 82' lang='lat' dir='ltr'><strong>vecors</strong></span> <span class='ocrx_word' id='word_1_145' title='bbox 1329 2203 1436 2263; x_wconf 89' lang='lat' dir='ltr'><strong>est,</strong></span> <span class='ocrx_word' id='word_1_146' title='bbox 1461 2199 1566 2272; x_wconf 90' lang='lat' dir='ltr'><strong>qui</strong></span> <span class='ocrx_word' id='word_1_147' title='bbox 1585 2197 1868 2255; x_wconf 84' lang='lat' dir='ltr'><strong>laudibus</strong></span> <span class='ocrx_word' id='word_1_148' title='bbox 1900 2198 2145 2267; x_wconf 83' lang='lat' dir='ltr'><strong>deroget</strong></span> 
     </span>
    </p>
   </div>
   <div class='ocr_carea' id='block_1_24' title="bbox 490 2285 2146 2360">
    <p class='ocr_par' dir='ltr' id='par_1_24' title="bbox 490 2285 2146 2360">
     <span class='ocr_line' id='line_1_24' title="bbox 490 2285 2146 2360; baseline -0.007 -8"><span class='ocrx_word' id='word_1_149' title='bbox 490 2292 808 2353; x_wconf 88' lang='lat' dir='ltr'><strong>beatorum</strong></span> <span class='ocrx_word' id='word_1_150' title='bbox 827 2288 1203 2345; x_wconf 88' lang='lat' dir='ltr'><strong>obviantium</strong></span> <span class='ocrx_word' id='word_1_151' title='bbox 1218 2303 1328 2360; x_wconf 90' lang='lat' dir='ltr'><strong>pro</strong></span> <span class='ocrx_word' id='word_1_152' title='bbox 1344 2287 1689 2345; x_wconf 85' lang='lat' dir='ltr'><strong>defensione</strong></span> <span class='ocrx_word' id='word_1_153' title='bbox 1701 2289 1721 2359; x_wconf 89' lang='lat' dir='ltr'>j</span> <span class='ocrx_word' id='word_1_154' title='bbox 1733 2304 1800 2342; x_wconf 94' lang='lat' dir='ltr'><strong>us</strong></span> <span class='ocrx_word' id='word_1_155' title='bbox 1808 2286 1942 2344; x_wconf 67' lang='lat' dir='ltr'><strong>titiaa</strong></span> <span class='ocrx_word' id='word_1_156' title='bbox 1963 2285 2146 2343; x_wconf 85' lang='lat' dir='ltr'><strong>culto-</strong></span> 
     </span>
    </p>
   </div>
   <div class='ocr_carea' id='block_1_25' title="bbox 491 2376 2143 2453">
    <p class='ocr_par' dir='ltr' id='par_1_25' title="bbox 491 2376 2143 2453">
     <span class='ocr_line' id='line_1_25' title="bbox 491 2376 2143 2453; baseline -0.005 -14"><span class='ocrx_word' id='word_1_157' title='bbox 491 2380 660 2443; x_wconf 86' lang='lat' dir='ltr'><strong>ribus</strong></span> <span class='ocrx_word' id='word_1_158' title='bbox 673 2377 1042 2453; x_wconf 70' lang='lat' dir='ltr'><strong>impietatis?</strong></span> <span class='ocrx_word' id='word_1_159' title='bbox 1072 2377 1306 2433; x_wconf 84' lang='lat' dir='ltr'><strong>Dictum</strong></span> <span class='ocrx_word' id='word_1_160' title='bbox 1331 2392 1475 2433; x_wconf 88' lang='lat' dir='ltr'><strong>sane</strong></span> <span class='ocrx_word' id='word_1_161' title='bbox 1503 2376 1695 2433; x_wconf 85' lang='lat' dir='ltr'><strong>fuerat</strong></span> <span class='ocrx_word' id='word_1_162' title='bbox 1718 2376 1800 2431; x_wconf 90' lang='lat' dir='ltr'><strong>eis</strong></span> <span class='ocrx_word' id='word_1_163' title='bbox 1825 2377 2007 2432; x_wconf 86' lang='lat' dir='ltr'><strong>:Ecce</strong></span> <span class='ocrx_word' id='word_1_164' title='bbox 2040 2390 2143 2445; x_wconf 88' lang='lat' dir='ltr'><strong>ego</strong></span> 
     </span>
    </p>
   </div>
   <div class='ocr_carea' id='block_1_26' title="bbox 493 2467 2144 2536">
    <p class='ocr_par' dir='ltr' id='par_1_26' title="bbox 493 2467 2144 2536">
     <span class='ocr_line' id='line_1_26' title="bbox 493 2467 2144 2536; baseline -0.007 -5"><span class='ocrx_word' id='word_1_165' title='bbox 493 2472 663 2531; x_wconf 86' lang='lat' dir='ltr'><strong>mitto</strong></span> <span class='ocrx_word' id='word_1_166' title='bbox 688 2484 787 2528; x_wconf 88' lang='lat' dir='ltr'><strong>vos</strong></span> <span class='ocrx_word' id='word_1_167' title='bbox 808 2469 961 2525; x_wconf 87' lang='lat' dir='ltr'><strong>sicut</strong></span> <span class='ocrx_word' id='word_1_168' title='bbox 984 2482 1114 2525; x_wconf 91' lang='lat' dir='ltr'><strong>oves</strong></span> <span class='ocrx_word' id='word_1_169' title='bbox 1138 2468 1199 2523; x_wconf 85' lang='lat' dir='ltr'><strong>in</strong></span> <span class='ocrx_word' id='word_1_170' title='bbox 1242 2467 1432 2523; x_wconf 87' lang='lat' dir='ltr'><strong>medio</strong></span> <span class='ocrx_word' id='word_1_171' title='bbox 1455 2467 1732 2536; x_wconf 81' lang='lat' dir='ltr'><strong>luporum</strong></span> <span class='ocrx_word' id='word_1_172' title='bbox 1761 2482 1773 2520; x_wconf 93' lang='lat'><strong>:</strong></span> <span class='ocrx_word' id='word_1_173' title='bbox 1799 2472 1977 2521; x_wconf 89' lang='lat' dir='ltr'><strong>estote</strong></span> <span class='ocrx_word' id='word_1_174' title='bbox 2005 2480 2144 2535; x_wconf 87' lang='lat' dir='ltr'><strong>ergo</strong></span> 
     </span>
    </p>
   </div>
   <div class='ocr_carea' id='block_1_27' title="bbox 489 2555 2147 2637">
    <p class='ocr_par' dir='ltr' id='par_1_27' title="bbox 489 2555 2147 2637">
     <span class='ocr_line' id='line_1_27' title="bbox 489 2555 2147 2637; baseline -0.006 -20"><span class='ocrx_word' id='word_1_175' title='bbox 489 2560 817 2637; x_wconf 75' lang='lat' dir='ltr'><strong>prudentes</strong></span> <span class='ocrx_word' id='word_1_176' title='bbox 832 2558 986 2615; x_wconf 83' lang='lat' dir='ltr'><strong>sicut</strong></span> <span class='ocrx_word' id='word_1_177' title='bbox 1000 2561 1320 2626; x_wconf 78' lang='lat' dir='ltr'><strong>serpentes,</strong></span> <span class='ocrx_word' id='word_1_178' title='bbox 1345 2560 1401 2612; x_wconf 87' lang='lat' dir='ltr'><strong>et</strong></span> <span class='ocrx_word' id='word_1_179' title='bbox 1429 2556 1724 2625; x_wconf 77' lang='lat' dir='ltr'><strong>simplices</strong></span> <span class='ocrx_word' id='word_1_180' title='bbox 1744 2556 1899 2609; x_wconf 81' lang='lat' dir='ltr'><strong>sicut</strong></span> <span class='ocrx_word' id='word_1_181' title='bbox 1925 2555 2147 2609; x_wconf 85' lang='lat' dir='ltr'><strong>colum-</strong></span> 
     </span>
    </p>
   </div>
   <div class='ocr_carea' id='block_1_28' title="bbox 498 2643 2145 2723">
    <p class='ocr_par' dir='ltr' id='par_1_28' title="bbox 498 2643 2145 2723">
     <span class='ocr_line' id='line_1_28' title="bbox 498 2643 2145 2723; baseline -0.008 -13"><span class='ocrx_word' id='word_1_182' title='bbox 498 2650 587 2709; x_wconf 72' lang='lat' dir='ltr'><strong>bae</strong></span> <span class='ocrx_word' id='word_1_183' title='bbox 604 2646 907 2723; x_wconf 78' lang='lat' dir='ltr'><strong>(Matth.x,</strong></span> <span class='ocrx_word' id='word_1_184' title='bbox 931 2647 1036 2715; x_wconf 85' lang='grc'><strong>16).</strong></span> <span class='ocrx_word' id='word_1_185' title='bbox 1060 2644 1243 2716; x_wconf 87' lang='lat' dir='ltr'><strong>Cujus</strong></span> <span class='ocrx_word' id='word_1_186' title='bbox 1265 2643 1546 2717; x_wconf 77' lang='lat' dir='ltr'><strong>praecepti</strong></span> <span class='ocrx_word' id='word_1_187' title='bbox 1564 2658 1809 2698; x_wconf 89' lang='lat' dir='ltr'><strong>sensum</strong></span> <span class='ocrx_word' id='word_1_188' title='bbox 1835 2643 1995 2699; x_wconf 92' lang='lat' dir='ltr'><strong>hunc</strong></span> <span class='ocrx_word' id='word_1_189' title='bbox 2017 2657 2145 2697; x_wconf 90' lang='lat' dir='ltr'><strong>esse</strong></span> 
     </span>
    </p>
   </div>
   <div class='ocr_carea' id='block_1_29' title="bbox 497 2729 2147 2809">
    <p class='ocr_par' dir='ltr' id='par_1_29' title="bbox 497 2729 2147 2809">
     <span class='ocr_line' id='line_1_29' title="bbox 497 2729 2147 2809; baseline -0.008 -10"><span class='ocrx_word' id='word_1_190' title='bbox 497 2738 751 2801; x_wconf 82' lang='lat' dir='ltr'><strong>arbitror</strong></span> <span class='ocrx_word' id='word_1_191' title='bbox 768 2734 935 2809; x_wconf 88' lang='lat' dir='ltr'><strong>quod</strong></span> <span class='ocrx_word' id='word_1_192' title='bbox 954 2733 1219 2791; x_wconf 89' lang='lat' dir='ltr'><strong>immista</strong></span> <span class='ocrx_word' id='word_1_193' title='bbox 1233 2731 1511 2802; x_wconf 82' lang='lat' dir='ltr'><strong>gentibus</strong></span> <span class='ocrx_word' id='word_1_194' title='bbox 1527 2736 1767 2788; x_wconf 90' lang='lat' dir='ltr'><strong>caterva</strong></span> <span class='ocrx_word' id='word_1_195' title='bbox 1776 2730 1957 2798; x_wconf 87' lang='lat' dir='ltr'><strong>ﬁdeli,</strong></span> <span class='ocrx_word' id='word_1_196' title='bbox 1973 2729 2147 2802; x_wconf 90' lang='lat' dir='ltr'><strong>quasi</strong></span> 
     </span>
    </p>
   </div>
   <div class='ocr_carea' id='block_1_30' title="bbox 496 2819 2148 2898">
    <p class='ocr_par' dir='ltr' id='par_1_30' title="bbox 496 2819 2148 2898">
     <span class='ocr_line' id='line_1_30' title="bbox 496 2819 2148 2898; baseline -0.009 -10"><span class='ocrx_word' id='word_1_197' title='bbox 496 2825 836 2888; x_wconf 88' lang='lat' dir='ltr'><strong>innocentia</strong></span> <span class='ocrx_word' id='word_1_198' title='bbox 862 2822 1108 2898; x_wconf 76' lang='lat' dir='ltr'><strong>praedita</strong></span> <span class='ocrx_word' id='word_1_199' title='bbox 1124 2820 1349 2889; x_wconf 88' lang='lat' dir='ltr'><strong>ovium,</strong></span> <span class='ocrx_word' id='word_1_200' title='bbox 1368 2820 1786 2877; x_wconf 86' lang='lat' dir='ltr'><strong>truculentiam</strong></span> <span class='ocrx_word' id='word_1_201' title='bbox 1805 2819 1955 2875; x_wconf 87' lang='lat' dir='ltr'><strong>ferre</strong></span> <span class='ocrx_word' id='word_1_202' title='bbox 1977 2833 2148 2889; x_wconf 87' lang='lat' dir='ltr'><strong>coge-</strong></span> 
     </span>
    </p>
   </div>
   <div class='ocr_carea' id='block_1_31' title="bbox 497 2907 2148 2988">
    <p class='ocr_par' dir='ltr' id='par_1_31' title="bbox 497 2907 2148 2988">
     <span class='ocr_line' id='line_1_31' title="bbox 497 2907 2148 2988; baseline -0.008 -12"><span class='ocrx_word' id='word_1_203' title='bbox 497 2921 658 2976; x_wconf 86' lang='lat' dir='ltr'><strong>retur</strong></span> <span class='ocrx_word' id='word_1_204' title='bbox 674 2915 979 2988; x_wconf 87' lang='lat' dir='ltr'><strong>luporum.</strong></span> <span class='ocrx_word' id='word_1_205' title='bbox 1003 2914 1085 2968; x_wconf 88' lang='lat' dir='ltr'><strong>Ac</strong></span> <span class='ocrx_word' id='word_1_206' title='bbox 1109 2912 1183 2967; x_wconf 86' lang='lat' dir='ltr'><strong>ne</strong></span> <span class='ocrx_word' id='word_1_207' title='bbox 1199 2908 1467 2982; x_wconf 88' lang='lat' dir='ltr'><strong>segnitiei</strong></span> <span class='ocrx_word' id='word_1_208' title='bbox 1482 2909 1662 2966; x_wconf 90' lang='lat' dir='ltr'><strong>dediti</strong></span> <span class='ocrx_word' id='word_1_209' title='bbox 1686 2907 1916 2965; x_wconf 83' lang='lat' dir='ltr'><strong>facilius</strong></span> <span class='ocrx_word' id='word_1_210' title='bbox 1948 2923 2148 2963; x_wconf 90' lang='lat' dir='ltr'><strong>versu-</strong></span> 
     </span>
    </p>
   </div>
   <div class='ocr_carea' id='block_1_32' title="bbox 499 2995 2221 3070">
    <p class='ocr_par' dir='ltr' id='par_1_32' title="bbox 499 2995 2221 3070">
     <span class='ocr_line' id='line_1_32' title="bbox 499 2995 2221 3070; baseline -0.01 -5"><span class='ocrx_word' id='word_1_211' title='bbox 499 3006 592 3065; x_wconf 88' lang='lat' dir='ltr'><strong>tiis</strong></span> <span class='ocrx_word' id='word_1_212' title='bbox 624 3003 1085 3063; x_wconf 84' lang='lat' dir='ltr'><strong>succumberent</strong></span> <span class='ocrx_word' id='word_1_213' title='bbox 1138 2999 1384 3070; x_wconf 91' lang='lat' dir='ltr'><strong>inimici,</strong></span> <span class='ocrx_word' id='word_1_214' title='bbox 1433 3014 1696 3068; x_wconf 84' lang='lat' dir='ltr'><strong>congrue</strong></span> <span class='ocrx_word' id='word_1_215' title='bbox 1737 2997 2021 3054; x_wconf 88' lang='lat' dir='ltr'><strong>divinitus</strong></span> <span class='ocrx_word' id='word_1_216' title='bbox 2051 2996 2152 3053; x_wconf 88' lang='lat' dir='ltr'><strong>ad—</strong></span> <span class='ocrx_word' id='word_1_217' title='bbox 2182 2995 2221 3048; x_wconf 68' lang='grc' dir='ltr'>(ἶ</span> 
     </span>
    </p>
   </div>
   <div class='ocr_carea' id='block_1_33' title="bbox 499 3088 2154 3162">
    <p class='ocr_par' dir='ltr' id='par_1_33' title="bbox 499 3088 2154 3162">
     <span class='ocr_line' id='line_1_33' title="bbox 499 3088 2154 3162; baseline -0.007 -5"><span class='ocrx_word' id='word_1_218' title='bbox 499 3099 839 3162; x_wconf 88' lang='lat' dir='ltr'><strong>monentur,</strong></span> <span class='ocrx_word' id='word_1_219' title='bbox 850 3095 1124 3153; x_wconf 89' lang='lat' dir='ltr'><strong>utessent</strong></span> <span class='ocrx_word' id='word_1_220' title='bbox 1138 3106 1277 3148; x_wconf 91' lang='lat' dir='ltr'><strong>cum</strong></span> <span class='ocrx_word' id='word_1_221' title='bbox 1293 3089 1649 3148; x_wconf 88' lang='lat' dir='ltr'><strong>adversariis</strong></span> <span class='ocrx_word' id='word_1_222' title='bbox 1660 3088 1800 3145; x_wconf 80' lang='lat' dir='ltr'><strong>ﬁdei</strong></span> <span class='ocrx_word' id='word_1_223' title='bbox 1812 3093 2154 3162; x_wconf 87' lang='lat' dir='ltr'><strong>opportuna</strong></span> 
     </span>
    </p>
   </div>
   <div class='ocr_carea' id='block_1_34' title="bbox 502 3166 2155 3261">
    <p class='ocr_par' dir='ltr' id='par_1_34' title="bbox 502 3166 2155 3261">
     <span class='ocr_line' id='line_1_34' title="bbox 502 3166 2155 3261; baseline -0.007 -17"><span class='ocrx_word' id='word_1_224' title='bbox 502 3201 741 3261; x_wconf 87' lang='lat' dir='ltr'><strong>semper</strong></span> <span class='ocrx_word' id='word_1_225' title='bbox 765 3182 1000 3243; x_wconf 85' lang='lat' dir='ltr'><strong>cautela</strong></span> <span class='ocrx_word' id='word_1_226' title='bbox 1028 3166 1289 3248; x_wconf 64' lang='lat' dir='ltr'><strong>subniii,</strong></span> <span class='ocrx_word' id='word_1_227' title='bbox 1313 3183 1593 3237; x_wconf 90' lang='lat' dir='ltr'><strong>etcontra</strong></span> <span class='ocrx_word' id='word_1_228' title='bbox 1616 3177 1866 3235; x_wconf 87' lang='lat' dir='ltr'><strong>astutias</strong></span> <span class='ocrx_word' id='word_1_229' title='bbox 1890 3176 2155 3233; x_wconf 88' lang='lat' dir='ltr'><strong>hostium</strong></span> 
     </span>
    </p>
   </div>
   <div class='ocr_carea' id='block_1_35' title="bbox 502 3264 2154 3349">
    <p class='ocr_par' dir='ltr' id='par_1_35' title="bbox 502 3264 2154 3349">
     <span class='ocr_line' id='line_1_35' title="bbox 502 3264 2154 3349; baseline -0.008 -15"><span class='ocrx_word' id='word_1_230' title='bbox 502 3275 679 3334; x_wconf 86' lang='lat' dir='ltr'><strong>erecti</strong></span> <span class='ocrx_word' id='word_1_231' title='bbox 700 3274 923 3349; x_wconf 88' lang='lat' dir='ltr'><strong>ubique</strong></span> <span class='ocrx_word' id='word_1_232' title='bbox 949 3274 1007 3331; x_wconf 88' lang='lat' dir='ltr'><strong>et</strong></span> <span class='ocrx_word' id='word_1_233' title='bbox 1031 3269 1282 3345; x_wconf 73' lang='lat' dir='ltr'><strong>providi.</strong></span> <span class='ocrx_word' id='word_1_234' title='bbox 1307 3272 1387 3326; x_wconf 89' lang='lat' dir='ltr'><strong>Ne</strong></span> <span class='ocrx_word' id='word_1_235' title='bbox 1415 3284 1615 3342; x_wconf 77' lang='lat' dir='ltr'><strong>pravae</strong></span> <span class='ocrx_word' id='word_1_236' title='bbox 1644 3266 1930 3327; x_wconf 69' lang='lat' dir='ltr'><strong>doctrinas</strong></span> <span class='ocrx_word' id='word_1_237' title='bbox 1956 3264 2154 3321; x_wconf 85' lang='lat' dir='ltr'><strong>verbis</strong></span> 
     </span>
    </p>
   </div>
   <div class='ocr_carea' id='block_1_36' title="bbox 502 3361 2153 3436">
    <p class='ocr_par' dir='ltr' id='par_1_36' title="bbox 502 3361 2153 3436">
     <span class='ocr_line' id='line_1_36' title="bbox 502 3361 2153 3436; baseline -0.008 -13"><span class='ocrx_word' id='word_1_238' title='bbox 502 3363 679 3423; x_wconf 88' lang='lat' dir='ltr'><strong>illecti</strong></span> <span class='ocrx_word' id='word_1_239' title='bbox 734 3361 1006 3436; x_wconf 87' lang='lat' dir='ltr'><strong>protinus</strong></span> <span class='ocrx_word' id='word_1_240' title='bbox 1062 3362 1586 3431; x_wconf 88' lang='lat' dir='ltr'><strong>corrumperentur</strong></span> <span class='ocrx_word' id='word_1_241' title='bbox 1642 3372 1857 3413; x_wconf 87' lang='lat' dir='ltr'><strong>sensus</strong></span> <span class='ocrx_word' id='word_1_242' title='bbox 1923 3370 2153 3424; x_wconf 89' lang='lat' dir='ltr'><strong>eorum,</strong></span> 
     </span>
    </p>
   </div>
   <div class='ocr_carea' id='block_1_37' title="bbox 503 3443 2159 3518">
    <p class='ocr_par' dir='ltr' id='par_1_37' title="bbox 503 3443 2159 3518">
     <span class='ocr_line' id='line_1_37' title="bbox 503 3443 2159 3518; baseline -0.008 -8"><span class='ocrx_word' id='word_1_243' title='bbox 503 3457 562 3510; x_wconf 87' lang='lat' dir='ltr'><strong>et</strong></span> <span class='ocrx_word' id='word_1_244' title='bbox 587 3450 964 3509; x_wconf 86' lang='lat' dir='ltr'><strong>discederent</strong></span> <span class='ocrx_word' id='word_1_245' title='bbox 1018 3447 1098 3502; x_wconf 87' lang='lat' dir='ltr'><strong>ab</strong></span> <span class='ocrx_word' id='word_1_246' title='bbox 1145 3447 1440 3518; x_wconf 67' lang='lat' dir='ltr'><strong>aequitate.</strong></span> <span class='ocrx_word' id='word_1_247' title='bbox 1500 3449 1679 3501; x_wconf 89' lang='lat' dir='ltr'><strong>Porro</strong></span> <span class='ocrx_word' id='word_1_248' title='bbox 1733 3447 1913 3501; x_wconf 87' lang='lat' dir='ltr'><strong>etiam</strong></span> <span class='ocrx_word' id='word_1_249' title='bbox 1971 3443 2159 3501; x_wconf 84' lang='lat' dir='ltr'><strong>Chris-</strong></span> 
     </span>
    </p>
   </div>
   <div class='ocr_carea' id='block_1_38' title="bbox 504 3535 2155 3599">
    <p class='ocr_par' dir='ltr' id='par_1_38' title="bbox 504 3535 2155 3599">
     <span class='ocr_line' id='line_1_38' title="bbox 504 3535 2155 3599; baseline -0.007 0"><span class='ocrx_word' id='word_1_250' title='bbox 504 3540 648 3599; x_wconf 85' lang='lat' dir='ltr'><strong>tiani</strong></span> <span class='ocrx_word' id='word_1_251' title='bbox 674 3539 1076 3596; x_wconf 89' lang='lat' dir='ltr'><strong>admonentur</strong></span> <span class='ocrx_word' id='word_1_252' title='bbox 1107 3553 1120 3590; x_wconf 86' lang='lat'>:</span> <span class='ocrx_word' id='word_1_253' title='bbox 1152 3535 1561 3591; x_wconf 87' lang='lat' dir='ltr'><strong>Confratribus</strong></span> <span class='ocrx_word' id='word_1_254' title='bbox 1589 3536 1796 3592; x_wconf 85' lang='lat' dir='ltr'><strong>vestris</strong></span> <span class='ocrx_word' id='word_1_255' title='bbox 1831 3541 1887 3591; x_wconf 92' lang='lat' dir='ltr'><strong>et</strong></span> <span class='ocrx_word' id='word_1_256' title='bbox 1913 3535 2155 3590; x_wconf 89' lang='lat' dir='ltr'><strong>domes-</strong></span> 
     </span>
    </p>
   </div>
   <div class='ocr_carea' id='block_1_39' title="bbox 506 3623 2158 3695">
    <p class='ocr_par' dir='ltr' id='par_1_39' title="bbox 506 3623 2158 3695">
     <span class='ocr_line' id='line_1_39' title="bbox 506 3623 2158 3695; baseline -0.007 -8"><span class='ocrx_word' id='word_1_257' title='bbox 506 3629 636 3687; x_wconf 87' lang='lat' dir='ltr'><strong>ticis</strong></span> <span class='ocrx_word' id='word_1_258' title='bbox 665 3626 805 3685; x_wconf 85' lang='lat' dir='ltr'><strong>ﬁdei</strong></span> <span class='ocrx_word' id='word_1_259' title='bbox 833 3623 1106 3680; x_wconf 80' lang='lat' dir='ltr'><strong>exhibete</strong></span> <span class='ocrx_word' id='word_1_260' title='bbox 1136 3623 1556 3695; x_wconf 83' lang='lat' dir='ltr'><strong>vosmetipsos,</strong></span> <span class='ocrx_word' id='word_1_261' title='bbox 1590 3630 1653 3678; x_wconf 89' lang='lat' dir='ltr'><strong>ut</strong></span> <span class='ocrx_word' id='word_1_262' title='bbox 1694 3625 1804 3679; x_wconf 85' lang='lat' dir='ltr'><strong>Dei</strong></span> <span class='ocrx_word' id='word_1_263' title='bbox 1858 3624 2158 3679; x_wconf 81' lang='lat' dir='ltr'><strong>ministros</strong></span> 
     </span>
    </p>
   </div>
   <div class='ocr_carea' id='block_1_40' title="bbox 507 3714 2158 3787">
    <p class='ocr_par' dir='ltr' id='par_1_40' title="bbox 507 3714 2158 3787">
     <span class='ocr_line' id='line_1_40' title="bbox 507 3714 2158 3787; baseline -0.006 -10"><span class='ocrx_word' id='word_1_264' title='bbox 507 3722 574 3777; x_wconf 81' lang='lat' dir='ltr'><strong>in</strong></span> <span class='ocrx_word' id='word_1_265' title='bbox 592 3718 786 3777; x_wconf 85' lang='lat' dir='ltr'><strong>multa</strong></span> <span class='ocrx_word' id='word_1_266' title='bbox 806 3716 1129 3787; x_wconf 82' lang='lat' dir='ltr'><strong>patientia,</strong></span> <span class='ocrx_word' id='word_1_267' title='bbox 1160 3716 1221 3770; x_wconf 87' lang='lat' dir='ltr'><strong>in</strong></span> <span class='ocrx_word' id='word_1_268' title='bbox 1266 3715 1740 3785; x_wconf 76' lang='lat' dir='ltr'><strong>longanimitate,</strong></span> <span class='ocrx_word' id='word_1_269' title='bbox 1774 3716 1835 3770; x_wconf 85' lang='lat' dir='ltr'><strong>in</strong></span> <span class='ocrx_word' id='word_1_270' title='bbox 1892 3714 2158 3784; x_wconf 83' lang='lat' dir='ltr'><strong>benigni-</strong></span> 
     </span>
    </p>
   </div>
   <div class='ocr_carea' id='block_1_41' title="bbox 512 3803 2160 3878">
    <p class='ocr_par' dir='ltr' id='par_1_41' title="bbox 512 3803 2160 3878">
     <span class='ocr_line' id='line_1_41' title="bbox 512 3803 2160 3878; baseline -0.007 -9"><span class='ocrx_word' id='word_1_271' title='bbox 512 3815 654 3878; x_wconf 83' lang='lat' dir='ltr'><strong>tate,</strong></span> <span class='ocrx_word' id='word_1_272' title='bbox 678 3810 742 3865; x_wconf 85' lang='lat' dir='ltr'><strong>in</strong></span> <span class='ocrx_word' id='word_1_273' title='bbox 789 3806 1027 3878; x_wconf 78' lang='lat' dir='ltr'><strong>Spiritu</strong></span> <span class='ocrx_word' id='word_1_274' title='bbox 1056 3812 1283 3873; x_wconf 86' lang='lat' dir='ltr'><strong>sancto,</strong></span> <span class='ocrx_word' id='word_1_275' title='bbox 1329 3806 1391 3860; x_wconf 89' lang='lat' dir='ltr'><strong>in</strong></span> <span class='ocrx_word' id='word_1_276' title='bbox 1432 3803 1729 3861; x_wconf 88' lang='lat' dir='ltr'><strong>charitate</strong></span> <span class='ocrx_word' id='word_1_277' title='bbox 1758 3819 1877 3860; x_wconf 88' lang='lat' dir='ltr'><strong>non</strong></span> <span class='ocrx_word' id='word_1_278' title='bbox 1906 3806 2068 3873; x_wconf 84' lang='lat' dir='ltr'><strong>ﬁcta,</strong></span> <span class='ocrx_word' id='word_1_279' title='bbox 2098 3805 2160 3859; x_wconf 87' lang='lat' dir='ltr'><strong>in</strong></span> 
     </span>
    </p>
   </div>
   <div class='ocr_carea' id='block_1_42' title="bbox 513 3895 2161 3964">
    <p class='ocr_par' dir='ltr' id='par_1_42' title="bbox 513 3895 2161 3964">
     <span class='ocr_line' id='line_1_42' title="bbox 513 3895 2161 3964; baseline -0.005 -5"><span class='ocrx_word' id='word_1_280' title='bbox 513 3900 688 3959; x_wconf 83' lang='lat' dir='ltr'><strong>verba</strong></span> <span class='ocrx_word' id='word_1_281' title='bbox 714 3896 1005 3961; x_wconf 79' lang='lat' dir='ltr'><strong>veritatis,</strong></span> <span class='ocrx_word' id='word_1_282' title='bbox 1039 3899 1102 3952; x_wconf 86' lang='lat' dir='ltr'><strong>in</strong></span> <span class='ocrx_word' id='word_1_283' title='bbox 1134 3896 1354 3954; x_wconf 81' lang='lat' dir='ltr'><strong>virtute</strong></span> <span class='ocrx_word' id='word_1_284' title='bbox 1390 3895 1501 3951; x_wconf 88' lang='lat' dir='ltr'><strong>Dei</strong></span> <span class='ocrx_word' id='word_1_285' title='bbox 1531 3910 1544 3949; x_wconf 91' lang='lat'><strong>:</strong></span> <span class='ocrx_word' id='word_1_286' title='bbox 1567 3909 1682 3964; x_wconf 77' lang='lat' dir='ltr'><strong>per</strong></span> <span class='ocrx_word' id='word_1_287' title='bbox 1709 3908 1883 3950; x_wconf 85' lang='lat' dir='ltr'><strong>arma</strong></span> <span class='ocrx_word' id='word_1_288' title='bbox 1904 3895 2161 3964; x_wconf 67' lang='lat' dir='ltr'><strong>justitia’</strong></span> 
     </span>
    </p>
   </div>
   <div class='ocr_carea' id='block_1_43' title="bbox 510 3984 2160 4056">
    <p class='ocr_par' dir='ltr' id='par_1_43' title="bbox 510 3984 2160 4056">
     <span class='ocr_line' id='line_1_43' title="bbox 510 3984 2160 4056; baseline -0.006 -7"><span class='ocrx_word' id='word_1_289' title='bbox 510 4006 550 4049; x_wconf 89' lang='lat' dir='ltr'><strong>a</strong></span> <span class='ocrx_word' id='word_1_290' title='bbox 577 3990 806 4048; x_wconf 73' lang='lat' dir='ltr'><strong>dextris</strong></span> <span class='ocrx_word' id='word_1_291' title='bbox 834 3993 889 4045; x_wconf 85' lang='lat' dir='ltr'><strong>et</strong></span> <span class='ocrx_word' id='word_1_292' title='bbox 919 3986 1200 4055; x_wconf 84' lang='lat' dir='ltr'><strong>sinistris,</strong></span> <span class='ocrx_word' id='word_1_293' title='bbox 1219 4001 1331 4055; x_wconf 80' lang='lat' dir='ltr'><strong>per</strong></span> <span class='ocrx_word' id='word_1_294' title='bbox 1349 3984 1606 4056; x_wconf 77' lang='lat' dir='ltr'><strong>gloriam</strong></span> <span class='ocrx_word' id='word_1_295' title='bbox 1629 3989 1683 4041; x_wconf 89' lang='lat' dir='ltr'><strong>et</strong></span> <span class='ocrx_word' id='word_1_296' title='bbox 1706 3985 2160 4054; x_wconf 80' lang='lat' dir='ltr'><strong>ignobilitatem,</strong></span> 
     </span>
    </p>
   </div>
   <div class='ocr_carea' id='block_1_44' title="bbox 505 4074 2163 4150">
    <p class='ocr_par' dir='ltr' id='par_1_44' title="bbox 505 4074 2163 4150">
     <span class='ocr_line' id='line_1_44' title="bbox 505 4074 2163 4150; baseline -0.004 -15"><span class='ocrx_word' id='word_1_297' title='bbox 505 4094 622 4150; x_wconf 80' lang='lat' dir='ltr'><strong>per</strong></span> <span class='ocrx_word' id='word_1_298' title='bbox 648 4078 965 4147; x_wconf 84' lang='lat' dir='ltr'><strong>infamiam</strong></span> <span class='ocrx_word' id='word_1_299' title='bbox 997 4082 1051 4132; x_wconf 91' lang='lat' dir='ltr'><strong>et</strong></span> <span class='ocrx_word' id='word_1_300' title='bbox 1075 4076 1287 4132; x_wconf 85' lang='lat' dir='ltr'><strong>bonam</strong></span> <span class='ocrx_word' id='word_1_301' title='bbox 1331 4075 1561 4143; x_wconf 82' lang='lat' dir='ltr'><strong>famam</strong></span> <span class='ocrx_word' id='word_1_302' title='bbox 1594 4093 1605 4130; x_wconf 86' lang='lat'><strong>:</strong></span> <span class='ocrx_word' id='word_1_303' title='bbox 1653 4080 1715 4128; x_wconf 88' lang='lat' dir='ltr'><strong>ut</strong></span> <span class='ocrx_word' id='word_1_304' title='bbox 1742 4074 2077 4130; x_wconf 85' lang='lat' dir='ltr'><strong>seductorcs</strong></span> <span class='ocrx_word' id='word_1_305' title='bbox 2109 4078 2163 4129; x_wconf 83' lang='lat' dir='ltr'><strong>et</strong></span> 
     </span>
    </p>
   </div>
   <div class='ocr_carea' id='block_1_45' title="bbox 513 4164 2164 4235">
    <p class='ocr_par' dir='ltr' id='par_1_45' title="bbox 513 4164 2164 4235">
     <span class='ocr_line' id='line_1_45' title="bbox 513 4164 2164 4235; baseline -0.006 -9"><span class='ocrx_word' id='word_1_306' title='bbox 513 4180 750 4226; x_wconf 84' lang='lat' dir='ltr'><strong>veraces</strong></span> <span class='ocrx_word' id='word_1_307' title='bbox 779 4180 800 4221; x_wconf 79' lang='grc'><strong>.’</strong></span> <span class='ocrx_word' id='word_1_308' title='bbox 820 4166 973 4223; x_wconf 86' lang='lat' dir='ltr'><strong>sicut</strong></span> <span class='ocrx_word' id='word_1_309' title='bbox 1016 4164 1282 4235; x_wconf 86' lang='lat' dir='ltr'><strong>ignorati</strong></span> <span class='ocrx_word' id='word_1_310' title='bbox 1322 4170 1375 4220; x_wconf 89' lang='lat' dir='ltr'><strong>et</strong></span> <span class='ocrx_word' id='word_1_311' title='bbox 1406 4165 1678 4234; x_wconf 80' lang='lat' dir='ltr'><strong>cogniti:</strong></span> <span class='ocrx_word' id='word_1_312' title='bbox 1706 4170 1991 4233; x_wconf 87' lang='lat' dir='ltr'><strong>tanquam</strong></span> <span class='ocrx_word' id='word_1_313' title='bbox 2046 4177 2164 4217; x_wconf 89' lang='lat' dir='ltr'><strong>mo-</strong></span> 
     </span>
    </p>
   </div>
   <div class='ocr_carea' id='block_1_46' title="bbox 515 4253 2167 4325">
    <p class='ocr_par' dir='ltr' id='par_1_46' title="bbox 515 4253 2167 4325">
     <span class='ocr_line' id='line_1_46' title="bbox 515 4253 2167 4325; baseline -0.005 -11"><span class='ocrx_word' id='word_1_314' title='bbox 515 4258 753 4325; x_wconf 66' lang='lat' dir='ltr'><strong>rientes,</strong></span> <span class='ocrx_word' id='word_1_315' title='bbox 781 4260 836 4312; x_wconf 89' lang='lat' dir='ltr'><strong>et</strong></span> <span class='ocrx_word' id='word_1_316' title='bbox 865 4269 994 4311; x_wconf 77' lang='lat' dir='ltr'><strong>ecce</strong></span> <span class='ocrx_word' id='word_1_317' title='bbox 1040 4255 1288 4311; x_wconf 84' lang='lat' dir='ltr'><strong>vivimus</strong></span> <span class='ocrx_word' id='word_1_318' title='bbox 1328 4253 1419 4324; x_wconf 91' lang='lat' dir='ltr'><strong>(II</strong></span> <span class='ocrx_word' id='word_1_319' title='bbox 1445 4253 1580 4309; x_wconf 84' lang='lat' dir='ltr'><strong>Cor.</strong></span> <span class='ocrx_word' id='word_1_320' title='bbox 1611 4269 1688 4317; x_wconf 79' lang='lat' dir='ltr'><strong>v1,</strong></span> <span class='ocrx_word' id='word_1_321' title='bbox 1714 4256 1747 4308; x_wconf 79' lang='grc'><strong>4</strong></span> <span class='ocrx_word' id='word_1_322' title='bbox 1780 4257 1836 4308; x_wconf 92' lang='lat' dir='ltr'><strong>et</strong></span> <span class='ocrx_word' id='word_1_323' title='bbox 1866 4255 2056 4323; x_wconf 86' lang='lat' dir='ltr'><strong>seqq.)</strong></span> <span class='ocrx_word' id='word_1_324' title='bbox 2102 4254 2167 4306; x_wconf 86' lang='lat' dir='ltr'><strong>Et</strong></span> 
     </span>
    </p>
   </div>
   <div class='ocr_carea' id='block_1_47' title="bbox 1660 193 2678 256">
    <p class='ocr_par' dir='ltr' id='par_1_47' title="bbox 1660 193 2678 256">
     <span class='ocr_line' id='line_1_47' title="bbox 1660 193 2678 256; baseline 0 0"><span class='ocrx_word' id='word_1_325' title='bbox 1660 202 1717 256; x_wconf 91' lang='lat' dir='ltr'><strong>S.</strong></span> <span class='ocrx_word' id='word_1_326' title='bbox 1759 195 2038 253; x_wconf 80' lang='lat' dir='ltr'><strong>EULOGII</strong></span> <span class='ocrx_word' id='word_1_327' title='bbox 2074 193 2392 253; x_wconf 73' lang='lat' dir='ltr'><strong>ARCHIEP.</strong></span> <span class='ocrx_word' id='word_1_328' title='bbox 2437 199 2678 255; x_wconf 83' lang='lat' dir='ltr'><strong>TOLET.</strong></span> 
     </span>
    </p>
   </div>
   <div class='ocr_carea' id='block_1_48' title="bbox 3766 204 3866 259">
    <p class='ocr_par' dir='ltr' id='par_1_48' title="bbox 3766 204 3866 259">
     <span class='ocr_line' id='line_1_48' title="bbox 3766 204 3866 259; baseline -0.02 0"><span class='ocrx_word' id='word_1_329' title='bbox 3766 204 3866 259; x_wconf 64' lang='grc' dir='ltr'><strong>πε</strong></span> 
     </span>
    </p>
   </div>
   <div class='ocr_carea' id='block_1_49' title="bbox 2221 322 3871 395">
    <p class='ocr_par' dir='ltr' id='par_1_49' title="bbox 2221 322 3871 395">
     <span class='ocr_line' id='line_1_49' title="bbox 2221 322 3871 395; baseline 0.004 -21"><span class='ocrx_word' id='word_1_330' title='bbox 2221 337 2478 392; x_wconf 89' lang='lat' dir='ltr'><strong>quorum</strong></span> <span class='ocrx_word' id='word_1_331' title='bbox 2538 322 2895 393; x_wconf 88' lang='lat' dir='ltr'><strong>constantia,</strong></span> <span class='ocrx_word' id='word_1_332' title='bbox 2954 322 3347 395; x_wconf 78' lang='lat' dir='ltr'><strong>simplicitate,</strong></span> <span class='ocrx_word' id='word_1_333' title='bbox 3400 327 3458 380; x_wconf 92' lang='lat' dir='ltr'><strong>et</strong></span> <span class='ocrx_word' id='word_1_334' title='bbox 3504 323 3871 394; x_wconf 84' lang='lat' dir='ltr'><strong>fortitudine,</strong></span> 
     </span>
    </p>
   </div>
   <div class='ocr_carea' id='block_1_50' title="bbox 2225 412 3881 488">
    <p class='ocr_par' dir='ltr' id='par_1_50' title="bbox 2225 412 3881 488">
     <span class='ocr_line' id='line_1_50' title="bbox 2225 412 3881 488; baseline 0.002 -21"><span class='ocrx_word' id='word_1_335' title='bbox 2225 412 2598 483; x_wconf 78' lang='lat' dir='ltr'><strong>discretione,</strong></span> <span class='ocrx_word' id='word_1_336' title='bbox 2625 426 2681 470; x_wconf 85' lang='lat' dir='ltr'><strong>et</strong></span> <span class='ocrx_word' id='word_1_337' title='bbox 2706 415 3025 488; x_wconf 83' lang='lat' dir='ltr'><strong>prudentia</strong></span> <span class='ocrx_word' id='word_1_338' title='bbox 3047 414 3334 470; x_wconf 86' lang='lat' dir='ltr'><strong>Eusebius</strong></span> <span class='ocrx_word' id='word_1_339' title='bbox 3358 414 3734 471; x_wconf 75' lang='lat' dir='ltr'><strong>Caesariensis</strong></span> <span class='ocrx_word' id='word_1_340' title='bbox 3756 415 3881 486; x_wconf 85' lang='lat' dir='ltr'><strong>epi-</strong></span> 
     </span>
    </p>
   </div>
   <div class='ocr_carea' id='block_1_51' title="bbox 2228 502 3873 575">
    <p class='ocr_par' dir='ltr' id='par_1_51' title="bbox 2228 502 3873 575">
     <span class='ocr_line' id='line_1_51' title="bbox 2228 502 3873 575; baseline 0 -18"><span class='ocrx_word' id='word_1_341' title='bbox 2228 518 2445 575; x_wconf 90' lang='lat' dir='ltr'><strong>scopus</strong></span> <span class='ocrx_word' id='word_1_342' title='bbox 2474 518 2673 559; x_wconf 90' lang='lat' dir='ltr'><strong>rerum</strong></span> <span class='ocrx_word' id='word_1_343' title='bbox 2708 503 3246 559; x_wconf 88' lang='lat' dir='ltr'><strong>ecclesiasticarum</strong></span> <span class='ocrx_word' id='word_1_344' title='bbox 3279 502 3591 559; x_wconf 88' lang='lat' dir='ltr'><strong>historiam</strong></span> <span class='ocrx_word' id='word_1_345' title='bbox 3645 507 3873 571; x_wconf 81' lang='lat' dir='ltr'><strong>texens,</strong></span> 
     </span>
    </p>
   </div>
   <div class='ocr_carea' id='block_1_52' title="bbox 2231 592 3880 666">
    <p class='ocr_par' dir='ltr' id='par_1_52' title="bbox 2231 592 3880 666">
     <span class='ocr_line' id='line_1_52' title="bbox 2231 592 3880 666; baseline 0.001 -19"><span class='ocrx_word' id='word_1_346' title='bbox 2231 592 2310 647; x_wconf 83' lang='lat' dir='ltr'><strong>ait</strong></span> <span class='ocrx_word' id='word_1_347' title='bbox 2344 609 2355 645; x_wconf 89' lang='lat'><strong>:</strong></span> <span class='ocrx_word' id='word_1_348' title='bbox 2392 596 2627 649; x_wconf 81' lang='lat' dir='ltr'><strong>«Erant</strong></span> <span class='ocrx_word' id='word_1_349' title='bbox 2676 610 2817 664; x_wconf 83' lang='lat' dir='ltr'><strong>ergo</strong></span> <span class='ocrx_word' id='word_1_350' title='bbox 2870 597 3166 666; x_wconf 87' lang='lat' dir='ltr'><strong>martyres</strong></span> <span class='ocrx_word' id='word_1_351' title='bbox 3220 594 3434 651; x_wconf 77' lang='lat' dir='ltr'><strong>Christi</strong></span> <span class='ocrx_word' id='word_1_352' title='bbox 3481 592 3633 651; x_wconf 86' lang='lat' dir='ltr'><strong>inter</strong></span> <span class='ocrx_word' id='word_1_353' title='bbox 3668 593 3880 651; x_wconf 81' lang='lat' dir='ltr'><strong>fratres</strong></span> 
     </span>
    </p>
   </div>
   <div class='ocr_carea' id='block_1_53' title="bbox 2227 681 3886 755">
    <p class='ocr_par' dir='ltr' id='par_1_53' title="bbox 2227 681 3886 755">
     <span class='ocr_line' id='line_1_53' title="bbox 2227 681 3886 755; baseline 0.001 -18"><span class='ocrx_word' id='word_1_354' title='bbox 2227 681 2503 749; x_wconf 88' lang='lat' dir='ltr'><strong>humiles,</strong></span> <span class='ocrx_word' id='word_1_355' title='bbox 2526 683 2677 740; x_wconf 88' lang='lat' dir='ltr'><strong>inter</strong></span> <span class='ocrx_word' id='word_1_356' title='bbox 2695 687 3105 755; x_wconf 89' lang='lat' dir='ltr'><strong>persecutores</strong></span> <span class='ocrx_word' id='word_1_357' title='bbox 3131 681 3287 746; x_wconf 89' lang='lat' dir='ltr'><strong>elati,</strong></span> <span class='ocrx_word' id='word_1_358' title='bbox 3313 682 3438 738; x_wconf 88' lang='lat' dir='ltr'><strong>suis</strong></span> <span class='ocrx_word' id='word_1_359' title='bbox 3463 683 3655 751; x_wconf 86' lang='lat' dir='ltr'><strong>mites,</strong></span> <span class='ocrx_word' id='word_1_360' title='bbox 3679 682 3886 739; x_wconf 84' lang='lat' dir='ltr'><strong>adver-</strong></span> 
     </span>
    </p>
   </div>
   <div class='ocr_carea' id='block_1_54' title="bbox 2232 771 3887 842">
    <p class='ocr_par' dir='ltr' id='par_1_54' title="bbox 2232 771 3887 842">
     <span class='ocr_line' id='line_1_54' title="bbox 2232 771 3887 842; baseline -0.002 -16"><span class='ocrx_word' id='word_1_361' title='bbox 2232 771 2399 826; x_wconf 86' lang='lat' dir='ltr'><strong>sariis</strong></span> <span class='ocrx_word' id='word_1_362' title='bbox 2428 771 2736 837; x_wconf 88' lang='lat' dir='ltr'><strong>terribiles,</strong></span> <span class='ocrx_word' id='word_1_363' title='bbox 2764 772 2991 829; x_wconf 87' lang='lat' dir='ltr'><strong>Christo</strong></span> <span class='ocrx_word' id='word_1_364' title='bbox 3036 771 3307 842; x_wconf 88' lang='lat' dir='ltr'><strong>subjecti,</strong></span> <span class='ocrx_word' id='word_1_365' title='bbox 3342 771 3590 828; x_wconf 86' lang='lat' dir='ltr'><strong>diabolo</strong></span> <span class='ocrx_word' id='word_1_366' title='bbox 3621 772 3819 828; x_wconf 71' lang='lat' dir='ltr'><strong>erecti.</strong></span> <span class='ocrx_word' id='word_1_367' title='bbox 3857 794 3887 822; x_wconf 70' lang='grc' dir='ltr'><strong><em>ιο</em></strong></span> 
     </span>
    </p>
   </div>
   <div class='ocr_carea' id='block_1_55' title="bbox 2235 861 3877 934">
    <p class='ocr_par' dir='ltr' id='par_1_55' title="bbox 2235 861 3877 934">
     <span class='ocr_line' id='line_1_55' title="bbox 2235 861 3877 934; baseline -0.001 -16"><span class='ocrx_word' id='word_1_368' title='bbox 2235 861 2349 918; x_wconf 87' lang='lat' dir='ltr'><strong>Sed</strong></span> <span class='ocrx_word' id='word_1_369' title='bbox 2377 866 2432 916; x_wconf 89' lang='lat' dir='ltr'><strong>et</strong></span> <span class='ocrx_word' id='word_1_370' title='bbox 2460 861 2755 916; x_wconf 77' lang='lat' dir='ltr'><strong>Arnobius</strong></span> <span class='ocrx_word' id='word_1_371' title='bbox 2780 862 2876 933; x_wconf 82' lang='lat' dir='ltr'><strong>(de</strong></span> <span class='ocrx_word' id='word_1_372' title='bbox 2903 877 3025 934; x_wconf 89' lang='lat' dir='ltr'><strong>quo</strong></span> <span class='ocrx_word' id='word_1_373' title='bbox 3053 877 3235 933; x_wconf 87' lang='lat' dir='ltr'><strong>supra</strong></span> <span class='ocrx_word' id='word_1_374' title='bbox 3258 861 3750 929; x_wconf 85' lang='lat' dir='ltr'><strong>memoravimus)</strong></span> <span class='ocrx_word' id='word_1_375' title='bbox 3772 861 3877 919; x_wconf 84' lang='lat' dir='ltr'><strong>ali-</strong></span> 
     </span>
    </p>
   </div>
   <div class='ocr_carea' id='block_1_56' title="bbox 2234 950 3890 1024">
    <p class='ocr_par' dir='ltr' id='par_1_56' title="bbox 2234 950 3890 1024">
     <span class='ocr_line' id='line_1_56' title="bbox 2234 950 3890 1024; baseline 0.001 -20"><span class='ocrx_word' id='word_1_376' title='bbox 2234 950 2381 1023; x_wconf 81' lang='lat' dir='ltr'><strong>quid</strong></span> <span class='ocrx_word' id='word_1_377' title='bbox 2407 951 2544 1007; x_wconf 77' lang='lat' dir='ltr'><strong>huic</strong></span> <span class='ocrx_word' id='word_1_378' title='bbox 2566 951 2755 1006; x_wconf 86' lang='lat' dir='ltr'><strong>simile</strong></span> <span class='ocrx_word' id='word_1_379' title='bbox 2774 951 2831 1007; x_wconf 91' lang='lat' dir='ltr'><strong>in</strong></span> <span class='ocrx_word' id='word_1_380' title='bbox 2843 951 3056 1007; x_wconf 84' lang='lat' dir='ltr'><strong>eodem</strong></span> <span class='ocrx_word' id='word_1_381' title='bbox 3077 951 3312 1024; x_wconf 88' lang='lat' dir='ltr'><strong>psalmo</strong></span> <span class='ocrx_word' id='word_1_382' title='bbox 3327 951 3630 1019; x_wconf 87' lang='lat' dir='ltr'><strong>disseruit,</strong></span> <span class='ocrx_word' id='word_1_383' title='bbox 3649 951 3890 1009; x_wconf 82' lang='lat' dir='ltr'><strong>dicens:</strong></span> 
     </span>
    </p>
   </div>
   <div class='ocr_carea' id='block_1_57' title="bbox 2241 1040 3897 1114">
    <p class='ocr_par' dir='ltr' id='par_1_57' title="bbox 2241 1040 3897 1114">
     <span class='ocr_line' id='line_1_57' title="bbox 2241 1040 3897 1114; baseline 0.001 -17"><span class='ocrx_word' id='word_1_384' title='bbox 2241 1064 2267 1089; x_wconf 86' lang='grc'><strong>‹‹</strong></span> <span class='ocrx_word' id='word_1_385' title='bbox 2301 1046 2422 1109; x_wconf 80' lang='lat' dir='ltr'><strong>Age</strong></span> <span class='ocrx_word' id='word_1_386' title='bbox 2449 1056 2610 1109; x_wconf 82' lang='lat' dir='ltr'><strong>ergo,</strong></span> <span class='ocrx_word' id='word_1_387' title='bbox 2635 1048 2692 1097; x_wconf 88' lang='lat' dir='ltr'><strong>et</strong></span> <span class='ocrx_word' id='word_1_388' title='bbox 2720 1057 2860 1096; x_wconf 91' lang='lat' dir='ltr'><strong>cum</strong></span> <span class='ocrx_word' id='word_1_389' title='bbox 2886 1040 3299 1114; x_wconf 86' lang='lat' dir='ltr'><strong>pugnantibus</strong></span> <span class='ocrx_word' id='word_1_390' title='bbox 3334 1055 3576 1113; x_wconf 86' lang='lat' dir='ltr'><strong>pugna;</strong></span> <span class='ocrx_word' id='word_1_391' title='bbox 3607 1046 3664 1097; x_wconf 89' lang='lat' dir='ltr'><strong>et</strong></span> <span class='ocrx_word' id='word_1_392' title='bbox 3688 1042 3736 1097; x_wconf 88' lang='lat' dir='ltr'><strong>si</strong></span> <span class='ocrx_word' id='word_1_393' title='bbox 3792 1056 3897 1099; x_wconf 83' lang='lat' dir='ltr'><strong>au-</strong></span> 
     </span>
    </p>
   </div>
   <div class='ocr_carea' id='block_1_58' title="bbox 2242 1130 3894 1203">
    <p class='ocr_par' dir='ltr' id='par_1_58' title="bbox 2242 1130 3894 1203">
     <span class='ocr_line' id='line_1_58' title="bbox 2242 1130 3894 1203; baseline 0.001 -17"><span class='ocrx_word' id='word_1_394' title='bbox 2242 1131 2449 1187; x_wconf 82' lang='lat' dir='ltr'><strong>xilium</strong></span> <span class='ocrx_word' id='word_1_395' title='bbox 2476 1130 2754 1203; x_wconf 87' lang='lat' dir='ltr'><strong>poposcis</strong></span> <span class='ocrx_word' id='word_1_396' title='bbox 2776 1147 2813 1185; x_wconf 87' lang='lat' dir='ltr'><strong>a</strong></span> <span class='ocrx_word' id='word_1_397' title='bbox 2844 1145 3005 1199; x_wconf 83' lang='lat' dir='ltr'><strong>rege,</strong></span> <span class='ocrx_word' id='word_1_398' title='bbox 3054 1135 3492 1201; x_wconf 85' lang='lat' dir='ltr'><strong>repugnantem</strong></span> <span class='ocrx_word' id='word_1_399' title='bbox 3542 1134 3596 1187; x_wconf 88' lang='lat' dir='ltr'><strong>te</strong></span> <span class='ocrx_word' id='word_1_400' title='bbox 3620 1130 3894 1189; x_wconf 87' lang='lat' dir='ltr'><strong>ostende.</strong></span> 
     </span>
    </p>
   </div>
   <div class='ocr_carea' id='block_1_59' title="bbox 2246 1219 3898 1292">
    <p class='ocr_par' dir='ltr' id='par_1_59' title="bbox 2246 1219 3898 1292">
     <span class='ocr_line' id='line_1_59' title="bbox 2246 1219 3898 1292; baseline 0.002 -16"><span class='ocrx_word' id='word_1_401' title='bbox 2246 1220 2485 1288; x_wconf 66' lang='lat' dir='ltr'><strong>Linguae</strong></span> <span class='ocrx_word' id='word_1_402' title='bbox 2507 1223 2715 1276; x_wconf 84' lang='lat' dir='ltr'><strong>contra</strong></span> <span class='ocrx_word' id='word_1_403' title='bbox 2746 1224 2798 1275; x_wconf 91' lang='lat' dir='ltr'><strong>te</strong></span> <span class='ocrx_word' id='word_1_404' title='bbox 2834 1223 3126 1292; x_wconf 81' lang='lat' dir='ltr'><strong>pugnant,</strong></span> <span class='ocrx_word' id='word_1_405' title='bbox 3163 1235 3317 1292; x_wconf 88' lang='lat' dir='ltr'><strong>quas</strong></span> <span class='ocrx_word' id='word_1_406' title='bbox 3353 1222 3579 1277; x_wconf 88' lang='lat' dir='ltr'><strong>acuunt</strong></span> <span class='ocrx_word' id='word_1_407' title='bbox 3617 1219 3898 1287; x_wconf 70' lang='lat' dir='ltr'><strong>haeretici,</strong></span> 
     </span>
    </p>
   </div>
   <div class='ocr_carea' id='block_1_60' title="bbox 2247 1309 3900 1381">
    <p class='ocr_par' dir='ltr' id='par_1_60' title="bbox 2247 1309 3900 1381">
     <span class='ocr_line' id='line_1_60' title="bbox 2247 1309 3900 1381; baseline 0 -16"><span class='ocrx_word' id='word_1_408' title='bbox 2247 1309 2397 1365; x_wconf 90' lang='lat' dir='ltr'><strong>sicut</strong></span> <span class='ocrx_word' id='word_1_409' title='bbox 2418 1314 2720 1381; x_wconf 89' lang='lat' dir='ltr'><strong>serpentes</strong></span> <span class='ocrx_word' id='word_1_410' title='bbox 2746 1327 2758 1375; x_wconf 82' lang='lat'><strong>;</strong></span> <span class='ocrx_word' id='word_1_411' title='bbox 2791 1309 2883 1365; x_wconf 89' lang='lat' dir='ltr'><strong>his</strong></span> <span class='ocrx_word' id='word_1_412' title='bbox 2899 1313 2957 1365; x_wconf 92' lang='lat' dir='ltr'><strong>et</strong></span> <span class='ocrx_word' id='word_1_413' title='bbox 2975 1315 3033 1363; x_wconf 90' lang='lat' dir='ltr'><strong>tu</strong></span> <span class='ocrx_word' id='word_1_414' title='bbox 3054 1313 3183 1367; x_wconf 90' lang='lat' dir='ltr'><strong>esto</strong></span> <span class='ocrx_word' id='word_1_415' title='bbox 3204 1309 3356 1365; x_wconf 91' lang='lat' dir='ltr'><strong>sicut</strong></span> <span class='ocrx_word' id='word_1_416' title='bbox 3379 1324 3627 1381; x_wconf 88' lang='lat' dir='ltr'><strong>serpens</strong></span> <span class='ocrx_word' id='word_1_417' title='bbox 3640 1314 3900 1376; x_wconf 83' lang='lat' dir='ltr'><strong>astutus,</strong></span> 
     </span>
    </p>
   </div>
   <div class='ocr_carea' id='block_1_61' title="bbox 2247 1397 3901 1471">
    <p class='ocr_par' dir='ltr' id='par_1_61' title="bbox 2247 1397 3901 1471">
     <span class='ocr_line' id='line_1_61' title="bbox 2247 1397 3901 1471; baseline 0.002 -18"><span class='ocrx_word' id='word_1_418' title='bbox 2247 1403 2376 1454; x_wconf 91' lang='lat' dir='ltr'><strong>ette</strong></span> <span class='ocrx_word' id='word_1_419' title='bbox 2405 1398 2737 1471; x_wconf 87' lang='lat' dir='ltr'><strong>simplicem</strong></span> <span class='ocrx_word' id='word_1_420' title='bbox 2769 1403 2832 1454; x_wconf 90' lang='lat' dir='ltr'><strong>ut</strong></span> <span class='ocrx_word' id='word_1_421' title='bbox 2873 1397 3219 1454; x_wconf 89' lang='lat' dir='ltr'><strong>columbam</strong></span> <span class='ocrx_word' id='word_1_422' title='bbox 3246 1413 3378 1453; x_wconf 86' lang='lat' dir='ltr'><strong>esse</strong></span> <span class='ocrx_word' id='word_1_423' title='bbox 3409 1397 3640 1455; x_wconf 86' lang='lat' dir='ltr'><strong>civibus</strong></span> <span class='ocrx_word' id='word_1_424' title='bbox 3666 1397 3808 1468; x_wconf 88' lang='lat' dir='ltr'><strong>tuis,</strong></span> <span class='ocrx_word' id='word_1_425' title='bbox 3840 1399 3901 1456; x_wconf 89' lang='lat' dir='ltr'><strong>id</strong></span> 
     </span>
    </p>
   </div>
   <div class='ocr_carea' id='block_1_62' title="bbox 2247 1486 3904 1554">
    <p class='ocr_par' dir='ltr' id='par_1_62' title="bbox 2247 1486 3904 1554">
     <span class='ocr_line' id='line_1_62' title="bbox 2247 1486 3904 1554; baseline 0 -10"><span class='ocrx_word' id='word_1_426' title='bbox 2247 1494 2334 1545; x_wconf 91' lang='lat' dir='ltr'><strong>est</strong></span> <span class='ocrx_word' id='word_1_427' title='bbox 2363 1489 2665 1546; x_wconf 88' lang='lat' dir='ltr'><strong>catholicis</strong></span> <span class='ocrx_word' id='word_1_428' title='bbox 2695 1487 2833 1544; x_wconf 89' lang='lat' dir='ltr'><strong>solis</strong></span> <span class='ocrx_word' id='word_1_429' title='bbox 2857 1488 3126 1551; x_wconf 89' lang='lat' dir='ltr'><strong>ostende,</strong></span> <span class='ocrx_word' id='word_1_430' title='bbox 3146 1488 3479 1545; x_wconf 69' lang='lat' dir='ltr'><strong>bCaeterum</strong></span> <span class='ocrx_word' id='word_1_431' title='bbox 3500 1486 3816 1554; x_wconf 75' lang='lat' dir='ltr'><strong>haereticis,</strong></span> <span class='ocrx_word' id='word_1_432' title='bbox 3846 1492 3904 1544; x_wconf 84' lang='lat' dir='ltr'><strong>et</strong></span> 
     </span>
    </p>
   </div>
   <div class='ocr_carea' id='block_1_63' title="bbox 2249 1577 3902 1649">
    <p class='ocr_par' dir='ltr' id='par_1_63' title="bbox 2249 1577 3902 1649">
     <span class='ocr_line' id='line_1_63' title="bbox 2249 1577 3902 1649; baseline -0.001 -13"><span class='ocrx_word' id='word_1_433' title='bbox 2249 1580 2474 1636; x_wconf 87' lang='lat' dir='ltr'><strong>cunctis</strong></span> <span class='ocrx_word' id='word_1_434' title='bbox 2514 1584 2722 1635; x_wconf 86' lang='lat' dir='ltr'><strong>contra</strong></span> <span class='ocrx_word' id='word_1_435' title='bbox 2768 1578 3075 1634; x_wconf 80' lang='lat' dir='ltr'><strong>veritatem</strong></span> <span class='ocrx_word' id='word_1_436' title='bbox 3133 1577 3534 1648; x_wconf 90' lang='lat' dir='ltr'><strong>venientibus,</strong></span> <span class='ocrx_word' id='word_1_437' title='bbox 3582 1577 3727 1649; x_wconf 89' lang='lat' dir='ltr'><strong>ipsis</strong></span> <span class='ocrx_word' id='word_1_438' title='bbox 3785 1594 3902 1634; x_wconf 81' lang='lat' dir='ltr'><strong>ser-</strong></span> 
     </span>
    </p>
   </div>
   <div class='ocr_carea' id='block_1_64' title="bbox 2247 1667 3901 1742">
    <p class='ocr_par' dir='ltr' id='par_1_64' title="bbox 2247 1667 3901 1742">
     <span class='ocr_line' id='line_1_64' title="bbox 2247 1667 3901 1742; baseline -0.002 -16"><span class='ocrx_word' id='word_1_439' title='bbox 2247 1670 2527 1742; x_wconf 84' lang='lat' dir='ltr'><strong>pentibus</strong></span> <span class='ocrx_word' id='word_1_440' title='bbox 2556 1673 2684 1725; x_wconf 91' lang='lat' dir='ltr'><strong>esto</strong></span> <span class='ocrx_word' id='word_1_441' title='bbox 2713 1669 2983 1725; x_wconf 87' lang='lat' dir='ltr'><strong>astutior.</strong></span> <span class='ocrx_word' id='word_1_442' title='bbox 3046 1668 3171 1724; x_wconf 79' lang='lat' dir='ltr'><strong>Noli</strong></span> <span class='ocrx_word' id='word_1_443' title='bbox 3222 1667 3427 1724; x_wconf 91' lang='lat' dir='ltr'><strong>timere</strong></span> <span class='ocrx_word' id='word_1_444' title='bbox 3461 1684 3474 1721; x_wconf 91' lang='lat'><strong>:</strong></span> <span class='ocrx_word' id='word_1_445' title='bbox 3504 1668 3740 1737; x_wconf 85' lang='lat' dir='ltr'><strong>jussum</strong></span> <span class='ocrx_word' id='word_1_446' title='bbox 3802 1668 3901 1722; x_wconf 88' lang='lat' dir='ltr'><strong>tibi</strong></span> 
     </span>
    </p>
   </div>
   <div class='ocr_carea' id='block_1_65' title="bbox 2248 1755 3904 1816">
    <p class='ocr_par' dir='ltr' id='par_1_65' title="bbox 2248 1755 3904 1816">
     <span class='ocr_line' id='line_1_65' title="bbox 2248 1755 3904 1816; baseline -0.002 0"><span class='ocrx_word' id='word_1_447' title='bbox 2248 1765 2339 1816; x_wconf 87' lang='lat' dir='ltr'><strong>est</strong></span> <span class='ocrx_word' id='word_1_448' title='bbox 2367 1776 2403 1814; x_wconf 89' lang='lat' dir='ltr'><strong>a</strong></span> <span class='ocrx_word' id='word_1_449' title='bbox 2436 1758 2685 1814; x_wconf 88' lang='lat' dir='ltr'><strong>Domino</strong></span> <span class='ocrx_word' id='word_1_450' title='bbox 2744 1763 2865 1813; x_wconf 90' lang='lat' dir='ltr'><strong>tuo.</strong></span> <span class='ocrx_word' id='word_1_451' title='bbox 2902 1758 3052 1813; x_wconf 87' lang='lat' dir='ltr'><strong>Tam</strong></span> <span class='ocrx_word' id='word_1_452' title='bbox 3094 1757 3258 1813; x_wconf 88' lang='lat' dir='ltr'><strong>bona</strong></span> <span class='ocrx_word' id='word_1_453' title='bbox 3294 1760 3382 1813; x_wconf 90' lang='lat' dir='ltr'><strong>est</strong></span> <span class='ocrx_word' id='word_1_454' title='bbox 3426 1755 3646 1812; x_wconf 86' lang='lat' dir='ltr'><strong>astutia</strong></span> <span class='ocrx_word' id='word_1_455' title='bbox 3696 1762 3904 1813; x_wconf 82' lang='lat' dir='ltr'><strong>contra</strong></span> 
     </span>
    </p>
   </div>
   <div class='ocr_carea' id='block_1_66' title="bbox 2249 1844 3898 1920">
    <p class='ocr_par' dir='ltr' id='par_1_66' title="bbox 2249 1844 3898 1920">
     <span class='ocr_line' id='line_1_66' title="bbox 2249 1844 3898 1920; baseline -0.001 -17"><span class='ocrx_word' id='word_1_456' title='bbox 2249 1848 2556 1909; x_wconf 82' lang='lat' dir='ltr'><strong>malitiam,</strong></span> <span class='ocrx_word' id='word_1_457' title='bbox 2576 1863 2763 1920; x_wconf 89' lang='lat' dir='ltr'><strong>quam</strong></span> <span class='ocrx_word' id='word_1_458' title='bbox 2788 1846 3049 1915; x_wconf 84' lang='lat' dir='ltr'><strong>benigna</strong></span> <span class='ocrx_word' id='word_1_459' title='bbox 3061 1845 3406 1918; x_wconf 88' lang='lat' dir='ltr'><strong>simplicitas</strong></span> <span class='ocrx_word' id='word_1_460' title='bbox 3424 1844 3581 1901; x_wconf 89' lang='lat' dir='ltr'><strong>circa</strong></span> <span class='ocrx_word' id='word_1_461' title='bbox 3588 1845 3898 1915; x_wconf 86' lang='lat' dir='ltr'><strong>justitiam.</strong></span> 
     </span>
    </p>
   </div>
   <div class='ocr_carea' id='block_1_67' title="bbox 2251 1932 3903 2006">
    <p class='ocr_par' dir='ltr' id='par_1_67' title="bbox 2251 1932 3903 2006">
     <span class='ocr_line' id='line_1_67' title="bbox 2251 1932 3903 2006; baseline -0.001 -14"><span class='ocrx_word' id='word_1_462' title='bbox 2251 1936 2463 1993; x_wconf 89' lang='lat' dir='ltr'><strong>Occide</strong></span> <span class='ocrx_word' id='word_1_463' title='bbox 2492 1936 2821 2004; x_wconf 62' lang='lat' dir='ltr'><strong>hxereticos,</strong></span> <span class='ocrx_word' id='word_1_464' title='bbox 2855 1941 2913 1990; x_wconf 89' lang='lat' dir='ltr'><strong>et</strong></span> <span class='ocrx_word' id='word_1_465' title='bbox 2940 1934 3171 1991; x_wconf 88' lang='lat' dir='ltr'><strong>Domini</strong></span> <span class='ocrx_word' id='word_1_466' title='bbox 3214 1934 3295 1991; x_wconf 89' lang='lat' dir='ltr'><strong>tui</strong></span> <span class='ocrx_word' id='word_1_467' title='bbox 3352 1932 3651 2006; x_wconf 88' lang='lat' dir='ltr'><strong>spirituali</strong></span> <span class='ocrx_word' id='word_1_468' title='bbox 3707 1933 3903 2002; x_wconf 86' lang='lat' dir='ltr'><strong>gladio</strong></span> 
     </span>
    </p>
   </div>
   <div class='ocr_carea' id='block_1_68' title="bbox 2251 2023 2890 2081">
    <p class='ocr_par' dir='ltr' id='par_1_68' title="bbox 2251 2023 2890 2081">
     <span class='ocr_line' id='line_1_68' title="bbox 2251 2023 2890 2081; baseline -0.013 0"><span class='ocrx_word' id='word_1_469' title='bbox 2251 2025 2513 2081; x_wconf 84' lang='lat' dir='ltr'><strong>interﬁce</strong></span> <span class='ocrx_word' id='word_1_470' title='bbox 2533 2023 2824 2079; x_wconf 86' lang='lat' dir='ltr'><strong>inimicos.</strong></span> <span class='ocrx_word' id='word_1_471' title='bbox 2862 2046 2890 2072; x_wconf 82' lang='grc'><strong><em>››</em></strong></span> 
     </span>
    </p>
   </div>
   <div class='ocr_carea' id='block_1_69' title="bbox 2322 2111 3899 2184">
    <p class='ocr_par' dir='ltr' id='par_1_69' title="bbox 2322 2111 3899 2184">
     <span class='ocr_line' id='line_1_69' title="bbox 2322 2111 3899 2184; baseline -0.003 -13"><span class='ocrx_word' id='word_1_472' title='bbox 2322 2118 2409 2171; x_wconf 81' lang='lat'><strong>22.</strong></span> <span class='ocrx_word' id='word_1_473' title='bbox 2441 2113 2531 2169; x_wconf 86' lang='lat' dir='ltr'><strong>Sic</strong></span> <span class='ocrx_word' id='word_1_474' title='bbox 2562 2112 2845 2169; x_wconf 89' lang='lat' dir='ltr'><strong>nimirum</strong></span> <span class='ocrx_word' id='word_1_475' title='bbox 2874 2112 3036 2169; x_wconf 90' lang='lat' dir='ltr'><strong>beati</strong></span> <span class='ocrx_word' id='word_1_476' title='bbox 3062 2117 3353 2184; x_wconf 86' lang='lat' dir='ltr'><strong>martyres</strong></span> <span class='ocrx_word' id='word_1_477' title='bbox 3379 2112 3488 2184; x_wconf 87' lang='lat'><strong>(13)</strong></span> <span class='ocrx_word' id='word_1_478' title='bbox 3518 2111 3899 2182; x_wconf 82' lang='lat' dir='ltr'><strong>Emetherius,</strong></span> 
     </span>
    </p>
   </div>
   <div class='ocr_carea' id='block_1_70' title="bbox 2253 2202 3903 2275">
    <p class='ocr_par' dir='ltr' id='par_1_70' title="bbox 2253 2202 3903 2275">
     <span class='ocr_line' id='line_1_70' title="bbox 2253 2202 3903 2275; baseline -0.001 -15"><span class='ocrx_word' id='word_1_479' title='bbox 2253 2208 2309 2261; x_wconf 88' lang='lat' dir='ltr'><strong>et</strong></span> <span class='ocrx_word' id='word_1_480' title='bbox 2333 2203 2702 2271; x_wconf 87' lang='lat' dir='ltr'><strong>Celedonius,</strong></span> <span class='ocrx_word' id='word_1_481' title='bbox 2736 2219 2876 2259; x_wconf 91' lang='lat' dir='ltr'><strong>cum</strong></span> <span class='ocrx_word' id='word_1_482' title='bbox 2897 2202 3128 2260; x_wconf 91' lang='lat' dir='ltr'><strong>tradere</strong></span> <span class='ocrx_word' id='word_1_483' title='bbox 3142 2218 3249 2275; x_wconf 92' lang='lat' dir='ltr'><strong>pro</strong></span> <span class='ocrx_word' id='word_1_484' title='bbox 3274 2203 3526 2259; x_wconf 91' lang='lat' dir='ltr'><strong>Domino</strong></span> <span class='ocrx_word' id='word_1_485' title='bbox 3546 2202 3785 2259; x_wconf 86' lang='lat' dir='ltr'><strong>animas</strong></span> <span class='ocrx_word' id='word_1_486' title='bbox 3805 2216 3903 2259; x_wconf 83' lang='lat' dir='ltr'><strong>an-</strong></span> 
     </span>
    </p>
   </div>
   <div class='ocr_carea' id='block_1_71' title="bbox 2254 2285 3903 2365">
    <p class='ocr_par' dir='ltr' id='par_1_71' title="bbox 2254 2285 3903 2365">
     <span class='ocr_line' id='line_1_71' title="bbox 2254 2285 3903 2365; baseline -0.004 -16"><span class='ocrx_word' id='word_1_487' title='bbox 2254 2293 2539 2360; x_wconf 88' lang='lat' dir='ltr'><strong>helarent,</strong></span> <span class='ocrx_word' id='word_1_488' title='bbox 2564 2291 2663 2349; x_wconf 87' lang='lat' dir='ltr'><strong>tali</strong></span> <span class='ocrx_word' id='word_1_489' title='bbox 2704 2308 2833 2349; x_wconf 91' lang='lat' dir='ltr'><strong>sese</strong></span> <span class='ocrx_word' id='word_1_490' title='bbox 2877 2290 3130 2349; x_wconf 87' lang='lat' dir='ltr'><strong>invicem</strong></span> <span class='ocrx_word' id='word_1_491' title='bbox 3160 2290 3243 2348; x_wconf 90' lang='lat' dir='ltr'><strong>ad</strong></span> <span class='ocrx_word' id='word_1_492' title='bbox 3270 2285 3617 2365; x_wconf 69' lang='lat' dir='ltr'><strong>passionem</strong></span> <span class='ocrx_word' id='word_1_493' title='bbox 3646 2294 3903 2349; x_wconf 81' lang='lat' dir='ltr'><strong>astantes</strong></span> 
     </span>
    </p>
   </div>
   <div class='ocr_carea' id='block_1_72' title="bbox 2254 2379 3898 2455">
    <p class='ocr_par' dir='ltr' id='par_1_72' title="bbox 2254 2379 3898 2455">
     <span class='ocr_line' id='line_1_72' title="bbox 2254 2379 3898 2455; baseline -0.004 -14"><span class='ocrx_word' id='word_1_494' title='bbox 2254 2386 2491 2441; x_wconf 88' lang='lat' dir='ltr'><strong>hortatu</strong></span> <span class='ocrx_word' id='word_1_495' title='bbox 2518 2382 2832 2455; x_wconf 89' lang='lat' dir='ltr'><strong>impellunt</strong></span> <span class='ocrx_word' id='word_1_496' title='bbox 2864 2400 2873 2438; x_wconf 92' lang='lat'><strong>:</strong></span> <span class='ocrx_word' id='word_1_497' title='bbox 2910 2404 2938 2433; x_wconf 73' lang='grc' dir='ltr'><strong>(ι</strong></span> <span class='ocrx_word' id='word_1_498' title='bbox 2975 2381 3161 2437; x_wconf 63' lang='grc' dir='ltr'><strong>ιθθτίαι</strong></span> <span class='ocrx_word' id='word_1_499' title='bbox 3189 2393 3212 2424; x_wconf 77' lang='grc' dir='ltr'><strong>ο</strong></span> <span class='ocrx_word' id='word_1_500' title='bbox 3244 2381 3470 2454; x_wconf 89' lang='lat' dir='ltr'><strong>ubique</strong></span> <span class='ocrx_word' id='word_1_501' title='bbox 3496 2379 3727 2437; x_wconf 85' lang='lat' dir='ltr'><strong>hostem</strong></span> <span class='ocrx_word' id='word_1_502' title='bbox 3756 2379 3898 2436; x_wconf 75' lang='lat' dir='ltr'><strong>mis-</strong></span> 
     </span>
    </p>
   </div>
   <div class='ocr_carea' id='block_1_73' title="bbox 2257 2466 3894 2537">
    <p class='ocr_par' dir='ltr' id='par_1_73' title="bbox 2257 2466 3894 2537">
     <span class='ocr_line' id='line_1_73' title="bbox 2257 2466 3894 2537; baseline -0.002 -9"><span class='ocrx_word' id='word_1_503' title='bbox 2257 2472 2462 2529; x_wconf 88' lang='lat' dir='ltr'><strong>silibus</strong></span> <span class='ocrx_word' id='word_1_504' title='bbox 2489 2472 2614 2528; x_wconf 86' lang='lat' dir='ltr'><strong>suis</strong></span> <span class='ocrx_word' id='word_1_505' title='bbox 2666 2471 2899 2528; x_wconf 87' lang='lat' dir='ltr'><strong>vibrata</strong></span> <span class='ocrx_word' id='word_1_506' title='bbox 2951 2470 3269 2537; x_wconf 87' lang='lat' dir='ltr'><strong>confessio,</strong></span> <span class='ocrx_word' id='word_1_507' title='bbox 3342 2474 3402 2527; x_wconf 92' lang='lat' dir='ltr'><strong>et</strong></span> <span class='ocrx_word' id='word_1_508' title='bbox 3445 2468 3713 2527; x_wconf 81' lang='lat' dir='ltr'><strong>latentem</strong></span> <span class='ocrx_word' id='word_1_509' title='bbox 3756 2466 3894 2524; x_wconf 82' lang='lat' dir='ltr'><strong>ﬁdei</strong></span> 
     </span>
    </p>
   </div>
   <div class='ocr_carea' id='block_1_74' title="bbox 2255 2557 3893 2632">
    <p class='ocr_par' dir='ltr' id='par_1_74' title="bbox 2255 2557 3893 2632">
     <span class='ocr_line' id='line_1_74' title="bbox 2255 2557 3893 2632; baseline -0.005 -12"><span class='ocrx_word' id='word_1_510' title='bbox 2255 2560 2944 2632; x_wconf 87' lang='lat' dir='ltr'><strong>inimicum,ubicunque</strong></span> <span class='ocrx_word' id='word_1_511' title='bbox 2961 2560 3155 2631; x_wconf 86' lang='lat' dir='ltr'><strong>fuerit,</strong></span> <span class='ocrx_word' id='word_1_512' title='bbox 3170 2558 3566 2632; x_wconf 86' lang='lat' dir='ltr'><strong>inquiramus.</strong></span> <span class='ocrx_word' id='word_1_513' title='bbox 3581 2580 3608 2608; x_wconf 74' lang='grc' dir='ltr'><strong><em>ιι</em></strong></span> <span class='ocrx_word' id='word_1_514' title='bbox 3620 2558 3662 2614; x_wconf 88' lang='lat'>0</span> <span class='ocrx_word' id='word_1_515' title='bbox 3675 2557 3893 2613; x_wconf 81' lang='lat' dir='ltr'><strong>incom-</strong></span> 
     </span>
    </p>
   </div>
   <div class='ocr_carea' id='block_1_75' title="bbox 2256 2645 3901 2725">
    <p class='ocr_par' dir='ltr' id='par_1_75' title="bbox 2256 2645 3901 2725">
     <span class='ocr_line' id='line_1_75' title="bbox 2256 2645 3901 2725; baseline -0.002 -19"><span class='ocrx_word' id='word_1_516' title='bbox 2256 2650 2540 2725; x_wconf 85' lang='lat' dir='ltr'><strong>parabilis</strong></span> <span class='ocrx_word' id='word_1_517' title='bbox 2579 2651 3066 2719; x_wconf 88' lang='lat' dir='ltr'><strong>magnanimitas,</strong></span> <span class='ocrx_word' id='word_1_518' title='bbox 3107 2653 3164 2706; x_wconf 88' lang='lat' dir='ltr'><strong>et</strong></span> <span class='ocrx_word' id='word_1_519' title='bbox 3200 2648 3483 2706; x_wconf 88' lang='lat' dir='ltr'><strong>fortitudo</strong></span> <span class='ocrx_word' id='word_1_520' title='bbox 3529 2645 3901 2714; x_wconf 81' lang='lat' dir='ltr'><strong>admiranda,</strong></span> 
     </span>
    </p>
   </div>
   <div class='ocr_carea' id='block_1_76' title="bbox 2256 2734 3901 2811">
    <p class='ocr_par' dir='ltr' id='par_1_76' title="bbox 2256 2734 3901 2811">
     <span class='ocr_line' id='line_1_76' title="bbox 2256 2734 3901 2811; baseline -0.002 -14"><span class='ocrx_word' id='word_1_521' title='bbox 2256 2739 2586 2805; x_wconf 89' lang='lat' dir='ltr'><strong>laudanda,</strong></span> <span class='ocrx_word' id='word_1_522' title='bbox 2620 2743 2798 2811; x_wconf 88' lang='lat' dir='ltr'><strong>atque</strong></span> <span class='ocrx_word' id='word_1_523' title='bbox 2818 2739 3092 2795; x_wconf 83' lang='lat' dir='ltr'><strong>imitante.</strong></span> <span class='ocrx_word' id='word_1_524' title='bbox 3129 2737 3511 2795; x_wconf 76' lang='lat' dir='ltr'><strong>sanctorum!</strong></span> <span class='ocrx_word' id='word_1_525' title='bbox 3547 2739 3697 2802; x_wconf 85' lang='lat' dir='ltr'><strong>Qua,</strong></span> <span class='ocrx_word' id='word_1_526' title='bbox 3727 2734 3901 2793; x_wconf 79' lang='lat' dir='ltr'><strong>etiam</strong></span> 
     </span>
    </p>
   </div>
   <div class='ocr_carea' id='block_1_77' title="bbox 2261 2818 3904 2896">
    <p class='ocr_par' dir='ltr' id='par_1_77' title="bbox 2261 2818 3904 2896">
     <span class='ocr_line' id='line_1_77' title="bbox 2261 2818 3904 2896; baseline -0.003 -17"><span class='ocrx_word' id='word_1_527' title='bbox 2261 2824 2310 2881; x_wconf 92' lang='lat' dir='ltr'><strong>si</strong></span> <span class='ocrx_word' id='word_1_528' title='bbox 2332 2828 2563 2896; x_wconf 88' lang='lat' dir='ltr'><strong>torpeat</strong></span> <span class='ocrx_word' id='word_1_529' title='bbox 2592 2822 2889 2890; x_wconf 88' lang='lat' dir='ltr'><strong>inimicus,</strong></span> <span class='ocrx_word' id='word_1_530' title='bbox 2928 2838 2998 2879; x_wconf 88' lang='lat' dir='ltr'><strong>ac</strong></span> <span class='ocrx_word' id='word_1_531' title='bbox 3033 2823 3312 2895; x_wconf 86' lang='lat' dir='ltr'><strong>persequi</strong></span> <span class='ocrx_word' id='word_1_532' title='bbox 3353 2820 3673 2879; x_wconf 81' lang='lat' dir='ltr'><strong>Ecclesiam</strong></span> <span class='ocrx_word' id='word_1_533' title='bbox 3705 2818 3807 2875; x_wconf 90' lang='lat' dir='ltr'><strong>Dei</strong></span> <span class='ocrx_word' id='word_1_534' title='bbox 3833 2818 3904 2874; x_wconf 89' lang='lat' dir='ltr'><strong>si-</strong></span> 
     </span>
    </p>
   </div>
   <div class='ocr_carea' id='block_1_78' title="bbox 2259 2907 3906 2985">
    <p class='ocr_par' dir='ltr' id='par_1_78' title="bbox 2259 2907 3906 2985">
     <span class='ocr_line' id='line_1_78' title="bbox 2259 2907 3906 2985; baseline -0.004 -15"><span class='ocrx_word' id='word_1_535' title='bbox 2259 2919 2381 2981; x_wconf 91' lang='lat' dir='ltr'><strong>nat,</strong></span> <span class='ocrx_word' id='word_1_536' title='bbox 2410 2913 2737 2985; x_wconf 90' lang='lat' dir='ltr'><strong>irrumpere</strong></span> <span class='ocrx_word' id='word_1_537' title='bbox 2778 2917 2979 2969; x_wconf 90' lang='lat' dir='ltr'><strong>tamen</strong></span> <span class='ocrx_word' id='word_1_538' title='bbox 3033 2911 3329 2968; x_wconf 89' lang='lat' dir='ltr'><strong>latebram</strong></span> <span class='ocrx_word' id='word_1_539' title='bbox 3358 2913 3508 2982; x_wconf 86' lang='lat' dir='ltr'><strong>ejus.</strong></span> <span class='ocrx_word' id='word_1_540' title='bbox 3563 2914 3622 2965; x_wconf 93' lang='lat' dir='ltr'><strong>et</strong></span> <span class='ocrx_word' id='word_1_541' title='bbox 3668 2907 3906 2965; x_wconf 86' lang='lat' dir='ltr'><strong>incitare</strong></span> 
     </span>
    </p>
   </div>
   <div class='ocr_carea' id='block_1_79' title="bbox 2262 2997 3908 3076">
    <p class='ocr_par' dir='ltr' id='par_1_79' title="bbox 2262 2997 3908 3076">
     <span class='ocr_line' id='line_1_79' title="bbox 2262 2997 3908 3076; baseline -0.004 -17"><span class='ocrx_word' id='word_1_542' title='bbox 2262 3004 2465 3076; x_wconf 90' lang='lat' dir='ltr'><strong>ipsum</strong></span> <span class='ocrx_word' id='word_1_543' title='bbox 2495 3002 2572 3059; x_wconf 87' lang='lat' dir='ltr'><strong>ad</strong></span> <span class='ocrx_word' id='word_1_544' title='bbox 2607 3001 2834 3058; x_wconf 89' lang='lat' dir='ltr'><strong>bellum</strong></span> <span class='ocrx_word' id='word_1_545' title='bbox 2889 3001 3208 3073; x_wconf 89' lang='lat' dir='ltr'><strong>jubemur;</strong></span> <span class='ocrx_word' id='word_1_546' title='bbox 3258 3004 3325 3058; x_wconf 92' lang='lat' dir='ltr'><strong>ut</strong></span> <span class='ocrx_word' id='word_1_547' title='bbox 3351 3001 3585 3056; x_wconf 89' lang='lat' dir='ltr'><strong>hostem</strong></span> <span class='ocrx_word' id='word_1_548' title='bbox 3630 2997 3908 3069; x_wconf 84' lang='lat' dir='ltr'><strong>frigidum</strong></span> 
     </span>
    </p>
   </div>
   <div class='ocr_carea' id='block_1_80' title="bbox 2263 3087 3908 3161">
    <p class='ocr_par' dir='ltr' id='par_1_80' title="bbox 2263 3087 3908 3161">
     <span class='ocr_line' id='line_1_80' title="bbox 2263 3087 3908 3161; baseline -0.003 -14"><span class='ocrx_word' id='word_1_549' title='bbox 2263 3097 2540 3149; x_wconf 86' lang='lat' dir='ltr'><strong>strenuus</strong></span> <span class='ocrx_word' id='word_1_550' title='bbox 2566 3091 2929 3161; x_wconf 86' lang='lat' dir='ltr'><strong>agonotheta</strong></span> <span class='ocrx_word' id='word_1_551' title='bbox 2958 3089 3266 3156; x_wconf 90' lang='lat' dir='ltr'><strong>accendat,</strong></span> <span class='ocrx_word' id='word_1_552' title='bbox 3300 3088 3561 3161; x_wconf 83' lang='lat' dir='ltr'><strong>proferat</strong></span> <span class='ocrx_word' id='word_1_553' title='bbox 3608 3087 3908 3149; x_wconf 85' lang='lat' dir='ltr'><strong>latentem,</strong></span> 
     </span>
    </p>
   </div>
   <div class='ocr_carea' id='block_1_81' title="bbox 2264 3175 3908 3255">
    <p class='ocr_par' dir='ltr' id='par_1_81' title="bbox 2264 3175 3908 3255">
     <span class='ocr_line' id='line_1_81' title="bbox 2264 3175 3908 3255; baseline -0.005 -17"><span class='ocrx_word' id='word_1_554' title='bbox 2264 3182 2569 3253; x_wconf 88' lang='lat' dir='ltr'><strong>erigatque</strong></span> <span class='ocrx_word' id='word_1_555' title='bbox 2600 3180 2679 3237; x_wconf 91' lang='lat' dir='ltr'><strong>ad</strong></span> <span class='ocrx_word' id='word_1_556' title='bbox 2708 3180 3083 3255; x_wconf 74' lang='lat' dir='ltr'><strong>conserenda</strong></span> <span class='ocrx_word' id='word_1_557' title='bbox 3136 3177 3463 3236; x_wconf 88' lang='lat' dir='ltr'><strong>certamina</strong></span> <span class='ocrx_word' id='word_1_558' title='bbox 3517 3176 3811 3233; x_wconf 88' lang='lat' dir='ltr'><strong>desidem.</strong></span> <span class='ocrx_word' id='word_1_559' title='bbox 3850 3175 3908 3229; x_wconf 87' lang='lat' dir='ltr'><strong>Et</strong></span> 
     </span>
    </p>
   </div>
   <div class='ocr_carea' id='block_1_82' title="bbox 2265 3262 3907 3343">
    <p class='ocr_par' dir='ltr' id='par_1_82' title="bbox 2265 3262 3907 3343">
     <span class='ocr_line' id='line_1_82' title="bbox 2265 3262 3907 3343; baseline -0.005 -18"><span class='ocrx_word' id='word_1_560' title='bbox 2265 3285 2616 3343; x_wconf 89' lang='lat' dir='ltr'><strong>quanquam</strong></span> <span class='ocrx_word' id='word_1_561' title='bbox 2665 3267 2855 3325; x_wconf 81' lang='lat' dir='ltr'><strong>effuso</strong></span> <span class='ocrx_word' id='word_1_562' title='bbox 2910 3283 3119 3324; x_wconf 90' lang='lat' dir='ltr'><strong>cruore</strong></span> <span class='ocrx_word' id='word_1_563' title='bbox 3176 3265 3567 3323; x_wconf 87' lang='lat' dir='ltr'><strong>consternatis</strong></span> <span class='ocrx_word' id='word_1_564' title='bbox 3627 3262 3907 3320; x_wconf 85' lang='lat' dir='ltr'><strong>membris</strong></span> 
     </span>
    </p>
   </div>
   <div class='ocr_carea' id='block_1_83' title="bbox 2267 3355 3909 3428">
    <p class='ocr_par' dir='ltr' id='par_1_83' title="bbox 2267 3355 3909 3428">
     <span class='ocr_line' id='line_1_83' title="bbox 2267 3355 3909 3428; baseline -0.004 -13"><span class='ocrx_word' id='word_1_565' title='bbox 2267 3361 2642 3426; x_wconf 90' lang='lat' dir='ltr'><strong>succumbat,</strong></span> <span class='ocrx_word' id='word_1_566' title='bbox 2672 3359 2820 3415; x_wconf 82' lang='lat' dir='ltr'><strong>feret</strong></span> <span class='ocrx_word' id='word_1_567' title='bbox 2851 3363 3050 3416; x_wconf 86' lang='lat' dir='ltr'><strong>tamen</strong></span> <span class='ocrx_word' id='word_1_568' title='bbox 3076 3356 3155 3417; x_wconf 87' lang='lat' dir='ltr'><strong>ad</strong></span> <span class='ocrx_word' id='word_1_569' title='bbox 3195 3357 3403 3415; x_wconf 86' lang='lat' dir='ltr'><strong>sedem</strong></span> <span class='ocrx_word' id='word_1_570' title='bbox 3450 3355 3637 3428; x_wconf 87' lang='lat' dir='ltr'><strong>patris</strong></span> <span class='ocrx_word' id='word_1_571' title='bbox 3677 3360 3909 3426; x_wconf 87' lang='lat' dir='ltr'><strong>captum</strong></span> 
     </span>
    </p>
   </div>
   <div class='ocr_carea' id='block_1_84' title="bbox 2268 3443 3909 3523">
    <p class='ocr_par' dir='ltr' id='par_1_84' title="bbox 2268 3443 3909 3523">
     <span class='ocr_line' id='line_1_84' title="bbox 2268 3443 3909 3523; baseline -0.004 -17"><span class='ocrx_word' id='word_1_572' title='bbox 2268 3467 2341 3506; x_wconf 84' lang='lat' dir='ltr'><strong>ex</strong></span> <span class='ocrx_word' id='word_1_573' title='bbox 2384 3451 2553 3507; x_wconf 86' lang='lat' dir='ltr'><strong>hoste</strong></span> <span class='ocrx_word' id='word_1_574' title='bbox 2610 3450 3001 3523; x_wconf 89' lang='lat' dir='ltr'><strong>triumphum,</strong></span> <span class='ocrx_word' id='word_1_575' title='bbox 3061 3448 3303 3521; x_wconf 88' lang='lat' dir='ltr'><strong>spiritus</strong></span> <span class='ocrx_word' id='word_1_576' title='bbox 3358 3446 3607 3515; x_wconf 83' lang='lat' dir='ltr'><strong>belliger</strong></span> <span class='ocrx_word' id='word_1_577' title='bbox 3660 3443 3909 3501; x_wconf 75' lang='lat' dir='ltr'><strong>victoriae</strong></span> 
     </span>
    </p>
   </div>
   <div class='ocr_carea' id='block_1_85' title="bbox 2268 3534 3906 3611">
    <p class='ocr_par' dir='ltr' id='par_1_85' title="bbox 2268 3534 3906 3611">
     <span class='ocr_line' id='line_1_85' title="bbox 2268 3534 3906 3611; baseline -0.005 -16"><span class='ocrx_word' id='word_1_578' title='bbox 2268 3539 2473 3596; x_wconf 89' lang='lat' dir='ltr'><strong>laurea</strong></span> <span class='ocrx_word' id='word_1_579' title='bbox 2500 3540 2813 3611; x_wconf 90' lang='lat' dir='ltr'><strong>potiturus.</strong></span> <span class='ocrx_word' id='word_1_580' title='bbox 2865 3538 3093 3604; x_wconf 87' lang='lat' dir='ltr'><strong>Quiaiu</strong></span> <span class='ocrx_word' id='word_1_581' title='bbox 3109 3553 3181 3594; x_wconf 89' lang='lat' dir='ltr'><strong>eo</strong></span> <span class='ocrx_word' id='word_1_582' title='bbox 3230 3536 3382 3592; x_wconf 88' lang='lat' dir='ltr'><strong>vires</strong></span> <span class='ocrx_word' id='word_1_583' title='bbox 3405 3534 3604 3590; x_wconf 85' lang='lat' dir='ltr'><strong>militis</strong></span> <span class='ocrx_word' id='word_1_584' title='bbox 3639 3546 3906 3605; x_wconf 89' lang='lat' dir='ltr'><strong>compro-</strong></span> 
     </span>
    </p>
   </div>
   <div class='ocr_carea' id='block_1_86' title="bbox 2269 3618 3913 3699">
    <p class='ocr_par' dir='ltr' id='par_1_86' title="bbox 2269 3618 3913 3699">
     <span class='ocr_line' id='line_1_86' title="bbox 2269 3618 3913 3699; baseline -0.007 -15"><span class='ocrx_word' id='word_1_585' title='bbox 2269 3629 2487 3684; x_wconf 88' lang='lat' dir='ltr'><strong>bantur</strong></span> <span class='ocrx_word' id='word_1_586' title='bbox 2501 3628 2776 3697; x_wconf 76' lang='lat' dir='ltr'><strong>egregiee,</strong></span> <span class='ocrx_word' id='word_1_587' title='bbox 2789 3643 2912 3699; x_wconf 91' lang='lat' dir='ltr'><strong>quo</strong></span> <span class='ocrx_word' id='word_1_588' title='bbox 2922 3642 3046 3683; x_wconf 92' lang='lat' dir='ltr'><strong>non</strong></span> <span class='ocrx_word' id='word_1_589' title='bbox 3061 3625 3382 3699; x_wconf 80' lang='lat' dir='ltr'><strong>requisitus</strong></span> <span class='ocrx_word' id='word_1_590' title='bbox 3401 3623 3551 3679; x_wconf 87' lang='lat' dir='ltr'><strong>ultro</strong></span> <span class='ocrx_word' id='word_1_591' title='bbox 3566 3639 3628 3677; x_wconf 88' lang='lat' dir='ltr'><strong>se</strong></span> <span class='ocrx_word' id='word_1_592' title='bbox 3644 3618 3913 3679; x_wconf 89' lang='lat' dir='ltr'><strong>obtulerit</strong></span> 
     </span>
    </p>
   </div>
   <div class='ocr_carea' id='block_1_87' title="bbox 2268 3709 3909 3790">
    <p class='ocr_par' dir='ltr' id='par_1_87' title="bbox 2268 3709 3909 3790">
     <span class='ocr_line' id='line_1_87' title="bbox 2268 3709 3909 3790; baseline -0.007 -18"><span class='ocrx_word' id='word_1_593' title='bbox 2268 3716 2558 3790; x_wconf 78' lang='lat' dir='ltr'><strong>palaestrae</strong></span> <span class='ocrx_word' id='word_1_594' title='bbox 2580 3716 2870 3789; x_wconf 87' lang='lat' dir='ltr'><strong>martyrii,</strong></span> <span class='ocrx_word' id='word_1_595' title='bbox 2890 3718 3096 3771; x_wconf 89' lang='lat' dir='ltr'><strong>sancta</strong></span> <span class='ocrx_word' id='word_1_596' title='bbox 3108 3714 3412 3786; x_wconf 88' lang='lat' dir='ltr'><strong>Scriptura</strong></span> <span class='ocrx_word' id='word_1_597' title='bbox 3427 3715 3676 3768; x_wconf 87' lang='lat' dir='ltr'><strong>testante</strong></span> <span class='ocrx_word' id='word_1_598' title='bbox 3698 3709 3909 3777; x_wconf 74' lang='lat' dir='ltr'><strong>(ludio.</strong></span> 
     </span>
    </p>
   </div>
   <div class='ocr_carea' id='block_1_88' title="bbox 2270 3797 3910 3875">
    <p class='ocr_par' dir='ltr' id='par_1_88' title="bbox 2270 3797 3910 3875">
     <span class='ocr_line' id='line_1_88' title="bbox 2270 3797 3910 3875; baseline -0.007 -12"><span class='ocrx_word' id='word_1_599' title='bbox 2270 3823 2327 3872; x_wconf 85' lang='lat' dir='ltr'><strong>v,</strong></span> <span class='ocrx_word' id='word_1_600' title='bbox 2351 3810 2407 3874; x_wconf 79' lang='lat'><strong>2)</strong></span> <span class='ocrx_word' id='word_1_601' title='bbox 2426 3805 2452 3845; x_wconf 75' lang='grc' dir='ltr'><strong>ἀ</strong></span> <span class='ocrx_word' id='word_1_602' title='bbox 2477 3823 2488 3860; x_wconf 91' lang='lat'><strong>:</strong></span> <span class='ocrx_word' id='word_1_603' title='bbox 2516 3807 2628 3873; x_wconf 81' lang='lat' dir='ltr'><strong>Qui</strong></span> <span class='ocrx_word' id='word_1_604' title='bbox 2643 3807 2896 3875; x_wconf 79' lang='lat' dir='ltr'><strong>propria</strong></span> <span class='ocrx_word' id='word_1_605' title='bbox 2928 3806 3239 3861; x_wconf 82' lang='lat' dir='ltr'><strong>voluntate</strong></span> <span class='ocrx_word' id='word_1_606' title='bbox 3263 3802 3560 3859; x_wconf 84' lang='lat' dir='ltr'><strong>obtulistis</strong></span> <span class='ocrx_word' id='word_1_607' title='bbox 3588 3815 3688 3856; x_wconf 87' lang='lat' dir='ltr'><strong>vos</strong></span> <span class='ocrx_word' id='word_1_608' title='bbox 3721 3797 3910 3857; x_wconf 77' lang='lat' dir='ltr'><strong>discri-</strong></span> 
     </span>
    </p>
   </div>
   <div class='ocr_carea' id='block_1_89' title="bbox 2272 3888 3911 3963">
    <p class='ocr_par' dir='ltr' id='par_1_89' title="bbox 2272 3888 3911 3963">
     <span class='ocr_line' id='line_1_89' title="bbox 2272 3888 3911 3963; baseline -0.005 -12"><span class='ocrx_word' id='word_1_609' title='bbox 2272 3897 2437 3958; x_wconf 81' lang='lat' dir='ltr'><strong>mini,</strong></span> <span class='ocrx_word' id='word_1_610' title='bbox 2470 3896 2787 3952; x_wconf 77' lang='lat' dir='ltr'><strong>benedicite</strong></span> <span class='ocrx_word' id='word_1_611' title='bbox 2807 3895 3141 3950; x_wconf 81' lang='lat' dir='ltr'><strong>Dominum.</strong></span> <span class='ocrx_word' id='word_1_612' title='bbox 3170 3892 3228 3949; x_wconf 88' lang='lat' dir='ltr'><strong>Si</strong></span> <span class='ocrx_word' id='word_1_613' title='bbox 3247 3907 3390 3963; x_wconf 87' lang='lat' dir='ltr'><strong>ergo</strong></span> <span class='ocrx_word' id='word_1_614' title='bbox 3408 3890 3512 3963; x_wconf 89' lang='lat' dir='ltr'><strong>qui</strong></span> <span class='ocrx_word' id='word_1_615' title='bbox 3529 3888 3650 3945; x_wconf 87' lang='lat' dir='ltr'><strong>zelo</strong></span> <span class='ocrx_word' id='word_1_616' title='bbox 3672 3888 3911 3945; x_wconf 81' lang='lat' dir='ltr'><strong>charita-</strong></span> 
     </span>
    </p>
   </div>
   <div class='ocr_carea' id='block_1_90' title="bbox 2274 3979 3915 4051">
    <p class='ocr_par' dir='ltr' id='par_1_90' title="bbox 2274 3979 3915 4051">
     <span class='ocr_line' id='line_1_90' title="bbox 2274 3979 3915 4051; baseline -0.007 -9"><span class='ocrx_word' id='word_1_617' title='bbox 2274 3986 2344 4042; x_wconf 89' lang='lat' dir='ltr'><strong>tis</strong></span> <span class='ocrx_word' id='word_1_618' title='bbox 2392 3989 2609 4041; x_wconf 70' lang='lat' dir='ltr'><strong>nostras</strong></span> <span class='ocrx_word' id='word_1_619' title='bbox 2641 3983 3002 4040; x_wconf 88' lang='lat' dir='ltr'><strong>adversariis</strong></span> <span class='ocrx_word' id='word_1_620' title='bbox 3051 3980 3268 4038; x_wconf 84' lang='lat' dir='ltr'><strong>nostris</strong></span> <span class='ocrx_word' id='word_1_621' title='bbox 3313 3979 3507 4036; x_wconf 85' lang='lat' dir='ltr'><strong>ﬁdelis</strong></span> <span class='ocrx_word' id='word_1_622' title='bbox 3548 3981 3915 4051; x_wconf 73' lang='lat' dir='ltr'><strong>expugnator</strong></span> 
     </span>
    </p>
   </div>
   <div class='ocr_carea' id='block_1_91' title="bbox 2274 4063 3912 4141">
    <p class='ocr_par' dir='ltr' id='par_1_91' title="bbox 2274 4063 3912 4141">
     <span class='ocr_line' id='line_1_91' title="bbox 2274 4063 3912 4141; baseline -0.009 -9"><span class='ocrx_word' id='word_1_623' title='bbox 2274 4081 2626 4141; x_wconf 89' lang='lat' dir='ltr'><strong>occurreret,</strong></span> <span class='ocrx_word' id='word_1_624' title='bbox 2670 4090 2840 4130; x_wconf 87' lang='lat' dir='ltr'><strong>arma</strong></span> <span class='ocrx_word' id='word_1_625' title='bbox 2862 4077 3143 4141; x_wconf 85' lang='lat' dir='ltr'><strong>sumeret,</strong></span> <span class='ocrx_word' id='word_1_626' title='bbox 3167 4070 3413 4128; x_wconf 89' lang='lat' dir='ltr'><strong>ensibus</strong></span> <span class='ocrx_word' id='word_1_627' title='bbox 3448 4066 3764 4134; x_wconf 69' lang='lat' dir='ltr'><strong>desaaviret,</strong></span> <span class='ocrx_word' id='word_1_628' title='bbox 3784 4063 3912 4119; x_wconf 88' lang='lat' dir='ltr'><strong>aui-</strong></span> 
     </span>
    </p>
   </div>
   <div class='ocr_carea' id='block_1_92' title="bbox 2276 4154 3912 4236">
    <p class='ocr_par' dir='ltr' id='par_1_92' title="bbox 2276 4154 3912 4236">
     <span class='ocr_line' id='line_1_92' title="bbox 2276 4154 3912 4236; baseline -0.009 -15"><span class='ocrx_word' id='word_1_629' title='bbox 2276 4181 2440 4221; x_wconf 90' lang='lat' dir='ltr'><strong>mam</strong></span> <span class='ocrx_word' id='word_1_630' title='bbox 2463 4178 2684 4236; x_wconf 89' lang='lat' dir='ltr'><strong>ponere</strong></span> <span class='ocrx_word' id='word_1_631' title='bbox 2705 4161 3107 4227; x_wconf 87' lang='lat' dir='ltr'><strong>contenderet,</strong></span> <span class='ocrx_word' id='word_1_632' title='bbox 3127 4174 3517 4233; x_wconf 87' lang='lat' dir='ltr'><strong>nequaquam</strong></span> <span class='ocrx_word' id='word_1_633' title='bbox 3550 4172 3685 4212; x_wconf 90' lang='lat' dir='ltr'><strong>eum</strong></span> <span class='ocrx_word' id='word_1_634' title='bbox 3702 4154 3912 4209; x_wconf 88' lang='lat' dir='ltr'><strong>immu-</strong></span> 
     </span>
    </p>
   </div>
   <div class='ocr_carea' id='block_1_93' title="bbox 2275 4242 3921 4322">
    <p class='ocr_par' dir='ltr' id='par_1_93' title="bbox 2275 4242 3921 4322">
     <span class='ocr_line' id='line_1_93' title="bbox 2275 4242 3921 4322; baseline -0.008 -13"><span class='ocrx_word' id='word_1_635' title='bbox 2275 4269 2415 4309; x_wconf 91' lang='lat' dir='ltr'><strong>nem</strong></span> <span class='ocrx_word' id='word_1_636' title='bbox 2436 4251 2751 4320; x_wconf 85' lang='lat' dir='ltr'><strong>condignis</strong></span> <span class='ocrx_word' id='word_1_637' title='bbox 2775 4256 3115 4322; x_wconf 89' lang='lat' dir='ltr'><strong>pateremur</strong></span> <span class='ocrx_word' id='word_1_638' title='bbox 3131 4248 3417 4317; x_wconf 85' lang='lat' dir='ltr'><strong>donariis,</strong></span> <span class='ocrx_word' id='word_1_639' title='bbox 3441 4247 3491 4317; x_wconf 88' lang='lat' dir='ltr'><strong>ej</strong></span> <span class='ocrx_word' id='word_1_640' title='bbox 3502 4260 3690 4317; x_wconf 88' lang='lat' dir='ltr'><strong>usque</strong></span> <span class='ocrx_word' id='word_1_641' title='bbox 3715 4242 3921 4299; x_wconf 85' lang='lat' dir='ltr'><strong>libera-</strong></span> 
     </span>
    </p>
   </div>
   <div class='ocr_carea' id='block_1_94' title="bbox 513 4336 3920 4410">
    <p class='ocr_par' dir='ltr' id='par_1_94' title="bbox 513 4336 3920 4410">
     <span class='ocr_line' id='line_1_94' title="bbox 513 4336 3920 4410; baseline -0.005 -6"><span class='ocrx_word' id='word_1_642' title='bbox 513 4349 729 4404; x_wconf 89' lang='lat' dir='ltr'><strong>iterum</strong></span> <span class='ocrx_word' id='word_1_643' title='bbox 763 4360 775 4399; x_wconf 89' lang='lat'>:</span> <span class='ocrx_word' id='word_1_644' title='bbox 807 4344 1005 4400; x_wconf 86' lang='lat' dir='ltr'><strong>Estote</strong></span> <span class='ocrx_word' id='word_1_645' title='bbox 1034 4348 1232 4400; x_wconf 85' lang='lat' dir='ltr'><strong>autem</strong></span> <span class='ocrx_word' id='word_1_646' title='bbox 1252 4343 1502 4399; x_wconf 87' lang='lat' dir='ltr'><strong>invicem</strong></span> <span class='ocrx_word' id='word_1_647' title='bbox 1528 4342 1788 4410; x_wconf 85' lang='lat' dir='ltr'><strong>benigni,</strong></span> <span class='ocrx_word' id='word_1_648' title='bbox 1837 4342 2166 4397; x_wconf 86' lang='lat' dir='ltr'><strong>misericor-</strong></span> <span class='ocrx_word' id='word_1_649' title='bbox 2205 4356 2243 4408; x_wconf 83' lang='grc' dir='ltr'><strong>ι)</strong></span> <span class='ocrx_word' id='word_1_650' title='bbox 2275 4343 2499 4398; x_wconf 87' lang='lat' dir='ltr'><strong>litatem</strong></span> <span class='ocrx_word' id='word_1_651' title='bbox 2518 4341 2687 4409; x_wconf 84' lang='lat' dir='ltr'><strong>largo</strong></span> <span class='ocrx_word' id='word_1_652' title='bbox 2709 4336 3486 4396; x_wconf 81' lang='lat' dir='ltr'><strong>muniﬁcandambeneﬁcio</strong></span> <span class='ocrx_word' id='word_1_653' title='bbox 3507 4348 3920 4397; x_wconf 80' lang='lat' dir='ltr'><strong>censeremus;</strong></span> 
     </span>
    </p>
   </div>
   <div class='ocr_carea' id='block_1_95' title="bbox 514 4430 2168 4506">
    <p class='ocr_par' dir='ltr' id='par_1_95' title="bbox 514 4430 2168 4506">
     <span class='ocr_line' id='line_1_95' title="bbox 514 4430 2168 4506; baseline -0.007 -11"><span class='ocrx_word' id='word_1_654' title='bbox 514 4436 637 4506; x_wconf 78' lang='lat' dir='ltr'><strong>des,</strong></span> <span class='ocrx_word' id='word_1_655' title='bbox 658 4435 947 4492; x_wconf 83' lang='lat' dir='ltr'><strong>donantes</strong></span> <span class='ocrx_word' id='word_1_656' title='bbox 977 4433 1250 4492; x_wconf 87' lang='lat' dir='ltr'><strong>invicem.</strong></span> <span class='ocrx_word' id='word_1_657' title='bbox 1276 4432 1427 4488; x_wconf 89' lang='lat' dir='ltr'><strong>sicut</strong></span> <span class='ocrx_word' id='word_1_658' title='bbox 1448 4438 1503 4488; x_wconf 90' lang='lat' dir='ltr'><strong>et</strong></span> <span class='ocrx_word' id='word_1_659' title='bbox 1534 4433 1688 4488; x_wconf 86' lang='lat' dir='ltr'><strong>Deus</strong></span> <span class='ocrx_word' id='word_1_660' title='bbox 1720 4431 1783 4486; x_wconf 88' lang='lat' dir='ltr'><strong>in</strong></span> <span class='ocrx_word' id='word_1_661' title='bbox 1812 4430 2050 4487; x_wconf 81' lang='lat' dir='ltr'><strong>Christo</strong></span> <span class='ocrx_word' id='word_1_662' title='bbox 2067 4430 2168 4485; x_wconf 83' lang='lat' dir='ltr'><strong>do-</strong></span> 
     </span>
    </p>
   </div>
   <div class='ocr_carea' id='block_1_96' title="bbox 514 4519 2167 4597">
    <p class='ocr_par' dir='ltr' id='par_1_96' title="bbox 514 4519 2167 4597">
     <span class='ocr_line' id='line_1_96' title="bbox 514 4519 2167 4597; baseline -0.007 -12"><span class='ocrx_word' id='word_1_663' title='bbox 514 4526 685 4585; x_wconf 81' lang='lat' dir='ltr'><strong>navit</strong></span> <span class='ocrx_word' id='word_1_664' title='bbox 711 4524 880 4582; x_wconf 86' lang='lat' dir='ltr'><strong>nobis</strong></span> <span class='ocrx_word' id='word_1_665' title='bbox 905 4523 1145 4597; x_wconf 79' lang='lat' dir='ltr'><strong>(Ep/tes.</strong></span> <span class='ocrx_word' id='word_1_666' title='bbox 1179 4538 1260 4591; x_wconf 85' lang='lat' dir='ltr'><strong>IV,</strong></span> <span class='ocrx_word' id='word_1_667' title='bbox 1293 4523 1383 4592; x_wconf 80' lang='lat'><strong>32)</strong></span> <span class='ocrx_word' id='word_1_668' title='bbox 1417 4538 1429 4577; x_wconf 91' lang='lat'>:</span> <span class='ocrx_word' id='word_1_669' title='bbox 1465 4525 1530 4577; x_wconf 92' lang='lat' dir='ltr'><strong>ut</strong></span> <span class='ocrx_word' id='word_1_670' title='bbox 1556 4536 1694 4577; x_wconf 89' lang='lat' dir='ltr'><strong>vere</strong></span> <span class='ocrx_word' id='word_1_671' title='bbox 1746 4519 2167 4576; x_wconf 89' lang='lat' dir='ltr'><strong>columbarum</strong></span> 
     </span>
    </p>
   </div>
   <div class='ocr_carea' id='block_1_97' title="bbox 503 4608 2165 4686">
    <p class='ocr_par' dir='ltr' id='par_1_97' title="bbox 503 4608 2165 4686">
     <span class='ocr_line' id='line_1_97' title="bbox 503 4608 2165 4686; baseline -0.007 -12"><span class='ocrx_word' id='word_1_672' title='bbox 503 4618 809 4674; x_wconf 74' lang='lat' dir='ltr'><strong>sectantes</strong></span> <span class='ocrx_word' id='word_1_673' title='bbox 838 4612 1299 4686; x_wconf 84' lang='lat' dir='ltr'><strong>simplicitatem,</strong></span> <span class='ocrx_word' id='word_1_674' title='bbox 1330 4610 1545 4667; x_wconf 90' lang='lat' dir='ltr'><strong>eodem</strong></span> <span class='ocrx_word' id='word_1_675' title='bbox 1599 4608 1814 4666; x_wconf 86' lang='lat' dir='ltr'><strong>intuitu</strong></span> <span class='ocrx_word' id='word_1_676' title='bbox 1869 4624 1992 4682; x_wconf 89' lang='lat' dir='ltr'><strong>quo</strong></span> <span class='ocrx_word' id='word_1_677' title='bbox 2037 4624 2165 4664; x_wconf 89' lang='lat' dir='ltr'><strong>ves-</strong></span> 
     </span>
    </p>
   </div>
   <div class='ocr_carea' id='block_1_98' title="bbox 514 4699 2169 4781">
    <p class='ocr_par' dir='ltr' id='par_1_98' title="bbox 514 4699 2169 4781">
     <span class='ocr_line' id='line_1_98' title="bbox 514 4699 2169 4781; baseline -0.007 -15"><span class='ocrx_word' id='word_1_678' title='bbox 514 4711 692 4777; x_wconf 84' lang='lat' dir='ltr'><strong>tram,</strong></span> <span class='ocrx_word' id='word_1_679' title='bbox 718 4704 1133 4781; x_wconf 82' lang='lat' dir='ltr'><strong>proximorum</strong></span> <span class='ocrx_word' id='word_1_680' title='bbox 1156 4716 1402 4775; x_wconf 90' lang='lat' dir='ltr'><strong>quoque</strong></span> <span class='ocrx_word' id='word_1_681' title='bbox 1450 4699 1732 4757; x_wconf 73' lang='lat' dir='ltr'><strong>affectetis</strong></span> <span class='ocrx_word' id='word_1_682' title='bbox 1780 4699 2053 4756; x_wconf 90' lang='lat' dir='ltr'><strong>salutem.</strong></span> <span class='ocrx_word' id='word_1_683' title='bbox 2090 4700 2169 4755; x_wconf 91' lang='lat' dir='ltr'><strong>De</strong></span> 
     </span>
    </p>
   </div>
   <div class='ocr_carea' id='block_1_99' title="bbox 586 4863 2168 4938">
    <p class='ocr_par' dir='ltr' id='par_1_99' title="bbox 586 4863 2168 4938">
     <span class='ocr_line' id='line_1_99' title="bbox 586 4863 2168 4938; baseline -0.004 -13"><span class='ocrx_word' id='word_1_684' title='bbox 586 4884 609 4911; x_wconf 78' lang='grc' dir='ltr'>α</span> <span class='ocrx_word' id='word_1_685' title='bbox 640 4872 887 4925; x_wconf 78' lang='lat' dir='ltr'><strong>Textum</strong></span> <span class='ocrx_word' id='word_1_686' title='bbox 915 4866 1331 4938; x_wconf 85' lang='lat' dir='ltr'><strong>evangelicum</strong></span> <span class='ocrx_word' id='word_1_687' title='bbox 1383 4864 1685 4921; x_wconf 89' lang='lat' dir='ltr'><strong>credimus</strong></span> <span class='ocrx_word' id='word_1_688' title='bbox 1703 4863 2030 4938; x_wconf 76' lang='lat' dir='ltr'><strong>Eulogium</strong></span> <span class='ocrx_word' id='word_1_689' title='bbox 2062 4863 2168 4938; x_wconf 79' lang='lat' dir='ltr'><strong>ad-</strong></span> 
     </span>
    </p>
   </div>
   <div class='ocr_carea' id='block_1_100' title="bbox 517 4933 2168 5009">
    <p class='ocr_par' dir='ltr' id='par_1_100' title="bbox 517 4933 2168 5009">
     <span class='ocr_line' id='line_1_100' title="bbox 517 4933 2168 5009; baseline -0.006 -12"><span class='ocrx_word' id='word_1_690' title='bbox 517 4938 759 4997; x_wconf 83' lang='lat' dir='ltr'><strong>duxisse</strong></span> <span class='ocrx_word' id='word_1_691' title='bbox 789 4933 1122 5009; x_wconf 82' lang='lat' dir='ltr'><strong>secundum</strong></span> <span class='ocrx_word' id='word_1_692' title='bbox 1154 4940 1435 5009; x_wconf 85' lang='lat' dir='ltr'><strong>Marcum,</strong></span> <span class='ocrx_word' id='word_1_693' title='bbox 1467 4935 1746 5009; x_wconf 81' lang='lat' dir='ltr'><strong>quamvis</strong></span> <span class='ocrx_word' id='word_1_694' title='bbox 1793 4934 2024 4991; x_wconf 87' lang='lat' dir='ltr'><strong>nullam</strong></span> <span class='ocrx_word' id='word_1_695' title='bbox 2081 4933 2168 4988; x_wconf 88' lang='lat' dir='ltr'><strong>Bi-</strong></span> 
     </span>
    </p>
   </div>
   <div class='ocr_carea' id='block_1_101' title="bbox 514 5007 2169 5079">
    <p class='ocr_par' dir='ltr' id='par_1_101' title="bbox 514 5007 2169 5079">
     <span class='ocr_line' id='line_1_101' title="bbox 514 5007 2169 5079; baseline -0.003 -15"><span class='ocrx_word' id='word_1_696' title='bbox 514 5009 778 5065; x_wconf 89' lang='lat' dir='ltr'><strong>bliorum</strong></span> <span class='ocrx_word' id='word_1_697' title='bbox 798 5008 1135 5063; x_wconf 90' lang='lat' dir='ltr'><strong>versionem</strong></span> <span class='ocrx_word' id='word_1_698' title='bbox 1164 5023 1355 5079; x_wconf 85' lang='lat' dir='ltr'><strong>usque</strong></span> <span class='ocrx_word' id='word_1_699' title='bbox 1376 5007 1525 5063; x_wconf 78' lang='lat' dir='ltr'><strong>dum</strong></span> <span class='ocrx_word' id='word_1_700' title='bbox 1544 5007 1863 5077; x_wconf 86' lang='lat' dir='ltr'><strong>legerimus</strong></span> <span class='ocrx_word' id='word_1_701' title='bbox 1893 5010 2169 5079; x_wconf 68' lang='lat' dir='ltr'><strong>quaa‘non</strong></span> 
     </span>
    </p>
   </div>
   <div class='ocr_carea' id='block_1_102' title="bbox 517 5022 2168 5148">
    <p class='ocr_par' dir='ltr' id='par_1_102' title="bbox 517 5022 2168 5148">
     <span class='ocr_line' id='line_1_102' title="bbox 517 5022 2168 5079; baseline -0.003 -15"><span class='ocrx_word' id='word_1_702' title='bbox 517 5022 778 5065; x_wconf 80' lang='lat' dir='ltr'><strong>Duorum</strong></span> <span class='ocrx_word' id='word_1_703' title='bbox 798 5023 1135 5063; x_wconf 70' lang='lat' dir='ltr'><strong>versxonem</strong></span> <span class='ocrx_word' id='word_1_704' title='bbox 1164 5023 1355 5079; x_wconf 87' lang='lat' dir='ltr'><strong>usque</strong></span> <span class='ocrx_word' id='word_1_705' title='bbox 1376 5022 1525 5063; x_wconf 78' lang='lat' dir='ltr'><strong>dum</strong></span> <span class='ocrx_word' id='word_1_706' title='bbox 1544 5022 1863 5077; x_wconf 79' lang='lat' dir='ltr'><strong>legerimus</strong></span> <span class='ocrx_word' id='word_1_707' title='bbox 1943 5022 2029 5060; x_wconf 71' lang='lat' dir='ltr'><strong>uae</strong></span> <span class='ocrx_word' id='word_1_708' title='bbox 2048 5022 2168 5059; x_wconf 92' lang='lat' dir='ltr'><strong>non</strong></span> 
     </span>
     <span class='ocr_line' id='line_1_103' title="bbox 517 5022 2168 5148; baseline -0.004 -11"><span class='ocrx_word' id='word_1_709' title='bbox 517 5078 759 5148; x_wconf 86' lang='lat' dir='ltr'><strong>habeat,</strong></span> <span class='ocrx_word' id='word_1_710' title='bbox 783 5079 1156 5147; x_wconf 61' lang='lat' dir='ltr'><strong>confusus...</strong></span> <span class='ocrx_word' id='word_1_711' title='bbox 1190 5078 1613 5148; x_wconf 78' lang='lat' dir='ltr'><strong>confundetur.</strong></span> <span class='ocrx_word' id='word_1_712' title='bbox 1638 5094 1746 5148; x_wconf 59' lang='lat' dir='ltr'><strong>pro</strong></span> <span class='ocrx_word' id='word_1_713' title='bbox 1775 5022 2168 5145; x_wconf 38' lang='lat' dir='ltr'><strong>confessus...</strong></span> 
     </span>
    </p>
   </div>
   <div class='ocr_carea' id='block_1_103' title="bbox 518 5120 2165 5233">
    <p class='ocr_par' dir='ltr' id='par_1_103' title="bbox 518 5120 2165 5233">
     <span class='ocr_line' id='line_1_104' title="bbox 518 5120 2165 5233; baseline -0.004 -28"><span class='ocrx_word' id='word_1_714' title='bbox 518 5120 917 5233; x_wconf 57' lang='grc' dir='ltr'><strong>ξξῆρωδξίιιᾶί,</strong></span> <span class='ocrx_word' id='word_1_715' title='bbox 952 5152 1016 5231; x_wconf 81' lang='lat' dir='ltr'><strong>ut</strong></span> <span class='ocrx_word' id='word_1_716' title='bbox 1045 5151 1133 5228; x_wconf 78' lang='lat' dir='ltr'><strong>est</strong></span> <span class='ocrx_word' id='word_1_717' title='bbox 1158 5120 1320 5221; x_wconf 77' lang='lat' dir='ltr'><strong>apud</strong></span> <span class='ocrx_word' id='word_1_718' title='bbox 1918 5120 2165 5233; x_wconf 59' lang='lat' dir='ltr'><strong>Lucam:</strong></span> 
     </span>
    </p>
   </div>
   <div class='ocr_carea' id='block_1_104' title="bbox 518 5215 2168 5293">
    <p class='ocr_par' dir='ltr' id='par_1_104' title="bbox 518 5215 2168 5293">
     <span class='ocr_line' id='line_1_105' title="bbox 518 5215 2168 5293; baseline -0.004 -15"><span class='ocrx_word' id='word_1_719' title='bbox 518 5215 913 5293; x_wconf 75' lang='lat' dir='ltr'><strong>Nihilominus</strong></span> <span class='ocrx_word' id='word_1_720' title='bbox 940 5219 987 5293; x_wconf 83' lang='lat' dir='ltr'><strong>si</strong></span> <span class='ocrx_word' id='word_1_721' title='bbox 1015 5218 1150 5293; x_wconf 90' lang='lat' dir='ltr'><strong>quis</strong></span> <span class='ocrx_word' id='word_1_722' title='bbox 1181 5215 1501 5293; x_wconf 78' lang='lat' dir='ltr'><strong>asseruerit</strong></span> <span class='ocrx_word' id='word_1_723' title='bbox 1530 5220 1727 5293; x_wconf 85' lang='lat' dir='ltr'><strong>locum</strong></span> <span class='ocrx_word' id='word_1_724' title='bbox 1758 5215 2168 5293; x_wconf 68' lang='lat' dir='ltr'><strong>evangelicum</strong></span> 
     </span>
    </p>
   </div>
   <div class='ocr_carea' id='block_1_105' title="bbox 517 5287 2165 5361">
    <p class='ocr_par' dir='ltr' id='par_1_105' title="bbox 517 5287 2165 5361">
     <span class='ocr_line' id='line_1_106' title="bbox 517 5287 2165 5361; baseline -0.004 -12"><span class='ocrx_word' id='word_1_725' title='bbox 517 5308 591 5349; x_wconf 86' lang='lat' dir='ltr'><strong>ex</strong></span> <span class='ocrx_word' id='word_1_726' title='bbox 618 5291 859 5349; x_wconf 89' lang='lat' dir='ltr'><strong>duobus</strong></span> <span class='ocrx_word' id='word_1_727' title='bbox 889 5287 1154 5348; x_wconf 72' lang='lat' dir='ltr'><strong>tribusve</strong></span> <span class='ocrx_word' id='word_1_728' title='bbox 1208 5292 1590 5361; x_wconf 85' lang='lat' dir='ltr'><strong>evangelistis</strong></span> <span class='ocrx_word' id='word_1_729' title='bbox 1646 5287 1968 5361; x_wconf 78' lang='lat' dir='ltr'><strong>conﬂatum</strong></span> <span class='ocrx_word' id='word_1_730' title='bbox 2017 5302 2165 5361; x_wconf 79' lang='lat' dir='ltr'><strong>esse,</strong></span> 
     </span>
    </p>
   </div>
   <div class='ocr_carea' id='block_1_106' title="bbox 514 5356 2166 5436">
    <p class='ocr_par' dir='ltr' id='par_1_106' title="bbox 514 5356 2166 5436">
     <span class='ocr_line' id='line_1_107' title="bbox 514 5356 2166 5436; baseline -0.004 -17"><span class='ocrx_word' id='word_1_731' title='bbox 514 5379 641 5419; x_wconf 92' lang='lat' dir='ltr'><strong>non</strong></span> <span class='ocrx_word' id='word_1_732' title='bbox 670 5362 1166 5436; x_wconf 88' lang='lat' dir='ltr'><strong>repugnabimus,</strong></span> <span class='ocrx_word' id='word_1_733' title='bbox 1203 5362 1340 5420; x_wconf 83' lang='lat' dir='ltr'><strong>Vide</strong></span> <span class='ocrx_word' id='word_1_734' title='bbox 1360 5356 1796 5418; x_wconf 83' lang='lat' dir='ltr'><strong>Documentum</strong></span> <span class='ocrx_word' id='word_1_735' title='bbox 1819 5356 2166 5428; x_wconf 84' lang='lat' dir='ltr'><strong>Martyriale,</strong></span> 
     </span>
    </p>
   </div>
   <div class='ocr_carea' id='block_1_107' title="bbox 515 5436 1046 5502">
    <p class='ocr_par' dir='ltr' id='par_1_107' title="bbox 515 5436 1046 5502">
     <span class='ocr_line' id='line_1_108' title="bbox 515 5436 1046 5502; baseline -0.004 -9"><span class='ocrx_word' id='word_1_736' title='bbox 515 5449 686 5493; x_wconf 91' lang='lat' dir='ltr'><strong>num.</strong></span> <span class='ocrx_word' id='word_1_737' title='bbox 722 5436 806 5502; x_wconf 75' lang='lat' dir='ltr'><strong>I4,</strong></span> <span class='ocrx_word' id='word_1_738' title='bbox 840 5437 963 5491; x_wconf 91' lang='lat' dir='ltr'><strong>not.</strong></span> <span class='ocrx_word' id='word_1_739' title='bbox 994 5438 1046 5491; x_wconf 88' lang='lat'><strong>3.</strong></span> 
     </span>
    </p>
   </div>
   <div class='ocr_carea' id='block_1_108' title="bbox 585 5500 2168 5564">
    <p class='ocr_par' dir='ltr' id='par_1_108' title="bbox 585 5500 2168 5564">
     <span class='ocr_line' id='line_1_109' title="bbox 585 5500 2168 5564; baseline -0.007 1"><span class='ocrx_word' id='word_1_740' title='bbox 585 5505 614 5546; x_wconf 74' lang='grc' dir='ltr'><strong>ι)</strong></span> <span class='ocrx_word' id='word_1_741' title='bbox 646 5500 942 5564; x_wconf 64' lang='lat' dir='ltr'><strong>Caeterum</strong></span> <span class='ocrx_word' id='word_1_742' title='bbox 998 5507 1364 5564; x_wconf 85' lang='lat' dir='ltr'><strong>correximus</strong></span> <span class='ocrx_word' id='word_1_743' title='bbox 1394 5520 1462 5560; x_wconf 82' lang='lat' dir='ltr'><strong>ex</strong></span> <span class='ocrx_word' id='word_1_744' title='bbox 1507 5500 1790 5561; x_wconf 78' lang='lat' dir='ltr'><strong>Arnohio.</strong></span> <span class='ocrx_word' id='word_1_745' title='bbox 1823 5514 1961 5554; x_wconf 89' lang='lat' dir='ltr'><strong>cum</strong></span> <span class='ocrx_word' id='word_1_746' title='bbox 1993 5504 2168 5554; x_wconf 88' lang='lat' dir='ltr'><strong>antea</strong></span> 
     </span>
    </p>
   </div>
   <div class='ocr_carea' id='block_1_109' title="bbox 516 5577 1079 5649">
    <p class='ocr_par' dir='ltr' id='par_1_109' title="bbox 516 5577 1079 5649">
     <span class='ocr_line' id='line_1_110' title="bbox 516 5577 1079 5649; baseline -0.002 -14"><span class='ocrx_word' id='word_1_747' title='bbox 516 5579 739 5635; x_wconf 57' lang='lat' dir='ltr'><strong>exteris</strong></span> <span class='ocrx_word' id='word_1_748' title='bbox 768 5577 1079 5649; x_wconf 87' lang='lat' dir='ltr'><strong>legeretur.</strong></span> 
     </span>
    </p>
   </div>
   <div class='ocr_carea' id='block_1_110' title="bbox 586 5642 2161 5719">
    <p class='ocr_par' dir='ltr' id='par_1_110' title="bbox 586 5642 2161 5719">
     <span class='ocr_line' id='line_1_111' title="bbox 586 5642 2161 5719; baseline -0.006 -13"><span class='ocrx_word' id='word_1_749' title='bbox 586 5661 609 5689; x_wconf 79' lang='grc' dir='ltr'>ο</span> <span class='ocrx_word' id='word_1_750' title='bbox 640 5652 781 5715; x_wconf 69' lang='lat' dir='ltr'><strong>Quae</strong></span> <span class='ocrx_word' id='word_1_751' title='bbox 812 5642 1094 5707; x_wconf 72' lang='lat' dir='ltr'><strong>notamus</strong></span> <span class='ocrx_word' id='word_1_752' title='bbox 1127 5649 1332 5719; x_wconf 80' lang='lat' dir='ltr'><strong>verba,</strong></span> <span class='ocrx_word' id='word_1_753' title='bbox 1360 5661 1434 5719; x_wconf 72' lang='lat' dir='ltr'><strong>ea</strong></span> <span class='ocrx_word' id='word_1_754' title='bbox 1464 5647 1601 5719; x_wconf 63' lang='lat' dir='ltr'><strong>sunt</strong></span> <span class='ocrx_word' id='word_1_755' title='bbox 1644 5659 1778 5716; x_wconf 68' lang='lat' dir='ltr'><strong>qua:</strong></span> <span class='ocrx_word' id='word_1_756' title='bbox 1824 5642 2069 5719; x_wconf 72' lang='lat' dir='ltr'><strong>Morales</strong></span> <span class='ocrx_word' id='word_1_757' title='bbox 2102 5642 2161 5719; x_wconf 80' lang='lat' dir='ltr'><strong>in</strong></span> 
     </span>
    </p>
   </div>
   <div class='ocr_carea' id='block_1_111' title="bbox 517 5714 2162 5799">
    <p class='ocr_par' dir='ltr' id='par_1_111' title="bbox 517 5714 2162 5799">
     <span class='ocr_line' id='line_1_112' title="bbox 517 5714 2162 5799; baseline -0.005 -20"><span class='ocrx_word' id='word_1_758' title='bbox 517 5714 763 5783; x_wconf 84' lang='lat' dir='ltr'><strong>Scholiis</strong></span> <span class='ocrx_word' id='word_1_759' title='bbox 790 5721 871 5779; x_wconf 90' lang='lat' dir='ltr'><strong>ait</strong></span> <span class='ocrx_word' id='word_1_760' title='bbox 899 5720 1143 5799; x_wconf 86' lang='lat' dir='ltr'><strong>reperiri</strong></span> <span class='ocrx_word' id='word_1_761' title='bbox 1166 5720 1228 5777; x_wconf 90' lang='lat' dir='ltr'><strong>in</strong></span> <span class='ocrx_word' id='word_1_762' title='bbox 1257 5714 1470 5776; x_wconf 86' lang='lat' dir='ltr'><strong>Codice</strong></span> <span class='ocrx_word' id='word_1_763' title='bbox 1497 5714 1783 5777; x_wconf 77' lang='lat' dir='ltr'><strong>Toletauo</strong></span> <span class='ocrx_word' id='word_1_764' title='bbox 1807 5715 1883 5773; x_wconf 86' lang='lat' dir='ltr'><strong>ab</strong></span> <span class='ocrx_word' id='word_1_765' title='bbox 1917 5714 2162 5786; x_wconf 84' lang='lat' dir='ltr'><strong>Eulogio</strong></span> 
     </span>
    </p>
   </div>
   <div class='ocr_carea' id='block_1_112' title="bbox 2276 4419 3923 4503">
    <p class='ocr_par' dir='ltr' id='par_1_112' title="bbox 2276 4419 3923 4503">
     <span class='ocr_line' id='line_1_113' title="bbox 2276 4419 3923 4503; baseline -0.007 -17"><span class='ocrx_word' id='word_1_766' title='bbox 2276 4435 2503 4503; x_wconf 89' lang='lat' dir='ltr'><strong>quanto</strong></span> <span class='ocrx_word' id='word_1_767' title='bbox 2524 4430 2768 4502; x_wconf 88' lang='lat' dir='ltr'><strong>potioris</strong></span> <span class='ocrx_word' id='word_1_768' title='bbox 2790 4428 3233 4497; x_wconf 63' lang='lat' dir='ltr'><strong>glorimhonore</strong></span> <span class='ocrx_word' id='word_1_769' title='bbox 3254 4424 3482 4481; x_wconf 87' lang='lat' dir='ltr'><strong>ferendi</strong></span> <span class='ocrx_word' id='word_1_770' title='bbox 3504 4427 3661 4491; x_wconf 89' lang='lat' dir='ltr'><strong>sunt,</strong></span> <span class='ocrx_word' id='word_1_771' title='bbox 3684 4421 3791 4495; x_wconf 89' lang='lat' dir='ltr'><strong>qui</strong></span> <span class='ocrx_word' id='word_1_772' title='bbox 3822 4419 3923 4476; x_wconf 90' lang='lat' dir='ltr'><strong>ob-</strong></span> 
     </span>
    </p>
   </div>
   <div class='ocr_carea' id='block_1_113' title="bbox 2277 4507 3925 4591">
    <p class='ocr_par' dir='ltr' id='par_1_113' title="bbox 2277 4507 3925 4591">
     <span class='ocr_line' id='line_1_114' title="bbox 2277 4507 3925 4591; baseline -0.007 -15"><span class='ocrx_word' id='word_1_773' title='bbox 2277 4525 2442 4576; x_wconf 86' lang='lat' dir='ltr'><strong>tentu</strong></span> <span class='ocrx_word' id='word_1_774' title='bbox 2461 4517 2818 4591; x_wconf 84' lang='lat' dir='ltr'><strong>capessendi</strong></span> <span class='ocrx_word' id='word_1_775' title='bbox 2839 4517 3091 4586; x_wconf 87' lang='lat' dir='ltr'><strong>gratiam</strong></span> <span class='ocrx_word' id='word_1_776' title='bbox 3108 4514 3281 4585; x_wconf 83' lang='lat' dir='ltr'><strong>Regis</strong></span> <span class='ocrx_word' id='word_1_777' title='bbox 3303 4511 3526 4578; x_wconf 61' lang='lat' dir='ltr'><strong>aeterni,</strong></span> <span class='ocrx_word' id='word_1_778' title='bbox 3550 4510 3755 4583; x_wconf 88' lang='lat' dir='ltr'><strong>vigore</strong></span> <span class='ocrx_word' id='word_1_779' title='bbox 3777 4507 3925 4566; x_wconf 86' lang='lat' dir='ltr'><strong>aucti</strong></span> 
     </span>
    </p>
   </div>
   <div class='ocr_carea' id='block_1_114' title="bbox 2273 4597 3923 4681">
    <p class='ocr_par' dir='ltr' id='par_1_114' title="bbox 2273 4597 3923 4681">
     <span class='ocr_line' id='line_1_115' title="bbox 2273 4597 3923 4681; baseline -0.007 -17"><span class='ocrx_word' id='word_1_780' title='bbox 2273 4607 2533 4681; x_wconf 66' lang='lat' dir='ltr'><strong>justitite,</strong></span> <span class='ocrx_word' id='word_1_781' title='bbox 2590 4607 2670 4665; x_wconf 89' lang='lat' dir='ltr'><strong>ad</strong></span> <span class='ocrx_word' id='word_1_782' title='bbox 2707 4605 2940 4663; x_wconf 92' lang='lat' dir='ltr'><strong>obitum</strong></span> <span class='ocrx_word' id='word_1_783' title='bbox 2978 4621 3221 4678; x_wconf 90' lang='lat' dir='ltr'><strong>quoque</strong></span> <span class='ocrx_word' id='word_1_784' title='bbox 3266 4603 3608 4660; x_wconf 85' lang='lat' dir='ltr'><strong>resistentes</strong></span> <span class='ocrx_word' id='word_1_785' title='bbox 3657 4597 3923 4663; x_wconf 81' lang='lat' dir='ltr'><strong>infensis,</strong></span> 
     </span>
    </p>
   </div>
   <div class='ocr_carea' id='block_1_115' title="bbox 2277 4685 3927 4768">
    <p class='ocr_par' dir='ltr' id='par_1_115' title="bbox 2277 4685 3927 4768">
     <span class='ocr_line' id='line_1_116' title="bbox 2277 4685 3927 4768; baseline -0.008 -15"><span class='ocrx_word' id='word_1_786' title='bbox 2277 4696 2502 4754; x_wconf 83' lang='lat' dir='ltr'><strong>crudeli</strong></span> <span class='ocrx_word' id='word_1_787' title='bbox 2530 4700 2717 4753; x_wconf 88' lang='lat' dir='ltr'><strong>morte</strong></span> <span class='ocrx_word' id='word_1_788' title='bbox 2743 4695 3036 4768; x_wconf 91' lang='lat' dir='ltr'><strong>perempti</strong></span> <span class='ocrx_word' id='word_1_789' title='bbox 3057 4691 3370 4759; x_wconf 64' lang='lat' dir='ltr'><strong>sunt‘nllle</strong></span> <span class='ocrx_word' id='word_1_790' title='bbox 3398 4689 3660 4762; x_wconf 87' lang='lat' dir='ltr'><strong>denique</strong></span> <span class='ocrx_word' id='word_1_791' title='bbox 3682 4685 3927 4759; x_wconf 87' lang='lat' dir='ltr'><strong>angelus</strong></span> 
     </span>
    </p>
   </div>
   <div class='ocr_carea' id='block_1_116' title="bbox 2279 4843 3927 4935">
    <p class='ocr_par' dir='ltr' id='par_1_116' title="bbox 2279 4843 3927 4935">
     <span class='ocr_line' id='line_1_117' title="bbox 2279 4843 3927 4935; baseline -0.009 -20"><span class='ocrx_word' id='word_1_792' title='bbox 2279 4859 2596 4935; x_wconf 66' lang='lat' dir='ltr'><strong>desumpta</strong></span> <span class='ocrx_word' id='word_1_793' title='bbox 2630 4872 2702 4935; x_wconf 57' lang='lat' dir='ltr'><strong>e35</strong></span> <span class='ocrx_word' id='word_1_794' title='bbox 2745 4854 2899 4935; x_wconf 75' lang='lat' dir='ltr'><strong>Actis</strong></span> <span class='ocrx_word' id='word_1_795' title='bbox 2948 4851 3583 4935; x_wconf 51' lang='lat' dir='ltr'><strong>martyriisauctoruin</strong></span> <span class='ocrx_word' id='word_1_796' title='bbox 3632 4843 3927 4935; x_wconf 66' lang='lat' dir='ltr'><strong>Geledopii</strong></span> 
     </span>
    </p>
   </div>
   <div class='ocr_carea' id='block_1_117' title="bbox 2280 4916 3927 4999">
    <p class='ocr_par' dir='ltr' id='par_1_117' title="bbox 2280 4916 3927 4999">
     <span class='ocr_line' id='line_1_118' title="bbox 2280 4916 3927 4999; baseline -0.01 -13"><span class='ocrx_word' id='word_1_797' title='bbox 2280 4946 2348 4986; x_wconf 88' lang='lat' dir='ltr'><strong>ac</strong></span> <span class='ocrx_word' id='word_1_798' title='bbox 2378 4916 2711 4991; x_wconf 77' lang='lat' dir='ltr'><strong>Emétherii,</strong></span> <span class='ocrx_word' id='word_1_799' title='bbox 2732 4926 2994 4999; x_wconf 82' lang='lat' dir='ltr'><strong>primum</strong></span> <span class='ocrx_word' id='word_1_800' title='bbox 3018 4916 3190 4999; x_wconf 65' lang='lat' dir='ltr'><strong>editis</strong></span> <span class='ocrx_word' id='word_1_801' title='bbox 3212 4939 3247 4979; x_wconf 88' lang='lat' dir='ltr'><strong>a</strong></span> <span class='ocrx_word' id='word_1_802' title='bbox 3268 4920 3764 4999; x_wconf 85' lang='lat' dir='ltr'><strong>Joanne_&#39;_l‘amaio</strong></span> <span class='ocrx_word' id='word_1_803' title='bbox 3781 4916 3927 4973; x_wconf 84' lang='lat' dir='ltr'><strong>Sala-</strong></span> 
     </span>
    </p>
   </div>
   <div class='ocr_carea' id='block_1_118' title="bbox 2278 4992 3927 5070">
    <p class='ocr_par' dir='ltr' id='par_1_118' title="bbox 2278 4992 3927 5070">
     <span class='ocr_line' id='line_1_119' title="bbox 2278 4992 3927 5070; baseline -0.008 -14"><span class='ocrx_word' id='word_1_804' title='bbox 2278 5017 2379 5056; x_wconf 85' lang='lat' dir='ltr'><strong>zar</strong></span> <span class='ocrx_word' id='word_1_805' title='bbox 2407 5002 2467 5055; x_wconf 90' lang='lat' dir='ltr'><strong>in</strong></span> <span class='ocrx_word' id='word_1_806' title='bbox 2495 4992 2919 5070; x_wconf 78' lang='lat' dir='ltr'><strong>Martyrdlogio</strong></span> <span class='ocrx_word' id='word_1_807' title='bbox 2965 4995 3294 5070; x_wconf 81' lang='lat' dir='ltr'><strong>ad__diem_3</strong></span> <span class='ocrx_word' id='word_1_808' title='bbox 3341 4992 3553 5050; x_wconf 89' lang='lat' dir='ltr'><strong>martii.</strong></span> <span class='ocrx_word' id='word_1_809' title='bbox 3602 4996 3825 5070; x_wconf 86' lang='lat' dir='ltr'><strong>p_os_tea</strong></span> <span class='ocrx_word' id='word_1_810' title='bbox 3844 5002 3927 5043; x_wconf 89' lang='lat' dir='ltr'><strong>eo-</strong></span> 
     </span>
    </p>
   </div>
   <div class='ocr_carea' id='block_1_119' title="bbox 2278 5061 3932 5140">
    <p class='ocr_par' dir='ltr' id='par_1_119' title="bbox 2278 5061 3932 5140">
     <span class='ocr_line' id='line_1_120' title="bbox 2278 5061 3932 5140; baseline -0.007 -14"><span class='ocrx_word' id='word_1_811' title='bbox 2278 5072 2416 5126; x_wconf 92' lang='lat' dir='ltr'><strong>dem</strong></span> <span class='ocrx_word' id='word_1_812' title='bbox 2434 5070 2527 5124; x_wconf 88' lang='lat' dir='ltr'><strong>die</strong></span> <span class='ocrx_word' id='word_1_813' title='bbox 2545 5069 2622 5123; x_wconf 86' lang='lat' dir='ltr'><strong>ab</strong></span> <span class='ocrx_word' id='word_1_814' title='bbox 2635 5061 3191 5140; x_wconf 53' lang='lat' dir='ltr'><strong>lntuerpiensibus,</strong></span> <span class='ocrx_word' id='word_1_815' title='bbox 3212 5064 3579 5140; x_wconf 87' lang='lat' dir='ltr'><strong>demumque</strong></span> <span class='ocrx_word' id='word_1_816' title='bbox 3598 5061 3684 5140; x_wconf 82' lang='lat' dir='ltr'><strong>ab</strong></span> <span class='ocrx_word' id='word_1_817' title='bbox 3711 5065 3932 5140; x_wconf 67' lang='lat' dir='ltr'><strong>Emma-</strong></span> 
     </span>
    </p>
   </div>
   <div class='ocr_carea' id='block_1_120' title="bbox 2276 5128 3927 5209">
    <p class='ocr_par' dir='ltr' id='par_1_120' title="bbox 2276 5128 3927 5209">
     <span class='ocr_line' id='line_1_121' title="bbox 2276 5128 3927 5209; baseline -0.007 -13"><span class='ocrx_word' id='word_1_818' title='bbox 2276 5141 2450 5197; x_wconf 90' lang='lat' dir='ltr'><strong>nuele</strong></span> <span class='ocrx_word' id='word_1_819' title='bbox 2480 5140 2672 5204; x_wconf 82' lang='lat' dir='ltr'><strong>Risco,</strong></span> <span class='ocrx_word' id='word_1_820' title='bbox 2696 5144 2840 5193; x_wconf 91' lang='lat' dir='ltr'><strong>tom.</strong></span> <span class='ocrx_word' id='word_1_821' title='bbox 2867 5128 3053 5193; x_wconf 44' lang='lat' dir='ltr'><strong>’xxxm</strong></span> <span class='ocrx_word' id='word_1_822' title='bbox 3091 5128 3382 5209; x_wconf 72' lang='lat' dir='ltr'><strong>Hispaniae</strong></span> <span class='ocrx_word' id='word_1_823' title='bbox 3426 5128 3632 5197; x_wconf 61' lang='lat' dir='ltr'><strong>sacras,</strong></span> <span class='ocrx_word' id='word_1_824' title='bbox 3658 5128 3927 5209; x_wconf 59' lang='lat' dir='ltr'><strong>Append;</strong></span> 
     </span>
    </p>
   </div>
   <div class='ocr_carea' id='block_1_121' title="bbox 2277 5196 3930 5293">
    <p class='ocr_par' dir='ltr' id='par_1_121' title="bbox 2277 5196 3930 5293">
     <span class='ocr_line' id='line_1_122' title="bbox 2277 5196 3930 5293; baseline -0.007 -27"><span class='ocrx_word' id='word_1_825' title='bbox 2277 5196 2329 5281; x_wconf 67' lang='grc' dir='ltr'><strong>Ξ,</strong></span> <span class='ocrx_word' id='word_1_826' title='bbox 2382 5212 2611 5293; x_wconf 50' lang='lat' dir='ltr'><strong>quibus;</strong></span> <span class='ocrx_word' id='word_1_827' title='bbox 2639 5196 2940 5293; x_wconf 51' lang='lat' dir='ltr'><strong>omnibus</strong></span> <span class='ocrx_word' id='word_1_828' title='bbox 2978 5209 3038 5263; x_wconf 89' lang='lat' dir='ltr'><strong>in</strong></span> <span class='ocrx_word' id='word_1_829' title='bbox 3074 5196 3223 5293; x_wconf 60' lang='lat' dir='ltr'><strong>lpcis</strong></span> <span class='ocrx_word' id='word_1_830' title='bbox 3254 5206 3513 5293; x_wconf 28' lang='lat' dir='ltr'><strong>lvidetur</strong></span> <span class='ocrx_word' id='word_1_831' title='bbox 3549 5196 3797 5293; x_wconf 70' lang='lat' dir='ltr'><strong>pumeri</strong></span> <span class='ocrx_word' id='word_1_832' title='bbox 3849 5196 3930 5283; x_wconf 72' lang='lat' dir='ltr'><strong>vel</strong></span> 
     </span>
    </p>
   </div>
   <div class='ocr_carea' id='block_1_122' title="bbox 2277 5276 3929 5349">
    <p class='ocr_par' dir='ltr' id='par_1_122' title="bbox 2277 5276 3929 5349">
     <span class='ocr_line' id='line_1_123' title="bbox 2277 5276 3929 5349; baseline -0.008 -10"><span class='ocrx_word' id='word_1_833' title='bbox 2277 5276 2552 5339; x_wconf 82' lang='lat' dir='ltr'><strong>sectionis</strong></span> <span class='ocrx_word' id='word_1_834' title='bbox 2586 5286 2614 5337; x_wconf 90' lang='lat'>3</span> <span class='ocrx_word' id='word_1_835' title='bbox 2665 5279 2845 5335; x_wconf 86' lang='lat' dir='ltr'><strong>verba</strong></span> <span class='ocrx_word' id='word_1_836' title='bbox 2884 5280 2983 5335; x_wconf 88' lang='lat' dir='ltr'><strong>illa</strong></span> <span class='ocrx_word' id='word_1_837' title='bbox 3019 5298 3029 5333; x_wconf 91' lang='lat'><strong>:</strong></span> <span class='ocrx_word' id='word_1_838' title='bbox 3063 5281 3264 5336; x_wconf 84' lang='lat' dir='ltr'><strong>Ferial</strong></span> <span class='ocrx_word' id='word_1_839' title='bbox 3296 5278 3511 5349; x_wconf 83' lang='lat' dir='ltr'><strong>ubique</strong></span> <span class='ocrx_word' id='word_1_840' title='bbox 3540 5276 3772 5349; x_wconf 76' lang='lat' dir='ltr'><strong>hostem</strong></span> <span class='ocrx_word' id='word_1_841' title='bbox 3805 5276 3929 5328; x_wconf 80' lang='lat' dir='ltr'><strong>mis-</strong></span> 
     </span>
    </p>
   </div>
   <div class='ocr_carea' id='block_1_123' title="bbox 2276 5346 3927 5418">
    <p class='ocr_par' dir='ltr' id='par_1_123' title="bbox 2276 5346 3927 5418">
     <span class='ocr_line' id='line_1_124' title="bbox 2276 5346 3927 5418; baseline -0.008 -7"><span class='ocrx_word' id='word_1_842' title='bbox 2276 5356 2485 5411; x_wconf 85' lang='lat' dir='ltr'><strong>silibus</strong></span> <span class='ocrx_word' id='word_1_843' title='bbox 2511 5353 2631 5408; x_wconf 84' lang='lat' dir='ltr'><strong>suis</strong></span> <span class='ocrx_word' id='word_1_844' title='bbox 2663 5352 2897 5407; x_wconf 80' lang='lat' dir='ltr'><strong>vibrata</strong></span> <span class='ocrx_word' id='word_1_845' title='bbox 2925 5352 3231 5418; x_wconf 81' lang='lat' dir='ltr'><strong>confessio.</strong></span> <span class='ocrx_word' id='word_1_846' title='bbox 3280 5346 3458 5404; x_wconf 77' lang='lat' dir='ltr'><strong>unius</strong></span> <span class='ocrx_word' id='word_1_847' title='bbox 3489 5362 3621 5402; x_wconf 90' lang='lat' dir='ltr'><strong>esse</strong></span> <span class='ocrx_word' id='word_1_848' title='bbox 3649 5346 3927 5418; x_wconf 77' lang='lat' dir='ltr'><strong>duorum</strong></span> 
     </span>
    </p>
   </div>
   <div class='ocr_carea' id='block_1_124' title="bbox 2278 5417 3930 5497">
    <p class='ocr_par' dir='ltr' id='par_1_124' title="bbox 2278 5417 3930 5497">
     <span class='ocr_line' id='line_1_125' title="bbox 2278 5417 3930 5497; baseline -0.007 -16"><span class='ocrx_word' id='word_1_849' title='bbox 2278 5431 2631 5497; x_wconf 86' lang='lat' dir='ltr'><strong>martyrum,</strong></span> <span class='ocrx_word' id='word_1_850' title='bbox 2665 5428 2721 5497; x_wconf 85' lang='lat' dir='ltr'><strong>et</strong></span> <span class='ocrx_word' id='word_1_851' title='bbox 2745 5424 2918 5497; x_wconf 79' lang='lat' dir='ltr'><strong>juxta</strong></span> <span class='ocrx_word' id='word_1_852' title='bbox 2946 5420 3269 5497; x_wconf 80' lang='lat' dir='ltr'><strong>nonnullos</strong></span> <span class='ocrx_word' id='word_1_853' title='bbox 3294 5417 3829 5497; x_wconf 83' lang='lat' dir='ltr'><strong>mss.__Emetherii;</strong></span> <span class='ocrx_word' id='word_1_854' title='bbox 3858 5427 3930 5468; x_wconf 42' lang='lat' dir='ltr'><strong>re.</strong></span> 
     </span>
    </p>
   </div>
   <div class='ocr_carea' id='block_1_125' title="bbox 2276 5490 3899 5570">
    <p class='ocr_par' dir='ltr' id='par_1_125' title="bbox 2276 5490 3899 5570">
     <span class='ocr_line' id='line_1_126' title="bbox 2276 5490 3899 5570; baseline -0.007 -18"><span class='ocrx_word' id='word_1_855' title='bbox 2276 5490 2897 5570; x_wconf 39' lang='lat' dir='ltr'><strong>liqua&#39;vcro&#39;alte&#39;rius,</strong></span> <span class='ocrx_word' id='word_1_856' title='bbox 2928 5508 3147 5570; x_wconf 88' lang='lat' dir='ltr'><strong>nempe</strong></span> <span class='ocrx_word' id='word_1_857' title='bbox 3177 5490 3492 5570; x_wconf 61' lang='lat' dir='ltr'><strong>Caledonii.</strong></span> <span class='ocrx_word' id='word_1_858' title='bbox 3847 5558 3862 5570; x_wconf 47' lang='lat'><strong><em>‘</em></strong></span> <span class='ocrx_word' id='word_1_859' title='bbox 3890 5556 3899 5565; x_wconf 38' lang='lat'><strong>.</strong></span> 
     </span>
    </p>
   </div>
   <div class='ocr_carea' id='block_1_126' title="bbox 2347 5558 3933 5636">
    <p class='ocr_par' dir='ltr' id='par_1_126' title="bbox 2347 5558 3933 5636">
     <span class='ocr_line' id='line_1_127' title="bbox 2347 5558 3933 5636; baseline -0.006 -15"><span class='ocrx_word' id='word_1_860' title='bbox 2347 5558 2370 5608; x_wconf 65' lang='lat' dir='ltr'><strong>&#39;d</strong></span> <span class='ocrx_word' id='word_1_861' title='bbox 2404 5571 2481 5621; x_wconf 76' lang='lat' dir='ltr'><strong>Ex</strong></span> <span class='ocrx_word' id='word_1_862' title='bbox 2512 5569 2624 5623; x_wconf 82' lang='lat' dir='ltr'><strong>hoc</strong></span> <span class='ocrx_word' id='word_1_863' title='bbox 2671 5566 2802 5621; x_wconf 82' lang='lat' dir='ltr'><strong>loco</strong></span> <span class='ocrx_word' id='word_1_864' title='bbox 2852 5568 3043 5636; x_wconf 86' lang='lat' dir='ltr'><strong>potest</strong></span> <span class='ocrx_word' id='word_1_865' title='bbox 3074 5558 3284 5636; x_wconf 72' lang='lat' dir='ltr'><strong>repleri</strong></span> <span class='ocrx_word' id='word_1_866' title='bbox 3325 5562 3566 5636; x_wconf 76' lang='lat' dir='ltr'><strong>lacuna,</strong></span> <span class='ocrx_word' id='word_1_867' title='bbox 3605 5574 3803 5636; x_wconf 79' lang='lat' dir='ltr'><strong>quam</strong></span> <span class='ocrx_word' id='word_1_868' title='bbox 3847 5558 3933 5612; x_wconf 76' lang='lat' dir='ltr'><strong>hic</strong></span> 
     </span>
    </p>
   </div>
   <div class='ocr_carea' id='block_1_127' title="bbox 2276 5629 3761 5718">
    <p class='ocr_par' dir='ltr' id='par_1_127' title="bbox 2276 5629 3761 5718">
     <span class='ocr_line' id='line_1_128' title="bbox 2276 5629 3761 5718; baseline -0.007 -23"><span class='ocrx_word' id='word_1_869' title='bbox 2276 5640 2457 5697; x_wconf 80' lang='lat' dir='ltr'><strong>habet.</strong></span> <span class='ocrx_word' id='word_1_870' title='bbox 2486 5639 2734 5718; x_wconf 87' lang='lat' dir='ltr'><strong>antiqua</strong></span> <span class='ocrx_word' id='word_1_871' title='bbox 2762 5629 2971 5693; x_wconf 76' lang='lat' dir='ltr'><strong>Versio</strong></span> <span class='ocrx_word' id='word_1_872' title='bbox 3004 5629 3169 5709; x_wconf 85' lang='lat' dir='ltr'><strong>apud</strong></span> <span class='ocrx_word' id='word_1_873' title='bbox 3197 5637 3429 5691; x_wconf 84' lang='lat' dir='ltr'><strong>Petrum</strong></span> <span class='ocrx_word' id='word_1_874' title='bbox 3460 5629 3761 5688; x_wconf 82' lang='lat' dir='ltr'><strong>Sabatier.</strong></span> 
     </span>
    </p>
   </div>
  </div>
