  <div class='ocr_page' id='page_1' title='image "/cluster/home/n/w/nwhite01/storage/ocr_20150623/115/hvd.32044054759790/384.png"; bbox 0 0 4140 6188; ppageno 0'>
   <div class='ocr_carea' id='block_1_1' title="bbox 287 221 397 274">
    <p class='ocr_par' dir='ltr' id='par_1_1' title="bbox 287 221 397 274">
     <span class='ocr_line' id='line_1_1' title="bbox 287 221 397 274; baseline -0.009 0"><span class='ocrx_word' id='word_1_1' title='bbox 287 221 397 274; x_wconf 70' lang='grc'>’187</span> 
     </span>
    </p>
   </div>
   <div class='ocr_carea' id='block_1_2' title="bbox 1368 206 2629 273">
    <p class='ocr_par' dir='ltr' id='par_1_2' title="bbox 1368 206 2629 273">
     <span class='ocr_line' id='line_1_2' title="bbox 1368 206 2629 273; baseline 0.002 -3"><span class='ocrx_word' id='word_1_2' title='bbox 1368 208 1799 271; x_wconf 66' lang='grc' dir='ltr'>ΜΕΜΟΜΑῌΒ</span> <span class='ocrx_word' id='word_1_3' title='bbox 1836 206 2277 270; x_wconf 70' lang='grc' dir='ltr'>ΒΑΝΟΤΟΒΠΙ.</span> <span class='ocrx_word' id='word_1_4' title='bbox 2309 245 2377 257; x_wconf 89' lang='grc'>--</span> <span class='ocrx_word' id='word_1_5' title='bbox 2406 216 2542 273; x_wconf 85' lang='lat' dir='ltr'>LIB.</span> <span class='ocrx_word' id='word_1_6' title='bbox 2584 218 2629 272; x_wconf 89' lang='lat' dir='ltr'>l.</span> 
     </span>
    </p>
   </div>
   <div class='ocr_carea' id='block_1_3' title="bbox 3594 221 3699 273">
    <p class='ocr_par' dir='ltr' id='par_1_3' title="bbox 3594 221 3699 273">
     <span class='ocr_line' id='line_1_3' title="bbox 3594 221 3699 273; baseline 0 0"><span class='ocrx_word' id='word_1_7' title='bbox 3594 221 3699 273; x_wconf 76' lang='lat'>758</span> 
     </span>
    </p>
   </div>
   <div class='ocr_carea' id='block_1_4' title="bbox 288 336 3702 415">
    <p class='ocr_par' dir='ltr' id='par_1_4' title="bbox 288 336 3702 415">
     <span class='ocr_line' id='line_1_4' title="bbox 288 336 3702 415; baseline 0 -18"><span class='ocrx_word' id='word_1_8' title='bbox 288 338 551 397; x_wconf 74' lang='lat' dir='ltr'>veritatis</span> <span class='ocrx_word' id='word_1_9' title='bbox 575 341 634 393; x_wconf 89' lang='lat' dir='ltr'>et</span> <span class='ocrx_word' id='word_1_10' title='bbox 660 336 1555 410; x_wconf 52' lang='lat' dir='ltr'>praecojustitiaaﬂtedemptoris</span> <span class='ocrx_word' id='word_1_11' title='bbox 1580 348 1935 409; x_wconf 77' lang='lat' dir='ltr'>praeeursor,</span> <span class='ocrx_word' id='word_1_12' title='bbox 1969 336 2015 389; x_wconf 75' lang='grc' dir='ltr'>Α</span> <span class='ocrx_word' id='word_1_13' title='bbox 2118 339 2206 394; x_wconf 76' lang='grc'>24.</span> <span class='ocrx_word' id='word_1_14' title='bbox 2240 339 2331 396; x_wconf 86' lang='lat' dir='ltr'>Sic</span> <span class='ocrx_word' id='word_1_15' title='bbox 2357 357 2624 415; x_wconf 84' lang='lat' dir='ltr'>namque</span> <span class='ocrx_word' id='word_1_16' title='bbox 2655 340 2838 413; x_wconf 67' lang='lat' dir='ltr'>et(15)</span> <span class='ocrx_word' id='word_1_17' title='bbox 2872 339 3249 397; x_wconf 85' lang='lat' dir='ltr'>felicissimus</span> <span class='ocrx_word' id='word_1_18' title='bbox 3268 341 3429 397; x_wconf 83' lang='lat' dir='ltr'>Felix</span> <span class='ocrx_word' id='word_1_19' title='bbox 3458 352 3597 397; x_wconf 89' lang='lat' dir='ltr'>cum</span> <span class='ocrx_word' id='word_1_20' title='bbox 3629 342 3702 397; x_wconf 83' lang='lat' dir='ltr'>il-</span> 
     </span>
    </p>
   </div>
   <div class='ocr_carea' id='block_1_5' title="bbox 284 424 1942 499">
    <p class='ocr_par' dir='ltr' id='par_1_5' title="bbox 284 424 1942 499">
     <span class='ocr_line' id='line_1_5' title="bbox 284 424 1942 499; baseline -0.005 -13"><span class='ocrx_word' id='word_1_21' title='bbox 284 435 347 486; x_wconf 86' lang='lat' dir='ltr'>et</span> <span class='ocrx_word' id='word_1_22' title='bbox 375 428 624 485; x_wconf 87' lang='lat' dir='ltr'>nuntius</span> <span class='ocrx_word' id='word_1_23' title='bbox 648 426 835 499; x_wconf 81' lang='lat' dir='ltr'>pacis,</span> <span class='ocrx_word' id='word_1_24' title='bbox 868 425 1129 498; x_wconf 72' lang='lat' dir='ltr'>Baptista</span> <span class='ocrx_word' id='word_1_25' title='bbox 1155 429 1591 497; x_wconf 83' lang='lat' dir='ltr'>loannes,cum</span> <span class='ocrx_word' id='word_1_26' title='bbox 1620 424 1942 494; x_wconf 84' lang='lat' dir='ltr'>regemini-</span> 
     </span>
    </p>
   </div>
   <div class='ocr_carea' id='block_1_6' title="bbox 283 514 1938 592">
    <p class='ocr_par' dir='ltr' id='par_1_6' title="bbox 283 514 1938 592">
     <span class='ocr_line' id='line_1_6' title="bbox 283 514 1938 592; baseline -0.005 -18"><span class='ocrx_word' id='word_1_27' title='bbox 283 533 481 592; x_wconf 83' lang='lat' dir='ltr'>quum</span> <span class='ocrx_word' id='word_1_28' title='bbox 501 516 579 573; x_wconf 90' lang='lat' dir='ltr'>de</span> <span class='ocrx_word' id='word_1_29' title='bbox 609 520 818 588; x_wconf 86' lang='lat' dir='ltr'>stupro</span> <span class='ocrx_word' id='word_1_30' title='bbox 842 514 1191 571; x_wconf 84' lang='lat' dir='ltr'>Herodiadis</span> <span class='ocrx_word' id='word_1_31' title='bbox 1220 520 1647 575; x_wconf 84' lang='lat' dir='ltr'>commoneret.</span> <span class='ocrx_word' id='word_1_32' title='bbox 1681 526 1938 585; x_wconf 90' lang='lat' dir='ltr'>cumque</span> 
     </span>
    </p>
   </div>
   <div class='ocr_carea' id='block_1_7' title="bbox 281 600 1938 665">
    <p class='ocr_par' dir='ltr' id='par_1_7' title="bbox 281 600 1938 665">
     <span class='ocr_line' id='line_1_7' title="bbox 281 600 1938 665; baseline -0.006 0"><span class='ocrx_word' id='word_1_33' title='bbox 281 605 624 665; x_wconf 83' lang='lat' dir='ltr'>adulterino</span> <span class='ocrx_word' id='word_1_34' title='bbox 644 604 875 661; x_wconf 84' lang='lat' dir='ltr'>incestu</span> <span class='ocrx_word' id='word_1_35' title='bbox 896 603 1135 661; x_wconf 88' lang='lat' dir='ltr'>thorum</span> <span class='ocrx_word' id='word_1_36' title='bbox 1166 603 1386 660; x_wconf 78' lang='lat' dir='ltr'>violare</span> <span class='ocrx_word' id='word_1_37' title='bbox 1433 604 1762 660; x_wconf 83' lang='lat' dir='ltr'>fraternum</span> <span class='ocrx_word' id='word_1_38' title='bbox 1783 600 1938 656; x_wconf 87' lang='lat' dir='ltr'>inhi-</span> 
     </span>
    </p>
   </div>
   <div class='ocr_carea' id='block_1_8' title="bbox 277 689 1939 767">
    <p class='ocr_par' dir='ltr' id='par_1_8' title="bbox 277 689 1939 767">
     <span class='ocr_line' id='line_1_8' title="bbox 277 689 1939 767; baseline -0.005 -13"><span class='ocrx_word' id='word_1_39' title='bbox 277 697 471 764; x_wconf 85' lang='lat' dir='ltr'>beret,</span> <span class='ocrx_word' id='word_1_40' title='bbox 504 693 810 764; x_wconf 79' lang='lat' dir='ltr'>ergastulo</span> <span class='ocrx_word' id='word_1_41' title='bbox 840 698 1084 766; x_wconf 86' lang='lat' dir='ltr'>propter</span> <span class='ocrx_word' id='word_1_42' title='bbox 1098 693 1359 750; x_wconf 79' lang='lat' dir='ltr'>veritatis</span> <span class='ocrx_word' id='word_1_43' title='bbox 1388 692 1824 767; x_wconf 83' lang='lat' dir='ltr'>professionem</span> <span class='ocrx_word' id='word_1_44' title='bbox 1838 689 1939 745; x_wconf 89' lang='lat' dir='ltr'>de-</span> 
     </span>
    </p>
   </div>
   <div class='ocr_carea' id='block_1_9' title="bbox 280 780 1936 855">
    <p class='ocr_par' dir='ltr' id='par_1_9' title="bbox 280 780 1936 855">
     <span class='ocr_line' id='line_1_9' title="bbox 280 780 1936 855; baseline -0.004 -12"><span class='ocrx_word' id='word_1_45' title='bbox 280 784 562 852; x_wconf 77' lang='lat' dir='ltr'>truditur,</span> <span class='ocrx_word' id='word_1_46' title='bbox 617 783 823 855; x_wconf 85' lang='lat' dir='ltr'>ibique</span> <span class='ocrx_word' id='word_1_47' title='bbox 878 782 1115 855; x_wconf 77' lang='lat' dir='ltr'>absque</span> <span class='ocrx_word' id='word_1_48' title='bbox 1161 782 1283 839; x_wconf 89' lang='lat' dir='ltr'>ulla</span> <span class='ocrx_word' id='word_1_49' title='bbox 1338 781 1479 838; x_wconf 88' lang='lat' dir='ltr'>ﬁdei</span> <span class='ocrx_word' id='word_1_50' title='bbox 1528 780 1936 855; x_wconf 78' lang='lat' dir='ltr'>persecutione</span> 
     </span>
    </p>
   </div>
   <div class='ocr_carea' id='block_1_10' title="bbox 278 871 1938 944">
    <p class='ocr_par' dir='ltr' id='par_1_10' title="bbox 278 871 1938 944">
     <span class='ocr_line' id='line_1_10' title="bbox 278 871 1938 944; baseline -0.005 -11"><span class='ocrx_word' id='word_1_51' title='bbox 278 878 593 933; x_wconf 85' lang='lat' dir='ltr'>truncatur</span> <span class='ocrx_word' id='word_1_52' title='bbox 624 873 835 944; x_wconf 71' lang='lat' dir='ltr'>(Marc.</span> <span class='ocrx_word' id='word_1_53' title='bbox 868 888 944 935; x_wconf 73' lang='grc' dir='ltr'>γι,</span> <span class='ocrx_word' id='word_1_54' title='bbox 978 871 1204 943; x_wconf 87' lang='lat' dir='ltr'>1&#39;7).Ncc</span> <span class='ocrx_word' id='word_1_55' title='bbox 1226 871 1330 928; x_wconf 86' lang='lat' dir='ltr'>tali</span> <span class='ocrx_word' id='word_1_56' title='bbox 1353 871 1745 927; x_wconf 83' lang='lat' dir='ltr'>succumbere</span> <span class='ocrx_word' id='word_1_57' title='bbox 1776 884 1938 925; x_wconf 85' lang='lat' dir='ltr'>recu-</span> 
     </span>
    </p>
   </div>
   <div class='ocr_carea' id='block_1_11' title="bbox 277 960 1937 1036">
    <p class='ocr_par' dir='ltr' id='par_1_11' title="bbox 277 960 1937 1036">
     <span class='ocr_line' id='line_1_11' title="bbox 277 960 1937 1036; baseline -0.005 -15"><span class='ocrx_word' id='word_1_58' title='bbox 277 964 436 1022; x_wconf 86' lang='lat' dir='ltr'>savit</span> <span class='ocrx_word' id='word_1_59' title='bbox 456 961 805 1036; x_wconf 86' lang='lat' dir='ltr'>dispendio,</span> <span class='ocrx_word' id='word_1_60' title='bbox 828 961 933 1034; x_wconf 87' lang='lat' dir='ltr'>qui</span> <span class='ocrx_word' id='word_1_61' title='bbox 964 962 1089 1016; x_wconf 83' lang='lat' dir='ltr'>sine</span> <span class='ocrx_word' id='word_1_62' title='bbox 1118 960 1307 1017; x_wconf 90' lang='lat' dir='ltr'>dubio</span> <span class='ocrx_word' id='word_1_63' title='bbox 1334 964 1603 1027; x_wconf 77' lang='lat' dir='ltr'>noverat,</span> <span class='ocrx_word' id='word_1_64' title='bbox 1626 960 1832 1015; x_wconf 86' lang='lat' dir='ltr'>divino</span> <span class='ocrx_word' id='word_1_65' title='bbox 1849 974 1937 1014; x_wconf 88' lang='lat' dir='ltr'>re-</span> 
     </span>
    </p>
   </div>
   <div class='ocr_carea' id='block_1_12' title="bbox 275 1048 1938 1124">
    <p class='ocr_par' dir='ltr' id='par_1_12' title="bbox 275 1048 1938 1124">
     <span class='ocr_line' id='line_1_12' title="bbox 275 1048 1938 1124; baseline -0.005 -13"><span class='ocrx_word' id='word_1_66' title='bbox 275 1054 519 1111; x_wconf 84' lang='lat' dir='ltr'>velante</span> <span class='ocrx_word' id='word_1_67' title='bbox 540 1051 783 1124; x_wconf 78' lang='lat' dir='ltr'>Spiritu,</span> <span class='ocrx_word' id='word_1_68' title='bbox 805 1049 1179 1107; x_wconf 78' lang='lat' dir='ltr'>tantumdem</span> <span class='ocrx_word' id='word_1_69' title='bbox 1208 1066 1343 1107; x_wconf 87' lang='lat' dir='ltr'>esse</span> <span class='ocrx_word' id='word_1_70' title='bbox 1365 1053 1611 1123; x_wconf 80' lang='lat' dir='ltr'>propter</span> <span class='ocrx_word' id='word_1_71' title='bbox 1646 1048 1938 1119; x_wconf 88' lang='lat' dir='ltr'>justitiam</span> 
     </span>
    </p>
   </div>
   <div class='ocr_carea' id='block_1_13' title="bbox 273 1137 1937 1216">
    <p class='ocr_par' dir='ltr' id='par_1_13' title="bbox 273 1137 1937 1216">
     <span class='ocr_line' id='line_1_13' title="bbox 273 1137 1937 1216; baseline -0.007 -15"><span class='ocrx_word' id='word_1_72' title='bbox 273 1144 455 1214; x_wconf 89' lang='lat' dir='ltr'>mori,</span> <span class='ocrx_word' id='word_1_73' title='bbox 481 1157 670 1216; x_wconf 85' lang='lat' dir='ltr'>quam</span> <span class='ocrx_word' id='word_1_74' title='bbox 699 1157 810 1214; x_wconf 79' lang='lat' dir='ltr'>pro</span> <span class='ocrx_word' id='word_1_75' title='bbox 833 1140 971 1197; x_wconf 83' lang='lat' dir='ltr'>ﬁdei</span> <span class='ocrx_word' id='word_1_76' title='bbox 999 1140 1375 1197; x_wconf 86' lang='lat' dir='ltr'>confessione</span> <span class='ocrx_word' id='word_1_77' title='bbox 1402 1138 1717 1213; x_wconf 79' lang='lat' dir='ltr'>prosterni.</span> <span class='ocrx_word' id='word_1_78' title='bbox 1776 1137 1937 1193; x_wconf 88' lang='lat' dir='ltr'>Unde</span> 
     </span>
    </p>
   </div>
   <div class='ocr_carea' id='block_1_14' title="bbox 275 1226 1938 1302">
    <p class='ocr_par' dir='ltr' id='par_1_14' title="bbox 275 1226 1938 1302">
     <span class='ocr_line' id='line_1_14' title="bbox 275 1226 1938 1302; baseline -0.006 -12"><span class='ocrx_word' id='word_1_79' title='bbox 275 1238 338 1290; x_wconf 88' lang='lat' dir='ltr'>et</span> <span class='ocrx_word' id='word_1_80' title='bbox 368 1232 662 1289; x_wconf 85' lang='lat' dir='ltr'>Dominus</span> <span class='ocrx_word' id='word_1_81' title='bbox 691 1229 892 1287; x_wconf 80' lang='lat' dir='ltr'>vitalia</span> <span class='ocrx_word' id='word_1_82' title='bbox 915 1228 1226 1302; x_wconf 82' lang='lat' dir='ltr'>discipulis</span> <span class='ocrx_word' id='word_1_83' title='bbox 1274 1228 1561 1285; x_wconf 77' lang='lat' dir='ltr'>doctrinae</span> <span class='ocrx_word' id='word_1_84' title='bbox 1590 1226 1938 1283; x_wconf 86' lang='lat' dir='ltr'>ministrans</span> 
     </span>
    </p>
   </div>
   <div class='ocr_carea' id='block_1_15' title="bbox 276 1315 1939 1396">
    <p class='ocr_par' dir='ltr' id='par_1_15' title="bbox 276 1315 1939 1396">
     <span class='ocr_line' id='line_1_15' title="bbox 276 1315 1939 1396; baseline -0.004 -18"><span class='ocrx_word' id='word_1_85' title='bbox 276 1324 600 1396; x_wconf 76' lang='lat' dir='ltr'>pnesepta,</span> <span class='ocrx_word' id='word_1_86' title='bbox 623 1319 707 1375; x_wconf 90' lang='lat' dir='ltr'>sic</span> <span class='ocrx_word' id='word_1_87' title='bbox 736 1334 839 1375; x_wconf 89' lang='lat' dir='ltr'>eos</span> <span class='ocrx_word' id='word_1_88' title='bbox 858 1318 935 1375; x_wconf 89' lang='lat' dir='ltr'>de</span> <span class='ocrx_word' id='word_1_89' title='bbox 972 1322 1178 1375; x_wconf 88' lang='lat' dir='ltr'>monte</span> <span class='ocrx_word' id='word_1_90' title='bbox 1210 1317 1572 1390; x_wconf 83' lang='lat' dir='ltr'>alloquitur:</span> <span class='ocrx_word' id='word_1_91' title='bbox 1622 1318 1801 1373; x_wconf 86' lang='lat' dir='ltr'>Beati</span> <span class='ocrx_word' id='word_1_92' title='bbox 1835 1315 1939 1387; x_wconf 81' lang='lat' dir='ltr'>qui</span> 
     </span>
    </p>
   </div>
   <div class='ocr_carea' id='block_1_16' title="bbox 265 1406 1935 1482">
    <p class='ocr_par' dir='ltr' id='par_1_16' title="bbox 265 1406 1935 1482">
     <span class='ocr_line' id='line_1_16' title="bbox 265 1406 1935 1482; baseline -0.005 -15"><span class='ocrx_word' id='word_1_93' title='bbox 265 1409 741 1482; x_wconf 72' lang='lat' dir='ltr'>persecutionem</span> <span class='ocrx_word' id='word_1_94' title='bbox 774 1407 1103 1477; x_wconf 83' lang='lat' dir='ltr'>patiuntur</span> <span class='ocrx_word' id='word_1_95' title='bbox 1125 1412 1381 1476; x_wconf 75' lang='lat' dir='ltr'>propter</span> <span class='ocrx_word' id='word_1_96' title='bbox 1422 1406 1771 1476; x_wconf 77' lang='lat' dir='ltr'>justitiam:</span> <span class='ocrx_word' id='word_1_97' title='bbox 1799 1418 1935 1475; x_wconf 84' lang='lat' dir='ltr'>quo-</span> 
     </span>
    </p>
   </div>
   <div class='ocr_carea' id='block_1_17' title="bbox 270 1492 1930 1568">
    <p class='ocr_par' dir='ltr' id='par_1_17' title="bbox 270 1492 1930 1568">
     <span class='ocr_line' id='line_1_17' title="bbox 270 1492 1930 1568; baseline -0.005 -13"><span class='ocrx_word' id='word_1_98' title='bbox 270 1501 439 1556; x_wconf 80' lang='lat' dir='ltr'>niam</span> <span class='ocrx_word' id='word_1_99' title='bbox 462 1500 727 1568; x_wconf 84' lang='lat' dir='ltr'>ipsorum</span> <span class='ocrx_word' id='word_1_100' title='bbox 753 1502 839 1554; x_wconf 81' lang='lat' dir='ltr'>est</span> <span class='ocrx_word' id='word_1_101' title='bbox 865 1511 1121 1566; x_wconf 83' lang='lat' dir='ltr'>regnum</span> <span class='ocrx_word' id='word_1_102' title='bbox 1149 1497 1432 1552; x_wconf 71' lang='lat' dir='ltr'>caelorum</span> <span class='ocrx_word' id='word_1_103' title='bbox 1463 1494 1706 1565; x_wconf 79' lang='lat' dir='ltr'>(Matth.</span> <span class='ocrx_word' id='word_1_104' title='bbox 1734 1510 1792 1557; x_wconf 90' lang='lat' dir='ltr'>v,</span> <span class='ocrx_word' id='word_1_105' title='bbox 1826 1492 1930 1563; x_wconf 82' lang='grc'>10).</span> 
     </span>
    </p>
   </div>
   <div class='ocr_carea' id='block_1_18' title="bbox 271 1583 1932 1660">
    <p class='ocr_par' dir='ltr' id='par_1_18' title="bbox 271 1583 1932 1660">
     <span class='ocr_line' id='line_1_18' title="bbox 271 1583 1932 1660; baseline -0.004 -15"><span class='ocrx_word' id='word_1_106' title='bbox 271 1591 343 1645; x_wconf 86' lang='lat' dir='ltr'>Et</span> <span class='ocrx_word' id='word_1_107' title='bbox 371 1587 511 1660; x_wconf 89' lang='lat' dir='ltr'>quid</span> <span class='ocrx_word' id='word_1_108' title='bbox 547 1586 712 1644; x_wconf 85' lang='lat' dir='ltr'>aliud</span> <span class='ocrx_word' id='word_1_109' title='bbox 742 1586 823 1642; x_wconf 90' lang='lat' dir='ltr'>ad</span> <span class='ocrx_word' id='word_1_110' title='bbox 837 1585 1043 1643; x_wconf 87' lang='lat' dir='ltr'>omnia</span> <span class='ocrx_word' id='word_1_111' title='bbox 1056 1583 1441 1641; x_wconf 80' lang='lat' dir='ltr'>beatitudinis</span> <span class='ocrx_word' id='word_1_112' title='bbox 1468 1583 1932 1656; x_wconf 73' lang='lat' dir='ltr'>praemia,quam</span> 
     </span>
    </p>
   </div>
   <div class='ocr_carea' id='block_1_19' title="bbox 270 1673 1471 1744">
    <p class='ocr_par' dir='ltr' id='par_1_19' title="bbox 270 1673 1471 1744">
     <span class='ocr_line' id='line_1_19' title="bbox 270 1673 1471 1744; baseline -0.005 -10"><span class='ocrx_word' id='word_1_113' title='bbox 270 1678 564 1735; x_wconf 65' lang='lat' dir='ltr'>caelorum</span> <span class='ocrx_word' id='word_1_114' title='bbox 594 1675 1004 1733; x_wconf 81' lang='lat' dir='ltr'>aifectandum</span> <span class='ocrx_word' id='word_1_115' title='bbox 1045 1679 1132 1731; x_wconf 88' lang='lat' dir='ltr'>est</span> <span class='ocrx_word' id='word_1_116' title='bbox 1170 1673 1471 1744; x_wconf 79' lang='lat' dir='ltr'>regnum?</span> 
     </span>
    </p>
   </div>
   <div class='ocr_carea' id='block_1_20' title="bbox 344 1761 1931 1825">
    <p class='ocr_par' dir='ltr' id='par_1_20' title="bbox 344 1761 1931 1825">
     <span class='ocr_line' id='line_1_20' title="bbox 344 1761 1931 1825; baseline -0.004 -2"><span class='ocrx_word' id='word_1_117' title='bbox 344 1772 439 1825; x_wconf 75' lang='lat'>23.</span> <span class='ocrx_word' id='word_1_118' title='bbox 468 1766 933 1823; x_wconf 89' lang='lat' dir='ltr'>Calumniantur</span> <span class='ocrx_word' id='word_1_119' title='bbox 978 1766 1155 1821; x_wconf 88' lang='lat' dir='ltr'>etiam</span> <span class='ocrx_word' id='word_1_120' title='bbox 1211 1763 1437 1820; x_wconf 90' lang='lat' dir='ltr'>inimici</span> <span class='ocrx_word' id='word_1_121' title='bbox 1481 1762 1823 1818; x_wconf 89' lang='lat' dir='ltr'>ultroneum</span> <span class='ocrx_word' id='word_1_122' title='bbox 1852 1761 1931 1817; x_wconf 89' lang='lat' dir='ltr'>ad</span> 
     </span>
    </p>
   </div>
   <div class='ocr_carea' id='block_1_21' title="bbox 266 1849 1933 1927">
    <p class='ocr_par' dir='ltr' id='par_1_21' title="bbox 266 1849 1933 1927">
     <span class='ocr_line' id='line_1_21' title="bbox 266 1849 1933 1927; baseline -0.005 -13"><span class='ocrx_word' id='word_1_123' title='bbox 266 1861 529 1914; x_wconf 87' lang='lat' dir='ltr'>mortem</span> <span class='ocrx_word' id='word_1_124' title='bbox 548 1872 761 1911; x_wconf 87' lang='lat' dir='ltr'>eorum</span> <span class='ocrx_word' id='word_1_125' title='bbox 782 1869 1360 1927; x_wconf 77' lang='lat' dir='ltr'>progressum,quos</span> <span class='ocrx_word' id='word_1_126' title='bbox 1377 1859 1394 1882; x_wconf 88' lang='grc'>⁶</span> <span class='ocrx_word' id='word_1_127' title='bbox 1419 1851 1650 1924; x_wconf 89' lang='lat' dir='ltr'>passim</span> <span class='ocrx_word' id='word_1_128' title='bbox 1676 1849 1933 1907; x_wconf 83' lang='lat' dir='ltr'>liberali-</span> 
     </span>
    </p>
   </div>
   <div class='ocr_carea' id='block_1_22' title="bbox 266 1938 1929 2015">
    <p class='ocr_par' dir='ltr' id='par_1_22' title="bbox 266 1938 1929 2015">
     <span class='ocr_line' id='line_1_22' title="bbox 266 1938 1929 2015; baseline -0.005 -12"><span class='ocrx_word' id='word_1_129' title='bbox 266 1950 367 2004; x_wconf 83' lang='lat' dir='ltr'>tas</span> <span class='ocrx_word' id='word_1_130' title='bbox 392 1945 552 2015; x_wconf 75' lang='lat' dir='ltr'>regis</span> <span class='ocrx_word' id='word_1_131' title='bbox 580 1960 761 2001; x_wconf 87' lang='lat' dir='ltr'>suum</span> <span class='ocrx_word' id='word_1_132' title='bbox 776 1942 956 2000; x_wconf 89' lang='lat' dir='ltr'>incoli</span> <span class='ocrx_word' id='word_1_133' title='bbox 976 1942 1238 2014; x_wconf 88' lang='lat' dir='ltr'>jusserat</span> <span class='ocrx_word' id='word_1_134' title='bbox 1266 1938 1929 1998; x_wconf 83' lang='lat' dir='ltr'>Christianismum.Sed</span> 
     </span>
    </p>
   </div>
   <div class='ocr_carea' id='block_1_23' title="bbox 248 2029 1928 2109">
    <p class='ocr_par' dir='ltr' id='par_1_23' title="bbox 248 2029 1928 2109">
     <span class='ocr_line' id='line_1_23' title="bbox 248 2029 1928 2109; baseline -0.003 -17"><span class='ocrx_word' id='word_1_135' title='bbox 248 2034 574 2109; x_wconf 64' lang='lat' dir='ltr'>praecessit</span> <span class='ocrx_word' id='word_1_136' title='bbox 601 2034 717 2089; x_wconf 86' lang='lat' dir='ltr'>hoc</span> <span class='ocrx_word' id='word_1_137' title='bbox 746 2049 881 2089; x_wconf 88' lang='lat' dir='ltr'>reor</span> <span class='ocrx_word' id='word_1_138' title='bbox 903 2030 1245 2105; x_wconf 88' lang='lat' dir='ltr'>exemplum</span> <span class='ocrx_word' id='word_1_139' title='bbox 1286 2032 1402 2103; x_wconf 77' lang='grc'>(14)</span> <span class='ocrx_word' id='word_1_140' title='bbox 1438 2030 1499 2087; x_wconf 91' lang='lat' dir='ltr'>in</span> <span class='ocrx_word' id='word_1_141' title='bbox 1557 2029 1669 2086; x_wconf 88' lang='lat' dir='ltr'>illis</span> <span class='ocrx_word' id='word_1_142' title='bbox 1698 2033 1928 2101; x_wconf 86' lang='lat' dir='ltr'>septem</span> 
     </span>
    </p>
   </div>
   <div class='ocr_carea' id='block_1_24' title="bbox 259 2121 1924 2195">
    <p class='ocr_par' dir='ltr' id='par_1_24' title="bbox 259 2121 1924 2195">
     <span class='ocr_line' id='line_1_24' title="bbox 259 2121 1924 2195; baseline -0.004 -14"><span class='ocrx_word' id='word_1_143' title='bbox 259 2124 576 2187; x_wconf 81' lang='lat' dir='ltr'>fratribus,</span> <span class='ocrx_word' id='word_1_144' title='bbox 606 2121 773 2195; x_wconf 89' lang='lat' dir='ltr'>quod</span> <span class='ocrx_word' id='word_1_145' title='bbox 795 2126 960 2192; x_wconf 81' lang='lat' dir='ltr'>gesta</span> <span class='ocrx_word' id='word_1_146' title='bbox 979 2121 1140 2177; x_wconf 88' lang='lat' dir='ltr'>beati</span> <span class='ocrx_word' id='word_1_147' title='bbox 1166 2121 1386 2177; x_wconf 86' lang='lat' dir='ltr'>Juliani</span> <span class='ocrx_word' id='word_1_148' title='bbox 1428 2122 1924 2176; x_wconf 85' lang='lat' dir='ltr'>commemorant.</span> 
     </span>
    </p>
   </div>
   <div class='ocr_carea' id='block_1_25' title="bbox 265 2206 1925 2284">
    <p class='ocr_par' dir='ltr' id='par_1_25' title="bbox 265 2206 1925 2284">
     <span class='ocr_line' id='line_1_25' title="bbox 265 2206 1925 2284; baseline -0.004 -16"><span class='ocrx_word' id='word_1_149' title='bbox 265 2212 390 2278; x_wconf 81' lang='lat' dir='ltr'>Qui</span> <span class='ocrx_word' id='word_1_150' title='bbox 414 2211 547 2268; x_wconf 90' lang='lat' dir='ltr'>ideo</span> <span class='ocrx_word' id='word_1_151' title='bbox 567 2212 735 2284; x_wconf 89' lang='lat' dir='ltr'>quod</span> <span class='ocrx_word' id='word_1_152' title='bbox 764 2208 1189 2279; x_wconf 75' lang='lat' dir='ltr'>Augustalibus</span> <span class='ocrx_word' id='word_1_153' title='bbox 1231 2208 1667 2282; x_wconf 75' lang='lat' dir='ltr'>praepollebant</span> <span class='ocrx_word' id='word_1_154' title='bbox 1713 2206 1925 2264; x_wconf 89' lang='lat' dir='ltr'>natali-</span> 
     </span>
    </p>
   </div>
   <div class='ocr_carea' id='block_1_26' title="bbox 262 2295 1926 2372">
    <p class='ocr_par' dir='ltr' id='par_1_26' title="bbox 262 2295 1926 2372">
     <span class='ocr_line' id='line_1_26' title="bbox 262 2295 1926 2372; baseline -0.004 -14"><span class='ocrx_word' id='word_1_155' title='bbox 262 2301 418 2366; x_wconf 85' lang='lat' dir='ltr'>bus,</span> <span class='ocrx_word' id='word_1_156' title='bbox 439 2316 511 2356; x_wconf 81' lang='lat' dir='ltr'>ex</span> <span class='ocrx_word' id='word_1_157' title='bbox 539 2301 774 2358; x_wconf 85' lang='lat' dir='ltr'>decreto</span> <span class='ocrx_word' id='word_1_158' title='bbox 802 2299 1146 2372; x_wconf 82' lang='lat' dir='ltr'>principum</span> <span class='ocrx_word' id='word_1_159' title='bbox 1188 2298 1373 2354; x_wconf 86' lang='lat' dir='ltr'>libere</span> <span class='ocrx_word' id='word_1_160' title='bbox 1413 2296 1770 2353; x_wconf 81' lang='lat' dir='ltr'>exercebant</span> <span class='ocrx_word' id='word_1_161' title='bbox 1797 2295 1926 2351; x_wconf 87' lang='lat' dir='ltr'>reli-</span> 
     </span>
    </p>
   </div>
   <div class='ocr_carea' id='block_1_27' title="bbox 261 2385 1925 2460">
    <p class='ocr_par' dir='ltr' id='par_1_27' title="bbox 261 2385 1925 2460">
     <span class='ocr_line' id='line_1_27' title="bbox 261 2385 1925 2460; baseline -0.004 -14"><span class='ocrx_word' id='word_1_162' title='bbox 261 2389 474 2460; x_wconf 78' lang='lat' dir='ltr'>gionis</span> <span class='ocrx_word' id='word_1_163' title='bbox 501 2389 804 2446; x_wconf 68' lang='lat' dir='ltr'>catholicae</span> <span class='ocrx_word' id='word_1_164' title='bbox 832 2388 1078 2445; x_wconf 89' lang='lat' dir='ltr'>cultum.</span> <span class='ocrx_word' id='word_1_165' title='bbox 1111 2386 1225 2445; x_wconf 88' lang='lat' dir='ltr'>Sed</span> <span class='ocrx_word' id='word_1_166' title='bbox 1276 2392 1478 2443; x_wconf 88' lang='lat' dir='ltr'>tamen</span> <span class='ocrx_word' id='word_1_167' title='bbox 1508 2385 1570 2442; x_wconf 92' lang='lat' dir='ltr'>in</span> <span class='ocrx_word' id='word_1_168' title='bbox 1613 2400 1805 2455; x_wconf 78' lang='lat' dir='ltr'>agone</span> <span class='ocrx_word' id='word_1_169' title='bbox 1831 2401 1925 2440; x_wconf 87' lang='lat' dir='ltr'>su-</span> 
     </span>
    </p>
   </div>
   <div class='ocr_carea' id='block_1_28' title="bbox 256 2472 1926 2540">
    <p class='ocr_par' dir='ltr' id='par_1_28' title="bbox 256 2472 1926 2540">
     <span class='ocr_line' id='line_1_28' title="bbox 256 2472 1926 2540; baseline -0.004 -4"><span class='ocrx_word' id='word_1_170' title='bbox 256 2479 517 2536; x_wconf 81' lang='lat' dir='ltr'>dantem</span> <span class='ocrx_word' id='word_1_171' title='bbox 545 2478 794 2534; x_wconf 86' lang='lat' dir='ltr'>beatum</span> <span class='ocrx_word' id='word_1_172' title='bbox 821 2476 1123 2534; x_wconf 78' lang='lat' dir='ltr'>lulianum</span> <span class='ocrx_word' id='word_1_173' title='bbox 1156 2480 1487 2540; x_wconf 88' lang='lat' dir='ltr'>cernentes,</span> <span class='ocrx_word' id='word_1_174' title='bbox 1521 2474 1676 2531; x_wconf 88' lang='lat' dir='ltr'>illico</span> <span class='ocrx_word' id='word_1_175' title='bbox 1709 2473 1788 2529; x_wconf 89' lang='lat' dir='ltr'>ad</span> <span class='ocrx_word' id='word_1_176' title='bbox 1807 2472 1926 2529; x_wconf 88' lang='lat' dir='ltr'>bel-</span> 
     </span>
    </p>
   </div>
   <div class='ocr_carea' id='block_1_29' title="bbox 253 2562 1926 2641">
    <p class='ocr_par' dir='ltr' id='par_1_29' title="bbox 253 2562 1926 2641">
     <span class='ocr_line' id='line_1_29' title="bbox 253 2562 1926 2641; baseline -0.005 -15"><span class='ocrx_word' id='word_1_177' title='bbox 253 2569 398 2627; x_wconf 83' lang='lat' dir='ltr'>lum</span> <span class='ocrx_word' id='word_1_178' title='bbox 456 2567 795 2641; x_wconf 84' lang='lat' dir='ltr'>prosiliunt,</span> <span class='ocrx_word' id='word_1_179' title='bbox 840 2571 897 2623; x_wconf 89' lang='lat' dir='ltr'>et</span> <span class='ocrx_word' id='word_1_180' title='bbox 946 2582 1151 2623; x_wconf 87' lang='lat' dir='ltr'>amore</span> <span class='ocrx_word' id='word_1_181' title='bbox 1196 2565 1466 2638; x_wconf 85' lang='lat' dir='ltr'>martyrii</span> <span class='ocrx_word' id='word_1_182' title='bbox 1517 2562 1926 2621; x_wconf 75' lang='lat' dir='ltr'>mluntarium</span> 
     </span>
    </p>
   </div>
   <div class='ocr_carea' id='block_1_30' title="bbox 252 2652 1927 2730">
    <p class='ocr_par' dir='ltr' id='par_1_30' title="bbox 252 2652 1927 2730">
     <span class='ocr_line' id='line_1_30' title="bbox 252 2652 1927 2730; baseline -0.004 -16"><span class='ocrx_word' id='word_1_183' title='bbox 252 2658 499 2715; x_wconf 84' lang='lat' dir='ltr'>obitum</span> <span class='ocrx_word' id='word_1_184' title='bbox 525 2660 836 2730; x_wconf 81' lang='lat' dir='ltr'>expetunt.</span> <span class='ocrx_word' id='word_1_185' title='bbox 871 2656 1107 2727; x_wconf 84' lang='lat' dir='ltr'>Legitur</span> <span class='ocrx_word' id='word_1_186' title='bbox 1141 2671 1384 2728; x_wconf 86' lang='lat' dir='ltr'>quoque</span> <span class='ocrx_word' id='word_1_187' title='bbox 1426 2654 1503 2711; x_wconf 90' lang='lat' dir='ltr'>de</span> <span class='ocrx_word' id='word_1_188' title='bbox 1557 2653 1809 2710; x_wconf 88' lang='lat' dir='ltr'>Domino</span> <span class='ocrx_word' id='word_1_189' title='bbox 1864 2652 1927 2709; x_wconf 92' lang='lat' dir='ltr'>in</span> 
     </span>
    </p>
   </div>
   <div class='ocr_carea' id='block_1_31' title="bbox 256 2743 1926 2817">
    <p class='ocr_par' dir='ltr' id='par_1_31' title="bbox 256 2743 1926 2817">
     <span class='ocr_line' id='line_1_31' title="bbox 256 2743 1926 2817; baseline -0.004 -11"><span class='ocrx_word' id='word_1_190' title='bbox 256 2746 635 2817; x_wconf 79' lang='lat' dir='ltr'>Evangeliis:</span> <span class='ocrx_word' id='word_1_191' title='bbox 694 2746 1048 2816; x_wconf 78' lang='lat' dir='ltr'>Obﬁrmavit</span> <span class='ocrx_word' id='word_1_192' title='bbox 1094 2747 1314 2815; x_wconf 69' lang='lat' dir='ltr'>faciem</span> <span class='ocrx_word' id='word_1_193' title='bbox 1357 2760 1550 2810; x_wconf 85' lang='lat' dir='ltr'>suam,</span> <span class='ocrx_word' id='word_1_194' title='bbox 1606 2750 1672 2799; x_wconf 87' lang='lat' dir='ltr'>ut</span> <span class='ocrx_word' id='word_1_195' title='bbox 1720 2744 1833 2798; x_wconf 89' lang='lat' dir='ltr'>iret</span> <span class='ocrx_word' id='word_1_196' title='bbox 1863 2743 1926 2799; x_wconf 78' lang='lat' dir='ltr'>in</span> 
     </span>
    </p>
   </div>
   <div class='ocr_carea' id='block_1_32' title="bbox 251 2834 1928 2907">
    <p class='ocr_par' dir='ltr' id='par_1_32' title="bbox 251 2834 1928 2907">
     <span class='ocr_line' id='line_1_32' title="bbox 251 2834 1928 2907; baseline -0.005 -12"><span class='ocrx_word' id='word_1_197' title='bbox 251 2837 648 2895; x_wconf 69' lang='lat' dir='ltr'>Hierusalem</span> <span class='ocrx_word' id='word_1_198' title='bbox 668 2836 839 2907; x_wconf 86' lang='lat' dir='ltr'>(Luc.</span> <span class='ocrx_word' id='word_1_199' title='bbox 872 2851 951 2898; x_wconf 76' lang='lat' dir='ltr'>Ix,</span> <span class='ocrx_word' id='word_1_200' title='bbox 980 2836 1093 2906; x_wconf 64' lang='lat' dir='ltr'>ﬁl).</span> <span class='ocrx_word' id='word_1_201' title='bbox 1126 2834 1299 2901; x_wconf 84' lang='lat' dir='ltr'>Quod</span> <span class='ocrx_word' id='word_1_202' title='bbox 1350 2834 1433 2891; x_wconf 90' lang='lat' dir='ltr'>ita</span> <span class='ocrx_word' id='word_1_203' title='bbox 1461 2838 1704 2889; x_wconf 87' lang='lat' dir='ltr'>sanctus</span> <span class='ocrx_word' id='word_1_204' title='bbox 1751 2847 1928 2904; x_wconf 53' lang='lat' dir='ltr'>expc:</span> 
     </span>
    </p>
   </div>
   <div class='ocr_carea' id='block_1_33' title="bbox 251 2919 1927 2997">
    <p class='ocr_par' dir='ltr' id='par_1_33' title="bbox 251 2919 1927 2997">
     <span class='ocr_line' id='line_1_33' title="bbox 251 2919 1927 2997; baseline -0.004 -15"><span class='ocrx_word' id='word_1_205' title='bbox 251 2925 356 2983; x_wconf 81' lang='lat' dir='ltr'>nit</span> <span class='ocrx_word' id='word_1_206' title='bbox 378 2924 779 2997; x_wconf 85' lang='lat' dir='ltr'>Hieronymus</span> <span class='ocrx_word' id='word_1_207' title='bbox 801 2924 1043 2995; x_wconf 65' lang='lat' dir='ltr'>(Quaest.</span> <span class='ocrx_word' id='word_1_208' title='bbox 1077 2929 1107 2979; x_wconf 79' lang='grc' dir='ltr'>ὅ</span> <span class='ocrx_word' id='word_1_209' title='bbox 1133 2924 1214 2980; x_wconf 84' lang='lat' dir='ltr'>ad</span> <span class='ocrx_word' id='word_1_210' title='bbox 1250 2924 1585 2994; x_wconf 79' lang='lat' dir='ltr'>Algasiam)</span> <span class='ocrx_word' id='word_1_211' title='bbox 1616 2939 1628 2974; x_wconf 87' lang='lat'><strong>:</strong></span> <span class='ocrx_word' id='word_1_212' title='bbox 1671 2937 1710 2972; x_wconf 69' lang='grc' dir='ltr'>ἀ</span> <span class='ocrx_word' id='word_1_213' title='bbox 1739 2919 1927 2976; x_wconf 84' lang='lat' dir='ltr'>Obﬁr-</span> 
     </span>
    </p>
   </div>
   <div class='ocr_carea' id='block_1_34' title="bbox 2050 424 3701 505">
    <p class='ocr_par' dir='ltr' id='par_1_34' title="bbox 2050 424 3701 505">
     <span class='ocr_line' id='line_1_34' title="bbox 2050 424 3701 505; baseline 0.005 -25"><span class='ocrx_word' id='word_1_214' title='bbox 2050 424 2166 481; x_wconf 85' lang='lat' dir='ltr'>deli</span> <span class='ocrx_word' id='word_1_215' title='bbox 2194 429 2382 487; x_wconf 87' lang='lat' dir='ltr'>relatu</span> <span class='ocrx_word' id='word_1_216' title='bbox 2394 432 2870 505; x_wconf 86' lang='lat' dir='ltr'>persecutionem</span> <span class='ocrx_word' id='word_1_217' title='bbox 2894 431 3343 499; x_wconf 87' lang='lat' dir='ltr'>catholicorum,</span> <span class='ocrx_word' id='word_1_218' title='bbox 3367 448 3502 503; x_wconf 66' lang='lat' dir='ltr'>quae</span> <span class='ocrx_word' id='word_1_219' title='bbox 3535 433 3701 505; x_wconf 91' lang='lat' dir='ltr'>apud</span> 
     </span>
    </p>
   </div>
   <div class='ocr_carea' id='block_1_35' title="bbox 2047 515 3699 592">
    <p class='ocr_par' dir='ltr' id='par_1_35' title="bbox 2047 515 3699 592">
     <span class='ocr_line' id='line_1_35' title="bbox 2047 515 3699 592; baseline 0.004 -22"><span class='ocrx_word' id='word_1_220' title='bbox 2047 515 2386 574; x_wconf 87' lang='lat' dir='ltr'>Gerundam</span> <span class='ocrx_word' id='word_1_221' title='bbox 2416 520 2715 592; x_wconf 60' lang='lat' dir='ltr'>Hispania</span> <span class='ocrx_word' id='word_1_222' title='bbox 2746 519 2958 575; x_wconf 88' lang='lat' dir='ltr'>urbem</span> <span class='ocrx_word' id='word_1_223' title='bbox 2979 519 3280 576; x_wconf 88' lang='lat' dir='ltr'>conﬁnem</span> <span class='ocrx_word' id='word_1_224' title='bbox 3302 520 3503 575; x_wconf 67' lang='lat' dir='ltr'>Galliae</span> <span class='ocrx_word' id='word_1_225' title='bbox 3533 534 3699 591; x_wconf 80' lang='lat' dir='ltr'>gere-</span> 
     </span>
    </p>
   </div>
   <div class='ocr_carea' id='block_1_36' title="bbox 2044 602 3699 682">
    <p class='ocr_par' dir='ltr' id='par_1_36' title="bbox 2044 602 3699 682">
     <span class='ocr_line' id='line_1_36' title="bbox 2044 602 3699 682; baseline 0.005 -24"><span class='ocrx_word' id='word_1_226' title='bbox 2044 602 2239 673; x_wconf 87' lang='lat' dir='ltr'>batur,</span> <span class='ocrx_word' id='word_1_227' title='bbox 2271 610 2647 681; x_wconf 86' lang='lat' dir='ltr'>comperiret,</span> <span class='ocrx_word' id='word_1_228' title='bbox 2676 609 3108 682; x_wconf 79' lang='lat' dir='ltr'>crudeliterque</span> <span class='ocrx_word' id='word_1_229' title='bbox 3132 609 3453 666; x_wconf 88' lang='lat' dir='ltr'>Ecclesiam</span> <span class='ocrx_word' id='word_1_230' title='bbox 3469 609 3699 666; x_wconf 85' lang='lat' dir='ltr'>Deiibi-</span> 
     </span>
    </p>
   </div>
   <div class='ocr_carea' id='block_1_37' title="bbox 2045 692 3700 771">
    <p class='ocr_par' dir='ltr' id='par_1_37' title="bbox 2045 692 3700 771">
     <span class='ocr_line' id='line_1_37' title="bbox 2045 692 3700 771; baseline 0.004 -24"><span class='ocrx_word' id='word_1_231' title='bbox 2045 692 2185 749; x_wconf 90' lang='lat' dir='ltr'>dem</span> <span class='ocrx_word' id='word_1_232' title='bbox 2215 709 2250 749; x_wconf 87' lang='lat' dir='ltr'>a</span> <span class='ocrx_word' id='word_1_233' title='bbox 2272 698 2525 767; x_wconf 77' lang='lat' dir='ltr'>paganis</span> <span class='ocrx_word' id='word_1_234' title='bbox 2556 698 2821 754; x_wconf 89' lang='lat' dir='ltr'>infestari</span> <span class='ocrx_word' id='word_1_235' title='bbox 2848 698 3583 771; x_wconf 83' lang='lat' dir='ltr'>cognosceret;extemplo</span> <span class='ocrx_word' id='word_1_236' title='bbox 3605 698 3700 755; x_wconf 85' lang='lat' dir='ltr'>lit-</span> 
     </span>
    </p>
   </div>
   <div class='ocr_carea' id='block_1_38' title="bbox 2047 785 3698 861">
    <p class='ocr_par' dir='ltr' id='par_1_38' title="bbox 2047 785 3698 861">
     <span class='ocr_line' id='line_1_38' title="bbox 2047 785 3698 861; baseline 0.004 -24"><span class='ocrx_word' id='word_1_237' title='bbox 2047 786 2318 839; x_wconf 81' lang='lat' dir='ltr'>teraturaa</span> <span class='ocrx_word' id='word_1_238' title='bbox 2344 785 2603 842; x_wconf 84' lang='lat' dir='ltr'>liberalis</span> <span class='ocrx_word' id='word_1_239' title='bbox 2647 786 2914 842; x_wconf 90' lang='lat' dir='ltr'>studium</span> <span class='ocrx_word' id='word_1_240' title='bbox 2964 786 3407 860; x_wconf 85' lang='lat' dir='ltr'>derelinquens,</span> <span class='ocrx_word' id='word_1_241' title='bbox 3439 786 3605 861; x_wconf 91' lang='lat' dir='ltr'>quod</span> <span class='ocrx_word' id='word_1_242' title='bbox 3636 787 3698 843; x_wconf 90' lang='lat' dir='ltr'>in</span> 
     </span>
    </p>
   </div>
   <div class='ocr_carea' id='block_1_39' title="bbox 2046 874 3699 950">
    <p class='ocr_par' dir='ltr' id='par_1_39' title="bbox 2046 874 3699 950">
     <span class='ocr_line' id='line_1_39' title="bbox 2046 874 3699 950; baseline 0.004 -23"><span class='ocrx_word' id='word_1_243' title='bbox 2046 874 2317 930; x_wconf 70' lang='lat' dir='ltr'>Caesarea</span> <span class='ocrx_word' id='word_1_244' title='bbox 2358 876 2720 935; x_wconf 72' lang='lat' dir='ltr'>Mauritaniae</span> <span class='ocrx_word' id='word_1_245' title='bbox 2778 877 3004 948; x_wconf 88' lang='lat' dir='ltr'>positus</span> <span class='ocrx_word' id='word_1_246' title='bbox 3057 876 3388 948; x_wconf 83' lang='lat' dir='ltr'>excolebat,</span> <span class='ocrx_word' id='word_1_247' title='bbox 3450 876 3699 950; x_wconf 83' lang='lat' dir='ltr'>praepeti</span> 
     </span>
    </p>
   </div>
   <div class='ocr_carea' id='block_1_40' title="bbox 2043 962 3697 1039">
    <p class='ocr_par' dir='ltr' id='par_1_40' title="bbox 2043 962 3697 1039">
     <span class='ocr_line' id='line_1_40' title="bbox 2043 962 3697 1039; baseline 0.004 -23"><span class='ocrx_word' id='word_1_248' title='bbox 2043 962 2423 1032; x_wconf 83' lang='lat' dir='ltr'>navigatione</span> <span class='ocrx_word' id='word_1_249' title='bbox 2450 980 2689 1037; x_wconf 65' lang='lat' dir='ltr'>aequore</span> <span class='ocrx_word' id='word_1_250' title='bbox 2728 966 3109 1033; x_wconf 84' lang='lat' dir='ltr'>transmisso,</span> <span class='ocrx_word' id='word_1_251' title='bbox 3139 964 3491 1038; x_wconf 71' lang='lat' dir='ltr'>prmdictum</span> <span class='ocrx_word' id='word_1_252' title='bbox 3521 966 3697 1039; x_wconf 90' lang='lat' dir='ltr'>oppi-</span> 
     </span>
    </p>
   </div>
   <div class='ocr_carea' id='block_1_41' title="bbox 2045 1048 3696 1128">
    <p class='ocr_par' dir='ltr' id='par_1_41' title="bbox 2045 1048 3696 1128">
     <span class='ocr_line' id='line_1_41' title="bbox 2045 1048 3696 1128; baseline 0.003 -23"><span class='ocrx_word' id='word_1_253' title='bbox 2045 1048 2192 1106; x_wconf 88' lang='lat' dir='ltr'>dum</span> <span class='ocrx_word' id='word_1_254' title='bbox 2218 1051 2380 1120; x_wconf 88' lang='lat' dir='ltr'>adiit,</span> <span class='ocrx_word' id='word_1_255' title='bbox 2408 1053 2611 1125; x_wconf 89' lang='lat' dir='ltr'>ibique</span> <span class='ocrx_word' id='word_1_256' title='bbox 2662 1054 3039 1126; x_wconf 84' lang='lat' dir='ltr'>martyrium,</span> <span class='ocrx_word' id='word_1_257' title='bbox 3099 1053 3264 1126; x_wconf 91' lang='lat' dir='ltr'>quod</span> <span class='ocrx_word' id='word_1_258' title='bbox 3312 1056 3517 1128; x_wconf 81' lang='lat' dir='ltr'>patriae</span> <span class='ocrx_word' id='word_1_259' title='bbox 3569 1070 3696 1111; x_wconf 73' lang='lat' dir='ltr'>suae</span> 
     </span>
    </p>
   </div>
   <div class='ocr_carea' id='block_1_42' title="bbox 2045 1139 3696 1216">
    <p class='ocr_par' dir='ltr' id='par_1_42' title="bbox 2045 1139 3696 1216">
     <span class='ocr_line' id='line_1_42' title="bbox 2045 1139 3696 1216; baseline 0.003 -22"><span class='ocrx_word' id='word_1_260' title='bbox 2045 1139 2265 1206; x_wconf 89' lang='lat' dir='ltr'>deerat,</span> <span class='ocrx_word' id='word_1_261' title='bbox 2295 1142 2543 1198; x_wconf 88' lang='lat' dir='ltr'>devotus</span> <span class='ocrx_word' id='word_1_262' title='bbox 2571 1143 2741 1199; x_wconf 87' lang='lat' dir='ltr'>miles</span> <span class='ocrx_word' id='word_1_263' title='bbox 2770 1143 2983 1200; x_wconf 88' lang='lat' dir='ltr'>Christi</span> <span class='ocrx_word' id='word_1_264' title='bbox 3012 1143 3516 1216; x_wconf 87' lang='lat' dir='ltr'>triumphabiliter</span> <span class='ocrx_word' id='word_1_265' title='bbox 3556 1160 3696 1200; x_wconf 89' lang='lat' dir='ltr'>con-</span> 
     </span>
    </p>
   </div>
   <div class='ocr_carea' id='block_1_43' title="bbox 2044 1231 3697 1303">
    <p class='ocr_par' dir='ltr' id='par_1_43' title="bbox 2044 1231 3697 1303">
     <span class='ocr_line' id='line_1_43' title="bbox 2044 1231 3697 1303; baseline 0.003 -20"><span class='ocrx_word' id='word_1_266' title='bbox 2044 1231 2367 1286; x_wconf 87' lang='lat' dir='ltr'>summavit</span> <span class='ocrx_word' id='word_1_267' title='bbox 2394 1232 2527 1303; x_wconf 77' lang='grc'>(16).</span> <span class='ocrx_word' id='word_1_268' title='bbox 2560 1232 2649 1288; x_wconf 84' lang='lat' dir='ltr'>Sic</span> <span class='ocrx_word' id='word_1_269' title='bbox 2670 1236 2917 1289; x_wconf 76' lang='lat' dir='ltr'>sanctus</span> <span class='ocrx_word' id='word_1_270' title='bbox 2948 1232 3448 1300; x_wconf 86' lang='lat' dir='ltr'>Sebastianus,sic</span> <span class='ocrx_word' id='word_1_271' title='bbox 3477 1233 3697 1290; x_wconf 87' lang='lat' dir='ltr'>beatis-</span> 
     </span>
    </p>
   </div>
   <div class='ocr_carea' id='block_1_44' title="bbox 2042 1319 3698 1394">
    <p class='ocr_par' dir='ltr' id='par_1_44' title="bbox 2042 1319 3698 1394">
     <span class='ocr_line' id='line_1_44' title="bbox 2042 1319 3698 1394; baseline 0.003 -20"><span class='ocrx_word' id='word_1_272' title='bbox 2042 1319 2233 1375; x_wconf 88' lang='lat' dir='ltr'>simus</span> <span class='ocrx_word' id='word_1_273' title='bbox 2263 1320 2543 1393; x_wconf 86' lang='lat' dir='ltr'>Thyrsus,</span> <span class='ocrx_word' id='word_1_274' title='bbox 2568 1322 2654 1377; x_wconf 92' lang='lat' dir='ltr'>sic</span> <span class='ocrx_word' id='word_1_275' title='bbox 2677 1322 2897 1377; x_wconf 90' lang='lat' dir='ltr'>electus</span> <span class='ocrx_word' id='word_1_276' title='bbox 2937 1321 3257 1394; x_wconf 80' lang='lat' dir='ltr'>Adrianus,</span> <span class='ocrx_word' id='word_1_277' title='bbox 3299 1322 3383 1378; x_wconf 92' lang='lat' dir='ltr'>sic</span> <span class='ocrx_word' id='word_1_278' title='bbox 3411 1326 3609 1378; x_wconf 87' lang='lat' dir='ltr'>Justus</span> <span class='ocrx_word' id='word_1_279' title='bbox 3640 1326 3698 1380; x_wconf 90' lang='lat' dir='ltr'>et</span> 
     </span>
    </p>
   </div>
   <div class='ocr_carea' id='block_1_45' title="bbox 2046 1410 3695 1482">
    <p class='ocr_par' dir='ltr' id='par_1_45' title="bbox 2046 1410 3695 1482">
     <span class='ocr_line' id='line_1_45' title="bbox 2046 1410 3695 1482; baseline 0.001 -18"><span class='ocrx_word' id='word_1_280' title='bbox 2046 1410 2250 1465; x_wconf 86' lang='lat' dir='ltr'>Pastor</span> <span class='ocrx_word' id='word_1_281' title='bbox 2279 1410 2416 1481; x_wconf 84' lang='lat' dir='ltr'>(l7),</span> <span class='ocrx_word' id='word_1_282' title='bbox 2450 1411 2533 1466; x_wconf 88' lang='lat' dir='ltr'>sic</span> <span class='ocrx_word' id='word_1_283' title='bbox 2576 1410 2803 1468; x_wconf 87' lang='lat' dir='ltr'>Eulalia</span> <span class='ocrx_word' id='word_1_284' title='bbox 2828 1411 3000 1482; x_wconf 80' lang='lat' dir='ltr'>virgo</span> <span class='ocrx_word' id='word_1_285' title='bbox 3058 1410 3576 1479; x_wconf 88' lang='lat' dir='ltr'>Barchinoncnsis,</span> <span class='ocrx_word' id='word_1_286' title='bbox 3611 1411 3695 1466; x_wconf 90' lang='lat' dir='ltr'>sic</span> 
     </span>
    </p>
   </div>
   <div class='ocr_carea' id='block_1_46' title="bbox 2042 1500 3697 1574">
    <p class='ocr_par' dir='ltr' id='par_1_46' title="bbox 2042 1500 3697 1574">
     <span class='ocr_line' id='line_1_46' title="bbox 2042 1500 3697 1574; baseline 0.001 -19"><span class='ocrx_word' id='word_1_287' title='bbox 2042 1500 2299 1572; x_wconf 85' lang='lat' dir='ltr'>Babylas</span> <span class='ocrx_word' id='word_1_288' title='bbox 2330 1501 2617 1573; x_wconf 81' lang='lat' dir='ltr'>pontifex,</span> <span class='ocrx_word' id='word_1_289' title='bbox 2648 1500 2940 1574; x_wconf 89' lang='lat' dir='ltr'>multique</span> <span class='ocrx_word' id='word_1_290' title='bbox 2964 1501 3063 1558; x_wconf 91' lang='lat' dir='ltr'>alii</span> <span class='ocrx_word' id='word_1_291' title='bbox 3087 1503 3300 1574; x_wconf 87' lang='lat' dir='ltr'>sponte</span> <span class='ocrx_word' id='word_1_292' title='bbox 3344 1517 3408 1557; x_wconf 86' lang='lat' dir='ltr'>se</span> <span class='ocrx_word' id='word_1_293' title='bbox 3467 1500 3697 1557; x_wconf 83' lang='lat' dir='ltr'>obtule-</span> 
     </span>
    </p>
   </div>
   <div class='ocr_carea' id='block_1_47' title="bbox 2036 1590 3697 1664">
    <p class='ocr_par' dir='ltr' id='par_1_47' title="bbox 2036 1590 3697 1664">
     <span class='ocr_line' id='line_1_47' title="bbox 2036 1590 3697 1664; baseline 0.001 -20"><span class='ocrx_word' id='word_1_294' title='bbox 2036 1594 2259 1659; x_wconf 90' lang='lat' dir='ltr'>runt,et</span> <span class='ocrx_word' id='word_1_295' title='bbox 2285 1590 2554 1647; x_wconf 87' lang='lat' dir='ltr'>coronati</span> <span class='ocrx_word' id='word_1_296' title='bbox 2583 1590 3076 1659; x_wconf 84' lang='lat' dir='ltr'>sunt.Etidcirco,</span> <span class='ocrx_word' id='word_1_297' title='bbox 3105 1594 3170 1646; x_wconf 91' lang='lat' dir='ltr'>ut</span> <span class='ocrx_word' id='word_1_298' title='bbox 3190 1590 3439 1663; x_wconf 90' lang='lat' dir='ltr'>quidam</span> <span class='ocrx_word' id='word_1_299' title='bbox 3463 1590 3697 1664; x_wconf 85' lang='lat' dir='ltr'>sapien-</span> 
     </span>
    </p>
   </div>
   <div class='ocr_carea' id='block_1_48' title="bbox 1968 1679 3694 1753">
    <p class='ocr_par' dir='ltr' id='par_1_48' title="bbox 1968 1679 3694 1753">
     <span class='ocr_line' id='line_1_48' title="bbox 1968 1679 3694 1753; baseline 0.001 -19"><span class='ocrx_word' id='word_1_300' title='bbox 1968 1688 2006 1745; x_wconf 79' lang='grc' dir='ltr'><strong>Β</strong></span> <span class='ocrx_word' id='word_1_301' title='bbox 2040 1679 2187 1734; x_wconf 89' lang='lat' dir='ltr'>tium</span> <span class='ocrx_word' id='word_1_302' title='bbox 2208 1680 2497 1735; x_wconf 87' lang='lat' dir='ltr'>meminit:</span> <span class='ocrx_word' id='word_1_303' title='bbox 2514 1701 2541 1729; x_wconf 91' lang='grc'>‹‹</span> <span class='ocrx_word' id='word_1_304' title='bbox 2561 1679 2589 1720; x_wconf 70' lang='grc' dir='ltr'>ι)</span> <span class='ocrx_word' id='word_1_305' title='bbox 2606 1684 2758 1735; x_wconf 86' lang='lat' dir='ltr'>Inter</span> <span class='ocrx_word' id='word_1_306' title='bbox 2783 1681 3009 1753; x_wconf 87' lang='lat' dir='ltr'>primas</span> <span class='ocrx_word' id='word_1_307' title='bbox 3023 1680 3341 1749; x_wconf 85' lang='lat' dir='ltr'>dignitates</span> <span class='ocrx_word' id='word_1_308' title='bbox 3368 1695 3694 1751; x_wconf 85' lang='lat' dir='ltr'>regnorum</span> 
     </span>
    </p>
   </div>
   <div class='ocr_carea' id='block_1_49' title="bbox 2038 1766 3693 1841">
    <p class='ocr_par' dir='ltr' id='par_1_49' title="bbox 2038 1766 3693 1841">
     <span class='ocr_line' id='line_1_49' title="bbox 2038 1766 3693 1841; baseline 0.001 -19"><span class='ocrx_word' id='word_1_309' title='bbox 2038 1766 2367 1824; x_wconf 66' lang='lat' dir='ltr'>caelestium</span> <span class='ocrx_word' id='word_1_310' title='bbox 2396 1772 2537 1824; x_wconf 87' lang='lat' dir='ltr'>sunt</span> <span class='ocrx_word' id='word_1_311' title='bbox 2565 1769 2851 1840; x_wconf 90' lang='lat' dir='ltr'>ponendi,</span> <span class='ocrx_word' id='word_1_312' title='bbox 2884 1770 2989 1841; x_wconf 91' lang='lat' dir='ltr'>qui</span> <span class='ocrx_word' id='word_1_313' title='bbox 3015 1768 3094 1824; x_wconf 89' lang='lat' dir='ltr'>ad</span> <span class='ocrx_word' id='word_1_314' title='bbox 3120 1768 3465 1841; x_wconf 88' lang='lat' dir='ltr'>passionem</span> <span class='ocrx_word' id='word_1_315' title='bbox 3513 1783 3693 1824; x_wconf 89' lang='lat' dir='ltr'>vene-</span> 
     </span>
    </p>
   </div>
   <div class='ocr_carea' id='block_1_50' title="bbox 2036 1858 3694 1931">
    <p class='ocr_par' dir='ltr' id='par_1_50' title="bbox 2036 1858 3694 1931">
     <span class='ocr_line' id='line_1_50' title="bbox 2036 1858 3694 1931; baseline 0.001 -18"><span class='ocrx_word' id='word_1_316' title='bbox 2036 1863 2177 1913; x_wconf 88' lang='lat' dir='ltr'>runt</span> <span class='ocrx_word' id='word_1_317' title='bbox 2200 1873 2325 1913; x_wconf 91' lang='lat' dir='ltr'>non</span> <span class='ocrx_word' id='word_1_318' title='bbox 2356 1859 2618 1931; x_wconf 64' lang='lat' dir='ltr'>quaesiti:</span> <span class='ocrx_word' id='word_1_319' title='bbox 2656 1863 2712 1914; x_wconf 88' lang='lat' dir='ltr'>et</span> <span class='ocrx_word' id='word_1_320' title='bbox 2737 1858 3079 1915; x_wconf 82' lang='lat' dir='ltr'>excellentis</span> <span class='ocrx_word' id='word_1_321' title='bbox 3110 1858 3233 1915; x_wconf 89' lang='lat' dir='ltr'>voti</span> <span class='ocrx_word' id='word_1_322' title='bbox 3271 1862 3382 1926; x_wconf 90' lang='lat' dir='ltr'>est,</span> <span class='ocrx_word' id='word_1_323' title='bbox 3404 1858 3558 1914; x_wconf 91' lang='lat' dir='ltr'>inter</span> <span class='ocrx_word' id='word_1_324' title='bbox 3577 1863 3694 1914; x_wconf 83' lang='lat' dir='ltr'>tor-</span> 
     </span>
    </p>
   </div>
   <div class='ocr_carea' id='block_1_51' title="bbox 2037 1947 3617 2020">
    <p class='ocr_par' dir='ltr' id='par_1_51' title="bbox 2037 1947 3617 2020">
     <span class='ocr_line' id='line_1_51' title="bbox 2037 1947 3617 2020; baseline 0 -17"><span class='ocrx_word' id='word_1_325' title='bbox 2037 1951 2239 2003; x_wconf 87' lang='lat' dir='ltr'>menta</span> <span class='ocrx_word' id='word_1_326' title='bbox 2268 1948 2559 2020; x_wconf 84' lang='lat' dir='ltr'>prosilire,</span> <span class='ocrx_word' id='word_1_327' title='bbox 2594 1947 2695 2003; x_wconf 89' lang='lat' dir='ltr'>ubi</span> <span class='ocrx_word' id='word_1_328' title='bbox 2720 1963 2844 2003; x_wconf 89' lang='lat' dir='ltr'>non</span> <span class='ocrx_word' id='word_1_329' title='bbox 2874 1952 2964 2005; x_wconf 91' lang='lat' dir='ltr'>est</span> <span class='ocrx_word' id='word_1_330' title='bbox 2993 1947 3259 2003; x_wconf 87' lang='lat' dir='ltr'>criminis</span> <span class='ocrx_word' id='word_1_331' title='bbox 3289 1947 3551 2003; x_wconf 86' lang='lat' dir='ltr'>latuisse.</span> <span class='ocrx_word' id='word_1_332' title='bbox 3589 1968 3617 1996; x_wconf 74' lang='grc' dir='ltr'>»ι</span> 
     </span>
    </p>
   </div>
   <div class='ocr_carea' id='block_1_52' title="bbox 2105 2036 3692 2108">
    <p class='ocr_par' dir='ltr' id='par_1_52' title="bbox 2105 2036 3692 2108">
     <span class='ocr_line' id='line_1_52' title="bbox 2105 2036 3692 2108; baseline 0.001 -17"><span class='ocrx_word' id='word_1_333' title='bbox 2105 2040 2193 2092; x_wconf 79' lang='grc'>25.</span> <span class='ocrx_word' id='word_1_334' title='bbox 2221 2037 2331 2093; x_wconf 90' lang='lat' dir='ltr'>Sed</span> <span class='ocrx_word' id='word_1_335' title='bbox 2350 2038 2410 2093; x_wconf 82' lang='lat' dir='ltr'>in</span> <span class='ocrx_word' id='word_1_336' title='bbox 2442 2038 2684 2094; x_wconf 86' lang='lat' dir='ltr'>veritate</span> <span class='ocrx_word' id='word_1_337' title='bbox 2703 2038 2819 2108; x_wconf 83' lang='lat' dir='ltr'>(l8)</span> <span class='ocrx_word' id='word_1_338' title='bbox 2846 2037 3075 2093; x_wconf 87' lang='lat' dir='ltr'>crimen</span> <span class='ocrx_word' id='word_1_339' title='bbox 3104 2052 3233 2093; x_wconf 92' lang='lat' dir='ltr'>esse</span> <span class='ocrx_word' id='word_1_340' title='bbox 3261 2036 3574 2092; x_wconf 81' lang='lat' dir='ltr'>fatendum</span> <span class='ocrx_word' id='word_1_341' title='bbox 3600 2040 3692 2092; x_wconf 89' lang='lat' dir='ltr'>est</span> 
     </span>
    </p>
   </div>
   <div class='ocr_carea' id='block_1_53' title="bbox 2034 2125 3690 2198">
    <p class='ocr_par' dir='ltr' id='par_1_53' title="bbox 2034 2125 3690 2198">
     <span class='ocr_line' id='line_1_53' title="bbox 2034 2125 3690 2198; baseline -0.001 -17"><span class='ocrx_word' id='word_1_342' title='bbox 2034 2126 2283 2191; x_wconf 85' lang='lat' dir='ltr'>latitare,</span> <span class='ocrx_word' id='word_1_343' title='bbox 2318 2127 2365 2181; x_wconf 89' lang='lat' dir='ltr'>si</span> <span class='ocrx_word' id='word_1_344' title='bbox 2390 2127 2574 2182; x_wconf 86' lang='lat' dir='ltr'>virtus</span> <span class='ocrx_word' id='word_1_345' title='bbox 2605 2126 2942 2183; x_wconf 81' lang='lat' dir='ltr'>excellentis</span> <span class='ocrx_word' id='word_1_346' title='bbox 2965 2125 3156 2182; x_wconf 89' lang='lat' dir='ltr'>meriti</span> <span class='ocrx_word' id='word_1_347' title='bbox 3183 2129 3272 2183; x_wconf 89' lang='lat' dir='ltr'>est</span> <span class='ocrx_word' id='word_1_348' title='bbox 3309 2125 3463 2181; x_wconf 88' lang='lat' dir='ltr'>ultro</span> <span class='ocrx_word' id='word_1_349' title='bbox 3483 2139 3690 2198; x_wconf 80' lang='lat' dir='ltr'>proce-</span> 
     </span>
    </p>
   </div>
   <div class='ocr_carea' id='block_1_54' title="bbox 2034 2213 3684 2288">
    <p class='ocr_par' dir='ltr' id='par_1_54' title="bbox 2034 2213 3684 2288">
     <span class='ocr_line' id='line_1_54' title="bbox 2034 2213 3684 2288; baseline -0.001 -17"><span class='ocrx_word' id='word_1_350' title='bbox 2034 2215 2195 2284; x_wconf 87' lang='lat' dir='ltr'>dere;</span> <span class='ocrx_word' id='word_1_351' title='bbox 2212 2215 2460 2288; x_wconf 88' lang='lat' dir='ltr'>quando</span> <span class='ocrx_word' id='word_1_352' title='bbox 2480 2215 2851 2272; x_wconf 70' lang='lat' dir='ltr'>ﬁdeinostraa</span> <span class='ocrx_word' id='word_1_353' title='bbox 2873 2215 3170 2271; x_wconf 87' lang='lat' dir='ltr'>confessio</span> <span class='ocrx_word' id='word_1_354' title='bbox 3192 2213 3684 2287; x_wconf 81' lang='lat' dir='ltr'>praedicationem</span> 
     </span>
    </p>
   </div>
   <div class='ocr_carea' id='block_1_55' title="bbox 2034 2302 3689 2376">
    <p class='ocr_par' dir='ltr' id='par_1_55' title="bbox 2034 2302 3689 2376">
     <span class='ocr_line' id='line_1_55' title="bbox 2034 2302 3689 2376; baseline -0.002 -16"><span class='ocrx_word' id='word_1_355' title='bbox 2034 2305 2233 2375; x_wconf 81' lang='lat' dir='ltr'>exigit,</span> <span class='ocrx_word' id='word_1_356' title='bbox 2256 2310 2313 2361; x_wconf 90' lang='lat' dir='ltr'>et</span> <span class='ocrx_word' id='word_1_357' title='bbox 2335 2305 2744 2361; x_wconf 88' lang='lat' dir='ltr'>testimonium</span> <span class='ocrx_word' id='word_1_358' title='bbox 2771 2304 3052 2376; x_wconf 90' lang='lat' dir='ltr'>postulat.</span> <span class='ocrx_word' id='word_1_359' title='bbox 3085 2306 3234 2361; x_wconf 86' lang='lat' dir='ltr'>Nam</span> <span class='ocrx_word' id='word_1_360' title='bbox 3264 2303 3313 2359; x_wconf 90' lang='lat' dir='ltr'>si</span> <span class='ocrx_word' id='word_1_361' title='bbox 3337 2302 3541 2359; x_wconf 87' lang='lat' dir='ltr'>audito</span> <span class='ocrx_word' id='word_1_362' title='bbox 3560 2315 3689 2358; x_wconf 88' lang='lat' dir='ltr'>ver-</span> 
     </span>
    </p>
   </div>
   <div class='ocr_carea' id='block_1_56' title="bbox 2035 2391 3685 2463">
    <p class='ocr_par' dir='ltr' id='par_1_56' title="bbox 2035 2391 3685 2463">
     <span class='ocr_line' id='line_1_56' title="bbox 2035 2391 3685 2463; baseline -0.002 -14"><span class='ocrx_word' id='word_1_363' title='bbox 2035 2394 2113 2449; x_wconf 91' lang='lat' dir='ltr'>bo</span> <span class='ocrx_word' id='word_1_364' title='bbox 2140 2394 2423 2463; x_wconf 88' lang='lat' dir='ltr'>veritatis,</span> <span class='ocrx_word' id='word_1_365' title='bbox 2456 2393 2640 2449; x_wconf 86' lang='lat' dir='ltr'>ﬁdem</span> <span class='ocrx_word' id='word_1_366' title='bbox 2695 2393 3040 2450; x_wconf 87' lang='lat' dir='ltr'>incredulus</span> <span class='ocrx_word' id='word_1_367' title='bbox 3089 2406 3214 2449; x_wconf 91' lang='lat' dir='ltr'>non</span> <span class='ocrx_word' id='word_1_368' title='bbox 3246 2391 3685 2463; x_wconf 85' lang='lat' dir='ltr'>accommodet,</span> 
     </span>
    </p>
   </div>
   <div class='ocr_carea' id='block_1_57' title="bbox 2032 2480 3685 2555">
    <p class='ocr_par' dir='ltr' id='par_1_57' title="bbox 2032 2480 3685 2555">
     <span class='ocr_line' id='line_1_57' title="bbox 2032 2480 3685 2555; baseline -0.001 -17"><span class='ocrx_word' id='word_1_369' title='bbox 2032 2482 2351 2555; x_wconf 81' lang='lat' dir='ltr'>magisque</span> <span class='ocrx_word' id='word_1_370' title='bbox 2382 2481 2700 2555; x_wconf 82' lang='lat' dir='ltr'>exprobret</span> <span class='ocrx_word' id='word_1_371' title='bbox 2746 2481 3177 2553; x_wconf 82' lang='lat' dir='ltr'>evangelizanti</span> <span class='ocrx_word' id='word_1_372' title='bbox 3222 2495 3409 2554; x_wconf 88' lang='lat' dir='ltr'>quam</span> <span class='ocrx_word' id='word_1_373' title='bbox 3447 2480 3685 2547; x_wconf 87' lang='lat' dir='ltr'>credat;</span> 
     </span>
    </p>
   </div>
   <div class='ocr_carea' id='block_1_58' title="bbox 2035 2566 3688 2641">
    <p class='ocr_par' dir='ltr' id='par_1_58' title="bbox 2035 2566 3688 2641">
     <span class='ocr_line' id='line_1_58' title="bbox 2035 2566 3688 2641; baseline -0.003 -14"><span class='ocrx_word' id='word_1_374' title='bbox 2035 2586 2174 2627; x_wconf 90' lang='lat' dir='ltr'>cum</span> <span class='ocrx_word' id='word_1_375' title='bbox 2225 2571 2298 2626; x_wconf 89' lang='lat' dir='ltr'>sit</span> <span class='ocrx_word' id='word_1_376' title='bbox 2324 2576 2461 2627; x_wconf 88' lang='lat' dir='ltr'>ante</span> <span class='ocrx_word' id='word_1_377' title='bbox 2488 2572 2795 2641; x_wconf 83' lang='lat' dir='ltr'>cognitam</span> <span class='ocrx_word' id='word_1_378' title='bbox 2825 2571 3135 2626; x_wconf 86' lang='lat' dir='ltr'>veritatem</span> <span class='ocrx_word' id='word_1_379' title='bbox 3189 2567 3589 2641; x_wconf 85' lang='lat' dir='ltr'>inculpabilis,</span> <span class='ocrx_word' id='word_1_380' title='bbox 3620 2566 3688 2623; x_wconf 82' lang='lat' dir='ltr'>ﬁt</span> 
     </span>
    </p>
   </div>
   <div class='ocr_carea' id='block_1_59' title="bbox 2034 2654 3689 2732">
    <p class='ocr_par' dir='ltr' id='par_1_59' title="bbox 2034 2654 3689 2732">
     <span class='ocr_line' id='line_1_59' title="bbox 2034 2654 3689 2732; baseline -0.003 -17"><span class='ocrx_word' id='word_1_381' title='bbox 2034 2658 2424 2732; x_wconf 86' lang='lat' dir='ltr'>postmodum</span> <span class='ocrx_word' id='word_1_382' title='bbox 2452 2663 2675 2715; x_wconf 82' lang='lat' dir='ltr'>sanctas</span> <span class='ocrx_word' id='word_1_383' title='bbox 2714 2656 3128 2731; x_wconf 65' lang='lat' dir='ltr'>praedicationi</span> <span class='ocrx_word' id='word_1_384' title='bbox 3168 2656 3489 2714; x_wconf 85' lang='lat' dir='ltr'>obnoxius.</span> <span class='ocrx_word' id='word_1_385' title='bbox 3535 2654 3689 2721; x_wconf 85' lang='lat' dir='ltr'>Quia</span> 
     </span>
    </p>
   </div>
   <div class='ocr_carea' id='block_1_60' title="bbox 2034 2746 3687 2822">
    <p class='ocr_par' dir='ltr' id='par_1_60' title="bbox 2034 2746 3687 2822">
     <span class='ocr_line' id='line_1_60' title="bbox 2034 2746 3687 2822; baseline -0.002 -16"><span class='ocrx_word' id='word_1_386' title='bbox 2034 2762 2157 2806; x_wconf 88' lang='lat' dir='ltr'>non</span> <span class='ocrx_word' id='word_1_387' title='bbox 2189 2749 2404 2822; x_wconf 82' lang='lat' dir='ltr'>poterit</span> <span class='ocrx_word' id='word_1_388' title='bbox 2424 2749 2499 2805; x_wconf 86' lang='lat' dir='ltr'>de</span> <span class='ocrx_word' id='word_1_389' title='bbox 2526 2748 2864 2818; x_wconf 83' lang='lat' dir='ltr'>ignorantia</span> <span class='ocrx_word' id='word_1_390' title='bbox 2909 2763 2972 2804; x_wconf 88' lang='lat' dir='ltr'>se</span> <span class='ocrx_word' id='word_1_391' title='bbox 3003 2760 3309 2817; x_wconf 79' lang='lat' dir='ltr'>excusare,</span> <span class='ocrx_word' id='word_1_392' title='bbox 3336 2746 3441 2803; x_wconf 87' lang='lat' dir='ltr'>ubi</span> <span class='ocrx_word' id='word_1_393' title='bbox 3470 2746 3687 2802; x_wconf 85' lang='lat' dir='ltr'>veritas</span> 
     </span>
    </p>
   </div>
   <div class='ocr_carea' id='block_1_61' title="bbox 2034 2838 3687 2911">
    <p class='ocr_par' dir='ltr' id='par_1_61' title="bbox 2034 2838 3687 2911">
     <span class='ocr_line' id='line_1_61' title="bbox 2034 2838 3687 2911; baseline -0.002 -16"><span class='ocrx_word' id='word_1_394' title='bbox 2034 2838 2385 2895; x_wconf 87' lang='lat' dir='ltr'>elucubrata</span> <span class='ocrx_word' id='word_1_395' title='bbox 2413 2838 2806 2911; x_wconf 88' lang='lat' dir='ltr'>responderit,</span> <span class='ocrx_word' id='word_1_396' title='bbox 2836 2838 3091 2894; x_wconf 89' lang='lat' dir='ltr'>Domino</span> <span class='ocrx_word' id='word_1_397' title='bbox 3131 2840 3191 2893; x_wconf 88' lang='lat' dir='ltr'>et</span> <span class='ocrx_word' id='word_1_398' title='bbox 3235 2838 3525 2908; x_wconf 81' lang='lat' dir='ltr'>magistro</span> <span class='ocrx_word' id='word_1_399' title='bbox 3567 2838 3687 2891; x_wconf 86' lang='lat' dir='ltr'>tes-</span> 
     </span>
    </p>
   </div>
   <div class='ocr_carea' id='block_1_62' title="bbox 2034 2926 3688 3001">
    <p class='ocr_par' dir='ltr' id='par_1_62' title="bbox 2034 2926 3688 3001">
     <span class='ocr_line' id='line_1_62' title="bbox 2034 2926 3688 3001; baseline -0.002 -17"><span class='ocrx_word' id='word_1_400' title='bbox 2034 2932 2225 2985; x_wconf 88' lang='lat' dir='ltr'>tante:</span> <span class='ocrx_word' id='word_1_401' title='bbox 2256 2930 2606 2985; x_wconf 80' lang='lat' dir='ltr'>Mementote</span> <span class='ocrx_word' id='word_1_402' title='bbox 2624 2929 2910 2984; x_wconf 75' lang='lat' dir='ltr'>sermonis</span> <span class='ocrx_word' id='word_1_403' title='bbox 2940 2930 3073 3001; x_wconf 86' lang='lat' dir='ltr'>mei,</span> <span class='ocrx_word' id='word_1_404' title='bbox 3104 2940 3275 2999; x_wconf 80' lang='lat' dir='ltr'>quem</span> <span class='ocrx_word' id='word_1_405' title='bbox 3302 2942 3407 2998; x_wconf 83' lang='lat' dir='ltr'>ego</span> <span class='ocrx_word' id='word_1_406' title='bbox 3438 2926 3571 2983; x_wconf 66' lang='lat' dir='ltr'>dixi</span> <span class='ocrx_word' id='word_1_407' title='bbox 3593 2940 3688 2982; x_wconf 86' lang='lat' dir='ltr'>vo-</span> 
     </span>
    </p>
   </div>
   <div class='ocr_carea' id='block_1_63' title="bbox 253 3006 3688 3095">
    <p class='ocr_par' dir='ltr' id='par_1_63' title="bbox 253 3006 3688 3095">
     <span class='ocr_line' id='line_1_63' title="bbox 253 3006 3688 3095; baseline -0.002 -24"><span class='ocrx_word' id='word_1_408' title='bbox 253 3013 532 3072; x_wconf 86' lang='lat' dir='ltr'>matione</span> <span class='ocrx_word' id='word_1_409' title='bbox 547 3013 710 3071; x_wconf 88' lang='lat' dir='ltr'>enim</span> <span class='ocrx_word' id='word_1_410' title='bbox 734 3018 792 3070; x_wconf 86' lang='lat' dir='ltr'>et</span> <span class='ocrx_word' id='word_1_411' title='bbox 814 3012 1153 3069; x_wconf 86' lang='lat' dir='ltr'>fortitudine</span> <span class='ocrx_word' id='word_1_412' title='bbox 1183 3029 1339 3086; x_wconf 88' lang='lat' dir='ltr'>opus</span> <span class='ocrx_word' id='word_1_413' title='bbox 1355 3017 1445 3068; x_wconf 89' lang='lat' dir='ltr'>est</span> <span class='ocrx_word' id='word_1_414' title='bbox 1474 3011 1554 3068; x_wconf 88' lang='lat' dir='ltr'>ad</span> <span class='ocrx_word' id='word_1_415' title='bbox 1575 3010 1923 3084; x_wconf 82' lang='lat' dir='ltr'>passionem</span> <span class='ocrx_word' id='word_1_416' title='bbox 1963 3039 2003 3095; x_wconf 62' lang='grc' dir='ltr'>ϐ</span> <span class='ocrx_word' id='word_1_417' title='bbox 2035 3018 2119 3073; x_wconf 68' lang='lat' dir='ltr'>bis</span> <span class='ocrx_word' id='word_1_418' title='bbox 2143 3036 2157 3074; x_wconf 75' lang='grc' dir='ltr'>ε</span> <span class='ocrx_word' id='word_1_419' title='bbox 2188 3020 2327 3075; x_wconf 73' lang='lat' dir='ltr'>Non</span> <span class='ocrx_word' id='word_1_420' title='bbox 2357 3006 2443 3074; x_wconf 63' lang='grc' dir='ltr'>ῥεῖ</span> <span class='ocrx_word' id='word_1_421' title='bbox 2467 3032 2670 3074; x_wconf 72' lang='lat' dir='ltr'>servus</span> <span class='ocrx_word' id='word_1_422' title='bbox 2694 3019 2895 3086; x_wconf 55' lang='lat' dir='ltr'>major</span> <span class='ocrx_word' id='word_1_423' title='bbox 2916 3018 3156 3073; x_wconf 74' lang='lat' dir='ltr'>domino</span> <span class='ocrx_word' id='word_1_424' title='bbox 3183 3031 3310 3071; x_wconf 67' lang='lat' dir='ltr'>suo.</span> <span class='ocrx_word' id='word_1_425' title='bbox 3347 3016 3420 3071; x_wconf 73' lang='lat' dir='ltr'>Si</span> <span class='ocrx_word' id='word_1_426' title='bbox 3437 3029 3529 3071; x_wconf 79' lang='lat' dir='ltr'>me</span> <span class='ocrx_word' id='word_1_427' title='bbox 3553 3029 3688 3084; x_wconf 79' lang='lat' dir='ltr'>per-</span> 
     </span>
    </p>
   </div>
   <div class='ocr_carea' id='block_1_64' title="bbox 252 3099 1924 3178">
    <p class='ocr_par' dir='ltr' id='par_1_64' title="bbox 252 3099 1924 3178">
     <span class='ocr_line' id='line_1_64' title="bbox 252 3099 1924 3178; baseline -0.004 -18"><span class='ocrx_word' id='word_1_428' title='bbox 252 3108 479 3178; x_wconf 83' lang='lat' dir='ltr'>sponte</span> <span class='ocrx_word' id='word_1_429' title='bbox 526 3103 896 3177; x_wconf 85' lang='lat' dir='ltr'>properanti.</span> <span class='ocrx_word' id='word_1_430' title='bbox 955 3102 1119 3158; x_wconf 88' lang='lat' dir='ltr'>Unde</span> <span class='ocrx_word' id='word_1_431' title='bbox 1158 3107 1215 3158; x_wconf 89' lang='lat' dir='ltr'>et</span> <span class='ocrx_word' id='word_1_432' title='bbox 1243 3101 1545 3171; x_wconf 83' lang='lat' dir='ltr'>Ezechieli,</span> <span class='ocrx_word' id='word_1_433' title='bbox 1576 3100 1671 3156; x_wconf 90' lang='lat' dir='ltr'>cui</span> <span class='ocrx_word' id='word_1_434' title='bbox 1698 3099 1924 3155; x_wconf 83' lang='lat' dir='ltr'>dixerat</span> 
     </span>
    </p>
   </div>
   <div class='ocr_carea' id='block_1_65' title="bbox 260 3188 1921 3263">
    <p class='ocr_par' dir='ltr' id='par_1_65' title="bbox 260 3188 1921 3263">
     <span class='ocr_line' id='line_1_65' title="bbox 260 3188 1921 3263; baseline -0.005 -13"><span class='ocrx_word' id='word_1_435' title='bbox 260 3198 465 3250; x_wconf 82' lang='lat' dir='ltr'>Deus:</span> <span class='ocrx_word' id='word_1_436' title='bbox 522 3194 651 3250; x_wconf 83' lang='lat' dir='ltr'>Fili</span> <span class='ocrx_word' id='word_1_437' title='bbox 677 3193 954 3263; x_wconf 81' lang='lat' dir='ltr'>hominis,</span> <span class='ocrx_word' id='word_1_438' title='bbox 980 3193 1045 3247; x_wconf 88' lang='lat' dir='ltr'>in</span> <span class='ocrx_word' id='word_1_439' title='bbox 1070 3192 1265 3248; x_wconf 87' lang='lat' dir='ltr'>medio</span> <span class='ocrx_word' id='word_1_440' title='bbox 1293 3192 1672 3259; x_wconf 77' lang='lat' dir='ltr'>scorpionum</span> <span class='ocrx_word' id='word_1_441' title='bbox 1703 3195 1769 3243; x_wconf 83' lang='lat' dir='ltr'>tu</span> <span class='ocrx_word' id='word_1_442' title='bbox 1812 3188 1921 3242; x_wconf 81' lang='lat' dir='ltr'>ha-</span> 
     </span>
    </p>
   </div>
   <div class='ocr_carea' id='block_1_66' title="bbox 265 3277 1922 3353">
    <p class='ocr_par' dir='ltr' id='par_1_66' title="bbox 265 3277 1922 3353">
     <span class='ocr_line' id='line_1_66' title="bbox 265 3277 1922 3353; baseline -0.004 -14"><span class='ocrx_word' id='word_1_443' title='bbox 265 3284 451 3347; x_wconf 78' lang='lat' dir='ltr'>bitas,</span> <span class='ocrx_word' id='word_1_444' title='bbox 476 3298 555 3339; x_wconf 85' lang='lat' dir='ltr'>ne</span> <span class='ocrx_word' id='word_1_445' title='bbox 579 3284 823 3353; x_wconf 79' lang='lat' dir='ltr'>timeas;</span> <span class='ocrx_word' id='word_1_446' title='bbox 846 3281 1103 3351; x_wconf 75' lang='lat' dir='ltr'>obﬁrma</span> <span class='ocrx_word' id='word_1_447' title='bbox 1135 3280 1373 3353; x_wconf 86' lang='lat' dir='ltr'>(inquit)</span> <span class='ocrx_word' id='word_1_448' title='bbox 1402 3280 1619 3349; x_wconf 84' lang='lat' dir='ltr'>faciem</span> <span class='ocrx_word' id='word_1_449' title='bbox 1650 3277 1922 3333; x_wconf 82' lang='lat' dir='ltr'>tuam.Et</span> 
     </span>
    </p>
   </div>
   <div class='ocr_carea' id='block_1_67' title="bbox 267 3368 1920 3441">
    <p class='ocr_par' dir='ltr' id='par_1_67' title="bbox 267 3368 1920 3441">
     <span class='ocr_line' id='line_1_67' title="bbox 267 3368 1920 3441; baseline -0.002 -14"><span class='ocrx_word' id='word_1_450' title='bbox 267 3371 419 3427; x_wconf 81' lang='lat' dir='ltr'>dedi</span> <span class='ocrx_word' id='word_1_451' title='bbox 440 3373 651 3441; x_wconf 81' lang='lat' dir='ltr'>faciem</span> <span class='ocrx_word' id='word_1_452' title='bbox 681 3379 841 3430; x_wconf 88' lang='lat' dir='ltr'>tuam</span> <span class='ocrx_word' id='word_1_453' title='bbox 883 3387 1134 3437; x_wconf 68' lang='lat' dir='ltr'>teneam,</span> <span class='ocrx_word' id='word_1_454' title='bbox 1172 3377 1227 3427; x_wconf 84' lang='lat' dir='ltr'>et</span> <span class='ocrx_word' id='word_1_455' title='bbox 1269 3371 1529 3440; x_wconf 82' lang='lat' dir='ltr'>frontem</span> <span class='ocrx_word' id='word_1_456' title='bbox 1586 3375 1751 3425; x_wconf 86' lang='lat' dir='ltr'>tuam</span> <span class='ocrx_word' id='word_1_457' title='bbox 1801 3368 1920 3437; x_wconf 83' lang='lat' dir='ltr'>fer-</span> 
     </span>
    </p>
   </div>
   <div class='ocr_carea' id='block_1_68' title="bbox 265 3457 1922 3531">
    <p class='ocr_par' dir='ltr' id='par_1_68' title="bbox 265 3457 1922 3531">
     <span class='ocr_line' id='line_1_68' title="bbox 265 3457 1922 3531; baseline -0.004 -15"><span class='ocrx_word' id='word_1_458' title='bbox 265 3475 447 3517; x_wconf 81' lang='lat' dir='ltr'>ream</span> <span class='ocrx_word' id='word_1_459' title='bbox 472 3461 707 3531; x_wconf 74' lang='lat' dir='ltr'>(Ezech.</span> <span class='ocrx_word' id='word_1_460' title='bbox 736 3478 794 3530; x_wconf 90' lang='grc' dir='ltr'>ιι,</span> <span class='ocrx_word' id='word_1_461' title='bbox 816 3477 906 3531; x_wconf 86' lang='grc' dir='ltr'>ιιι,</span> <span class='ocrx_word' id='word_1_462' title='bbox 932 3460 1033 3531; x_wconf 79' lang='grc' dir='ltr'>ιν),</span> <span class='ocrx_word' id='word_1_463' title='bbox 1062 3464 1130 3516; x_wconf 92' lang='lat' dir='ltr'>ut</span> <span class='ocrx_word' id='word_1_464' title='bbox 1156 3460 1205 3515; x_wconf 91' lang='lat' dir='ltr'>si</span> <span class='ocrx_word' id='word_1_465' title='bbox 1235 3458 1383 3515; x_wconf 83' lang='lat' dir='ltr'>forte</span> <span class='ocrx_word' id='word_1_466' title='bbox 1413 3457 1765 3513; x_wconf 77' lang='lat' dir='ltr'>surrexisset</span> <span class='ocrx_word' id='word_1_467' title='bbox 1784 3470 1922 3511; x_wconf 91' lang='lat' dir='ltr'>con-</span> 
     </span>
    </p>
   </div>
   <div class='ocr_carea' id='block_1_69' title="bbox 262 3544 1919 3619">
    <p class='ocr_par' dir='ltr' id='par_1_69' title="bbox 262 3544 1919 3619">
     <span class='ocr_line' id='line_1_69' title="bbox 262 3544 1919 3619; baseline -0.005 -12"><span class='ocrx_word' id='word_1_468' title='bbox 262 3552 366 3607; x_wconf 84' lang='lat' dir='ltr'>tra</span> <span class='ocrx_word' id='word_1_469' title='bbox 388 3564 530 3605; x_wconf 89' lang='lat' dir='ltr'>eum</span> <span class='ocrx_word' id='word_1_470' title='bbox 559 3547 805 3607; x_wconf 86' lang='lat' dir='ltr'>malleus</span> <span class='ocrx_word' id='word_1_471' title='bbox 826 3549 1123 3605; x_wconf 78' lang='lat' dir='ltr'>universas</span> <span class='ocrx_word' id='word_1_472' title='bbox 1150 3552 1331 3615; x_wconf 73' lang='lat' dir='ltr'>terrae,</span> <span class='ocrx_word' id='word_1_473' title='bbox 1363 3546 1536 3619; x_wconf 88' lang='lat' dir='ltr'>quasi</span> <span class='ocrx_word' id='word_1_474' title='bbox 1561 3545 1780 3601; x_wconf 88' lang='lat' dir='ltr'>incude</span> <span class='ocrx_word' id='word_1_475' title='bbox 1808 3544 1919 3600; x_wconf 88' lang='lat' dir='ltr'>du-</span> 
     </span>
    </p>
   </div>
   <div class='ocr_carea' id='block_1_70' title="bbox 258 3637 1921 3709">
    <p class='ocr_par' dir='ltr' id='par_1_70' title="bbox 258 3637 1921 3709">
     <span class='ocr_line' id='line_1_70' title="bbox 258 3637 1921 3709; baseline -0.004 -14"><span class='ocrx_word' id='word_1_476' title='bbox 258 3638 511 3695; x_wconf 84' lang='lat' dir='ltr'>rissima</span> <span class='ocrx_word' id='word_1_477' title='bbox 540 3639 858 3707; x_wconf 87' lang='lat' dir='ltr'>resisteret,</span> <span class='ocrx_word' id='word_1_478' title='bbox 876 3638 1284 3709; x_wconf 89' lang='lat' dir='ltr'>malleumque</span> <span class='ocrx_word' id='word_1_479' title='bbox 1305 3640 1652 3693; x_wconf 87' lang='lat' dir='ltr'>contereret.</span> <span class='ocrx_word' id='word_1_480' title='bbox 1687 3637 1766 3690; x_wconf 91' lang='lat' dir='ltr'>De</span> <span class='ocrx_word' id='word_1_481' title='bbox 1798 3648 1921 3706; x_wconf 88' lang='lat' dir='ltr'>quo</span> 
     </span>
    </p>
   </div>
   <div class='ocr_carea' id='block_1_71' title="bbox 259 3723 1920 3799">
    <p class='ocr_par' dir='ltr' id='par_1_71' title="bbox 259 3723 1920 3799">
     <span class='ocr_line' id='line_1_71' title="bbox 259 3723 1920 3799; baseline -0.004 -16"><span class='ocrx_word' id='word_1_482' title='bbox 259 3726 555 3799; x_wconf 84' lang='lat' dir='ltr'>scriptum</span> <span class='ocrx_word' id='word_1_483' title='bbox 580 3730 705 3783; x_wconf 73' lang='lat' dir='ltr'>est:</span> <span class='ocrx_word' id='word_1_484' title='bbox 733 3727 1032 3794; x_wconf 79' lang='lat' dir='ltr'>Quomodo</span> <span class='ocrx_word' id='word_1_485' title='bbox 1050 3726 1393 3796; x_wconf 86' lang='lat' dir='ltr'>confractus</span> <span class='ocrx_word' id='word_1_486' title='bbox 1417 3729 1522 3793; x_wconf 85' lang='lat' dir='ltr'>est,</span> <span class='ocrx_word' id='word_1_487' title='bbox 1548 3729 1603 3780; x_wconf 89' lang='lat' dir='ltr'>et</span> <span class='ocrx_word' id='word_1_488' title='bbox 1628 3723 1920 3779; x_wconf 84' lang='lat' dir='ltr'>contritus</span> 
     </span>
    </p>
   </div>
   <div class='ocr_carea' id='block_1_72' title="bbox 262 3810 1920 3885">
    <p class='ocr_par' dir='ltr' id='par_1_72' title="bbox 262 3810 1920 3885">
     <span class='ocr_line' id='line_1_72' title="bbox 262 3810 1920 3885; baseline -0.005 -12"><span class='ocrx_word' id='word_1_489' title='bbox 262 3823 358 3873; x_wconf 85' lang='lat' dir='ltr'>est</span> <span class='ocrx_word' id='word_1_490' title='bbox 388 3818 633 3874; x_wconf 75' lang='lat' dir='ltr'>malleus</span> <span class='ocrx_word' id='word_1_491' title='bbox 675 3818 970 3873; x_wconf 75' lang='lat' dir='ltr'>universae</span> <span class='ocrx_word' id='word_1_492' title='bbox 1026 3822 1200 3872; x_wconf 63' lang='lat' dir='ltr'>terra?</span> <span class='ocrx_word' id='word_1_493' title='bbox 1230 3816 1373 3880; x_wconf 87' lang='lat' dir='ltr'>(Jer.</span> <span class='ocrx_word' id='word_1_494' title='bbox 1420 3823 1470 3880; x_wconf 84' lang='lat'>1.,</span> <span class='ocrx_word' id='word_1_495' title='bbox 1511 3813 1648 3885; x_wconf 81' lang='lat'>23)?</span> <span class='ocrx_word' id='word_1_496' title='bbox 1676 3833 1703 3862; x_wconf 87' lang='lat'>»</span> <span class='ocrx_word' id='word_1_497' title='bbox 1757 3810 1920 3867; x_wconf 87' lang='lat' dir='ltr'>Idem</span> 
     </span>
    </p>
   </div>
   <div class='ocr_carea' id='block_1_73' title="bbox 260 3901 1920 3979">
    <p class='ocr_par' dir='ltr' id='par_1_73' title="bbox 260 3901 1920 3979">
     <span class='ocr_line' id='line_1_73' title="bbox 260 3901 1920 3979; baseline -0.003 -18"><span class='ocrx_word' id='word_1_498' title='bbox 260 3921 512 3979; x_wconf 83' lang='lat' dir='ltr'>quoque</span> <span class='ocrx_word' id='word_1_499' title='bbox 566 3907 780 3964; x_wconf 88' lang='lat' dir='ltr'>doctor</span> <span class='ocrx_word' id='word_1_500' title='bbox 839 3907 899 3963; x_wconf 89' lang='lat' dir='ltr'>in</span> <span class='ocrx_word' id='word_1_501' title='bbox 954 3904 1301 3978; x_wconf 88' lang='lat' dir='ltr'>supradicto</span> <span class='ocrx_word' id='word_1_502' title='bbox 1355 3919 1535 3975; x_wconf 89' lang='lat' dir='ltr'>opere</span> <span class='ocrx_word' id='word_1_503' title='bbox 1585 3901 1920 3974; x_wconf 87' lang='lat' dir='ltr'>quamdam</span> 
     </span>
    </p>
   </div>
   <div class='ocr_carea' id='block_1_74' title="bbox 260 3988 1914 4065">
    <p class='ocr_par' dir='ltr' id='par_1_74' title="bbox 260 3988 1914 4065">
     <span class='ocr_line' id='line_1_74' title="bbox 260 3988 1914 4065; baseline -0.005 -14"><span class='ocrx_word' id='word_1_504' title='bbox 260 3995 573 4065; x_wconf 79' lang='lat' dir='ltr'>Evangelii</span> <span class='ocrx_word' id='word_1_505' title='bbox 600 3995 963 4052; x_wconf 85' lang='lat' dir='ltr'>sententiam</span> <span class='ocrx_word' id='word_1_506' title='bbox 994 4007 1323 4065; x_wconf 86' lang='lat' dir='ltr'>exponens,</span> <span class='ocrx_word' id='word_1_507' title='bbox 1364 3992 1444 4047; x_wconf 86' lang='lat' dir='ltr'>ait</span> <span class='ocrx_word' id='word_1_508' title='bbox 1484 3990 1662 4061; x_wconf 83' lang='lat' dir='ltr'>(Ibid.</span> <span class='ocrx_word' id='word_1_509' title='bbox 1704 4006 1788 4058; x_wconf 80' lang='lat' dir='ltr'>ix,</span> <span class='ocrx_word' id='word_1_510' title='bbox 1817 3988 1869 4059; x_wconf 88' lang='lat'>3)</span> <span class='ocrx_word' id='word_1_511' title='bbox 1902 4006 1914 4043; x_wconf 86' lang='lat'>:</span> 
     </span>
    </p>
   </div>
   <div class='ocr_carea' id='block_1_75' title="bbox 256 4078 1916 4147">
    <p class='ocr_par' dir='ltr' id='par_1_75' title="bbox 256 4078 1916 4147">
     <span class='ocr_line' id='line_1_75' title="bbox 256 4078 1916 4147; baseline -0.006 -4"><span class='ocrx_word' id='word_1_512' title='bbox 256 4110 285 4135; x_wconf 77' lang='grc' dir='ltr'>«ι</span> <span class='ocrx_word' id='word_1_513' title='bbox 324 4088 459 4142; x_wconf 80' lang='lat' dir='ltr'>Non</span> <span class='ocrx_word' id='word_1_514' title='bbox 491 4090 578 4142; x_wconf 86' lang='lat' dir='ltr'>est</span> <span class='ocrx_word' id='word_1_515' title='bbox 605 4084 863 4142; x_wconf 88' lang='lat' dir='ltr'>delicata</span> <span class='ocrx_word' id='word_1_516' title='bbox 892 4084 952 4140; x_wconf 92' lang='lat' dir='ltr'>in</span> <span class='ocrx_word' id='word_1_517' title='bbox 1006 4086 1215 4147; x_wconf 90' lang='lat' dir='ltr'>Deum,</span> <span class='ocrx_word' id='word_1_518' title='bbox 1248 4085 1306 4137; x_wconf 88' lang='lat' dir='ltr'>et</span> <span class='ocrx_word' id='word_1_519' title='bbox 1334 4095 1548 4136; x_wconf 87' lang='lat' dir='ltr'>secura</span> <span class='ocrx_word' id='word_1_520' title='bbox 1576 4078 1875 4134; x_wconf 82' lang='lat' dir='ltr'>confessio</span> <span class='ocrx_word' id='word_1_521' title='bbox 1903 4095 1916 4133; x_wconf 88' lang='lat'>:</span> 
     </span>
    </p>
   </div>
   <div class='ocr_carea' id='block_1_76' title="bbox 248 4166 1918 4248">
    <p class='ocr_par' dir='ltr' id='par_1_76' title="bbox 248 4166 1918 4248">
     <span class='ocr_line' id='line_1_76' title="bbox 248 4166 1918 4248; baseline -0.004 -19"><span class='ocrx_word' id='word_1_522' title='bbox 248 4173 370 4248; x_wconf 84' lang='lat' dir='ltr'>qui</span> <span class='ocrx_word' id='word_1_523' title='bbox 400 4173 461 4229; x_wconf 91' lang='lat' dir='ltr'>in</span> <span class='ocrx_word' id='word_1_524' title='bbox 482 4189 583 4230; x_wconf 91' lang='lat' dir='ltr'>me</span> <span class='ocrx_word' id='word_1_525' title='bbox 611 4173 819 4238; x_wconf 87' lang='lat' dir='ltr'>credit,</span> <span class='ocrx_word' id='word_1_526' title='bbox 844 4173 1021 4230; x_wconf 88' lang='lat' dir='ltr'>debet</span> <span class='ocrx_word' id='word_1_527' title='bbox 1049 4188 1229 4228; x_wconf 90' lang='lat' dir='ltr'>suum</span> <span class='ocrx_word' id='word_1_528' title='bbox 1264 4169 1621 4240; x_wconf 82' lang='lat' dir='ltr'>sanguinem</span> <span class='ocrx_word' id='word_1_529' title='bbox 1648 4166 1918 4223; x_wconf 90' lang='lat' dir='ltr'>fundere.</span> 
     </span>
    </p>
   </div>
   <div class='ocr_carea' id='block_1_77' title="bbox 250 4255 1922 4335">
    <p class='ocr_par' dir='ltr' id='par_1_77' title="bbox 250 4255 1922 4335">
     <span class='ocr_line' id='line_1_77' title="bbox 250 4255 1922 4335; baseline -0.006 -15"><span class='ocrx_word' id='word_1_530' title='bbox 250 4264 377 4330; x_wconf 84' lang='lat' dir='ltr'>Qui</span> <span class='ocrx_word' id='word_1_531' title='bbox 407 4263 569 4320; x_wconf 90' lang='lat' dir='ltr'>enim</span> <span class='ocrx_word' id='word_1_532' title='bbox 581 4263 907 4335; x_wconf 84' lang='lat' dir='ltr'>perdiderit</span> <span class='ocrx_word' id='word_1_533' title='bbox 925 4262 1195 4318; x_wconf 89' lang='lat' dir='ltr'>animam</span> <span class='ocrx_word' id='word_1_534' title='bbox 1221 4274 1398 4316; x_wconf 88' lang='lat' dir='ltr'>suam</span> <span class='ocrx_word' id='word_1_535' title='bbox 1424 4258 1486 4314; x_wconf 90' lang='lat' dir='ltr'>in</span> <span class='ocrx_word' id='word_1_536' title='bbox 1516 4255 1813 4329; x_wconf 78' lang='lat' dir='ltr'>praesenti,</span> <span class='ocrx_word' id='word_1_537' title='bbox 1836 4255 1922 4311; x_wconf 90' lang='lat' dir='ltr'>lu-</span> 
     </span>
    </p>
   </div>
   <div class='ocr_carea' id='block_1_78' title="bbox 248 4345 1996 4446">
    <p class='ocr_par' dir='ltr' id='par_1_78' title="bbox 248 4345 1996 4446">
     <span class='ocr_line' id='line_1_78' title="bbox 248 4345 1996 4446; baseline -0.006 -37"><span class='ocrx_word' id='word_1_538' title='bbox 248 4351 527 4445; x_wconf 80' lang='lat' dir='ltr'>crifaciat</span> <span class='ocrx_word' id='word_1_539' title='bbox 555 4368 694 4446; x_wconf 84' lang='lat' dir='ltr'>eam</span> <span class='ocrx_word' id='word_1_540' title='bbox 719 4352 780 4408; x_wconf 92' lang='lat' dir='ltr'>in</span> <span class='ocrx_word' id='word_1_541' title='bbox 810 4352 1030 4446; x_wconf 77' lang='lat' dir='ltr'>futuro.</span> <span class='ocrx_word' id='word_1_542' title='bbox 1059 4373 1086 4401; x_wconf 85' lang='lat'><strong><em>»</em></strong></span> <span class='ocrx_word' id='word_1_543' title='bbox 1104 4346 1635 4446; x_wconf 45' lang='lat' dir='ltr'>Denique‘Agabus</span> <span class='ocrx_word' id='word_1_544' title='bbox 1661 4345 1921 4446; x_wconf 75' lang='lat' dir='ltr'>propbe-</span> <span class='ocrx_word' id='word_1_545' title='bbox 1952 4390 1996 4446; x_wconf 68' lang='grc' dir='ltr'><strong><em>Β</em></strong></span> 
     </span>
    </p>
   </div>
   <div class='ocr_carea' id='block_1_79' title="bbox 246 4436 1921 4511">
    <p class='ocr_par' dir='ltr' id='par_1_79' title="bbox 246 4436 1921 4511">
     <span class='ocr_line' id='line_1_79' title="bbox 246 4436 1921 4511; baseline -0.005 -13"><span class='ocrx_word' id='word_1_546' title='bbox 246 4447 342 4509; x_wconf 85' lang='lat' dir='ltr'>ta,</span> <span class='ocrx_word' id='word_1_547' title='bbox 390 4440 530 4497; x_wconf 79' lang='lat' dir='ltr'>cum</span> <span class='ocrx_word' id='word_1_548' title='bbox 562 4441 821 4497; x_wconf 88' lang='lat' dir='ltr'>venisset</span> <span class='ocrx_word' id='word_1_549' title='bbox 847 4438 927 4495; x_wconf 89' lang='lat' dir='ltr'>ad</span> <span class='ocrx_word' id='word_1_550' title='bbox 950 4438 1256 4511; x_wconf 88' lang='lat' dir='ltr'>apostolos</span> <span class='ocrx_word' id='word_1_551' title='bbox 1286 4436 1497 4493; x_wconf 90' lang='lat' dir='ltr'>tollens</span> <span class='ocrx_word' id='word_1_552' title='bbox 1528 4450 1746 4491; x_wconf 81' lang='lat' dir='ltr'>zonam</span> <span class='ocrx_word' id='word_1_553' title='bbox 1774 4437 1921 4491; x_wconf 81' lang='lat' dir='ltr'>Pau-</span> 
     </span>
    </p>
   </div>
   <div class='ocr_carea' id='block_1_80' title="bbox 249 4523 1920 4601">
    <p class='ocr_par' dir='ltr' id='par_1_80' title="bbox 249 4523 1920 4601">
     <span class='ocr_line' id='line_1_80' title="bbox 249 4523 1920 4601; baseline -0.005 -14"><span class='ocrx_word' id='word_1_554' title='bbox 249 4530 321 4594; x_wconf 81' lang='lat' dir='ltr'>li,</span> <span class='ocrx_word' id='word_1_555' title='bbox 356 4528 631 4601; x_wconf 78' lang='lat' dir='ltr'>alligavit</span> <span class='ocrx_word' id='word_1_556' title='bbox 658 4529 772 4585; x_wconf 87' lang='lat' dir='ltr'>sibi</span> <span class='ocrx_word' id='word_1_557' title='bbox 816 4527 1004 4601; x_wconf 91' lang='lat' dir='ltr'>pedes</span> <span class='ocrx_word' id='word_1_558' title='bbox 1035 4532 1093 4584; x_wconf 90' lang='lat' dir='ltr'>et</span> <span class='ocrx_word' id='word_1_559' title='bbox 1134 4541 1378 4596; x_wconf 89' lang='lat' dir='ltr'>manus,</span> <span class='ocrx_word' id='word_1_560' title='bbox 1411 4529 1469 4581; x_wconf 91' lang='lat' dir='ltr'>et</span> <span class='ocrx_word' id='word_1_561' title='bbox 1500 4524 1581 4581; x_wconf 90' lang='lat' dir='ltr'>ait</span> <span class='ocrx_word' id='word_1_562' title='bbox 1607 4523 1762 4595; x_wconf 80' lang='lat' dir='ltr'>(Act.</span> <span class='ocrx_word' id='word_1_563' title='bbox 1801 4538 1920 4590; x_wconf 72' lang='lat' dir='ltr'>xm,</span> 
     </span>
    </p>
   </div>
   <div class='ocr_carea' id='block_1_81' title="bbox 255 4613 1923 4691">
    <p class='ocr_par' dir='ltr' id='par_1_81' title="bbox 255 4613 1923 4691">
     <span class='ocr_line' id='line_1_81' title="bbox 255 4613 1923 4691; baseline -0.003 -17"><span class='ocrx_word' id='word_1_564' title='bbox 255 4622 329 4675; x_wconf 84' lang='lat' dir='ltr'>lo</span> <span class='ocrx_word' id='word_1_565' title='bbox 358 4622 421 4676; x_wconf 90' lang='lat' dir='ltr'>et</span> <span class='ocrx_word' id='word_1_566' title='bbox 465 4622 683 4691; x_wconf 88' lang='lat' dir='ltr'>seqq.):</span> <span class='ocrx_word' id='word_1_567' title='bbox 714 4619 863 4675; x_wconf 75' lang='lat' dir='ltr'>Htec</span> <span class='ocrx_word' id='word_1_568' title='bbox 917 4618 1065 4674; x_wconf 82' lang='lat' dir='ltr'>dicit</span> <span class='ocrx_word' id='word_1_569' title='bbox 1093 4616 1356 4687; x_wconf 81' lang='lat' dir='ltr'>Spiritus</span> <span class='ocrx_word' id='word_1_570' title='bbox 1382 4619 1656 4671; x_wconf 88' lang='lat' dir='ltr'>sanctus:</span> <span class='ocrx_word' id='word_1_571' title='bbox 1719 4613 1923 4669; x_wconf 79' lang='lat' dir='ltr'>Virum</span> 
     </span>
    </p>
   </div>
   <div class='ocr_carea' id='block_1_82' title="bbox 252 4703 1922 4778">
    <p class='ocr_par' dir='ltr' id='par_1_82' title="bbox 252 4703 1922 4778">
     <span class='ocr_line' id='line_1_82' title="bbox 252 4703 1922 4778; baseline -0.004 -14"><span class='ocrx_word' id='word_1_572' title='bbox 252 4710 439 4777; x_wconf 80' lang='lat' dir='ltr'>cujus</span> <span class='ocrx_word' id='word_1_573' title='bbox 468 4714 554 4765; x_wconf 88' lang='lat' dir='ltr'>est</span> <span class='ocrx_word' id='word_1_574' title='bbox 580 4724 731 4766; x_wconf 80' lang='lat' dir='ltr'>zona</span> <span class='ocrx_word' id='word_1_575' title='bbox 759 4708 906 4778; x_wconf 64' lang='lat' dir='ltr'>haec,</span> <span class='ocrx_word' id='word_1_576' title='bbox 936 4708 1022 4764; x_wconf 86' lang='lat' dir='ltr'>sic</span> <span class='ocrx_word' id='word_1_577' title='bbox 1072 4704 1409 4777; x_wconf 82' lang='lat' dir='ltr'>alligabunt</span> <span class='ocrx_word' id='word_1_578' title='bbox 1437 4705 1500 4760; x_wconf 87' lang='lat' dir='ltr'>in</span> <span class='ocrx_word' id='word_1_579' title='bbox 1544 4703 1922 4760; x_wconf 82' lang='lat' dir='ltr'>Hierusalem</span> 
     </span>
    </p>
   </div>
   <div class='ocr_carea' id='block_1_83' title="bbox 254 4790 1920 4865">
    <p class='ocr_par' dir='ltr' id='par_1_83' title="bbox 254 4790 1920 4865">
     <span class='ocr_line' id='line_1_83' title="bbox 254 4790 1920 4865; baseline -0.004 -13"><span class='ocrx_word' id='word_1_580' title='bbox 254 4796 482 4860; x_wconf 68' lang='lat' dir='ltr'>Judaei,</span> <span class='ocrx_word' id='word_1_581' title='bbox 510 4803 563 4854; x_wconf 88' lang='lat' dir='ltr'>et</span> <span class='ocrx_word' id='word_1_582' title='bbox 590 4797 832 4854; x_wconf 80' lang='lat' dir='ltr'>tradent</span> <span class='ocrx_word' id='word_1_583' title='bbox 861 4799 926 4852; x_wconf 86' lang='lat' dir='ltr'>in</span> <span class='ocrx_word' id='word_1_584' title='bbox 966 4810 1181 4853; x_wconf 84' lang='lat' dir='ltr'>manus</span> <span class='ocrx_word' id='word_1_585' title='bbox 1213 4794 1552 4865; x_wconf 79' lang='lat' dir='ltr'>gentilium.</span> <span class='ocrx_word' id='word_1_586' title='bbox 1586 4790 1759 4858; x_wconf 85' lang='lat' dir='ltr'>Quod</span> <span class='ocrx_word' id='word_1_587' title='bbox 1782 4807 1920 4848; x_wconf 87' lang='lat' dir='ltr'>cum</span> 
     </span>
    </p>
   </div>
   <div class='ocr_carea' id='block_1_84' title="bbox 258 4882 1924 4959">
    <p class='ocr_par' dir='ltr' id='par_1_84' title="bbox 258 4882 1924 4959">
     <span class='ocr_line' id='line_1_84' title="bbox 258 4882 1924 4959; baseline -0.004 -17"><span class='ocrx_word' id='word_1_588' title='bbox 258 4883 574 4943; x_wconf 86' lang='lat' dir='ltr'>audissent</span> <span class='ocrx_word' id='word_1_589' title='bbox 602 4885 878 4959; x_wconf 84' lang='lat' dir='ltr'>apOstoli,</span> <span class='ocrx_word' id='word_1_590' title='bbox 912 4889 972 4941; x_wconf 91' lang='lat' dir='ltr'>et</span> <span class='ocrx_word' id='word_1_591' title='bbox 997 4884 1103 4957; x_wconf 89' lang='lat' dir='ltr'>qui</span> <span class='ocrx_word' id='word_1_592' title='bbox 1153 4883 1267 4941; x_wconf 89' lang='lat' dir='ltr'>loci</span> <span class='ocrx_word' id='word_1_593' title='bbox 1312 4882 1466 4940; x_wconf 87' lang='lat' dir='ltr'>illius</span> <span class='ocrx_word' id='word_1_594' title='bbox 1508 4884 1694 4947; x_wconf 89' lang='lat' dir='ltr'>erant,</span> <span class='ocrx_word' id='word_1_595' title='bbox 1727 4896 1801 4936; x_wconf 89' lang='lat' dir='ltr'>ne</span> <span class='ocrx_word' id='word_1_596' title='bbox 1832 4896 1924 4936; x_wconf 80' lang='lat' dir='ltr'>as-</span> 
     </span>
    </p>
   </div>
   <div class='ocr_carea' id='block_1_85' title="bbox 253 4969 1920 5047">
    <p class='ocr_par' dir='ltr' id='par_1_85' title="bbox 253 4969 1920 5047">
     <span class='ocr_line' id='line_1_85' title="bbox 253 4969 1920 5047; baseline -0.005 -14"><span class='ocrx_word' id='word_1_597' title='bbox 253 4973 544 5033; x_wconf 83' lang='lat' dir='ltr'>cenderet</span> <span class='ocrx_word' id='word_1_598' title='bbox 570 4974 1076 5047; x_wconf 82' lang='lat' dir='ltr'>Hierosolymam,</span> <span class='ocrx_word' id='word_1_599' title='bbox 1110 4990 1247 5029; x_wconf 90' lang='lat' dir='ltr'>cum</span> <span class='ocrx_word' id='word_1_600' title='bbox 1278 4972 1561 5045; x_wconf 87' lang='lat' dir='ltr'>lacrymis</span> <span class='ocrx_word' id='word_1_601' title='bbox 1590 4969 1920 5044; x_wconf 75' lang='lat' dir='ltr'>precaban-</span> 
     </span>
    </p>
   </div>
   <div class='ocr_carea' id='block_1_86' title="bbox 250 5061 1920 5134">
    <p class='ocr_par' dir='ltr' id='par_1_86' title="bbox 250 5061 1920 5134">
     <span class='ocr_line' id='line_1_86' title="bbox 250 5061 1920 5134; baseline -0.004 -12"><span class='ocrx_word' id='word_1_602' title='bbox 250 5071 377 5122; x_wconf 87' lang='lat' dir='ltr'>tur.</span> <span class='ocrx_word' id='word_1_603' title='bbox 411 5066 575 5121; x_wconf 80' lang='lat' dir='ltr'>Tunc</span> <span class='ocrx_word' id='word_1_604' title='bbox 604 5065 970 5134; x_wconf 84' lang='lat' dir='ltr'>respondens</span> <span class='ocrx_word' id='word_1_605' title='bbox 1000 5064 1256 5133; x_wconf 82' lang='lat' dir='ltr'>Paulus,</span> <span class='ocrx_word' id='word_1_606' title='bbox 1293 5063 1451 5119; x_wconf 71' lang='lat' dir='ltr'>dixit</span> <span class='ocrx_word' id='word_1_607' title='bbox 1479 5079 1491 5116; x_wconf 90' lang='lat'>:</span> <span class='ocrx_word' id='word_1_608' title='bbox 1523 5062 1679 5128; x_wconf 82' lang='lat' dir='ltr'>Quid</span> <span class='ocrx_word' id='word_1_609' title='bbox 1710 5061 1920 5130; x_wconf 83' lang='lat' dir='ltr'>facitis</span> 
     </span>
    </p>
   </div>
   <div class='ocr_carea' id='block_1_87' title="bbox 245 5152 1921 5225">
    <p class='ocr_par' dir='ltr' id='par_1_87' title="bbox 245 5152 1921 5225">
     <span class='ocr_line' id='line_1_87' title="bbox 245 5152 1921 5225; baseline -0.003 -14"><span class='ocrx_word' id='word_1_610' title='bbox 245 5158 488 5224; x_wconf 82' lang='lat' dir='ltr'>ﬂentes,</span> <span class='ocrx_word' id='word_1_611' title='bbox 522 5160 577 5211; x_wconf 81' lang='lat' dir='ltr'>et</span> <span class='ocrx_word' id='word_1_612' title='bbox 608 5154 945 5225; x_wconf 83' lang='lat' dir='ltr'>afﬁigentes</span> <span class='ocrx_word' id='word_1_613' title='bbox 969 5169 1074 5210; x_wconf 89' lang='lat' dir='ltr'>cor</span> <span class='ocrx_word' id='word_1_614' title='bbox 1092 5168 1283 5209; x_wconf 88' lang='lat' dir='ltr'>meum</span> <span class='ocrx_word' id='word_1_615' title='bbox 1300 5156 1327 5209; x_wconf 82' lang='lat'><strong><em>?</em></strong></span> <span class='ocrx_word' id='word_1_616' title='bbox 1349 5152 1481 5223; x_wconf 88' lang='lat' dir='ltr'>Ego</span> <span class='ocrx_word' id='word_1_617' title='bbox 1510 5152 1663 5207; x_wconf 87' lang='lat' dir='ltr'>enim</span> <span class='ocrx_word' id='word_1_618' title='bbox 1689 5167 1809 5207; x_wconf 88' lang='lat' dir='ltr'>non</span> <span class='ocrx_word' id='word_1_619' title='bbox 1835 5166 1921 5206; x_wconf 85' lang='lat' dir='ltr'>so-</span> 
     </span>
    </p>
   </div>
   <div class='ocr_carea' id='block_1_88' title="bbox 252 5242 1919 5314">
    <p class='ocr_par' dir='ltr' id='par_1_88' title="bbox 252 5242 1919 5314">
     <span class='ocr_line' id='line_1_88' title="bbox 252 5242 1919 5314; baseline -0.002 -14"><span class='ocrx_word' id='word_1_620' title='bbox 252 5245 387 5301; x_wconf 85' lang='lat' dir='ltr'>lum</span> <span class='ocrx_word' id='word_1_621' title='bbox 416 5244 695 5314; x_wconf 75' lang='lat' dir='ltr'>alligari,</span> <span class='ocrx_word' id='word_1_622' title='bbox 726 5244 828 5301; x_wconf 88' lang='lat' dir='ltr'>sed</span> <span class='ocrx_word' id='word_1_623' title='bbox 854 5249 911 5300; x_wconf 84' lang='lat' dir='ltr'>et</span> <span class='ocrx_word' id='word_1_624' title='bbox 936 5244 1095 5300; x_wconf 85' lang='lat' dir='ltr'>mori</span> <span class='ocrx_word' id='word_1_625' title='bbox 1136 5244 1200 5298; x_wconf 84' lang='lat' dir='ltr'>in</span> <span class='ocrx_word' id='word_1_626' title='bbox 1240 5242 1621 5299; x_wconf 81' lang='lat' dir='ltr'>Hierusalem</span> <span class='ocrx_word' id='word_1_627' title='bbox 1660 5247 1919 5311; x_wconf 86' lang='lat' dir='ltr'>paratus</span> 
     </span>
    </p>
   </div>
   <div class='ocr_carea' id='block_1_89' title="bbox 245 5330 1919 5403">
    <p class='ocr_par' dir='ltr' id='par_1_89' title="bbox 245 5330 1919 5403">
     <span class='ocr_line' id='line_1_89' title="bbox 245 5330 1919 5403; baseline -0.003 -13"><span class='ocrx_word' id='word_1_628' title='bbox 245 5348 391 5389; x_wconf 75' lang='lat' dir='ltr'>sum</span> <span class='ocrx_word' id='word_1_629' title='bbox 413 5338 666 5403; x_wconf 88' lang='lat' dir='ltr'>propter</span> <span class='ocrx_word' id='word_1_630' title='bbox 687 5348 900 5389; x_wconf 87' lang='lat' dir='ltr'>nomen</span> <span class='ocrx_word' id='word_1_631' title='bbox 924 5333 1171 5389; x_wconf 84' lang='lat' dir='ltr'>Domini</span> <span class='ocrx_word' id='word_1_632' title='bbox 1202 5333 1345 5388; x_wconf 85' lang='lat' dir='ltr'>Jesu</span> <span class='ocrx_word' id='word_1_633' title='bbox 1375 5330 1625 5387; x_wconf 72' lang='lat' dir='ltr'>Christi.</span> <span class='ocrx_word' id='word_1_634' title='bbox 1672 5333 1739 5385; x_wconf 90' lang='lat' dir='ltr'>Et</span> <span class='ocrx_word' id='word_1_635' title='bbox 1779 5346 1919 5386; x_wconf 90' lang='lat' dir='ltr'>cum</span> 
     </span>
    </p>
   </div>
   <div class='ocr_carea' id='block_1_90' title="bbox 246 5420 1920 5495">
    <p class='ocr_par' dir='ltr' id='par_1_90' title="bbox 246 5420 1920 5495">
     <span class='ocr_line' id='line_1_90' title="bbox 246 5420 1920 5495; baseline -0.001 -19"><span class='ocrx_word' id='word_1_636' title='bbox 246 5421 309 5477; x_wconf 84' lang='lat' dir='ltr'>ei</span> <span class='ocrx_word' id='word_1_637' title='bbox 341 5422 600 5478; x_wconf 86' lang='lat' dir='ltr'>suadere</span> <span class='ocrx_word' id='word_1_638' title='bbox 630 5437 753 5477; x_wconf 87' lang='lat' dir='ltr'>non</span> <span class='ocrx_word' id='word_1_639' title='bbox 780 5426 1046 5495; x_wconf 89' lang='lat' dir='ltr'>possent,</span> <span class='ocrx_word' id='word_1_640' title='bbox 1087 5421 1446 5494; x_wconf 87' lang='lat' dir='ltr'>quieverunt</span> <span class='ocrx_word' id='word_1_641' title='bbox 1482 5420 1777 5475; x_wconf 87' lang='lat' dir='ltr'>dicentes:</span> <span class='ocrx_word' id='word_1_642' title='bbox 1806 5421 1920 5475; x_wconf 86' lang='lat' dir='ltr'>Do-</span> 
     </span>
    </p>
   </div>
   <div class='ocr_carea' id='block_1_91' title="bbox 245 5513 871 5581">
    <p class='ocr_par' dir='ltr' id='par_1_91' title="bbox 245 5513 871 5581">
     <span class='ocr_line' id='line_1_91' title="bbox 245 5513 871 5581; baseline -0.003 -14"><span class='ocrx_word' id='word_1_643' title='bbox 245 5513 410 5569; x_wconf 83' lang='lat' dir='ltr'>mini</span> <span class='ocrx_word' id='word_1_644' title='bbox 430 5513 713 5568; x_wconf 83' lang='lat' dir='ltr'>voluntas</span> <span class='ocrx_word' id='word_1_645' title='bbox 743 5513 871 5581; x_wconf 77' lang='lat' dir='ltr'>ﬁat.</span> 
     </span>
    </p>
   </div>
   <div class='ocr_carea' id='block_1_92' title="bbox 326 5615 1758 5690">
    <p class='ocr_par' dir='ltr' id='par_1_92' title="bbox 326 5615 1758 5690">
     <span class='ocr_line' id='line_1_92' title="bbox 326 5615 1758 5690; baseline -0.001 -15"><span class='ocrx_word' id='word_1_646' title='bbox 326 5626 348 5646; x_wconf 82' lang='grc'><strong>⁸</strong></span> <span class='ocrx_word' id='word_1_647' title='bbox 370 5618 650 5687; x_wconf 77' lang='lat' dir='ltr'>Publice,</span> <span class='ocrx_word' id='word_1_648' title='bbox 679 5620 907 5690; x_wconf 86' lang='lat' dir='ltr'>palam,</span> <span class='ocrx_word' id='word_1_649' title='bbox 943 5619 1190 5687; x_wconf 88' lang='lat' dir='ltr'>Schott.,</span> <span class='ocrx_word' id='word_1_650' title='bbox 1214 5617 1321 5674; x_wconf 91' lang='lat' dir='ltr'>sed</span> <span class='ocrx_word' id='word_1_651' title='bbox 1350 5615 1551 5672; x_wconf 89' lang='lat' dir='ltr'>minus</span> <span class='ocrx_word' id='word_1_652' title='bbox 1585 5619 1758 5673; x_wconf 91' lang='lat' dir='ltr'>recte.</span> 
     </span>
    </p>
   </div>
   <div class='ocr_carea' id='block_1_93' title="bbox 2029 3105 3687 3182">
    <p class='ocr_par' dir='ltr' id='par_1_93' title="bbox 2029 3105 3687 3182">
     <span class='ocr_line' id='line_1_93' title="bbox 2029 3105 3687 3182; baseline -0.004 -18"><span class='ocrx_word' id='word_1_653' title='bbox 2029 3110 2217 3165; x_wconf 84' lang='lat' dir='ltr'>secuti</span> <span class='ocrx_word' id='word_1_654' title='bbox 2243 3113 2403 3177; x_wconf 78' lang='lat' dir='ltr'>sunt,</span> <span class='ocrx_word' id='word_1_655' title='bbox 2432 3112 2484 3163; x_wconf 88' lang='lat' dir='ltr'>et</span> <span class='ocrx_word' id='word_1_656' title='bbox 2505 3122 2607 3163; x_wconf 79' lang='lat' dir='ltr'>vos</span> <span class='ocrx_word' id='word_1_657' title='bbox 2619 3111 3091 3182; x_wconf 55' lang='lat' dir='ltr'>persequentur:</span> <span class='ocrx_word' id='word_1_658' title='bbox 3117 3105 3170 3161; x_wconf 88' lang='lat' dir='ltr'>si</span> <span class='ocrx_word' id='word_1_659' title='bbox 3212 3117 3538 3161; x_wconf 82' lang='lat' dir='ltr'>sermonem</span> <span class='ocrx_word' id='word_1_660' title='bbox 3566 3116 3687 3158; x_wconf 90' lang='lat' dir='ltr'>me-</span> 
     </span>
    </p>
   </div>
   <div class='ocr_carea' id='block_1_94' title="bbox 2031 3190 3688 3264">
    <p class='ocr_par' dir='ltr' id='par_1_94' title="bbox 2031 3190 3688 3264">
     <span class='ocr_line' id='line_1_94' title="bbox 2031 3190 3688 3264; baseline -0.003 -12"><span class='ocrx_word' id='word_1_661' title='bbox 2031 3212 2129 3252; x_wconf 87' lang='lat' dir='ltr'>um</span> <span class='ocrx_word' id='word_1_662' title='bbox 2154 3201 2568 3264; x_wconf 81' lang='lat' dir='ltr'>servaverunt,</span> <span class='ocrx_word' id='word_1_663' title='bbox 2601 3199 2655 3251; x_wconf 87' lang='lat' dir='ltr'>et</span> <span class='ocrx_word' id='word_1_664' title='bbox 2687 3198 2949 3249; x_wconf 84' lang='lat' dir='ltr'>vestrum</span> <span class='ocrx_word' id='word_1_665' title='bbox 2996 3191 3341 3249; x_wconf 85' lang='lat' dir='ltr'>servabunt.</span> <span class='ocrx_word' id='word_1_666' title='bbox 3386 3190 3505 3247; x_wconf 83' lang='lat' dir='ltr'>Sed</span> <span class='ocrx_word' id='word_1_667' title='bbox 3558 3190 3688 3247; x_wconf 70' lang='lat' dir='ltr'>lucc</span> 
     </span>
    </p>
   </div>
   <div class='ocr_carea' id='block_1_95' title="bbox 2030 3281 3687 3354">
    <p class='ocr_par' dir='ltr' id='par_1_95' title="bbox 2030 3281 3687 3354">
     <span class='ocr_line' id='line_1_95' title="bbox 2030 3281 3687 3354; baseline -0.003 -13"><span class='ocrx_word' id='word_1_668' title='bbox 2030 3285 2229 3341; x_wconf 86' lang='lat' dir='ltr'>omnia</span> <span class='ocrx_word' id='word_1_669' title='bbox 2256 3285 2485 3354; x_wconf 77' lang='lat' dir='ltr'>facient</span> <span class='ocrx_word' id='word_1_670' title='bbox 2516 3283 2677 3340; x_wconf 81' lang='lat' dir='ltr'>vobis</span> <span class='ocrx_word' id='word_1_671' title='bbox 2720 3287 2971 3352; x_wconf 82' lang='lat' dir='ltr'>propter</span> <span class='ocrx_word' id='word_1_672' title='bbox 3014 3296 3229 3337; x_wconf 86' lang='lat' dir='ltr'>nomen</span> <span class='ocrx_word' id='word_1_673' title='bbox 3283 3294 3511 3337; x_wconf 85' lang='lat' dir='ltr'>meum:</span> <span class='ocrx_word' id='word_1_674' title='bbox 3543 3281 3687 3353; x_wconf 85' lang='lat' dir='ltr'>quia</span> 
     </span>
    </p>
   </div>
   <div class='ocr_carea' id='block_1_96' title="bbox 2032 3370 3689 3443">
    <p class='ocr_par' dir='ltr' id='par_1_96' title="bbox 2032 3370 3689 3443">
     <span class='ocr_line' id='line_1_96' title="bbox 2032 3370 3689 3443; baseline -0.002 -14"><span class='ocrx_word' id='word_1_675' title='bbox 2032 3373 2303 3429; x_wconf 85' lang='lat' dir='ltr'>nesciunt</span> <span class='ocrx_word' id='word_1_676' title='bbox 2334 3386 2464 3428; x_wconf 80' lang='lat' dir='ltr'>eum</span> <span class='ocrx_word' id='word_1_677' title='bbox 2527 3372 2633 3443; x_wconf 85' lang='lat' dir='ltr'>qui</span> <span class='ocrx_word' id='word_1_678' title='bbox 2662 3372 2824 3427; x_wconf 72' lang='lat' dir='ltr'>misit</span> <span class='ocrx_word' id='word_1_679' title='bbox 2864 3384 2976 3427; x_wconf 84' lang='lat' dir='ltr'>me.</span> <span class='ocrx_word' id='word_1_680' title='bbox 3032 3370 3100 3426; x_wconf 89' lang='lat' dir='ltr'>Si</span> <span class='ocrx_word' id='word_1_681' title='bbox 3124 3382 3244 3426; x_wconf 82' lang='lat' dir='ltr'>non</span> <span class='ocrx_word' id='word_1_682' title='bbox 3275 3370 3580 3437; x_wconf 79' lang='lat' dir='ltr'>venissem,</span> <span class='ocrx_word' id='word_1_683' title='bbox 3632 3373 3689 3425; x_wconf 76' lang='lat' dir='ltr'>et</span> 
     </span>
    </p>
   </div>
   <div class='ocr_carea' id='block_1_97' title="bbox 2036 3457 3690 3531">
    <p class='ocr_par' dir='ltr' id='par_1_97' title="bbox 2036 3457 3690 3531">
     <span class='ocr_line' id='line_1_97' title="bbox 2036 3457 3690 3531; baseline -0.002 -14"><span class='ocrx_word' id='word_1_684' title='bbox 2036 3464 2268 3517; x_wconf 86' lang='lat' dir='ltr'>locutus</span> <span class='ocrx_word' id='word_1_685' title='bbox 2297 3463 2379 3518; x_wconf 82' lang='lat' dir='ltr'>eis</span> <span class='ocrx_word' id='word_1_686' title='bbox 2402 3476 2522 3517; x_wconf 86' lang='lat' dir='ltr'>non</span> <span class='ocrx_word' id='word_1_687' title='bbox 2551 3461 2823 3530; x_wconf 80' lang='lat' dir='ltr'>fuissem,</span> <span class='ocrx_word' id='word_1_688' title='bbox 2852 3464 3166 3531; x_wconf 86' lang='lat' dir='ltr'>peccatum</span> <span class='ocrx_word' id='word_1_689' title='bbox 3190 3472 3312 3515; x_wconf 81' lang='lat' dir='ltr'>non</span> <span class='ocrx_word' id='word_1_690' title='bbox 3352 3457 3637 3514; x_wconf 82' lang='lat' dir='ltr'>haberent</span> <span class='ocrx_word' id='word_1_691' title='bbox 3665 3470 3690 3513; x_wconf 88' lang='grc'>.·</span> 
     </span>
    </p>
   </div>
   <div class='ocr_carea' id='block_1_98' title="bbox 2030 3547 3687 3616">
    <p class='ocr_par' dir='ltr' id='par_1_98' title="bbox 2030 3547 3687 3616">
     <span class='ocr_line' id='line_1_98' title="bbox 2030 3547 3687 3616; baseline -0.002 -10"><span class='ocrx_word' id='word_1_692' title='bbox 2030 3566 2191 3607; x_wconf 84' lang='lat' dir='ltr'>nunc</span> <span class='ocrx_word' id='word_1_693' title='bbox 2207 3556 2405 3607; x_wconf 80' lang='lat' dir='ltr'>autem</span> <span class='ocrx_word' id='word_1_694' title='bbox 2431 3551 2874 3607; x_wconf 72' lang='lat' dir='ltr'>excusationem</span> <span class='ocrx_word' id='word_1_695' title='bbox 2904 3564 3024 3605; x_wconf 87' lang='lat' dir='ltr'>non</span> <span class='ocrx_word' id='word_1_696' title='bbox 3076 3547 3298 3604; x_wconf 80' lang='lat' dir='ltr'>habent</span> <span class='ocrx_word' id='word_1_697' title='bbox 3326 3548 3399 3604; x_wconf 81' lang='lat' dir='ltr'>de</span> <span class='ocrx_word' id='word_1_698' title='bbox 3443 3551 3687 3616; x_wconf 86' lang='lat' dir='ltr'>peccato</span> 
     </span>
    </p>
   </div>
   <div class='ocr_carea' id='block_1_99' title="bbox 2028 3641 2624 3712">
    <p class='ocr_par' dir='ltr' id='par_1_99' title="bbox 2028 3641 2624 3712">
     <span class='ocr_line' id='line_1_99' title="bbox 2028 3641 2624 3712; baseline -0.003 -15"><span class='ocrx_word' id='word_1_699' title='bbox 2028 3656 2134 3697; x_wconf 86' lang='lat' dir='ltr'>suo</span> <span class='ocrx_word' id='word_1_700' title='bbox 2166 3641 2358 3712; x_wconf 89' lang='lat' dir='ltr'>(Joan.</span> <span class='ocrx_word' id='word_1_701' title='bbox 2384 3656 2476 3696; x_wconf 80' lang='lat' dir='ltr'>xv.</span> <span class='ocrx_word' id='word_1_702' title='bbox 2510 3644 2624 3708; x_wconf 78' lang='lat'>20).</span> 
     </span>
    </p>
   </div>
   <div class='ocr_carea' id='block_1_100' title="bbox 2097 3728 3689 3801">
    <p class='ocr_par' dir='ltr' id='par_1_100' title="bbox 2097 3728 3689 3801">
     <span class='ocr_line' id='line_1_100' title="bbox 2097 3728 3689 3801; baseline -0.003 -15"><span class='ocrx_word' id='word_1_703' title='bbox 2097 3734 2187 3786; x_wconf 77' lang='lat'>26.</span> <span class='ocrx_word' id='word_1_704' title='bbox 2222 3729 2521 3801; x_wconf 89' lang='lat' dir='ltr'>Objiciunt</span> <span class='ocrx_word' id='word_1_705' title='bbox 2544 3730 2724 3786; x_wconf 88' lang='lat' dir='ltr'>etiam</span> <span class='ocrx_word' id='word_1_706' title='bbox 2746 3728 3072 3785; x_wconf 80' lang='lat' dir='ltr'>adversarii</span> <span class='ocrx_word' id='word_1_707' title='bbox 3107 3742 3430 3800; x_wconf 88' lang='lat' dir='ltr'>corporum</span> <span class='ocrx_word' id='word_1_708' title='bbox 3452 3730 3689 3782; x_wconf 87' lang='lat' dir='ltr'>eorum-</span> 
     </span>
    </p>
   </div>
   <div class='ocr_carea' id='block_1_101' title="bbox 2029 3813 3687 3890">
    <p class='ocr_par' dir='ltr' id='par_1_101' title="bbox 2029 3813 3687 3890">
     <span class='ocr_line' id='line_1_101' title="bbox 2029 3813 3687 3890; baseline -0.004 -14"><span class='ocrx_word' id='word_1_709' title='bbox 2029 3820 2168 3876; x_wconf 88' lang='lat' dir='ltr'>dem</span> <span class='ocrx_word' id='word_1_710' title='bbox 2198 3819 2662 3890; x_wconf 89' lang='lat' dir='ltr'>corruptionem.</span> <span class='ocrx_word' id='word_1_711' title='bbox 2690 3818 2824 3882; x_wconf 87' lang='lat' dir='ltr'>Sed,</span> <span class='ocrx_word' id='word_1_712' title='bbox 2851 3833 3083 3889; x_wconf 71' lang='lat' dir='ltr'>quasso,-</span> <span class='ocrx_word' id='word_1_713' title='bbox 3112 3815 3522 3889; x_wconf 87' lang='lat' dir='ltr'>respondeant</span> <span class='ocrx_word' id='word_1_714' title='bbox 3538 3813 3687 3886; x_wconf 88' lang='lat' dir='ltr'>quid</span> 
     </span>
    </p>
   </div>
   <div class='ocr_carea' id='block_1_102' title="bbox 2029 3901 3685 3977">
    <p class='ocr_par' dir='ltr' id='par_1_102' title="bbox 2029 3901 3685 3977">
     <span class='ocr_line' id='line_1_102' title="bbox 2029 3901 3685 3977; baseline -0.005 -13"><span class='ocrx_word' id='word_1_715' title='bbox 2029 3909 2202 3964; x_wconf 88' lang='lat' dir='ltr'>obest</span> <span class='ocrx_word' id='word_1_716' title='bbox 2237 3907 2464 3962; x_wconf 80' lang='lat' dir='ltr'>caelesti</span> <span class='ocrx_word' id='word_1_717' title='bbox 2514 3908 2643 3977; x_wconf 86' lang='lat' dir='ltr'>jam</span> <span class='ocrx_word' id='word_1_718' title='bbox 2701 3906 2950 3977; x_wconf 69' lang='lat' dir='ltr'>praemio</span> <span class='ocrx_word' id='word_1_719' title='bbox 3014 3904 3338 3975; x_wconf 85' lang='lat' dir='ltr'>coronatis,</span> <span class='ocrx_word' id='word_1_720' title='bbox 3380 3902 3556 3974; x_wconf 88' lang='lat' dir='ltr'>quasi</span> <span class='ocrx_word' id='word_1_721' title='bbox 3604 3901 3685 3957; x_wconf 92' lang='lat' dir='ltr'>illi</span> 
     </span>
    </p>
   </div>
   <div class='ocr_carea' id='block_1_103' title="bbox 2029 3993 3684 4066">
    <p class='ocr_par' dir='ltr' id='par_1_103' title="bbox 2029 3993 3684 4066">
     <span class='ocr_line' id='line_1_103' title="bbox 2029 3993 3684 4066; baseline -0.004 -14"><span class='ocrx_word' id='word_1_722' title='bbox 2029 3996 2226 4052; x_wconf 88' lang='lat' dir='ltr'>carnis</span> <span class='ocrx_word' id='word_1_723' title='bbox 2259 3996 2593 4050; x_wconf 78' lang='lat' dir='ltr'>atfectarint</span> <span class='ocrx_word' id='word_1_724' title='bbox 2619 3993 3045 4066; x_wconf 86' lang='lat' dir='ltr'>honorem,qui</span> <span class='ocrx_word' id='word_1_725' title='bbox 3070 4009 3211 4049; x_wconf 83' lang='lat' dir='ltr'>vere</span> <span class='ocrx_word' id='word_1_726' title='bbox 3236 3993 3531 4048; x_wconf 85' lang='lat' dir='ltr'>noverant</span> <span class='ocrx_word' id='word_1_727' title='bbox 3549 4005 3684 4064; x_wconf 89' lang='lat' dir='ltr'>per-</span> 
     </span>
    </p>
   </div>
   <div class='ocr_carea' id='block_1_104' title="bbox 2026 4080 3683 4156">
    <p class='ocr_par' dir='ltr' id='par_1_104' title="bbox 2026 4080 3683 4156">
     <span class='ocr_line' id='line_1_104' title="bbox 2026 4080 3683 4156; baseline -0.003 -15"><span class='ocrx_word' id='word_1_728' title='bbox 2026 4086 2212 4141; x_wconf 88' lang='lat' dir='ltr'>latam</span> <span class='ocrx_word' id='word_1_729' title='bbox 2234 4084 2376 4140; x_wconf 90' lang='lat' dir='ltr'>olim</span> <span class='ocrx_word' id='word_1_730' title='bbox 2394 4082 2745 4139; x_wconf 87' lang='lat' dir='ltr'>mortalibus</span> <span class='ocrx_word' id='word_1_731' title='bbox 2774 4082 3149 4156; x_wconf 77' lang='lat' dir='ltr'>legem,quia</span> <span class='ocrx_word' id='word_1_732' title='bbox 3174 4081 3401 4138; x_wconf 87' lang='lat' dir='ltr'>dictum</span> <span class='ocrx_word' id='word_1_733' title='bbox 3431 4082 3520 4138; x_wconf 89' lang='lat' dir='ltr'>est</span> <span class='ocrx_word' id='word_1_734' title='bbox 3542 4080 3683 4137; x_wconf 79' lang='lat' dir='ltr'>Adae</span> 
     </span>
    </p>
   </div>
   <div class='ocr_carea' id='block_1_105' title="bbox 2031 4172 3687 4249">
    <p class='ocr_par' dir='ltr' id='par_1_105' title="bbox 2031 4172 3687 4249">
     <span class='ocr_line' id='line_1_105' title="bbox 2031 4172 3687 4249; baseline -0.003 -17"><span class='ocrx_word' id='word_1_735' title='bbox 2031 4177 2193 4249; x_wconf 88' lang='lat' dir='ltr'>(Gen.</span> <span class='ocrx_word' id='word_1_736' title='bbox 2224 4190 2304 4241; x_wconf 85' lang='grc' dir='ltr'>ιιι,</span> <span class='ocrx_word' id='word_1_737' title='bbox 2338 4178 2427 4239; x_wconf 78' lang='grc'>10)</span> <span class='ocrx_word' id='word_1_738' title='bbox 2452 4191 2463 4227; x_wconf 87' lang='lat'><strong>:</strong></span> <span class='ocrx_word' id='word_1_739' title='bbox 2500 4196 2527 4222; x_wconf 85' lang='grc'><strong>‹‹</strong></span> <span class='ocrx_word' id='word_1_740' title='bbox 2558 4173 2770 4229; x_wconf 86' lang='lat' dir='ltr'>Pulvis</span> <span class='ocrx_word' id='word_1_741' title='bbox 2827 4189 2905 4242; x_wconf 89' lang='lat' dir='ltr'>es,</span> <span class='ocrx_word' id='word_1_742' title='bbox 2949 4179 3002 4229; x_wconf 90' lang='lat' dir='ltr'>et</span> <span class='ocrx_word' id='word_1_743' title='bbox 3032 4174 3097 4229; x_wconf 80' lang='lat' dir='ltr'>in</span> <span class='ocrx_word' id='word_1_744' title='bbox 3124 4173 3435 4242; x_wconf 77' lang='lat' dir='ltr'>pulverem</span> <span class='ocrx_word' id='word_1_745' title='bbox 3460 4172 3687 4241; x_wconf 85' lang='lat' dir='ltr'>redige-</span> 
     </span>
    </p>
   </div>
   <div class='ocr_carea' id='block_1_106' title="bbox 2028 4260 3682 4335">
    <p class='ocr_par' dir='ltr' id='par_1_106' title="bbox 2028 4260 3682 4335">
     <span class='ocr_line' id='line_1_106' title="bbox 2028 4260 3682 4335; baseline -0.003 -15"><span class='ocrx_word' id='word_1_746' title='bbox 2028 4265 2132 4332; x_wconf 82' lang='lat' dir='ltr'>ris,</span> <span class='ocrx_word' id='word_1_747' title='bbox 2157 4267 2260 4319; x_wconf 90' lang='lat' dir='ltr'>aut</span> <span class='ocrx_word' id='word_1_748' title='bbox 2288 4277 2395 4335; x_wconf 87' lang='lat' dir='ltr'>per</span> <span class='ocrx_word' id='word_1_749' title='bbox 2445 4262 2741 4335; x_wconf 86' lang='lat' dir='ltr'>supplicia</span> <span class='ocrx_word' id='word_1_750' title='bbox 2770 4266 3191 4335; x_wconf 88' lang='lat' dir='ltr'>tyrannorum,</span> <span class='ocrx_word' id='word_1_751' title='bbox 3220 4260 3441 4333; x_wconf 89' lang='lat' dir='ltr'>quibus</span> <span class='ocrx_word' id='word_1_752' title='bbox 3471 4260 3682 4316; x_wconf 89' lang='lat' dir='ltr'>datum</span> 
     </span>
    </p>
   </div>
   <div class='ocr_carea' id='block_1_107' title="bbox 2029 4347 3683 4424">
    <p class='ocr_par' dir='ltr' id='par_1_107' title="bbox 2029 4347 3683 4424">
     <span class='ocr_line' id='line_1_107' title="bbox 2029 4347 3683 4424; baseline -0.004 -16"><span class='ocrx_word' id='word_1_753' title='bbox 2029 4356 2118 4408; x_wconf 85' lang='lat' dir='ltr'>est</span> <span class='ocrx_word' id='word_1_754' title='bbox 2147 4366 2367 4424; x_wconf 73' lang='lat' dir='ltr'>corpus</span> <span class='ocrx_word' id='word_1_755' title='bbox 2398 4351 2693 4419; x_wconf 88' lang='lat' dir='ltr'>occidere,</span> <span class='ocrx_word' id='word_1_756' title='bbox 2745 4349 3115 4423; x_wconf 90' lang='lat' dir='ltr'>quandoque</span> <span class='ocrx_word' id='word_1_757' title='bbox 3146 4347 3329 4405; x_wconf 83' lang='lat' dir='ltr'>ﬁnem</span> <span class='ocrx_word' id='word_1_758' title='bbox 3359 4349 3628 4422; x_wconf 87' lang='lat' dir='ltr'>accipere</span> <span class='ocrx_word' id='word_1_759' title='bbox 3654 4347 3683 4402; x_wconf 75' lang='grc' dir='ltr'><strong><em>τ</em></strong></span> 
     </span>
    </p>
   </div>
   <div class='ocr_carea' id='block_1_108' title="bbox 2031 4440 3684 4509">
    <p class='ocr_par' dir='ltr' id='par_1_108' title="bbox 2031 4440 3684 4509">
     <span class='ocr_line' id='line_1_108' title="bbox 2031 4440 3684 4509; baseline -0.002 -13"><span class='ocrx_word' id='word_1_760' title='bbox 2031 4441 2182 4507; x_wconf 87' lang='lat' dir='ltr'>Quia</span> <span class='ocrx_word' id='word_1_761' title='bbox 2220 4442 2409 4496; x_wconf 86' lang='lat' dir='ltr'>omnis</span> <span class='ocrx_word' id='word_1_762' title='bbox 2440 4455 2581 4497; x_wconf 88' lang='lat' dir='ltr'>caro</span> <span class='ocrx_word' id='word_1_763' title='bbox 2605 4440 2836 4509; x_wconf 87' lang='lat' dir='ltr'>fenum,</span> <span class='ocrx_word' id='word_1_764' title='bbox 2857 4446 2910 4495; x_wconf 89' lang='lat' dir='ltr'>et</span> <span class='ocrx_word' id='word_1_765' title='bbox 2940 4440 3130 4494; x_wconf 85' lang='lat' dir='ltr'>omnis</span> <span class='ocrx_word' id='word_1_766' title='bbox 3154 4440 3351 4509; x_wconf 84' lang='lat' dir='ltr'>gloria</span> <span class='ocrx_word' id='word_1_767' title='bbox 3382 4441 3509 4507; x_wconf 85' lang='lat' dir='ltr'>ejus</span> <span class='ocrx_word' id='word_1_768' title='bbox 3538 4452 3684 4508; x_wconf 86' lang='lat' dir='ltr'>qua-</span> 
     </span>
    </p>
   </div>
   <div class='ocr_carea' id='block_1_109' title="bbox 2029 4523 3681 4601">
    <p class='ocr_par' dir='ltr' id='par_1_109' title="bbox 2029 4523 3681 4601">
     <span class='ocr_line' id='line_1_109' title="bbox 2029 4523 3681 4601; baseline -0.004 -16"><span class='ocrx_word' id='word_1_769' title='bbox 2029 4532 2083 4586; x_wconf 85' lang='lat' dir='ltr'>si</span> <span class='ocrx_word' id='word_1_770' title='bbox 2104 4532 2214 4600; x_wconf 87' lang='lat' dir='ltr'>ﬂos</span> <span class='ocrx_word' id='word_1_771' title='bbox 2239 4532 2377 4601; x_wconf 85' lang='lat' dir='ltr'>agri</span> <span class='ocrx_word' id='word_1_772' title='bbox 2403 4531 2542 4601; x_wconf 85' lang='lat' dir='ltr'>(Isa.</span> <span class='ocrx_word' id='word_1_773' title='bbox 2576 4545 2668 4592; x_wconf 80' lang='lat' dir='ltr'>XL,</span> <span class='ocrx_word' id='word_1_774' title='bbox 2703 4533 2781 4589; x_wconf 81' lang='grc'>6).</span> <span class='ocrx_word' id='word_1_775' title='bbox 2810 4531 2874 4584; x_wconf 87' lang='lat' dir='ltr'>Et</span> <span class='ocrx_word' id='word_1_776' title='bbox 2900 4543 3039 4584; x_wconf 90' lang='lat' dir='ltr'>cum</span> <span class='ocrx_word' id='word_1_777' title='bbox 3066 4542 3312 4584; x_wconf 90' lang='lat' dir='ltr'>omnem</span> <span class='ocrx_word' id='word_1_778' title='bbox 3341 4527 3503 4593; x_wconf 88' lang='lat' dir='ltr'>dicit,</span> <span class='ocrx_word' id='word_1_779' title='bbox 3545 4523 3681 4579; x_wconf 88' lang='lat' dir='ltr'>nul-</span> 
     </span>
    </p>
   </div>
   <div class='ocr_carea' id='block_1_110' title="bbox 2028 4611 3682 4685">
    <p class='ocr_par' dir='ltr' id='par_1_110' title="bbox 2028 4611 3682 4685">
     <span class='ocr_line' id='line_1_110' title="bbox 2028 4611 3682 4685; baseline -0.004 -10"><span class='ocrx_word' id='word_1_780' title='bbox 2028 4618 2143 4675; x_wconf 84' lang='lat' dir='ltr'>lius</span> <span class='ocrx_word' id='word_1_781' title='bbox 2177 4634 2424 4676; x_wconf 88' lang='lat' dir='ltr'>carnem</span> <span class='ocrx_word' id='word_1_782' title='bbox 2450 4635 2521 4674; x_wconf 82' lang='lat' dir='ltr'>ex</span> <span class='ocrx_word' id='word_1_783' title='bbox 2549 4619 2816 4674; x_wconf 87' lang='lat' dir='ltr'>humano</span> <span class='ocrx_word' id='word_1_784' title='bbox 2863 4618 3089 4674; x_wconf 87' lang='lat' dir='ltr'>semine</span> <span class='ocrx_word' id='word_1_785' title='bbox 3114 4616 3401 4672; x_wconf 89' lang='lat' dir='ltr'>orientem</span> <span class='ocrx_word' id='word_1_786' title='bbox 3445 4611 3682 4685; x_wconf 87' lang='lat' dir='ltr'>reliquit</span> 
     </span>
    </p>
   </div>
   <div class='ocr_carea' id='block_1_111' title="bbox 2030 4702 3681 4778">
    <p class='ocr_par' dir='ltr' id='par_1_111' title="bbox 2030 4702 3681 4778">
     <span class='ocr_line' id='line_1_111' title="bbox 2030 4702 3681 4778; baseline -0.005 -13"><span class='ocrx_word' id='word_1_787' title='bbox 2030 4713 2112 4778; x_wconf 89' lang='lat' dir='ltr'>(et</span> <span class='ocrx_word' id='word_1_788' title='bbox 2137 4707 2271 4765; x_wconf 89' lang='lat' dir='ltr'>licet</span> <span class='ocrx_word' id='word_1_789' title='bbox 2293 4708 2602 4774; x_wconf 88' lang='lat' dir='ltr'>audenter,</span> <span class='ocrx_word' id='word_1_790' title='bbox 2635 4707 2833 4764; x_wconf 90' lang='lat' dir='ltr'>dicam</span> <span class='ocrx_word' id='word_1_791' title='bbox 2863 4710 3089 4773; x_wconf 90' lang='lat' dir='ltr'>tamen)</span> <span class='ocrx_word' id='word_1_792' title='bbox 3139 4720 3262 4762; x_wconf 91' lang='lat' dir='ltr'>non</span> <span class='ocrx_word' id='word_1_793' title='bbox 3314 4702 3681 4777; x_wconf 85' lang='lat' dir='ltr'>patriarcha-</span> 
     </span>
    </p>
   </div>
   <div class='ocr_carea' id='block_1_112' title="bbox 2029 4794 3681 4869">
    <p class='ocr_par' dir='ltr' id='par_1_112' title="bbox 2029 4794 3681 4869">
     <span class='ocr_line' id='line_1_112' title="bbox 2029 4794 3681 4869; baseline -0.004 -15"><span class='ocrx_word' id='word_1_794' title='bbox 2029 4814 2188 4865; x_wconf 89' lang='lat' dir='ltr'>rum,</span> <span class='ocrx_word' id='word_1_795' title='bbox 2208 4813 2331 4853; x_wconf 91' lang='lat' dir='ltr'>non</span> <span class='ocrx_word' id='word_1_796' title='bbox 2352 4798 2782 4869; x_wconf 87' lang='lat' dir='ltr'>prophetarum</span> <span class='ocrx_word' id='word_1_797' title='bbox 2793 4811 2934 4866; x_wconf 89' lang='lat' dir='ltr'>,non</span> <span class='ocrx_word' id='word_1_798' title='bbox 2951 4794 3510 4869; x_wconf 88' lang='lat' dir='ltr'>apostolorum,non</span> <span class='ocrx_word' id='word_1_799' title='bbox 3525 4806 3681 4848; x_wconf 87' lang='lat' dir='ltr'>mar-</span> 
     </span>
    </p>
   </div>
   <div class='ocr_carea' id='block_1_113' title="bbox 2029 4883 3683 4960">
    <p class='ocr_par' dir='ltr' id='par_1_113' title="bbox 2029 4883 3683 4960">
     <span class='ocr_line' id='line_1_113' title="bbox 2029 4883 3683 4960; baseline -0.003 -16"><span class='ocrx_word' id='word_1_800' title='bbox 2029 4892 2249 4960; x_wconf 84' lang='lat' dir='ltr'>tyrum.</span> <span class='ocrx_word' id='word_1_801' title='bbox 2298 4888 2522 4955; x_wconf 78' lang='lat' dir='ltr'>Legant</span> <span class='ocrx_word' id='word_1_802' title='bbox 2562 4884 2973 4958; x_wconf 89' lang='lat' dir='ltr'>apostolorum</span> <span class='ocrx_word' id='word_1_803' title='bbox 3003 4886 3206 4951; x_wconf 83' lang='lat' dir='ltr'>Actus,</span> <span class='ocrx_word' id='word_1_804' title='bbox 3229 4883 3336 4956; x_wconf 86' lang='lat' dir='ltr'>qui</span> <span class='ocrx_word' id='word_1_805' title='bbox 3381 4883 3497 4939; x_wconf 85' lang='lat' dir='ltr'>ista</span> <span class='ocrx_word' id='word_1_806' title='bbox 3523 4896 3683 4939; x_wconf 89' lang='lat' dir='ltr'>som-</span> 
     </span>
    </p>
   </div>
   <div class='ocr_carea' id='block_1_114' title="bbox 2028 4971 3684 5046">
    <p class='ocr_par' dir='ltr' id='par_1_114' title="bbox 2028 4971 3684 5046">
     <span class='ocr_line' id='line_1_114' title="bbox 2028 4971 3684 5046; baseline -0.002 -13"><span class='ocrx_word' id='word_1_807' title='bbox 2028 4976 2217 5046; x_wconf 88' lang='lat' dir='ltr'>niant,</span> <span class='ocrx_word' id='word_1_808' title='bbox 2252 4980 2309 5030; x_wconf 89' lang='lat' dir='ltr'>et</span> <span class='ocrx_word' id='word_1_809' title='bbox 2336 4974 2662 5041; x_wconf 89' lang='lat' dir='ltr'>invenient,</span> <span class='ocrx_word' id='word_1_810' title='bbox 2695 4978 2947 5031; x_wconf 87' lang='lat' dir='ltr'>testante</span> <span class='ocrx_word' id='word_1_811' title='bbox 2994 4977 3183 5041; x_wconf 87' lang='lat' dir='ltr'>Petro,</span> <span class='ocrx_word' id='word_1_812' title='bbox 3216 4972 3406 5029; x_wconf 87' lang='lat' dir='ltr'>David</span> <span class='ocrx_word' id='word_1_813' title='bbox 3432 4971 3603 5028; x_wconf 89' lang='lat' dir='ltr'>illum</span> <span class='ocrx_word' id='word_1_814' title='bbox 3646 4987 3684 5029; x_wconf 92' lang='lat' dir='ltr'>a</span> 
     </span>
    </p>
   </div>
   <div class='ocr_carea' id='block_1_115' title="bbox 2030 5061 3684 5128">
    <p class='ocr_par' dir='ltr' id='par_1_115' title="bbox 2030 5061 3684 5128">
     <span class='ocr_line' id='line_1_115' title="bbox 2030 5061 3684 5128; baseline -0.003 -6"><span class='ocrx_word' id='word_1_815' title='bbox 2030 5068 2148 5122; x_wconf 90' lang='lat' dir='ltr'>Deo</span> <span class='ocrx_word' id='word_1_816' title='bbox 2175 5064 2450 5128; x_wconf 87' lang='lat' dir='ltr'>electum,</span> <span class='ocrx_word' id='word_1_817' title='bbox 2483 5068 2541 5119; x_wconf 90' lang='lat' dir='ltr'>et</span> <span class='ocrx_word' id='word_1_818' title='bbox 2570 5064 2903 5120; x_wconf 87' lang='lat' dir='ltr'>secundum</span> <span class='ocrx_word' id='word_1_819' title='bbox 2931 5079 3034 5120; x_wconf 88' lang='lat' dir='ltr'>cor</span> <span class='ocrx_word' id='word_1_820' title='bbox 3054 5076 3232 5118; x_wconf 85' lang='lat' dir='ltr'>suum</span> <span class='ocrx_word' id='word_1_821' title='bbox 3265 5061 3684 5118; x_wconf 82' lang='lat' dir='ltr'>ﬁdelissimum</span> 
     </span>
    </p>
   </div>
   <div class='ocr_carea' id='block_1_116' title="bbox 2029 5152 3681 5226">
    <p class='ocr_par' dir='ltr' id='par_1_116' title="bbox 2029 5152 3681 5226">
     <span class='ocr_line' id='line_1_116' title="bbox 2029 5152 3681 5226; baseline -0.004 -15"><span class='ocrx_word' id='word_1_822' title='bbox 2029 5171 2293 5219; x_wconf 88' lang='lat' dir='ltr'>servum,</span> <span class='ocrx_word' id='word_1_823' title='bbox 2323 5153 2642 5226; x_wconf 63' lang='lat' dir='ltr'>sepulturas</span> <span class='ocrx_word' id='word_1_824' title='bbox 2676 5152 3119 5225; x_wconf 84' lang='lat' dir='ltr'>corruptionem</span> <span class='ocrx_word' id='word_1_825' title='bbox 3144 5166 3273 5207; x_wconf 87' lang='lat' dir='ltr'>esse</span> <span class='ocrx_word' id='word_1_826' title='bbox 3302 5162 3681 5224; x_wconf 86' lang='lat' dir='ltr'>perpessum,</span> 
     </span>
    </p>
   </div>
   <div class='ocr_carea' id='block_1_117' title="bbox 2026 5242 3687 5315">
    <p class='ocr_par' dir='ltr' id='par_1_117' title="bbox 2026 5242 3687 5315">
     <span class='ocr_line' id='line_1_117' title="bbox 2026 5242 3687 5315; baseline -0.004 -14"><span class='ocrx_word' id='word_1_827' title='bbox 2026 5245 2096 5301; x_wconf 91' lang='lat' dir='ltr'>iis</span> <span class='ocrx_word' id='word_1_828' title='bbox 2129 5244 2294 5301; x_wconf 90' lang='lat' dir='ltr'>verbi</span> <span class='ocrx_word' id='word_1_829' title='bbox 2330 5243 2612 5315; x_wconf 76' lang='lat' dir='ltr'>Apostolo</span> <span class='ocrx_word' id='word_1_830' title='bbox 2628 5243 2984 5299; x_wconf 88' lang='lat' dir='ltr'>disserente:</span> <span class='ocrx_word' id='word_1_831' title='bbox 3012 5243 3138 5299; x_wconf 70' lang='lat' dir='ltr'>Viri</span> <span class='ocrx_word' id='word_1_832' title='bbox 3153 5243 3400 5312; x_wconf 80' lang='lat' dir='ltr'>fratres,</span> <span class='ocrx_word' id='word_1_833' title='bbox 3430 5242 3568 5297; x_wconf 84' lang='lat' dir='ltr'>licet</span> <span class='ocrx_word' id='word_1_834' title='bbox 3583 5254 3687 5296; x_wconf 86' lang='lat' dir='ltr'>au-</span> 
     </span>
    </p>
   </div>
   <div class='ocr_carea' id='block_1_118' title="bbox 2028 5330 3687 5403">
    <p class='ocr_par' dir='ltr' id='par_1_118' title="bbox 2028 5330 3687 5403">
     <span class='ocr_line' id='line_1_118' title="bbox 2028 5330 3687 5403; baseline -0.004 -13"><span class='ocrx_word' id='word_1_835' title='bbox 2028 5334 2256 5401; x_wconf 85' lang='lat' dir='ltr'>denter,</span> <span class='ocrx_word' id='word_1_836' title='bbox 2290 5334 2489 5390; x_wconf 82' lang='lat' dir='ltr'>dicam</span> <span class='ocrx_word' id='word_1_837' title='bbox 2530 5333 2602 5389; x_wconf 89' lang='lat' dir='ltr'>de</span> <span class='ocrx_word' id='word_1_838' title='bbox 2623 5332 2990 5402; x_wconf 72' lang='lat' dir='ltr'>patriarcha</span> <span class='ocrx_word' id='word_1_839' title='bbox 3037 5331 3252 5399; x_wconf 82' lang='lat' dir='ltr'>David,</span> <span class='ocrx_word' id='word_1_840' title='bbox 3297 5331 3441 5403; x_wconf 84' lang='lat' dir='ltr'>quia</span> <span class='ocrx_word' id='word_1_841' title='bbox 3484 5336 3542 5387; x_wconf 88' lang='lat' dir='ltr'>et</span> <span class='ocrx_word' id='word_1_842' title='bbox 3593 5330 3687 5385; x_wconf 87' lang='lat' dir='ltr'>de-</span> 
     </span>
    </p>
   </div>
   <div class='ocr_carea' id='block_1_119' title="bbox 2024 5423 3687 5495">
    <p class='ocr_par' dir='ltr' id='par_1_119' title="bbox 2024 5423 3687 5495">
     <span class='ocr_line' id='line_1_119' title="bbox 2024 5423 3687 5495; baseline -0.004 -14"><span class='ocrx_word' id='word_1_843' title='bbox 2024 5426 2274 5495; x_wconf 82' lang='lat' dir='ltr'>functus</span> <span class='ocrx_word' id='word_1_844' title='bbox 2303 5430 2409 5492; x_wconf 86' lang='lat' dir='ltr'>est,</span> <span class='ocrx_word' id='word_1_845' title='bbox 2427 5430 2483 5481; x_wconf 89' lang='lat' dir='ltr'>et</span> <span class='ocrx_word' id='word_1_846' title='bbox 2508 5425 2776 5493; x_wconf 86' lang='lat' dir='ltr'>sepultus</span> <span class='ocrx_word' id='word_1_847' title='bbox 2796 5429 2917 5480; x_wconf 87' lang='lat' dir='ltr'>est:</span> <span class='ocrx_word' id='word_1_848' title='bbox 2949 5428 3003 5480; x_wconf 90' lang='lat' dir='ltr'>et</span> <span class='ocrx_word' id='word_1_849' title='bbox 3047 5423 3385 5493; x_wconf 82' lang='lat' dir='ltr'>sepulcrum</span> <span class='ocrx_word' id='word_1_850' title='bbox 3445 5423 3573 5490; x_wconf 85' lang='lat' dir='ltr'>ejus</span> <span class='ocrx_word' id='word_1_851' title='bbox 3603 5425 3687 5476; x_wconf 86' lang='lat' dir='ltr'>est</span> 
     </span>
    </p>
   </div>
   <div class='ocr_carea' id='block_1_120' title="bbox 2029 5513 3687 5585">
    <p class='ocr_par' dir='ltr' id='par_1_120' title="bbox 2029 5513 3687 5585">
     <span class='ocr_line' id='line_1_120' title="bbox 2029 5513 3687 5585; baseline -0.004 -14"><span class='ocrx_word' id='word_1_852' title='bbox 2029 5516 2197 5585; x_wconf 85' lang='lat' dir='ltr'>apud</span> <span class='ocrx_word' id='word_1_853' title='bbox 2260 5531 2365 5570; x_wconf 86' lang='lat' dir='ltr'>nos</span> <span class='ocrx_word' id='word_1_854' title='bbox 2412 5530 2598 5585; x_wconf 85' lang='lat' dir='ltr'>usque</span> <span class='ocrx_word' id='word_1_855' title='bbox 2648 5516 2710 5568; x_wconf 86' lang='lat' dir='ltr'>in</span> <span class='ocrx_word' id='word_1_856' title='bbox 2777 5513 3129 5570; x_wconf 82' lang='lat' dir='ltr'>hodiernum</span> <span class='ocrx_word' id='word_1_857' title='bbox 3178 5514 3334 5569; x_wconf 82' lang='lat' dir='ltr'>diem</span> <span class='ocrx_word' id='word_1_858' title='bbox 3373 5530 3385 5566; x_wconf 91' lang='lat'>:</span> <span class='ocrx_word' id='word_1_859' title='bbox 3444 5518 3497 5569; x_wconf 90' lang='lat' dir='ltr'>et</span> <span class='ocrx_word' id='word_1_860' title='bbox 3547 5526 3687 5567; x_wconf 86' lang='lat' dir='ltr'>caro</span> 
     </span>
    </p>
   </div>
   <div class='ocr_carea' id='block_1_121' title="bbox 2078 5616 3689 5677">
    <p class='ocr_par' dir='ltr' id='par_1_121' title="bbox 2078 5616 3689 5677">
     <span class='ocr_line' id='line_1_121' title="bbox 2078 5616 3689 5677; baseline -0.004 0"><span class='ocrx_word' id='word_1_861' title='bbox 2078 5616 2127 5677; x_wconf 24' lang='lat'>‘13</span> <span class='ocrx_word' id='word_1_862' title='bbox 2151 5619 2350 5676; x_wconf 85' lang='lat' dir='ltr'>Verba</span> <span class='ocrx_word' id='word_1_863' title='bbox 2380 5624 2518 5676; x_wconf 88' lang='lat' dir='ltr'>sunt</span> <span class='ocrx_word' id='word_1_864' title='bbox 2545 5635 2618 5676; x_wconf 88' lang='lat' dir='ltr'>ex</span> <span class='ocrx_word' id='word_1_865' title='bbox 2643 5619 2855 5677; x_wconf 90' lang='lat' dir='ltr'>eadem</span> <span class='ocrx_word' id='word_1_866' title='bbox 2884 5618 2984 5676; x_wconf 88' lang='lat' dir='ltr'>illa</span> <span class='ocrx_word' id='word_1_867' title='bbox 3003 5618 3251 5677; x_wconf 86' lang='lat' dir='ltr'>historia</span> <span class='ocrx_word' id='word_1_868' title='bbox 3283 5616 3598 5676; x_wconf 86' lang='lat' dir='ltr'>Emetherii</span> <span class='ocrx_word' id='word_1_869' title='bbox 3627 5616 3689 5672; x_wconf 89' lang='lat' dir='ltr'>et</span> 
     </span>
    </p>
   </div>
   <div class='ocr_carea' id='block_1_122' title="bbox 2211 5690 2949 5763">
    <p class='ocr_par' dir='ltr' id='par_1_122' title="bbox 2211 5690 2949 5763">
     <span class='ocr_line' id='line_1_122' title="bbox 2211 5690 2949 5763; baseline -0.003 -16"><span class='ocrx_word' id='word_1_870' title='bbox 2211 5690 2334 5748; x_wconf 88' lang='lat' dir='ltr'>onii</span> <span class='ocrx_word' id='word_1_871' title='bbox 2355 5690 2701 5763; x_wconf 83' lang='lat' dir='ltr'>desumpta,</span> <span class='ocrx_word' id='word_1_872' title='bbox 2729 5694 2949 5749; x_wconf 66' lang='grc' dir='ltr'>Μοιλι..</span> 
     </span>
    </p>
   </div>
  </div>
