4140 6188
432 196 538 250 759

1607 191 1665 246 S.
1706 186 1987 247 EULOGII
2040 185 2370 244 ARCHIEP.
2421 187 2669 244 TOLET.

3742 191 3845 248 πει

433 321 564 388 ejus
585 319 741 375 vidit
775 316 1223 385 corruptionem
1265 315 1332 385 (A
1345 319 1426 370 ct.
1480 331 1544 385 ιι,
1575 315 1684 386 29).
1737 311 2178 370 ConsiderentA
2204 310 2472 381 seducat;
2496 313 2677 368 multi
2689 313 2843 368 enim
2870 312 3398 382 pseudoprophetis
3416 315 3648 370 venient
3674 315 3852 372 inno-

433 407 841 482 patriarcham
857 404 966 460 Job
986 404 1290 460 vermibus
1321 407 1646 460 scatentem
1671 405 1821 471 (Job.
1852 420 1909 465 n,
1938 409 1992 460 7.
2016 402 2092 480 8),

434 501 492 554 et
521 499 815 552 Lazarum
866 493 1280 563 evangelicum
1311 493 1657 550 ulcerosum
1683 509 1808 566 prae
1867 489 2096 548 foribus

433 582 748 660 purpurati
758 581 956 639 divitis
980 583 1423 640 mendicantem
1439 583 1728 654 (Lucam,
1741 582 2098 650 20,).Percur'

433 677 572 732 rant
602 677 956 730 caeterorum
985 675 1352 740 sanctorum,
1386 672 1655 728 adinstar
1679 671 1944 727 siderum
1983 687 2098 726 cm-

435 763 498 832 li,
522 763 896 819 diversarum
911 761 1300 818 victoriarum
1328 760 1615 830 fulgentia
1632 765 1821 830 gesta,
1840 764 1898 816 et
1912 757 2097 814 insul-

436 855 537 919 tet,
563 851 612 906 si
635 849 838 917 audet,
867 849 1190 920 sacrilegus
1207 866 1418 906 eorum
1444 849 1682 922 putrida
1694 847 2100 919 membra,do-

437 940 667 998 loribus
696 942 1151 1010 tormentorum,
1196 939 1510 1012 poenisque
1557 943 1936 1012 consumpta.
1985 935 2099 994 Sed

438 1030 566 1086 haec
595 1027 942 1101 temporalis
972 1027 1275 1101 corruptio
1304 1044 1624 1101 corporum
1649 1028 1710 1082 in
1739 1026 1905 1082 nullo
1927 1024 2102 1082 detri-

439 1122 713 1176 mentum
734 1117 912 1174 infert
941 1118 1266 1175 animabus
1300 1123 1688 1175 sanctorum:
1719 1133 1856 1190 quae
1901 1120 2102 1173 tamen

439 1207 759 1266 incolumis
789 1207 1070 1264 materies
1101 1207 1302 1264 carnis
1336 1207 1621 1280 prodesse
1652 1222 1775 1262 non
1804 1205 2021 1279 poterit
2041 1205 2103 1261 in

440 1299 641 1356 futuro
661 1296 902 1370 iniquis,
934 1301 1084 1354 Nam
1115 1313 1220 1352 cur
1243 1313 1400 1353 vana
1447 1296 1845 1368 sollicitudine
1879 1295 1954 1352 de
1979 1311 2106 1352 cor-

443 1402 663 1460 porum
694 1385 1029 1456 integritate
1078 1385 1580 1449 distenderentur,
1612 1385 1873 1458 quivere
1922 1400 2104 1440 nove-

443 1479 580 1533 rant
607 1490 852 1531 omnem
881 1474 1281 1547 temporalem
1311 1474 1566 1530 salutem
1597 1474 1778 1530 etiam
1803 1490 1941 1530 cum
1971 1473 2103 1546 ipso

444 1565 677 1622 mundo
705 1564 918 1637 perire,
937 1569 994 1620 et
1015 1563 1180 1620 illam
1191 1564 1566 1637 protoplasto
1583 1563 1723 1620 Adae
1750 1563 2103 1620 sententiam

2205 399 2362 454 mine
2389 406 2594 466 meo,et
2623 402 2900 456 seducent
2921 403 3139 457 multos
3163 401 3397 473 (Matth.
3424 419 3578 472 xxxv,
3596 405 3651 468 4,
3671 407 3728 470 5)
3753 421 3767 457 :
3799 408 3855 460 et

2204 503 2316 544 nos
2360 487 2676 546 formidine
2724 490 3034 546 amittendi
3097 490 3488 564 temporalem
3537 491 3853 562 honorem,

2204 593 2360 650 quos
2384 582 2682 651 martyres
2736 595 2858 638 non
2889 579 3163 650 colimus,
3194 581 3504 638 haereticos
3561 585 3856 654 protesta-

2205 667 2472 723 mur.Vae
2500 667 2613 724 illis
2641 668 2746 741 qui
2773 668 2890 726 ista
2917 673 3220 726 sectantur
3243 670 3367 726 εγω
3397 670 3479 726 eis
3499 671 3606 744 qui
3623 670 3856 729 bonum

2206 761 2484 829 putantes
2517 757 2768 828 malum,
2799 763 2857 814 et
2885 759 3082 815 lucem
3133 764 3540 816 convertentes
3591 760 3654 817 in
3700 765 3862 818 tene-

2205 845 2348 902 bras
2372 847 2512 918 (Isa.
2541 863 2597 917 v,
2632 849 2741 919 20),
2773 848 2938 920 quod
2965 849 3183 921 patulis
3221 848 3556 906 refutarunt
3577 850 3860 924 blasphe-

2207 935 2360 1004 miis,
2381 937 2626 994 occultis
2653 938 2833 995 etiam
2859 939 3128 996 convitiis
3157 940 3586 1013 insequuntur!
3611 945 3692 998 Ne
3709 942 3859 999 inter

2209 1030 2503 1098 martyres
2523 1026 2878 1101 habeantur,
2902 1045 2978 1086 ne
3006 1028 3206 1086 debita
3231 1029 3316 1086 eis
3343 1031 3675 1087 reverentia
3695 1031 3857 1087 exhi-

2207 1116 2440 1186 beatur,
2470 1117 2574 1189 qui
2595 1118 3029 1175 contumaciori
3073 1120 3283 1192 spiritu
3309 1124 3520 1176 contra
3547 1119 3860 1176 inimicum

2208 1207 2350 1263 ﬁdei
2379 1223 2480 1263 ore
2498 1207 2857 1281 blaspheme
2893 1210 3216 1280 venientes,
3242 1209 3428 1279 digna
3459 1209 3681 1266 ultione
3719 1227 3865 1266 con-

2212 1296 2438 1369 sumpti
2471 1301 2612 1354 sunt
2639 1298 2773 1369 (19).
2802 1302 2882 1354 Ac
2914 1313 2990 1354 ne
3043 1298 3238 1354 cmteri
3268 1298 3346 1354 ad
3370 1299 3720 1371 hujusmodi
3751 1315 3863 1373 pa-

2210 1385 2474 1443 laestram
2495 1385 3160 1451 discurrant,schedulis
3188 1388 3643 1445 anathematum
3661 1405 3769 1462 per
3782 1389 3871 1446 lo-

2212 1490 2283 1530 ca
2306 1474 2472 1531 varia
2497 1474 2775 1532 damnari
2795 1475 3102 1548 jubentur.
3122 1476 3179 1532 Si
3199 1493 3342 1548 ergo
3366 1476 3446 1532 ab
3474 1477 3546 1532 iis
3578 1478 3870 1534 Dominus

2211 1563 2503 1621 abstrahit
2529 1564 2870 1637 praemium,
2901 1581 2973 1622 eo
3025 1565 3193 1638 quod
3235 1570 3507 1638 apertum
3539 1571 3597 1622 et
3626 1571 3873 1639 sponta-

445 1653 655 1710 mortis
679 1651 960 1709 collatam
982 1652 1332 1722 generaliter
1349 1653 1574 1709 cunctis
1594 1652 1946 1709 mortalibus
1966 1668 2104 1708 con-
2135 1678 2175 1732 Β
2211 1669 2395 1710 neum
2413 1653 2699 1709 adversus
2723 1654 2960 1710 hostem
2982 1653 3283 1725 religionis
3309 1655 3603 1725 gesserint
3618 1654 3867 1723 bellum,

449 1757 660 1813 gruere
685 1760 698 1796 :
723 1742 940 1798 Pulvis
971 1757 1051 1811 es,
1083 1747 1137 1798 et
1167 1743 1230 1796 in
1249 1743 1558 1811 pulverem
1590 1743 1902 1798 reverteris
1931 1741 2100 1811 (Gen.

451 1847 531 1902 iu,
560 1829 682 1902 10)?
707 1829 906 1887 Sancti
935 1831 1176 1899 etenim,
1209 1830 1312 1903 qui
1342 1835 1613 1902 expertes
1641 1830 1772 1900 ejus
1802 1829 1951 1900 legis
1982 1845 2105 1886 non

451 1924 608 1984 sunt,
637 1920 803 1992 quod
824 1919 886 1976 in
917 1924 1074 1976 terra
1099 1936 1230 1984 sua,
1251 1919 1314 1976 id
1338 1924 1431 1976 est
1467 1920 1834 1977 Hierusalem
1859 1919 2105 1988 caelesti,

449 2010 716 2084 duplicia
735 2010 992 2079 (nacturi
1038 2015 1177 2068 sunt
1221 2011 1503 2084 praemia;
1563 2027 1686 2067 non
1742 2026 2109 2083 magnopere

451 2098 830 2172 corporalem
859 2103 1121 2172 pensant
1139 2100 1466 2171 jacturam,
1494 2115 1684 2173 quam
1734 2100 2022 2157 veraciter
2048 2099 2111 2156 in

451 2187 555 2244 illa
569 2187 834 2258 generali
860 2188 1178 2244 hominum
1193 2189 1622 2246 resurrectione
1642 2190 1718 2246 de
1738 2189 2110 2262 quibuscun-

453 2293 572 2352 que
591 2276 1177 2350 Iabefactationibus,
1207 2278 1375 2347 locis,
1431 2279 1636 2348 antris,
1686 2284 1743 2336 et
1785 2279 2110 2352 speluncis,

457 2383 564 2423 seu
594 2382 666 2422 ex
697 2365 955 2423 aliorum
985 2366 1418 2424 elementorum
1441 2367 1817 2425 abditissimo
1830 2369 2113 2441 sinu,quo

454 2455 691 2529 dilapsa
757 2455 1054 2513 cadevera
1107 2456 1409 2529 perierint,
1451 2456 1513 2513 in
1567 2457 1850 2530 temporis
1889 2461 2114 2529 puncto

454 2543 787 2615 reddenda,
821 2548 878 2600 et
903 2545 1328 2615 reintegranda
1349 2562 1423 2601 ex
1437 2545 1615 2615 legali
1637 2545 1986 2602 auctoritate
2015 2561 2110 2601 co-

457 2636 759 2704 gnoscunt
787 2637 845 2690 et
863 2633 1145 2690 credunt:
1180 2638 1244 2691 ut
1271 2635 1389 2707 ipsi
1417 2634 1665 2708 quidem
1709 2634 1901 2690 sancti
1922 2634 2116 2707 dupli-

456 2723 511 2780 ci
538 2722 789 2796 praemio
834 2723 1306 2794 congaudentes,
1336 2723 1481 2782 bina
1531 2723 1882 2780 confusione
1912 2729 2113 2781 conte-

454 2816 593 2870 rant
617 2812 838 2886 impios
864 2829 935 2870 ac
963 2817 1329 2886 peccatores.

528 2902 620 2959 27.
651 2901 820 2959 Unde
841 2902 1093 2960 obsecro
1121 2920 1253 2974 vos,
1285 2919 1322 2961 ο
1343 2903 1534 2961 sancti
1559 2903 1770 2960 fratres
1819 2905 2024 2973 nostri,
2058 2908 2117 2962 et

459 3006 696 3048 sorores
724 2992 787 3048 in
811 2991 1046 3049 Christo
1069 2992 1283 3062 beatae,
1314 3008 1391 3049 ne
1421 2992 1739 3050 stultorum
1770 2993 2113 3051 assertioni-

459 3081 577 3138 bus
606 3080 1026 3146 exturbemini,
1057 3087 1160 3139 aut
1185 3083 1542 3156 conjecturis
1572 3082 1798 3140 creduli
1847 3084 2114 3141 nescien-

460 3173 614 3229 tium
643 3171 848 3245 aliquo
902 3172 1099 3229 saltim
1150 3163 1434 3247 scrupulo
1482 3173 1671 3248 (quod
1695 3173 1878 3247 absit)
1907 3180 2117 3232 contra

461 3261 563 3318 Dei
592 3259 809 3317 milites
829 3262 1217 3319 moveamini.
1244 3261 1313 3317 Hi
1345 3268 1487 3320 sunt
1516 3263 1676 3320 enim
1703 3263 1808 3336 qui
1837 3263 1952 3336 pite
1990 3263 2119 3320 reli-

462 3349 656 3421 gionis
689 3349 904 3407 ardore
929 3367 1054 3407 non
1099 3357 1611 3424 compunguntur,
1642 3356 1699 3408 et
1746 3352 1968 3409 idcirco
1995 3367 2120 3408 non

462 3437 660 3494 solum
688 3438 921 3495 veritati
945 3438 1146 3496 favere
1171 3455 1296 3495 non
1326 3445 1603 3511 possunt,
1635 3441 2028 3498 verumetiam
2052 3440 2120 3496 ﬁ-

462 3527 604 3583 dem
632 3530 925 3597 sanctam,
952 3541 1140 3598 quam
1167 3527 1373 3583 leviter
1399 3533 1457 3584 et
1471 3544 1596 3584 non
1621 3527 1740 3584 alto
1758 3527 2122 3584 credulitatis

463 3613 860 3672 fundamento
903 3613 1188 3670 cordibus
1242 3620 1476 3686 gerunt,
1527 3615 1847 3674 defendere
1896 3632 2121 3689 neque-

465 3708 594 3775 unt,
616 3703 812 3774 magis
840 3702 1199 3772 derogantes
1229 3703 1278 3758 si
1307 3709 1553 3777 propter
1583 3704 1749 3761 illam
1778 3706 1914 3778 quis
1944 3704 2124 3761 ultro-

462 3807 616 3849 neus
647 3791 958 3858 moriatur,
987 3807 1176 3864 quam
1201 3791 1472 3850 dolentes
1514 3794 1559 3850 si
1593 3793 1672 3850 ab
1695 3809 1767 3850 ea
1801 3793 2003 3867 plures
2034 3809 2122 3851 re-

467 3881 740 3938 cedendo
792 3879 1081 3952 laqueum
1133 3882 1646 3955 praevaricationis
1681 3884 2007 3942 incurrant.
2058 3887 2124 3942 Et

466 3971 608 4028 hinc
631 3969 713 4026 ad
739 3969 1123 4040 sacrilegium
1151 3971 1476 4045 impietatis
1498 3973 1669 4031 facile
1701 3973 2121 4047 prolabuntur,

467 4059 617 4114 dum
645 4058 812 4130 quod
840 4073 877 4115 a
899 4061 1039 4128 Deo,
1063 4060 1458 4132 justiticatum
1485 4068 1592 4134 est,
1638 4063 1733 4120 isti
1761 4064 2125 4121 condemna-

465 4162 531 4204 re
559 4161 684 4203 non
712 4153 1048 4205 vereantur.
1080 4149 1250 4206 Plebs
1271 4149 1396 4207 sine
1425 4151 1766 4225 disciplina,
1795 4152 1870 4210 de
1899 4153 2123 4226 quibus

469 4235 760 4308 scriptum
784 4241 874 4294 est
896 4254 910 4293 :
934 4240 1014 4294 Et
1034 4239 1214 4309 impie
1241 4247 1420 4311 agent
1451 4243 1643 4313 impii,
1673 4257 1864 4314 neque
1902 4243 2124 4298 intelli-

468 4329 611 4396 gent
640 4340 838 4382 omnes
867 4327 1038 4397 impii
1053 4328 1235 4399 (Dan.
1258 4330 1481 4402 xn,l0):
1506 4329 1634 4402 qui,
1664 4335 1730 4386 ut
1759 4330 1848 4386 sal
1870 4329 2124 4387 infatua-

468 4394 586 4482 tus,
619 4431 656 4472 a
676 4420 836 4472 coetu
863 4394 1298 4475 catholicorum
1326 4394 1469 4475 foris
1512 4394 1885 4492 projiciendi,
1943 4423 2001 4476 et
2042 4420 2122 4477 ab
2153 4394 2198 4450 D

469 4503 757 4562 omnibus
782 4505 1199 4580 conculcandi,
1223 4524 1295 4564 ac
1323 4508 1486 4564 velut
1537 4524 1751 4566 nemus
1801 4509 2126 4566 infructuo-

470 4610 607 4650 sum
633 4596 823 4652 securi
853 4596 1196 4668 evangelica
1239 4597 1701 4672 prtescindendi,
1751 4598 1876 4672 igni
1916 4615 2126 4675 perpe-

469 4688 572 4741 tuo
593 4685 927 4758 deputandi
955 4691 1112 4744 sunt.

540 4777 632 4830 28.
654 4774 1039 4833 Pensandum
1068 4779 1175 4847 est,
1195 4776 1424 4849 fratres,
1456 4779 1551 4836 cui
1579 4779 1899 4855 dispendio
1921 4782 2126 4856 subja-

471 4861 766 4934 cebit,qui
795 4867 971 4920 tantae
990 4864 1251 4923 victoriae
1281 4866 1523 4926 laudem
1549 4869 1843 4929 infamare
1872 4889 1996 4930 non
2008 4888 2130 4929 me-

470 4948 600 5016 tuit,
645 4950 751 5021 qui
781 4955 866 5007 tot
917 4953 1185 5011 virorum
1241 4957 1535 5032 triumplis
1566 4960 1782 5018 obvius
1830 4963 2008 5020 venit.
2045 4962 2130 5020 illi

471 5035 719 5110 quidem
751 5039 1192 5111 praedicationis
1205 5048 1550 5117 apostolicae
1572 5067 1696 5108 non
1718 5051 2127 5122 immemores,

469 5139 597 5181 non
626 5126 996 5184 erubuerunt
1030 5131 1437 5194 testimonium
1495 5140 1730 5197 Domini
1775 5141 1963 5196 nostri
1991 5143 2129 5197 Jesu

474 5215 707 5282 Christi,
733 5221 792 5274 et
837 5217 1148 5278 veritatem
1178 5226 1366 5283 sancti
1391 5229 1697 5300 Evangelii
1722 5230 1799 5286 ad
1825 5229 2128 5286 confusio-

469 5319 611 5360 nem
627 5305 797 5378 impii
813 5306 1074 5366 doctoris
1089 5315 1146 5368 et
1156 5313 1450 5374 cultorum
1472 5319 1601 5390 ejus
1617 5317 1819 5392 palam
1840 5317 2126 5390 proferre.

471 5395 661 5459 Quem
694 5412 904 5462 unum,
926 5403 983 5456 et
1005 5416 1303 5473 magnum
1324 5422 1398 5463 ex
1434 5405 2000 5479 pseudoprophetis,
2025 5422 2130 5462 ore

471 5483 782 5543 Dominico
812 5487 954 5546 olim
985 5506 1094 5563 per
1113 5495 1496 5565 Evangelium
1529 5496 1998 5564 denotatis,esse
2025 5512 2126 5552 co-

470 5581 825 5646 gnoverant,
855 5578 1005 5636 dum
1026 5587 1203 5640 cauta
1245 5584 1778 5659 circumspectione
1820 5585 2127 5660 apostolos

469 5663 726 5726 intentos
750 5665 875 5724 fore
916 5669 1173 5751 juberet,
1196 5671 1438 5731 dicens:
1481 5677 1680 5735 Videte
1718 5693 1791 5740 ne
1842 5678 1972 5762 quis
2012 5692 2113 5733 vos

2213 1746 2442 1815 quanto
2472 1741 2712 1812 longius
2742 1743 2998 1800 aberunt
3018 1743 3097 1800 ab
3125 1744 3330 1800 aeterni
3359 1744 3537 1813 Regis
3567 1745 3872 1801 consortio

2214 1832 2319 1905 qui
2347 1831 2408 1887 in
2433 1832 2680 1889 occultis
2703 1833 3284 1890 murmurationibus
3313 1833 3524 1889 timore
3553 1834 3753 1890 carnis
3771 1833 3873 1890 de-

2215 1922 2406 1995 pressi
2433 1921 2701 1994 quotidie
2745 1924 2980 1993 agunt?
3021 1922 3306 1996 Nunquid
3351 1923 3439 1978 ori
3489 1927 3697 1980 nostro
3744 1924 3873 1980 haec

2216 2010 2562 2084 praedicatio
2592 2011 2758 2068 deest
2778 2011 2806 2067 ‘I
2825 2011 3106 2084 Nunquid
3131 2027 3322 2068 vacua
3335 2015 3424 2068 est
3438 2011 3874 2069 catholicorum

2219 2097 2518 2171 professio
2544 2099 2645 2156 tali
2672 2099 2975 2173 praeconio
2991 2101 3019 2156 ?

2290 2190 2380 2243 29.
2417 2187 2827 2245 Resistendum
2862 2193 2954 2246 est
3003 2189 3182 2260 igitur
3219 2189 3469 2245 omnino
3489 2189 3735 2260 justitim
3762 2189 3874 2246 ad-

2219 2275 2518 2344 versariis,
2570 2281 2627 2332 et
2663 2276 3006 2334 nullatenus
3050 2293 3162 2350 pro
3214 2277 3562 2334 defensione
3614 2277 3877 2334 veritatis

2222 2364 2551 2438 corporalis
2598 2365 2871 2422 interitus
2919 2365 3308 2423 differendus.
3357 2366 3553 2423 Merito
3604 2381 3874 2438 namque

2221 2454 2336 2510 hoc
2360 2454 2439 2510 ab
2469 2453 2584 2510 illis
2610 2455 2986 2523 exercitatur,
3019 2455 3126 2528 qui
3175 2460 3354 2512 aucta
3384 2455 3589 2511 virtute
3616 2469 3874 2522 magna-

2220 2542 2508 2599 nimitatis
2558 2543 2840 2600 divinitus
2885 2544 3159 2601 illustrati
3203 2548 3364 2611 sunt,
3417 2543 3864 2616 uberioremque

2222 2638 2482 2706 pensant
2509 2633 2849 2690 certaminis
2881 2633 3162 2700 fructum,
3191 2649 3380 2706 quam
3403 2648 3618 2689 secura:
3637 2631 3876 2688 contes-

2223 2719 2408 2777 sionis
2438 2721 2802 2794 profectum:
2834 2737 2956 2779 non
2987 2722 3223 2778 interim
3271 2721 3508 2795 penitus
3555 2717 3881 2776 imbecillia

2222 2815 2670 2868 contemnentes
2718 2811 2991 2868 Ecclesiae
3021 2811 3336 2879 membra;
3390 2811 3536 2884 quia
3582 2809 3878 2882 scriptum

2221 2905 2334 2958 est:
2367 2901 2628 2971 Spiritus
2646 2902 2881 2972 quidem
2906 2907 3243 2972 promptus,
3275 2915 3416 2958 caro
3462 2905 3664 2957 autem
3704 2900 3880 2968 inﬁr-

2221 3007 2321 3048 ma
2342 2991 2588 3062 (Matth.
2615 3007 2776 3058 xxvn,
2799 2992 2891 3060 41)
2919 2991 3051 3063 (20).
3072 2993 3186 3047 Nec
3209 2989 3495 3047 violenter
3517 2987 3598 3046 ad
3625 2989 3743 3045 hoc
3763 2992 3882 3044 sta-

2222 3081 2391 3138 dium
2421 3079 2803 3154 pertrahendi
2833 3085 2990 3145 sunt,
3011 3080 3116 3154 qui
3141 3079 3370 3137 caelitus
3399 3094 3524 3135 non
3553 3093 3882 3151 compunc-

2224 3171 2264 3227 ti
2295 3173 2466 3226 sunt:
2501 3169 2790 3242 scriptum
2819 3173 2908 3225 est
2935 3169 3132 3226 enim:
3167 3169 3281 3236 Qui
3302 3174 3495 3238 potest
3532 3181 3748 3238 capere
3783 3182 3882 3223 ca-

2221 3261 2353 3331 piat
2386 3259 2624 3332 (Matth.
2648 3275 2756 3326 xix,
2791 3261 2898 3326 t2).
2920 3261 2987 3314 Et
3010 3259 3258 3314 iterum:
3285 3258 3690 3329 Etigentur,et
3716 3255 3883 3312 deat-

2229 3349 2553 3420 babuntur,
2583 3355 2639 3406 et
2664 3363 2834 3420 quasi
2868 3349 3006 3419 igne
3030 3346 3452 3417 probabuntur
3486 3347 3669 3402 multi
3696 3346 3879 3411 (Dan.

2226 3453 2326 3501 xu,
2361 3438 2484 3510 10):
2544 3453 2668 3494 non
2709 3452 2942 3494 omnes.
2991 3435 3399 3504 Quamobrem
3449 3435 3736 3492 terminis.
3775 3434 3887 3489 do~

2226 3541 2467 3590 norum,
2511 3543 2648 3600 quae
2699 3528 2818 3583 Deo
2866 3526 3253 3600 dispensante
3301 3524 3719 3598 unusquisque
3769 3521 3887 3578 sibi

2227 3614 2422 3671 inesse
2441 3615 2772 3686 cognoscit,
2802 3619 3116 3672 contentus
3145 3614 3240 3687 sit,
3269 3629 3381 3671 nec
3417 3629 3603 3686 supra
3632 3626 3886 3668 mensu-

2228 3719 2361 3759 ram
2405 3703 2602 3761 collati
2629 3704 2897 3760 muneris
2947 3703 3276 3777 quisquam
3328 3707 3546 3760 temere
3595 3706 3885 3758 conatum

2229 3792 2527 3849 extendat.
2561 3793 2704 3850 Hinc
2725 3794 3022 3864 congruit,
3048 3797 3115 3849 ut
3142 3792 3248 3866 qui
3279 3807 3342 3848 se
3363 3793 3713 3848 destitutum
3739 3789 3884 3845 viri-

2228 3881 2346 3938 bus
2375 3883 2453 3939 ad
2480 3883 2883 3956 praeliandum
2919 3897 3044 3939 non
3072 3882 3328 3953 ignorat,
3374 3886 3431 3939 et
3458 3880 3660 3937 minus
3702 3893 3887 3953 posse

2228 3972 2475 4046 proprio
2502 3973 2728 4044 judicio
2754 3971 3169 4039 considerans,
3202 3971 3394 4027 aciem
3433 3969 3590 4026 hosti
3627 3983 3745 4024 non
3777 3983 3889 4039 pa-

2231 4068 2340 4127 ret,
2393 4079 2426 4119 e
2455 4063 2698 4133 regione
2728 4067 2939 4135 sponte
2961 4060 3442 4134 preeparantibus
3480 4074 3599 4116 non
3621 4056 3880 4127 resistat,

2233 4155 2300 4209 Ut
2329 4168 2512 4224 quem
2541 4168 2663 4208 non
2692 4151 2919 4207 habent
2946 4149 3886 4222 certaminaexpeditum,pavor-

2231 4257 2350 4314 que
2375 4240 2641 4296 bellandi
2662 4239 2840 4296 efﬁcit
2867 4239 3168 4309 timidum,
3192 4239 3354 4294 hunc
3380 4239 3542 4309 justa
3569 4251 3693 4292 non
3723 4235 3890 4291 inve-

2233 4329 2358 4386 niat
2386 4329 2766 4386 detractionis
2792 4328 2937 4385 ultio
2952 4328 3352 4402 puniendum.
3377 4326 3673 4394 Quoniam
3700 4324 3892 4397 scrip-

2234 4423 2361 4476 tum
2386 4424 2475 4476 est
2500 4437 2513 4475 :
2548 4419 2732 4475 Omne
2758 4419 3001 4476 verbum
3032 4420 3280 4475 otiosum
3334 4417 3494 4490 quod
3542 4415 3730 4472 locuti
3752 4415 3894 4483 fue-

2233 4515 2357 4565 rint
2377 4509 2660 4566 homines.
2695 4507 2945 4565 reddent
2965 4507 3038 4565 de
3062 4522 3126 4564 eo
3149 4508 3440 4563 rationem
3471 4508 3538 4561 in
3556 4505 3651 4560 die
3664 4503 3900 4574 judicii

2235 4599 2474 4671 (Matth.
2505 4615 2605 4667 xu,
2637 4599 2748 4670 36),
2779 4597 2950 4665 Quod
2990 4597 3039 4653 si
3095 4596 3293 4654 omnis
3344 4595 3708 4667 vaniloquus
3739 4605 3893 4646 con-

2234 4687 2620 4745 demnandus
2649 4687 2847 4744 veniet
2883 4688 2945 4742 in
2968 4684 3288 4758 judicium,
3309 4700 3434 4757 qua
3463 4679 3752 4739 sententia
3769 4693 3894 4752 pu-

2233 4777 2429 4836 nietur
2456 4778 2780 4836 infamator
2808 4776 3199 4834 sanctorum?
3255 4773 3366 4840 Qui
3422 4772 3584 4829 enim
3624 4769 3716 4826 sui
3762 4783 3896 4826 non

2234 4868 2548 4942 imperitus
2606 4866 2862 4939 grandia
2917 4880 3042 4922 non
3081 4862 3446 4936 exsequitur,
3478 4857 3897 4932 gradientibus

2235 4957 2313 5014 ad
2336 4957 2589 5014 celsiora
2628 4971 2753 5012 non
2810 4953 3188 5011 adversetur:
3233 4953 3577 5023 haereatque
3628 4948 3790 5015 imis,
3839 4951 3903 5002 et

2236 5045 2367 5102 solo
2397 5043 2785 5117 proclivibus,
2807 5042 2913 5114 qui
2933 5040 3142 5114 nequit
3170 5039 3446 5097 meditari
3491 5037 3796 5094 sublimia.
3830 5037 3904 5092 Ut

2236 5139 2324 5193 est
2349 5134 2495 5190 illud
2515 5132 2680 5206 apud
2708 5130 3128 5188 Salomonem:
3161 5131 3397 5186 Attiora
3425 5136 3480 5186 te
3507 5144 3628 5185 non
3653 5125 3902 5184 investi-

2237 5223 2495 5298 gaveris,
2528 5227 2582 5278 et
2605 5220 3019 5291 profundiora
3066 5234 3141 5276 ne
3168 5219 3518 5291 exquisieris
3547 5217 3762 5288 (Eccti.
3818 5230 3899 5270 in.

2238 5319 2356 5382 22).
2407 5316 2473 5370 Et
2537 5315 2974 5384 consequenter
3031 5310 3142 5382 (2t)
3204 5309 3348 5366 Cato
3402 5306 3579 5364 inlert
3631 5305 3904 5379 philoso-

2239 5405 2434 5479 phus:

2311 5503 2472 5565 Quod
2497 5506 2685 5572 potes,
2711 5501 2767 5553 id
2792 5505 2951 5554 tenta
2979 5500 3171 5566 operis
3199 5515 3214 5564 ;
3236 5515 3305 5551 ne
3326 5497 3593 5572 pondere
3611 5510 3855 5567 pressus

2314 5568 2653 5629 Succuinbat
2666 5568 2860 5635 labor,
2893 5579 2952 5627 et
2981 5575 3203 5627 frustra
3231 5575 3452 5624 tentata
3493 5568 3792 5638 relinqua-

2315 5671 2574 5729 30.Certe
2597 5672 2644 5728 si
2659 5669 2964 5744 quosdam
2982 5668 3188 5748 palam
3201 5683 3341 5747 qum
3359 5671 3571 5725 sancta
3594 5669 3736 5723 sunt
3762 5677 3906 5737 pro-
