4110 6190
263 159 363 211 'm

1331 159 1752 216 MEMORIALIS
1802 158 2238 216 SANCTORUM.
2279 188 2348 200 —
2388 159 2517 214 LIB.
2561 163 2602 214 l.

3587 168 3696 224 τοι

262 278 492 334 ﬁtentes
523 277 794 334 infernus
820 276 1000 341 tenet,
1025 278 1213 336 multo
1233 282 1430 351 magis
1447 283 1550 355 qui
1571 283 1632 339 in
1661 283 1917 339 abscon-
1953 295 1997 346 Α
2040 281 2124 337 ire
2156 282 2458 351 coegerit?
2486 285 2788 348 Quantum
2826 298 2980 349 reor,
3030 284 3230 339 nullus
3280 288 3686 367 responderet.

261 366 385 422 dito
405 367 719 422 veritatem
743 367 1074 440 praedicant
1089 368 1348 426 claustra
1372 372 1683 444 possident
1708 373 1923 428 infero-

256 471 417 512 rum.
437 455 594 522 Quia
625 456 674 512 si
703 457 895 513 oberit
918 456 1326 530 palaestricum
1353 459 1656 518 luctamen
1679 461 1924 533 justitite

261 545 687 614 assertoribus,
715 545 979 619 profecto
1028 546 1176 603 nihil
1218 549 1488 621 proderit
1512 551 1669 608 clam
1709 551 1924 608 verita-

263 639 392 692 tem
425 635 770 692 fatentibus.
806 639 871 692 Et
897 652 1030 709 quae
1076 653 1248 693 mens
1277 639 1555 710 religiosa
1585 641 1740 698 hanc
1765 643 1925 698 insa-

269 724 440 782 niam
467 725 683 791 credat,
716 729 782 782 ut
819 741 891 781 ex
932 741 1004 781 eo
1033 726 1094 782 in
1125 727 1519 800 opprobrium
1550 731 1752 786 veniat
1778 730 1928 786 veri-

273 817 389 876 tas,
417 814 745 888 reprobans
787 813 1038 881 malum,
1071 832 1144 871 ex
1173 832 1298 888 quo
1338 833 1462 874 non
1490 818 1777 876 violenter
1804 824 1924 876 tra-

272 902 478 960 himur
505 903 581 959 ad
606 901 957 973 gentilitium
984 904 1214 960 malum
1235 906 1263 962 ?
1292 908 1360 962 Et
1380 906 1520 963 inde
1536 908 1670 980 ipsa
1695 909 1925 980 justitia

270 991 614 1065 martyriale
656 1008 779 1048 non
812 992 1037 1050 habeat
1077 995 1414 1068 praemium,
1447 1013 1580 1070 quae
1624 998 1686 1054 in
1715 1004 1922 1056 aucto-

264 1095 397 1136 rem
417 1080 649 1136 sceleris
663 1080 938 1152 patulum
963 1081 1136 1140 infert
1157 1084 1526 1142 convicium?
1543 1086 1708 1143 Unde
1732 1087 1920 1144 liben-

262 1172 354 1224 ter
388 1184 425 1224 a
453 1167 781 1225 cultoribus
807 1170 1083 1241 ejusdem
1135 1173 1288 1230 vatis
1328 1173 1481 1230 inter
1511 1176 1678 1246 regni
1709 1191 1920 1234 eorum

261 1255 576 1329 privilegia
627 1255 770 1314 ﬁdei
811 1259 1156 1316 Christianae
1189 1261 1441 1318 sinimur
1477 1268 1708 1333 gestare
1739 1265 1920 1322 vexil-

257 1343 410 1402 lum.
437 1345 620 1412 Quasi
640 1361 852 1403 eorum
881 1348 1177 1421 patientiae
1200 1350 1274 1406 sit
1295 1349 1734 1425 deputandum,
1752 1353 1920 1427 quod

257 1431 414 1490 inter
435 1433 604 1506 ipsos
633 1435 760 1490 sine
791 1435 1062 1494 molestia
1081 1437 1221 1496 ﬁdei
1249 1438 1548 1509 degimus,
1580 1445 1638 1498 et
1664 1458 1788 1498 non
1813 1458 1920 1516 po-

255 1521 380 1579 tius
405 1522 621 1579 divinae
649 1523 1084 1598 dispensationi
1111 1527 1249 1584 sitre
1284 1527 1619 1599 ferendum,
1651 1547 1787 1605 quin
1816 1547 1922 1605 pa-

256 1610 570 1680 triarchas,
598 1614 940 1687 prophetas,
973 1620 1030 1672 et
1079 1621 1394 1690 apostolos
1423 1635 1570 1676 suos
1617 1619 1771 1676 inter
1791 1621 1922 1677 feri-
1951 1648 1990 1702 Β

258 1705 411 1760 tates
426 1702 696 1772 gentium
717 1706 1113 1775 conservavit,
1133 1707 1468 1764 honoribus
1489 1709 1715 1779 extulit,
1729 1710 1922 1781 digni-

257 1791 482 1848 tatibus
509 1791 878 1852 sublimavit.
913 1795 1024 1862 Qui
1069 1797 1247 1854 etiam
1297 1797 1400 1870 pia
1447 1799 1920 1871 promissionum

259 1897 369 1955 spe
397 1881 727 1956 discipulos
753 1885 1096 1954 consolans,
1129 1886 1210 1943 ait
1241 1904 1256 1942 :
1289 1887 1444 1944 Ecce
1471 1903 1576 1960 ego
1620 1890 1918 1946 vobiscum

255 1987 390 2030 sum
432 1972 708 2028 omnibus
755 1973 958 2030 diebus
996 1990 1182 2046 usque
1227 1977 1310 2032 ad
1353 1981 1916 2036 consummationem

253 2061 469 2116 saeculi
515 2061 755 2130 (Matth.
785 2078 974 2131 xxvm,
997 2062 1111 2132 20).
1141 2066 1520 2136 Quapropter
1565 2082 1688 2122 non
1735 2067 1920 2138 hujus

254 2149 464 2220 impia:
514 2148 708 2217 gentis
748 2149 1060 2216 beneﬁcio,
1111 2151 1173 2206 in
1221 2152 1396 2222 cujus
1444 2152 1665 2210 ditione
1713 2161 1919 2212 nostro

261 2235 663 2308 compellente
688 2237 950 2294 facinore
967 2243 1266 2312 sceptrum
1294 2240 1596 2314 Hispania:
1617 2248 1754 2315 post
1772 2245 1922 2300 exci-

261 2323 435 2379 dium
467 2327 526 2380 et
554 2324 923 2382 evulsionem
971 2327 1139 2398 regni
1186 2329 1513 2386 Gothorum
1567 2332 1918 2388 translatum

256 2415 350 2468 est
381 2411 567 2484 (quod
595 2411 936 2470 felicissimo
964 2415 1105 2472 ﬁdei
1125 2416 1473 2474 Christianae
1492 2420 1725 2492 pridem
1755 2421 1918 2478 cultu

249 2499 544 2574 pollebat,
577 2503 1010 2561 venerabilium
1045 2505 1424 2563 sacerdotum
1441 2508 1728 2580 dignitate
1749 2509 1918 2567 ﬂore-

247 2589 381 2662 bat,
398 2596 456 2648 et
483 2591 824 2649 admirabili
849 2594 1233 2652 basilicarum
1263 2599 1700 2656 constructione
1727 2600 1916 2673 fulge-

245 2678 418 2752 bat);
450 2680 558 2737 sed
587 2683 781 2752 gratia
825 2684 1236 2757 Redemptoris
1264 2686 1378 2756 sui,
1405 2693 1462 2744 et
1485 2688 1616 2759 ejus
1668 2689 1915 2746 assiduo

247 2768 560 2836 comitatu,
612 2771 870 2828 Ecclesia
913 2773 1200 2830 custodiri
1239 2780 1521 2844 meretur,
1565 2777 1668 2850 qui
1716 2777 1910 2835 dixit:

243 2857 420 2912 Sicut
450 2858 585 2914 lilia
610 2859 772 2916 inter
797 2861 1023 2931 spinas,
1053 2862 1138 2918 sic
1167 2865 1363 2919 amica
1391 2879 1524 2921 mea
1569 2867 1727 2922 inter
1751 2866 1914 2935 ﬁlias

247 2943 453 3014 (Cant.
483 2961 542 3015 ιι,
570 2947 647 3012 2).
686 2949 753 3002 Et
781 2946 996 3004 iterum
1025 2965 1039 3005 :
1071 2951 1143 3005 In
1183 2951 1376 3007 medio
1405 2953 1668 3008 nationis
1698 2968 1914 3022 prava

246 3038 310 3090 et
334 3048 631 3104 perversae
661 3053 676 3091 :
705 3037 866 3094 inter
911 3053 1056 3109 quos
1108 3039 1342 3112 lucetis,
1373 3041 1529 3097 sicut
1580 3042 1913 3100 luminaria

245 3123 314 3179 in
339 3123 564 3180 mundo
594 3125 887 3196 (Philipp.
915 3143 978 3198 ιι,
1005 3132 1113 3196 l5).

322 3212 414 3268 3l.
456 3213 571 3270 Sed
599 3215 875 3272 noverint
901 3216 1042 3290 ipsi,
1071 3218 1177 3291 qui
1205 3218 1336 3275 haec
1380 3218 1684 3276 obstinata
1712 3226 1911 3279 mente

247 3300 326 3358 de
376 3302 747 3376 martyribus
791 3304 891 3361 Dei
950 3308 1230 3376 sentiunt,
1257 3307 1636 3381 impurisque
1692 3309 1911 3381 linguis

247 3390 506 3461 gloriam
551 3397 897 3450 sanctorum
927 3395 1204 3452 mutitare
1261 3411 1386 3452 non
1413 3402 1711 3468 verentur,
1743 3400 1911 3472 quod

249 3495 390 3536 cum
420 3480 650 3538 eisdem
680 3483 901 3539 sanctis
925 3499 1143 3542 causas
1164 3485 1225 3541 in
1245 3485 1446 3543 futuro
1474 3489 1749 3544 examine
1771 3494 1911 3546 sunt

247 3569 459 3639 acturi,
489 3574 565 3638 et,
617 3571 733 3627 nisi
790 3571 1096 3630 fructuosa
1142 3577 1511 3646 praecesserit
1562 3578 1906 3646 satisfactio,

247 3657 546 3714 rationem
574 3665 710 3716 ante
731 3661 994 3718 tribunal
1019 3663 1255 3719 Domini
1273 3665 1581 3722 reddituri.
1607 3669 1755 3723 Nam
1785 3683 1910 3740 qua

253 3745 449 3801 fronte
491 3746 874 3806 clariticatum
927 3751 1116 3820 gloria
1146 3753 1448 3826 passionis
1499 3759 1642 3812 tunc
1672 3757 1907 3814 vultum

255 3849 466 3890 eorum
515 3835 755 3909 aspiciet
795 3840 859 3896 in
912 3840 1306 3898 contubernio
1357 3844 1529 3914 Regis
1575 3846 1906 3903 aeterniob

248 3924 530 3981 meritum
560 3928 903 3984 constantiae
945 3929 1435 3999 glomeratorum,
1465 3950 1620 4006 quos
1650 3934 1744 3990 hic
1775 3939 1905 3990 tan-

243 4011 317 4068 tis
358 4013 613 4084 impetiit
661 4015 1076 4090 blasphemiis,
1119 4021 1298 4076 tantis
1346 4019 1630 4078 laceravit
1681 4038 1903 4095 oppro-

238 4099 408 4170 briis,
441 4102 746 4175 tantisque
785 4107 980 4163 affecit
1019 4107 1297 4178 injuriis?
1330 4111 1494 4166 Tunc
1537 4110 1743 4182 utique
1771 4127 1904 4168 cum

227 4192 388 4260 gusti
419 4191 485 4246 in
511 4207 736 4262 magna
762 4197 1102 4253 constantia
1130 4197 1446 4254 aduersum
1470 4213 1564 4254 eos
1589 4199 1900 4269 astiterint,

232 4279 344 4352 qui
369 4295 432 4336 se
461 4283 984 4352 angustiaverunt,
1017 4289 1074 4342 et
1100 4285 1351 4355 gloriam
1383 4288 1650 4360 martyrii
1689 4304 1900 4346 eorum

2034 371 2200 444 quod
2226 371 2440 428 intuitu
2485 372 2778 428 moriendi
2808 372 3041 428 obitum
3081 375 3433 446 expetierint
3478 379 3686 446 sancti,

2036 459 2144 514 sed
2187 464 2250 516 ut
2290 476 2397 533 per
2427 460 2821 533 temporalem
2873 460 3175 518 interitum
3200 461 3370 531 ignes
3402 464 3691 526 evitarent

2033 549 2303 620 perpetui
2330 548 2492 604 lethi.
2527 551 2901 622 Quapropter
2921 565 3024 606 eos
3045 549 3458 609 incunctanter
3476 553 3689 614 eadem

2032 638 2434 694 remuneratio
2477 638 2871 694 nihilominus
2934 644 3354 712 consequetur,
3398 658 3533 714 quae
3583 643 3691 702 fuit

2031 741 2217 782 causa
2263 726 2580 797 moriendi,
2627 743 2747 782 non
2797 745 2934 800 quae
2986 729 3204 784 exstitit
3251 729 3526 786 voluntas
3566 748 3688 789 mo-

2029 814 2240 870 riendi.
2273 814 2692 887 Unusquisque
2713 831 2856 884 ergo
2891 832 3099 872 eorum
3121 817 3287 889 quod
3313 819 3440 875 vult
3461 820 3684 892 credat,

2028 902 2206 969 dicat,
2241 902 2336 958 vel
2365 902 2579 959 sentiat
2612 920 2624 958 :
2659 919 2754 958 me
2783 909 2986 960 tamen
3016 921 3088 961 ea
3107 922 3248 978 pars
3274 906 3511 964 ﬁrmum
3542 907 3691 966 obti-

2027 997 2129 1048 net
2155 991 2553 1057 defensorem,
2581 1008 2714 1064 quae
2754 1008 2892 1048 cum
2927 1010 3170 1050 summa
3213 997 3539 1054 reverentia
3585 1015 3684 1055 eo-

2026 1097 2162 1137 rum
2191 1080 2418 1137 cultum
2448 1085 2789 1145 veneratur,
2807 1086 2863 1136 et
2882 1081 3106 1138 extollit
3128 1083 3454 1141 honorem:
3482 1085 3686 1160 Ibique

2025 1169 2266 1226 ﬁdelem
2297 1169 2411 1226 sub
2443 1169 2786 1226 testimonio
2820 1170 3055 1226 Domini
3085 1172 3270 1227 nostri
3301 1173 3447 1228 Jesu
3476 1176 3685 1234 Christi

2025 1259 2189 1315 dono
2218 1273 2559 1325 assensum,
2591 1257 2696 1313 ubi
2741 1273 2952 1314 eorum
3002 1259 3320 1332 praecipuis
3370 1261 3549 1318 titulis
3591 1281 3688 1320 su-

2025 1347 2312 1404 blimatur
2365 1352 2682 1420 tropaeum.
2750 1349 3126 1421 Quapropter
3186 1349 3247 1404 in
3304 1354 3684 1422 posterorum

2025 1437 2297 1494 notitiam
2322 1437 2485 1493 hunc
2515 1436 2748 1492 decrevi
2778 1453 3022 1492 manere
3063 1442 3400 1509 tractatum,
3448 1444 3513 1496 ut
3538 1457 3686 1513 qua-

2025 1525 2144 1581 lem
2174 1525 2250 1582 de
2270 1525 2660 1581 dominorum
2691 1541 2967 1581 meorum
2991 1525 3226 1583 tulerim
3255 1543 3514 1598 agonem
3530 1529 3688 1599 judi-

2027 1615 2208 1682 cium,
2228 1620 2284 1672 et
2314 1615 2502 1671 aetatis
2533 1619 2752 1671 nostrae
2785 1614 3000 1685 vulgus
3029 1615 3282 1686 noverit,
3310 1623 3367 1674 et
3393 1617 3682 1674 futurum.

2097 1708 2187 1761 33.
2230 1706 2341 1760 Vos
2367 1707 2591 1775 autem,
2623 1703 2731 1760 viri
2763 1703 2995 1772 fratres,
3019 1704 3238 1761 credite
3269 1722 3529 1776 mecum,
3561 1707 3684 1763 imo

2027 1808 2167 1849 cum
2219 1792 2502 1849 omnibus
2557 1792 2655 1866 pie
2697 1792 3094 1866 religioseque
3141 1793 3458 1850 beatorum
3503 1800 3684 1852 certa-

2026 1882 2191 1939 mina
2220 1881 2642 1938 venerantibus
2688 1881 2910 1939 credite
2961 1882 3172 1940 beatos
3202 1899 3330 1939 esse
3388 1890 3683 1957 martyres

2025 1971 2168 2029 talia
2194 1976 2606 2044 exsequentes,
2631 1976 2687 2028 et
2717 1971 3008 2027 feliciores
3058 1973 3292 2029 animas
3323 1973 3440 2028 sub
3468 1989 3679 2030 eorum

2025 2060 2366 2117 testimonio
2419 2059 2763 2116 morientes.
2822 2063 3064 2117 Armate
3123 2060 3470 2117 credulitate
3537 2061 3675 2117 ﬁdei

2025 2154 2269 2222 pectora
2295 2153 2512 2217 vestra,
2545 2148 2750 2205 solvite
2798 2148 3013 2204 divinis
3043 2147 3324 2204 laudibus
3353 2164 3481 2216 ora,
3517 2165 3679 2205 sam-

2024 2238 2228 2310 mique
2259 2237 2667 2310 Redemptoris
2713 2236 3006 2293 beneﬁcia
3053 2236 3420 2305 extollentes,
3453 2253 3678 2310 praeco-

2025 2332 2164 2384 nate
2207 2331 2266 2382 et
2318 2326 2539 2382 dicite:
2573 2325 2892 2382 Moriuntur
2937 2326 3155 2382 animae
3212 2330 3430 2381 nostrae
3486 2331 3677 2382 morte

2023 2417 2296 2484 istorum,
2325 2419 2383 2471 et
2420 2415 2569 2470 ﬁant
2606 2413 2930 2470 novissima
2979 2417 3186 2470 nostra
3214 2415 3432 2472 horum
3462 2414 3678 2472 similia

2024 2505 2226 2577 (Num.
2277 2520 2438 2573 xxm,
2472 2503 2577 2574 10).
2629 2502 2740 2568 Qui
2787 2502 2892 2558 dat
2930 2501 3104 2559 lassis
3156 2501 3454 2573 virtutem,
3485 2508 3542 2560 et
3585 2504 3677 2574 iis,

2023 2593 2246 2666 quibus
2290 2591 2469 2648 nulla:
2501 2595 2828 2664 suppetunt
2871 2593 3048 2661 vires,
3080 2591 3408 2663 potentiam
3453 2592 3679 2665 potenti

2023 2681 2270 2738 dextera
2321 2680 2567 2737 roborat
2612 2680 2674 2736 in
2703 2680 3048 2744 certamine,
3083 2681 3184 2737 det
3210 2681 3359 2737 mihi
3397 2686 3462 2737 ut
3490 2697 3680 2754 usque

2023 2767 2105 2825 ad
2146 2773 2399 2824 mortem
2441 2784 2551 2842 pro
2600 2785 2671 2824 eo
2719 2768 2946 2825 fortiori
2971 2769 3176 2825 animo
3205 2785 3343 2824 cum
3391 2769 3486 2825 his
3525 2769 3680 2826 mili-

2024 2863 2164 2929 tem,
2194 2858 2300 2931 qui
2328 2857 2590 2931 perfecto
2618 2857 2917 2914 desiderio
2961 2859 3021 2913 in
3067 2857 3198 2929 ejus
3223 2873 3493 2914 amorem
3525 2875 3680 2914 exae-

2023 2951 2246 3003 stuant.
2288 2947 2438 3014 Quia
2481 2961 2604 3002 non
2661 2946 2768 3002 erit
2811 2945 3104 3002 immunis
3161 2962 3367 3002 coram
3425 2947 3680 3003 Domino

2021 3035 2290 3107 intentio,
2339 3052 2475 3108 qua:
2525 3051 2635 3108 pro
2674 3034 2919 3092 veritate
2963 3034 3256 3090 exeritur:
3292 3050 3487 3106 neque
3538 3035 3682 3092 ulla-

2022 3129 2196 3180 tenus
2247 3123 2625 3197 repudianda
2676 3139 2862 3194 mors,
2913 3137 3050 3195 quae
3095 3137 3206 3194 pro
3246 3121 3474 3192 justitia
3526 3122 3677 3194 irroe

2021 3218 2212 3284 gatur.
2247 3217 2310 3268 ln
2356 3211 2456 3268 tali
2503 3211 2682 3280 igitur
2732 3211 3014 3267 conﬂictu
3055 3209 3338 3267 laudatur
3385 3210 3672 3280 Christus,

2019 3301 2344 3358 detestatus
2382 3304 2655 3358 remanet
2688 3300 2876 3356 hostis
2913 3298 3178 3373 iniquus,
3210 3303 3390 3372 atque
3429 3299 3543 3356 sub
3573 3315 3674 3357 ea-

2017 3390 2156 3446 dem
2191 3389 2560 3464 professione
2599 3405 2808 3446 necem
2839 3388 3058 3462 excipit
3085 3387 3476 3445 furibundum
3504 3389 3678 3446 miles

2018 3485 2319 3536 strenuus.

2088 3571 2176 3625 34.
2220 3569 2480 3642 Ideoque
2525 3584 2648 3626 non
2679 3567 2876 3625 solum
2905 3567 2941 3625 ii
2989 3568 3094 3642 qui
3141 3567 3286 3626 talia
3331 3567 3676 3625 conﬁtendo

2018 3658 2136 3714 sub
2184 3658 2305 3716 ictu
2347 3659 2531 3729 gladii
2571 3659 2930 3726 ceciderunt,
2960 3659 3144 3728 digno
3190 3659 3488 3731 praeconio
3529 3658 3677 3716 cele-

2015 3747 2234 3804 brandi
2261 3752 2422 3815 sunt,
2453 3764 2665 3803 verum
2694 3747 2874 3803 etiam
2905 3746 2988 3802 illi
3012 3747 3196 3816 digna
3217 3746 3399 3803 laude
3428 3749 3676 3803 etl'eren-

2015 3836 2097 3906 di,
2151 3837 2257 3909 qui
2311 3835 2518 3891 talium
2567 3833 2853 3890 laudibus
2904 3833 3297 3890 obiectantur.
3348 3834 3494 3899 Quia
3535 3851 3674 3890 cum

2016 3929 2348 3996 martyrum
2383 3923 2581 3992 gloriae
2613 3921 3000 3994 passionibus
3048 3921 3350 3993 acquisitae
3398 3920 3672 3976 recolun-

2014 4017 2130 4080 tur,
2158 4017 2213 4069 et
2241 4012 2558 4068 beatorum
2588 4008 2916 4065 certamina
2941 4007 3102 4065 edita
3125 4014 3482 4072 reserantur,
3506 4008 3672 4065 debi-

2014 4108 2108 4160 tus
2156 4103 2351 4159 honor
2396 4099 2763 4173 martyribus
2800 4097 3088 4167 redditur,
3140 4115 3211 4154 ac
3265 4100 3378 4172 pia:
3438 4104 3670 4155 mentes

2013 4191 2426 4266 exemplorum
2457 4189 2766 4246 incentivis
2791 4192 3116 4246 armantur.
3146 4190 3212 4242 Et
3233 4188 3281 4244 si
3310 4187 3668 4260 martyrium

2013 4288 2318 4356 nequeant
2365 4279 2638 4354 adipisci,
2679 4278 2757 4336 ad
2807 4277 3188 4351 participium
3235 4283 3437 4334 tamen
3477 4294 3668 4334 mere-

232 4382 362 4423 non
394 4367 730 4440 coluerunt,
763 4381 816 4429 et
849 4374 954 4444 qui
976 4373 1356 4431 abstulerunt
1390 4355 1622 4432 labores
1652 4392 1856 4433 eorum
1883 4396 1895 4433 :
1927 4355 1987 4430 ¹)Ι
2012 4355 2237 4428 buntur
2266 4369 2761 4428 honorandorum
2784 4366 3171 4440 prtemiorum
3198 4367 3577 4439 promoveri;
3610 4371 3672 4423 ιιι

233 4471 393 4529 reor,
438 4459 703 4516 videntes
761 4463 1174 4520 turbabuntur
1221 4471 1451 4522 terrore
1503 4467 1803 4538 horribili,
1845 4473 1900 4524 et

235 4548 633 4604 mirabuntur
679 4551 742 4606 in
789 4553 1150 4619 subitatione
1178 4556 1501 4624 insperatae
1545 4557 1780 4623 salutis,
1813 4557 1902 4611 di-

235 4641 492 4707 centque
553 4637 714 4695 inter
765 4654 846 4710 se,
895 4642 1316 4710 paenitentiam
1366 4648 1628 4713 agentes,
1677 4649 1733 4700 et
1770 4659 1902 4713 pra

237 4727 527 4793 angustia
551 4729 802 4797 spiritus
829 4737 1170 4800 gementes:
1193 4732 1280 4786 Hi
1305 4738 1466 4795 sunt,
1497 4747 1644 4803 quos
1688 4733 1899 4789 habui-

237 4827 377 4868 mus
432 4817 760 4887 aliquando
807 4820 872 4875 in
910 4819 1194 4888 derisum,
1241 4826 1296 4877 et
1344 4822 1407 4876 in
1448 4821 1901 4878 similitudinem

231 4903 610 4973 improperii.
638 4908 760 4963 Nos
809 4909 1099 4965 insensati
1142 4911 1324 4966 vitam
1372 4911 1620 4966 illorum
1653 4911 1903 4967 aestima-

233 4992 451 5048 bamus
498 4995 822 5058 insaniam,
861 5003 917 5053 et
953 4998 1130 5065 ﬁnem
1178 4999 1424 5055 illorum
1471 5001 1599 5056 sine
1655 5000 1897 5057 honore.

228 5080 391 5138 Ecce
421 5083 715 5154 quomodo
759 5086 1090 5155 computati
1123 5093 1264 5143 sunt
1295 5089 1452 5146 inter
1486 5090 1644 5159 ﬁlios
1687 5090 1816 5158 Dei,
1845 5094 1899 5146 et

233 5169 396 5226 inter
424 5177 665 5229 sanctos
688 5174 793 5245 (22)
820 5189 948 5231 sors
996 5176 1244 5235 illorum
1287 5179 1530 5237 inventa
1580 5186 1684 5236 est.
1733 5179 1895 5252 (Sap.

235 5274 291 5329 ν,
325 5263 346 5314 l
382 5262 443 5316 et
463 5263 680 5334 seqq.).

306 5348 399 5403 32.
441 5349 660 5407 Vellem
704 5355 1138 5428 responderent
1185 5355 1333 5412 mihi
1385 5356 1596 5412 Christi
1639 5356 1896 5412 militum

236 5435 536 5496 derisores
565 5445 762 5499 utrum
796 5461 965 5501 amor
984 5446 1194 5501 mortis
1237 5461 1340 5501 eos
1372 5445 1451 5501 ad
1479 5451 1733 5502 mortem
1764 5462 1895 5519 per-

237 5527 497 5598 duxerit,
549 5547 628 5588 an
682 5550 805 5591 non
870 5536 1066 5606 magis
1117 5535 1436 5591 oblectatio
1486 5537 1772 5608 paradisi,
1832 5543 1898 5594 ut

241 5619 478 5679 aeternae
509 5622 717 5682 mortis
741 5624 1061 5690 evaderent
1088 5623 1383 5692 incendia,
1419 5625 1497 5683 ad
1528 5625 1890 5706 supplicium

2011 4476 2274 4533 quorum
2301 4460 2522 4516 ascribi
2549 4457 2864 4530 triumphis
2895 4455 3146 4528 cupiunt
3185 4455 3540 4510 consecutis:
3572 4471 3670 4510 vo-

2011 4548 2256 4620 luntate,
2288 4565 2414 4604 non
2442 4549 2739 4620 imparem
2770 4549 3014 4600 sumant
3049 4559 3122 4599 ex
3159 4543 3476 4598 devotione
3506 4556 3663 4595 mer-

2011 4638 2238 4694 cedem.
2273 4641 2421 4693 Nam
2445 4637 2494 4692 si
2523 4634 2801 4710 pessimis
2829 4633 2998 4688 factis
3018 4631 3291 4688 animum
3326 4644 3664 4685 accommo-

2010 4727 2158 4782 dare
2187 4725 2586 4798 perversitatis
2615 4727 2723 4790 est,
2752 4720 3064 4795 quomodo
3093 4719 3336 4792 optimis
3395 4734 3666 4775 commu-

2009 4815 2210 4870 nicare
2235 4829 2358 4868 non
2391 4818 2479 4869 est
2506 4811 2738 4868 virtutis
2757 4812 2785 4866 ‘I
2835 4813 2901 4866 Et
2929 4825 3070 4866 cum
3102 4812 3256 4866 Deus
3285 4807 3668 4881 omnipotens

2005 4904 2266 4976 judicem
2297 4919 2359 4958 se
2387 4917 2511 4958 non
2542 4901 2737 4957 solum
2769 4900 3085 4971 factorum,
3117 4900 3216 4955 sed
3267 4899 3446 4956 etiam
3498 4905 3667 4956 voto-

2008 5009 2143 5050 rum
2160 4993 2439 5059 insinuet,
2466 5008 2571 5048 cur
2596 4989 2933 5063 piissimum
2956 4990 3016 5045 in
3038 4989 3408 5061 martyribus
3431 5005 3669 5062 semper

2006 5090 2216 5142 votum
2244 5084 2538 5140 intentum
2566 5097 2689 5137 non
2719 5079 2991 5137 conciliet
3019 5080 3242 5154 gaudia
3289 5079 3605 5136 beatorum
3637 5083 3663 5135 1’

2008 5181 2216 5233 sancto
2247 5173 2436 5232 David
2462 5170 2836 5246 approbante
2871 5189 2883 5226 :
2918 5170 3074 5226 Mihi
3098 5177 3296 5228 autem
3344 5172 3521 5226 nimis
3553 5171 3655 5226 ho-

2007 5267 2314 5337 noriﬁcati
2339 5269 2480 5320 sunt
2505 5263 2687 5320 amici
2717 5261 2826 5324 tui,
2858 5261 3014 5316 Deus
3043 5260 3228 5331 (Psal.
3258 5275 3520 5326 cxxxvm,
3552 5257 3662 5329 l7).

2007 5359 2073 5414 Et
2097 5357 2309 5413 iterum
2344 5373 2356 5410 :
2389 5354 2504 5422 Qui
2549 5367 2647 5408 vos
2691 5351 2915 5421 diligit,
2946 5365 3039 5406 me
3084 5349 3307 5420 diligit,
3341 5355 3396 5405 et
3435 5348 3540 5420 qui
3566 5360 3666 5402 vos

2003 5449 2234 5516 recipit,
2268 5462 2361 5502 me
2390 5445 2599 5513 recipit
2627 5443 2793 5512 (Luc.
2823 5447 2876 5497 et
2905 5439 3121 5495 Matth.
3158 5441 3231 5508 Χ).

2073 5542 2160 5592 35.
2206 5535 2322 5606 Ipsi
2351 5533 2608 5604 denique
2634 5530 2820 5586 sancti
2849 5545 3102 5600 corpora
3143 5544 3251 5582 sua
3280 5526 3493 5595 gladiis
3521 5524 3661 5580 otl'e-

2003 5629 2220 5690 rentes,
2239 5637 2568 5694 perennem
2589 5619 2931 5678 animarum
2963 5616 3432 5672 incolumitatem
3453 5627 3662 5683 capes-
