4140 6188
438 153 541 210 ’ΜΒ

1531 187 1536 193 .
1634 141 1691 197 8.
1730 133 2012 195 EULOGll
2046 130 2368 195 Amatae.
2410 131 2649 205 retur.

3740 127 3851 191 ’1Εᾷ

439 281 610 344 sunt;
641 278 698 331 et
738 272 1113 344 acquirentes
1143 266 1255 323 sibi
1300 267 1363 322 in
1406 256 1594 334 regno
1624 258 1834 317 Christi
1870 257 2073 313 electo-
2108 256 2155 311 A
2196 267 2374 323 grege
2405 251 2697 344 catholico
2745 214 2949 313 coram
2998 251 3267 344 Patreet
3296 246 3523 344 angelis
3568 246 3698 317 ejus
3725 262 3858 303 ma-

438 382 574 424 rum
601 360 989 429 consortium,
1015 356 1360 428 relinquunt
1395 351 1785 410 nihilominus
1812 360 2083 421 persecu-

437 454 667 512 toribus
695 454 933 506 teterna:
960 444 1325 521 poenalitatis
1353 441 1720 499 incendium.
1754 435 1905 503 Quia
1952 433 2086 490 licet

437 541 724 615 scriptum
755 538 869 594 sit:
902 538 1241 592 Posuerunt
1270 531 1557 589 mortalia
1608 540 1913 586 servomm
1962 527 2087 578 tuae

436 647 571 687 rum
627 643 820 685 escam
868 623 1209 683 volatilibus
1252 623 1430 680 creti:
1481 633 1691 677 carnes
1741 618 2086 672 sanctorum

439 727 675 776 tuorum
703 716 900 772 bestiis
922 719 1117 770 terrai.
1132 712 1497 782 Effuderunt
1517 707 1864 777 sanguinem
1884 716 2085 759 eorum

437 808 600 865 velut
620 819 841 876 aquam
868 804 930 859 in
958 802 1217 859 circuitu
1244 798 1669 856 Hierusalem:
1699 800 1753 851 et
1799 807 1920 849 non
1955 792 2087 846 erat

436 896 541 968 qui
563 893 839 964 sepeliret
864 891 1053 963 (Psal.
1087 905 1319 955 Lxxvm,
1352 891 1406 953 2,
1439 890 1493 953 3)
1522 892 1574 951 ⁸;
1608 888 1829 940 tamem
1864 877 2085 968 adpu-

435 967 725 1039 niendum
755 980 1041 1037 saevitiam
1070 994 1281 1035 eorum
1309 978 1641 1039 occurrent,
1673 970 1777 1044 qui
1802 970 1917 1025 ista
1940 967 2088 1022 fece-

436 1076 612 1139 runt;
644 1086 768 1126 non
818 1068 897 1126 ad
946 1066 1398 1137 derogationem
1442 1064 1724 1120 virtutum
1778 1054 2089 1132 proveniet

437 1175 645 1217 eorum
675 1160 782 1232 qui
807 1157 949 1215 talia
978 1157 1391 1212 sustinuerunt
1420 1170 1433 1209 ε
1468 1157 1534 1208 ut
1559 1166 1632 1207 ea
1669 1150 1806 1221 ipsa
1834 1143 2085 1201 crudeli-

435 1255 527 1306 tas
559 1248 866 1305 cumulum
899 1244 1247 1320 perditionis
1272 1241 1577 1299 lictoribus
1602 1240 1840 1308 augeat,
1871 1239 2089 1305 marty-

436 1337 605 1394 ribus
632 1351 774 1391 vero
805 1334 1024 1391 sanctis
1048 1332 1362 1406 praemium
1393 1329 1768 1402 sempiternae
1798 1322 2087 1379 felicitatis

438 1426 722 1499 acquirat.
757 1428 904 1480 Nam
955 1421 1232 1495 quamvis
1258 1420 1386 1476 haec
1434 1416 1745 1474 obtutibus
1771 1414 2087 1469 hominum

438 1514 571 1571 dira
615 1519 673 1570 et
726 1529 948 1586 aspera
987 1511 1324 1575 videantur,
1358 1513 1561 1563 tamen
1604 1503 1864 1577 pretiosa
1891 1504 1980 1556 est
2025 1500 2087 1555 in

2192 346 2338 398 nent
2387 340 2639 399 solliciti.
2684 341 2888 412 Itaque
2914 342 2969 397 et
3019 336 3197 395 vestri
3243 341 3299 393 et
3333 336 3520 392 nostri
3567 339 3722 393 sunt.
3764 339 3860 391 Ex

2193 430 2366 487 vobis
2386 446 2565 489 carne
2590 428 2960 503 prodierunt,
2990 427 3096 483 sed
3118 424 3438 483 nobiscum
3464 440 3585 481 uno
3613 423 3845 498 baptis-

2195 519 2371 577 matis
2414 517 2577 581 fonte
2605 517 2798 575 renati
2850 520 3009 573 sunt.
3042 514 3196 572 Nihil
3224 518 3313 573 est
3338 511 3507 587 quod
3529 511 3605 568 de
3635 528 3858 569 eorum

2196 609 2383 681 gloria
2410 609 2581 667 vobis
2642 608 2922 682 privatim
2976 604 3307 672 vindicetis,
3363 604 3505 679 quia
3552 619 3760 660 omnes
3788 603 3860 661 in

2195 700 2429 759 Christo
2465 715 2656 757 unum
2708 704 2937 755 sumus.
2982 699 3130 753 Nam
3175 700 3233 751 et
3279 710 3390 752 nos
3431 692 3738 766 quosdam
3776 708 3855 751 ex

2193 790 2307 849 illis
2350 788 2428 845 ad
2476 788 2752 861 praelium
2798 784 3173 843 incitavimus
3206 802 3219 842 :
3249 790 3309 841 et
3335 783 3384 839 si
3429 783 3548 858 ipsi
3580 798 3859 857 pugnare

2195 877 2537 943 desivimus,
2571 892 2742 933 arma
2768 878 2972 941 tamen
3001 873 3223 948 quibus
3253 872 3574 933 militarent
3603 887 3864 944 sugges-

2197 967 2402 1025 simus.
2431 964 2739 1031 Quosdam
2769 980 2904 1021 vero
2926 979 2999 1019 ex
3027 962 3495 1034 consanguineis
3516 960 3665 1018 inter
3687 961 3866 1034 ipsos

2195 1060 2490 1130 martyres
2518 1055 2581 1111 in
2611 1053 2830 1110 coelum
2859 1051 3284 1126 praemisimus.
3338 1049 3590 1107 Paulum
3636 1049 3865 1124 loquor

2194 1144 2436 1200 levitam
2468 1142 2797 1214 egregium,
2830 1156 3007 1201 carne
3033 1139 3208 1196 nobis
3233 1155 3595 1206 connexum,
3625 1143 3680 1194 et
3706 1140 3865 1195 San-

2197 1238 2360 1291 ctum
2383 1234 2411 1273 h
2438 1232 2784 1290 auditorum
2809 1236 3104 1297 nostrum,
3134 1229 3241 1302 qui
3273 1228 3543 1285 secundo
3566 1228 3860 1285 conﬂictu

2197 1326 2333 1394 post
2375 1320 2623 1377 beatum
2673 1323 2837 1375 lsaac
2888 1316 3149 1391 perrexit
3194 1315 3275 1372 ad
3324 1316 3619 1373 Christum
3643 1324 3686 1371 °.
3732 1314 3857 1371 Sed

2198 1407 2474 1481 nunquid
2524 1406 2633 1463 soli
2664 1406 2738 1462 de
2784 1405 3146 1478 perfectione
3175 1420 3385 1459 eorum
3438 1401 3855 1473 gloriabimur,

2196 1498 2342 1571 quia
2371 1512 2526 1571 quos
2556 1495 3039 1561 informavimus,
3068 1509 3222 1567 quos
3254 1492 3462 1549 fratres
3504 1492 3854 1561 habuimus,

439 1606 765 1676 conspectu
805 1581 1053 1657 Domini
1101 1614 1262 1654 mors
1303 1600 1647 1653 sanctorum
1704 1591 1834 1663 ejus
1895 1589 2084 1660 (Psat:
2118 1611 2158 1666 Β
2198 1588 2408 1644 vicisse
2461 1586 2740 1641 videmus
2769 1585 2796 1640 ‘I
2844 1585 2927 1639 Sit
2979 1598 3300 1645 commune
3357 1581 3641 1638 omnibus
3702 1598 3855 1651 gau-

439 1709 571 1761 cxv,
611 1693 716 1764 15).

510 1786 598 1838 36.
639 1784 754 1836 Vos
773 1782 997 1849 autem,
1016 1777 1244 1844 fratres,
1267 1780 1324 1831 et
1344 1777 1564 1830 sanctis
1583 1773 1645 1828 in
1676 1769 1929 1828 Domino
1950 1767 2089 1822 Jesu

441 1871 671 1926 Christo
697 1884 952 1940 sorores,
985 1867 1241 1939 gaudete
1275 1871 1329 1921 et
1354 1862 1663 1929 exsultate,
1694 1858 1861 1933 quod
1900 1856 2090 1913 mani-

441 1959 617 2032 pulos
668 1958 882 2015 messis
929 1962 1134 2012 vestres
1184 1955 1244 2011 in
1291 1954 1575 2010 horreum
1622 1948 1856 2005 Domini
1877 1961 2087 2002 recon-

439 2049 672 2105 dendos
697 2049 825 2120 jam
855 2046 1246 2120 prmmisisﬁs.
1279 2046 1415 2100 Jam
1468 2043 1692 2099 fructus
1723 2038 1965 2095 seminis
1994 2053 2091 2093 ve-

442 2138 546 2194 stri
595 2139 734 2195 Sion
764 2137 866 2194 illa
892 2137 1073 2194 beata
1102 2136 1305 2192 civitas
1342 2132 1524 2190 habet
1551 2149 1563 2189 :
1593 2131 1694 2187 illa
1720 2130 1887 2203 pacis
1938 2127 2090 2185 visio

440 2227 809 2285 Hierusalem
862 2226 1118 2283 caelestis
1166 2223 1532 2281 domesticos
1568 2218 1941 2290 cognationis
1988 2232 2088 2272 ve-

441 2302 574 2373 strae
602 2317 664 2372 in
718 2332 868 2390 pace
917 2314 1199 2388 suscepit.
1230 2313 1454 2384 Pergite
1512 2309 1721 2373 securi,
1775 2310 2091 2381 properate

439 2405 826 2462 exsultantes.
879 2405 991 2461 Itui
1047 2408 1246 2460 vestro
1303 2401 1505 2459 nullus
1540 2398 1845 2457 adversari
1874 2396 2088 2468 quibit,

438 2494 640 2551 nullus
690 2494 1091 2551 contradictor
1127 2492 1404 2549 assistat:
1437 2488 1965 2563 pervenientesque
2012 2483 2091 2542 ad

439 2585 717 2656 patriam,
748 2583 1032 2656 procedet
1058 2583 1121 2638 in
1162 2596 1483 2638 occursum
1532 2584 1791 2634 vestrum
1839 2590 1963 2632 non
1994 2590 2089 2632 so-

437 2672 566 2728 lum
611 2671 714 2729 illa
762 2672 979 2729 cohors
1027 2675 1395 2735 sanctorum,
1426 2667 1529 2740 qui
1579 2681 1774 2739 nuper
1825 2665 2091 2723 coronati

439 2765 597 2831 sunt,
611 2775 823 2832 verum
843 2761 1021 2817 etiam
1042 2764 1255 2816 cmtera
1279 2757 1456 2814 turba
1468 2755 2090 2826 electorum,quorum

439 2850 735 2906 consortio
760 2850 855 2906 isti
884 2848 1099 2905 novitii
1130 2851 1422 2919 martyres
1446 2842 1828 2901 annumerati
1856 2847 2014 2900 sunt.

509 2942 596 2996 37.
639 2941 791 3008 Ergo
812 2938 954 2994 libet
973 2936 1386 3005 mihi,fratres,
1409 2933 1726 3008 paululum
1750 2931 2090 3004 jucundan-
2118 2965 2159 3018 ο

440 3027 509 3084 tis
538 3043 706 3084 more
736 3026 900 3101 loqui
930 3025 1247 3083 vobiscum
1276 3041 1289 3081 ε
1323 3028 1381 3081 et
1398 3039 1509 3098 pro
1538 3022 1821 3080 charitate
1849 3019 2089 3079 suﬁ‘erte

438 3117 786 3184 verbosum,
810 3132 994 3189 quem
1041 3131 1115 3172 ex
1160 3114 1475 3172 dilectione
1505 3111 1713 3168 Christi
1758 3110 1996 3167 cernitis
2027 3110 2090 3167 in
2129 3134 2135 3141 ο

437 3205 722 3262 laudibus
748 3206 972 3262 versari
1004 3210 1372 3262 sanctorum.
1407 3202 1705 3269 Quoniam
1743 3203 1808 3256 ut
1849 3198 2089 3256 merito-

437 3309 574 3349 rum
617 3310 894 3350 meorum
941 3294 1262 3349 evaderem
1317 3291 1610 3357 debitum,
1659 3293 1717 3344 et
1772 3288 2092 3344 beatorum

438 3382 801 3452 adipiscerer
842 3382 1285 3438 intercessionis
1344 3379 1724 3450 suffragium,
1767 3378 1883 3435 hoc
1938 3393 2092 3450 opus

439 3469 696 3523 victoriis
738 3469 1029 3524 dedicans
1090 3474 1448 3539 martyrum,
1500 3466 1734 3522 decrevi
1787 3466 2093 3538 appellare

436 3556 787 3613 Memoriale
822 3561 1210 3612 sanctorum:
1237 3559 1304 3611 ut
1331 3571 1405 3610 ex
1434 3571 1558 3627 quo
1586 3554 1800 3611 vinctis
1842 3569 2090 3626 compa-

438 3645 637 3712 timur,
672 3649 729 3700 et
756 3644 859 3701 Dei
913 3644 1141 3700 amicos
1194 3660 1573 3712 veneramur,
1631 3643 1828 3700 saltim
1881 3659 2092 3700 eorum

437 3732 783 3806 patrociniis
839 3732 1217 3804 adjuvemur.
1252 3733 1468 3788 Dicitur
1516 3732 1681 3789 enim
1708 3732 1771 3788 in
1801 3732 2044 3789 Psalmo
2075 3749 2089 3790 :

436 3822 593 3878 Mihi
617 3830 815 3880 autem
843 3822 1226 3893 honoriﬁca“
1246 3829 1385 3879 sunt
1410 3823 1591 3879 amici
1618 3822 1725 3890 tui,
1754 3824 1932 3891 Deus,
1951 3824 2093 3893 quia

437 3910 614 3967 valde
661 3912 1038 3981 confortatus
1091 3918 1176 3969 est
1215 3913 1599 3982 principatus
1647 3927 1850 3968 eorum
1900 3912 2093 3992 (Psal.

439 4016 713 4066 cxxxvm,
770 4001 877 4067 17).
935 4001 1365 4067 Quamobrem,
1410 4001 1625 4057 fratres
1675 4001 1986 4067 carissimi,
2037 4003 2095 4057 et

440 4102 674 4143 sorores
699 4087 911 4158 beatae,
934 4089 1141 4159 jubete
1170 4106 1269 4145 me
1295 4089 1511 4145 vestris
1540 4088 1773 4145 admitti
1794 4087 2091 4161 tripudiis,

437 4191 617 4249 quem
651 4192 776 4234 non
804 4178 941 4233 sinit
962 4179 1175 4235 abesse
1204 4179 1424 4235 talibus
1454 4179 1691 4249 gaudiis
1718 4178 1900 4247 huius
1954 4193 2093 4234 con-

438 4263 616 4321 fessio
667 4266 885 4337 operis.
937 4270 1050 4323 Nec
1108 4267 1310 4323 invida
1360 4266 1737 4322 affectatione
1794 4252 2097 4322 vobismet

440 4353 826 4411 solummodo
852 4355 1162 4412 vindicetis
1188 4362 1533 4412 sanctorum
1563 4354 1895 4427 patrocinia
1924 4369 2087 4410 mar-

437 4446 661 4516 tyrum,
691 4460 846 4517 quos
890 4447 1078 4502 nostis
1124 4461 1236 4519 pro
1266 4445 1443 4501 totius
1474 4444 1747 4501 Ecclesiae
1802 4442 2088 4499 membris

439 4534 698 4592 subiisse
739 4535 1088 4592 discrimina
1142 4536 1523 4609 passionum.
1581 4534 1697 4590 Sed
1740 4549 1925 4606 quare
1976 4548 2089 4604 ego

436 4622 659 4680 diutius
705 4625 797 4681 his
843 4624 1081 4697 gaudiis
1110 4624 1421 4681 immorari
1469 4622 1751 4689 delector,
1783 4622 1959 4695 quasi
1987 4638 2088 4678 ve-

437 4716 626 4769 strum
656 4715 730 4771 sit
751 4719 958 4772 nostro
991 4713 1338 4771 satisfacere
1377 4711 1650 4786 optatui‘?
1679 4714 1842 4770 Certe
1881 4715 1948 4775 ut
1971 4710 2087 4768 sal-

437 4802 544 4858 tim
592 4818 717 4859 non
772 4805 899 4860 sine
945 4805 1225 4862 consultu
1270 4808 1463 4860 vestro
1507 4802 1707 4860 adsint
1756 4802 1934 4859 nobis
1989 4801 2090 4859 Dei

438 4893 616 4947 testes
664 4891 726 4946 in
769 4892 1147 4950 tribulatione
1177 4892 1430 4966 quaesiti,
1466 4892 1573 4965 qui
1600 4891 1953 4962 generaliter
1979 4908 2089 4965 pro

507 5040 532 5066 λ
570 5033 761 5108 Quare
810 5033 979 5108 hunc,
1016 5033 1219 5088 locum
1262 5034 1784 5108 corruptissimum
1837 5032 2090 5108 dixerint

438 5102 771 5184 Moralesnet
811 5104 1109 5184 Schottus,
1136 5120 1254 5184 nos
1298 5102 1462 5184 certe
1501 5105 1640 5184 latet
1665 5124 1679 5174 ;
1708 5104 2089 5184 plane‘enim

438 5190 649 5230 sensus
678 5173 833 5229 illius
865 5180 1138 5246 apparet,
1160 5177 1209 5231 si
1241 5176 1502 5245 legatur:
1535 5173 1867 5233 Occurrent
1892 5181 2089 5230 tamen

440 5246 521 5302 ad
545 5246 911 5319 puniendum
939 5248 1224 5319 saiuztiam
1257 5264 1460 5305 eorum
1489 5250 1595 5319 qui
1624 5249 1737 5302 ista
1764 5248 2041 5319 fecerunt
2073 5262 2085 5301 :

438 5316 615 5389 quasi
645 5316 890 5374 diceret:
916 5317 1220 5391 Quidquid
1248 5315 1571 5376 moliantur
1600 5320 2007 5391 persecutores
2029 5315 2089 5391 in

440 5387 783 5464 sanctorum
834 5387 1194 5464 martyrii—m7
1220 5405 1493 5462 corpora,
1527 5387 1648 5464 non
1675 5387 1981 5459 proveniet
2007 5387 2087 5464 ad

439 5474 648 5513 eorum
673 5457 1118 5531 derogationem
1145 5457 1449 5524 virtutum,
1498 5457 1696 5531 sedili
1726 5462 2085 5531 persecuto-

438 5544 575 5585 rum
605 5529 987 5604 supplicium.
1022 5534 1125 5589 Cui
1154 5534 1240 5589 rei
1267 5533 1583 5588 occurrent
1610 5530 1673 5584 in
1706 5529 1802 5604 die
1829 5529 2035 5604 judicii
2071 5546 2084 5584 :

440 5616 583 5659 nam
614 5601 854 5660 stabunt
886 5604 1041 5673 justi
1069 5607 1129 5659 in
1174 5616 1396 5673 magna
1441 5602 1777 5660 constantia
1801 5601 2086 5661 adversus

2199 1676 2409 1733 dium:
2457 1676 2573 1731 sint
2630 1674 2858 1730 cunctis
2911 1673 3226 1730 indiscrete
3283 1669 3538 1727 fruenda
3592 1670 3857 1726 felicium

2198 1768 2593 1822 monumenta
2621 1763 2909 1820 virorum.
2947 1762 3296 1819 Misceamus
3329 1760 3563 1833 utrique
3606 1764 3769 1827 vota,
3798 1762 3861 1816 et

2198 1852 2447 1927 paribus
2488 1850 2699 1907 studiis
2740 1849 2992 1906 laudum
3029 1851 3149 1905 Deo
3178 1847 3596 1922 persolvamus
3623 1845 3863 1902 libami-

2197 1958 2297 2012 na,
2326 1941 2498 2011 cujus
2527 1938 2690 1995 dono
2718 1937 2951 1995 reddita
2979 1942 3119 1994 sunt
3144 1935 3318 1993 nobis
3348 1934 3538 1992 incliti
3572 1936 3860 2007 temporis

2199 2030 2393 2087 felicia
2420 2029 2657 2085 saecula.
2689 2027 2915 2090 Quibus
2941 2027 3087 2083 olim
3112 2025 3563 2098 tempestatibus
3583 2040 3859 2097 persecu-

2200 2119 2431 2176 tionum
2494 2115 2884 2183 crebrissimis
2927 2114 3263 2182 Christiana
3312 2106 3575 2170 Ecclesia
3623 2112 3860 2185 lapides

2198 2208 2261 2265 in
2284 2206 2440 2262 illius
2466 2204 2723 2262 caelestis
2744 2203 3071 2260 Jerusalem
3087 2202 3411 2275 coaptabat
3430 2200 3685 2271 digniter
3706 2203 3860 2256 stru-

2201 2299 2432 2355 cturam
2476 2293 2557 2352 ad
2607 2294 2710 2350 Dei
2756 2293 3032 2365 gloriam,
3079 2292 3251 2363 cujus
3299 2305 3549 2349 munere
3576 2295 3859 2362 pugnant

2202 2383 2409 2449 sancti,
2454 2386 2509 2441 et
2542 2382 2815 2449 vincunt;
2866 2385 3159 2455 oppetunt
3188 2384 3468 2447 mortem,
3503 2384 3556 2435 et
3596 2377 3801 2434 vivunt
3834 2395 3849 2433 :

2202 2473 2373 2545 cujus
2394 2471 2585 2543 gratia
2600 2470 2918 2533 roboratur
2939 2469 3275 2527 constantia
3294 2472 3647 2541 martyrum:
3667 2465 3846 2536 cujus

2198 2561 2413 2618 virtute
2455 2559 2751 2634 quidquid
2800 2559 3026 2616 saevitia
3066 2557 3312 2632 protulit
3350 2556 3671 2630 impiorum
3692 2552 3856 2611 virili

2203 2649 2406 2707 animo
2455 2647 2951 2720 praegrediuniur.
2987 2646 3139 2723 Quia
3183 2662 3308 2702 non
3354 2651 3494 2704 sunt
3538 2640 3861 2712 condignae

2202 2737 2522 2811 passiones
2564 2736 2745 2809 hujus
2784 2735 3069 2808 temporis
3098 2732 3177 2792 ad
3208 2728 3700 2808 superventuram
3729 2724 3860 2813 glo-

2198 2825 2385 2901 piam,
2416 2838 2553 2903 quae
2596 2817 2959 2880 revelabitur
3001 2822 3064 2880 in
3109 2822 3193 2880 eis
3227 2823 3419 2892 (Rom.
3453 2836 3572 2892 vui,
3605 2819 3713 2891 18).
3744 2822 3861 2877 Nec

2199 2913 2491 2991 pendunt,
2523 2929 2646 2988 quo
2684 2913 2893 2969 mortis
2921 2928 3137 2983 genere
3156 2904 3317 2968 hanc
3345 2911 3533 2968 vitam
3561 2909 3859 2975 amittant,

2197 3001 2696 3078 quandoquidem
2726 3017 2833 3074 per
2858 3001 3042 3075 hujus
3070 3000 3369 3058 defectum
3388 2997 3670 3076 perennis
3691 2996 3863 3068 regni

2197 3093 2536 3151 felicitatem
2564 3096 2933 3163 exspectant.

2270 3203 2358 3261 38.
2402 3202 2616 3256 Verum
2645 3198 2792 3272 quia
2822 3212 3059 3271 semper
3075 3196 3397 3257 laudabilis
3425 3200 3515 3257 est
3543 3193 3858 3261 mediocri-

2202 3295 2312 3353 tas,
2360 3288 2714 3361 faciliusque
2759 3286 3044 3345 lectorem
3091 3285 3350 3347 oblectat
3386 3285 3695 3343 succincta
3722 3283 3863 3340 bre-

2200 3379 2352 3434 vitas
2396 3393 2583 3450 quam
2625 3375 2935 3433 fastidiosa
2980 3375 3309 3448 prolixitas.
3341 3373 3478 3430 ideo
3507 3372 3675 3433 finali
3703 3372 3865 3427 clau-

2201 3466 2436 3524 dendus
2467 3472 2558 3522 est
2583 3466 2768 3522 limite
2796 3464 2963 3522 liber.
2995 3469 3074 3523 Ne
3103 3470 3317 3537 praeter
3361 3480 3569 3536 unam,
3611 3468 3672 3518 et
3699 3478 3864 3518 sum-

2202 3572 2369 3614 mam
2411 3554 2752 3611 incultionis
2801 3571 2926 3610 suae
2956 3553 3411 3622 absurditatem,
3443 3552 3629 3619 alium
3661 3556 3869 3625 partus-

2200 3644 2315 3703 riat
2351 3643 2782 3700 meditantibus
2827 3659 2900 3698 ex
2935 3642 3119 3713 longa
3161 3642 3513 3699 verbositate
3560 3640 3862 3697 laborem.

2205 3734 2346 3791 Hinc
2372 3750 2482 3789 vos
2511 3732 2753 3790 instanti
2767 3732 2897 3803 jam
2917 3732 3245 3789 voluminis
3269 3732 3543 3798 termino,
3567 3746 3604 3786 ο
3633 3746 3865 3788 corona

2206 3827 2575 3887 sanctorum,
2606 3837 2718 3892 ego
2744 3821 2874 3893 ipse
2898 3820 3035 3877 licet
3062 3821 3348 3891 indignus
3370 3820 3549 3876 vestri
3577 3819 3863 3876 laudator

2204 3910 2486 3981 Eulogius
2519 3909 2780 3985 postulo,
2807 3914 2871 3966 ut
2898 3909 3014 3964 hoc
3043 3925 3198 3982 opus
3250 3909 3695 3982 vobismetipsis
3716 3924 3864 3980 pro-

2201 4001 2412 4057 batum
2443 3999 2730 4069 efﬁciatis,
2758 4004 3075 4070 acceptum
3100 3998 3499 4070 sanctiﬁcatis,
3527 3996 3859 4057 sanctifica-

2204 4094 2331 4145 tum
2380 4090 2498 4144 Deo
2546 4087 2758 4157 hbetis,
2802 4102 2999 4159 neque
3042 4086 3447 4143 inordinatam
3494 4082 3852 4142 narrationis

2203 4178 2332 4249 eius
2361 4176 2575 4233 seriem
2598 4176 2894 4248 pensetis;
2927 4176 3033 4232 sed
3057 4175 3204 4232 velle
3224 4191 3429 4232 meum
3449 4176 3649 4248 potius
3666 4190 3861 4247 quam

2202 4282 2379 4339 posse
2420 4264 2893 4335 considerantes,
2938 4265 3262 4322 voluntatis
3315 4270 3541 4333 votum,
3578 4280 3704 4321 non
3748 4264 3864 4321 im-

2201 4352 2609 4427 possibilitatis
2659 4354 3125 4410 remuneremini
3172 4353 3492 4411 defectum.
3522 4354 3677 4420 Quia
3720 4354 3863 4413 ideo

2200 4443 2493 4517 primitias
2543 4442 2727 4513 hujus
2783 4443 3199 4501 commentarii
3239 4443 3348 4515 (24)
3392 4459 3517 4515 prae
3567 4443 3861 4501 omnibus

2197 4531 2572 4606 philosophis
2602 4531 2809 4604 patriae
2833 4538 3050 4589 110$th
3091 4533 3263 4590 vobis
3294 4531 3506 4591 offerre
3532 4532 3758 4599 curavi,
3795 4536 3863 4588 ut

2198 4622 2329 4694 ejus
2361 4621 2610 4678 obtentu
2630 4626 2895 4677 vestrum
2914 4622 3177 4679 habeam
3197 4622 3621 4696 patrocinium,
3642 4624 3859 4683 vestro-

2197 4726 2316 4785 que
2362 4710 2697 4775 interventu
2739 4711 2906 4768 omni
2952 4726 3192 4767 caream
3222 4710 3363 4767 vitio
3396 4711 3606 4784 :quod
3654 4710 3860 4769 Domi-

2198 4815 2347 4859 num
2372 4803 2581 4859 contra
2608 4814 2708 4855 me
2737 4815 2847 4872 pro
2877 4799 3139 4873 peccatis
3187 4799 3490 4857 offensum
3520 4815 3759 4863 merear
3804 4804 3864 4857 et

2198 4905 2360 4946 nunc
2402 4894 2460 4947 et
2506 4888 2568 4947 in
2612 4892 2904 4949 aeternum
2946 4889 3210 4947 invenire
3250 4890 3603 4962 propitium.
3648 4890 3749 4961 (24
3796 4892 3865 4947 Et

2198 5046 2290 5089 eos
2315 5036 2421 5101 qui
2446 5045 2506 5113 se
2534 5036 3057 5113 augustiaverunt.

2267 5104 2294 5142 b
2320 5102 2408 5181 12c
2435 5101 2525 5181 lus
2559 5103 2659 5181 tib.
2695 5116 2754 5181 ιιἶ
2781 5116 2913 5181 cap.
2942 5105 2980 5181 _3
3006 5109 3062 5181 et
3089 5104 3144 5165 6.
3174 5103 3400 5181 scn'bit.
3432 5105 3652 5181 M01911.

2268 5182 2290 5208 ο
2330 5175 2482 5255 bene
2511 5172 2608 5228 hic
2655 5178 2825 5229 notat
2866 5175 3145 5255 Schottus
3186 5180 3519 5255 propterea
3538 5175 3860 5255 Eulogium

2196 5243 2311 5299 hoc
2353 5243 2484 5299 loco
2530 5259 2655 5299 non
2702 5244 3050 5300 meminisse
3079 5243 3362 5301 Ludovici
3410 5246 3611 5309 fratris
3662 5243 3860 5314 Pauli,

2197 5314 2362 5389 quod
2392 5315 2541 5370 dum
2588 5315 2715 5389 haec
2760 5317 3658 5389 commentaretur,Ludovicus
3703 5334 3862 5374 mar-

2198 5378 2419 5458 tyrium
2449 5386 2721 5459 nonduin
2748 5402 2964 5459 passus
2990 5384 3203 5443 fuerat.
3246 5378 3346 5443 ilic
3383 5390 3542 5444 enim
3586 5389 3862 5445 interfec-

2197 5464 2291 5532 tus
2335 5462 2422 5511 est
2464 5457 2654 5528 pridie
2684 5457 2978 5532 kalendas
3012 5459 3153 5514 maii
3184 5460 3325 5514 anni
3356 5463 3481 5532 855,
3508 5465 3573 5532 ut
3602 5466 3773 5532 patet
3798 5462 3861 5516 in

2327 5544 2409 5598 in,
2443 5504 2672 5611 clamat-3
2696 5548 2711 5598 ;
2743 5536 2803 5611 et
2818 5530 3324 5611 librum-primum
3354 5504 3653 5591 scribebat

2197 5600 2331 5671 gius
2360 5600 2533 5667 anno
2552 5600 2677 5669 854,
2706 5601 2914 5672 utjam
2938 5600 3224 5661 diximus.
