4140 6188
318 144 429 203 7625

1378 146 1799 207 MEMORIAUS
1844 145 2279 205 SANCTORUM.
2322 168 2391 195 «'-
2428 150 2559 208 ΠΒ.
2605 152 2671 205 II.

3636 147 3740 205 πο

311 271 452 334 licet
480 268 618 325 inde
648 269 936 339 gravioris
965 271 1155 345 culpae
1186 288 1283 329 me
1309 271 1641 329 obnoxium
1666 268 1973 326 conseien-
2004 271 2049 323 A
2087 267 2161 324 de
2186 271 2433 331 obtentu
2461 274 2666 345 gratiae
2692 272 3141 346 Redemptoris;
3182 272 3327 343 quia
3354 270 3491 343 plus
3533 285 3739 327 coram

312 359 399 416 tia
422 373 560 414 mea
583 358 944 417 remordeat.
970 360 1113 432 quia
1158 376 1251 418 res
1292 359 1679 434 praeconabili
1711 358 1866 431 stylo
1895 356 1976 415 ad
2085 357 2215 430 ipso
2242 363 2508 421 votivum
2555 365 2695 420 novi
2726 363 2920 421 valere
2941 362 3244 430 affectum,
3273 377 3460 433 quam
3491 375 3738 430 segnem

308 451 691 522 posterorum
738 448 1010 505 notitiam
1053 449 1424 509 ordinandas
1461 454 1683 508 temere
1711 446 1975 505 infecerit
2083 447 2452 511 afﬂuentiam
2482 469 2823 511 munerum.
2853 453 3225 524 Quapropter
3266 450 3476 506 iterata
3509 448 3738 521 suppli-

308 536 535 609 eloquii
564 537 682 593 mei
712 536 938 596 inculta
967 537 1278 596 barbaries
1303 556 1317 606 ;
1349 543 1548 597 tamen
1579 555 1653 595 ex
1679 553 1749 594 eo
1776 535 1924 593 tanti
1948 543 1973 572 ⁸

307 627 559 700 deliquii
588 627 922 684 remedium
949 628 1203 702 adipisci
1233 645 1430 702 spero,
1462 645 1537 686 ex
1566 644 1689 702 quo
1728 641 1970 683 omnem

307 717 436 773 vim
467 731 640 771 suam
686 716 948 777 brevitas
995 717 1220 787 ingenii
1270 718 1460 774 nostri
1505 718 1567 774 in
1603 716 1848 773 laudem
1878 732 1974 771 ve-

308 811 503 863 stram
534 806 901 878 expenderit.
938 807 1051 864 Sed
1082 812 1139 864 et
1180 806 1696 865 susurrationibus
1724 804 1970 861 maledi-

307 911 524 951 corum
569 894 783 950 obvius
824 895 1092 967 veniens,
1119 897 1277 952 acies
1310 896 1679 969 perfidorum
1715 899 1972 968 prostra-

308 984 420 1053 vit,
435 982 833 1040 fundamenta
851 983 1159 1054 subvertit,
1175 985 1330 1041 vires
1354 985 1662 1055 confregit.
1690 987 1774 1039 Ac
1794 982 1971 1041 veluti

306 1088 515 1140 canes,
570 1072 674 1144 qui
724 1072 1140 1131 ardentissimo
1184 1074 1307 1131 zelo
1365 1090 1476 1146 pro
1534 1073 1796 1131 dominis
1848 1072 1970 1128 suis

308 1179 473 1234 saepe
498 1162 688 1219 rixare
715 1176 839 1219 non
860 1162 1167 1234 desinunt,
1198 1180 1268 1223 eo
1300 1163 1562 1237 amplius
1594 1164 1655 1220 in
1679 1163 1969 1236 importu-

308 1250 407 1307 nis
432 1249 744 1305 latratibus
769 1251 1222 1318 exacerbantur,
1254 1267 1378 1325 quo
1408 1250 1555 1307 forte
1585 1251 1969 1325 impugnato-

306 1340 396 1397 ris
422 1339 638 1396 fuerint
653 1338 902 1397 verbere
921 1339 1201 1409 lacerati;
1233 1339 1317 1397 ita
1344 1356 1459 1396 nos
1482 1340 1620 1396 licet
1657 1338 1969 1413 asperrimi

304 1427 596 1500 temporis
653 1429 936 1497 angustia
980 1432 1370 1496 coarctemur,
1413 1433 1469 1485 et
1516 1428 1969 1485 imminentibus

302 1516 590 1590 periculis
622 1516 972 1584 obruamur,
1005 1517 1347 1575 nullatenus
1372 1523 1575 1574 tamen
1593 1518 1863 1588 linguam
1891 1516 1967 1574 de

2083 540 2314 597 natione
2341 559 2452 599 vos
2483 559 2711 614 quaeso,
2739 542 2952 599 milites
3001 543 3121 610 Dei,
3146 540 3462 599 bellatores
3488 532 3736 609 egregii,

2081 632 2259 686 testes
2287 630 2511 703 idonei,
2530 636 2826 704 martyres
2854 632 3061 689 Christi
3092 634 3394 687 consortes
3414 628 3583 698 regni
3607 634 3738 700 p‘ere

2079 720 2264 792 petui,
2297 724 2362 777 ut
2406 738 2503 779 me
2556 721 2652 778 hic
2696 721 2855 777 ﬁdeli
2885 721 3159 779 servitute
3203 722 3322 777 Deo
3360 719 3649 791 jungatis,
3678 722 3738 775 et

2079 813 2219 881 post
2246 808 2513 867 debitam
2536 826 2646 883 pro
2672 809 2995 867 sceleribus
3024 809 3086 865 in
3114 809 3313 867 futuro
3344 808 3621 864 examine
3649 806 3735 863 ul~

2081 896 2257 955 tionis
2281 898 2634 956 sententiam
2676 915 2712 955 a
2742 915 2838 955 me
2867 898 3168 956 auferetis.
3204 901 3272 955 Ut
3308 897 3413 970 qui
3441 897 3591 953 liber
3617 898 3737 953 Mes

2080 988 2331 1044 mortale
2357 993 2704 1045 sanctorum
2736 1004 2772 1044 a
2798 987 2975 1043 nobis
3006 987 3364 1060 appellatus,
3398 991 3735 1045 vestrorum

2080 1081 2324 1132 actuum
2382 1075 2704 1145 gloriosam
2757 1076 3111 1133 memoriam
3164 1078 3564 1148 praeconatur,
3610 1090 3733 1130 me-

2078 1165 2335 1223 moriam
2382 1181 2583 1223 meam
2632 1182 2837 1222 coram
2882 1164 3162 1223 tribunali
3194 1164 3376 1220 futuri
3399 1164 3617 1235 judicis
3645 1164 3732 1221 fa-

2077 1269 2218 1309 vore
2249 1271 2372 1310 suae
2404 1254 2767 1328 acceptionis
2796 1254 2856 1310 in
2890 1258 3112 1319 sortem
3133 1253 3337 1310 ovium
3363 1253 3730 1325 praescribat.

2078 1343 2207 1408 Quo
2258 1359 2295 1398 a
2321 1342 2473 1399 laeva
2521 1343 2584 1399 in
2631 1348 2864 1416 partem
2911 1343 3219 1399 dexteram
3258 1342 3621 1410 demutatus,
3653 1341 3734 1413 pii

2078 1430 2488 1503 Redemptoris
2541 1431 2883 1505 aspectibus
2935 1432 3061 1488 sine
3110 1431 3459 1488 confusione
3500 1445 3735 1486 merear

2075 1518 2335 1593 perfrui:
2394 1520 2679 1594 nulloque
2735 1521 3137 1594 praepediente
3186 1525 3374 1587 reatu,
3424 1519 3505 1574 illi
3555 1520 3732 1576 coetui

307 1605 520 1661 vestris
550 1604 833 1661 laudibus
886 1604 1310 1673 abstraximus,
1342 1610 1445 1662 aut
1486 1605 1560 1661 de
1600 1605 1967 1678 perﬁdorum
1997 1622 2037 1681 Β
2077 1610 2515 1666 communerari
2548 1626 2920 1683 promerear,
2953 1610 3047 1665 cui
3070 1609 3232 1665 idem
3254 1609 3612 1680 Redemptor
3630 1608 3730 1680 pia

298 1694 697 1751 insectatione
752 1695 1145 1751 cessavimus.
1200 1698 1331 1751 Haec
1382 1711 1495 1752 nos
1547 1695 1815 1769 quadam
1861 1710 1967 1768 spe

294 1787 534 1853 cogunt
555 1783 721 1840 laetos
755 1783 1027 1851 existere,
1055 1788 1112 1839 et
1139 1783 1215 1839 de
1239 1783 1555 1841 clementia
1581 1782 1724 1840 boni
1751 1786 1966 1840 Paren-

294 1872 385 1929 tis
417 1871 679 1928 conﬁsos
709 1887 975 1929 manere.
1011 1876 1075 1929 Et
1112 1872 1333 1928 idcirco
1359 1888 1483 1929 non
1518 1887 1615 1929 me
1645 1872 1963 1946 desperare

294 1962 493 2033 hujus
518 1960 693 2017 faciet
712 1960 903 2017 oratio
928 1961 1173 2031 inculta,
1202 1966 1259 2019 et
1287 1961 1420 2018 vilis
1444 1960 1670 2017 oblatio
1700 1961 1968 2018 muneris

381 2090 400 2115 ·
430 2088 534 2142 Pro
560 2086 847 2142 criminis.
881 2086 1087 2141 Senor.

1312 2222 1319 2225 .
1330 2221 1537 2226 __._...._.
1550 2220 1625 2225 __-_.
1640 2219 1785 2226 nm

2074 1712 2220 1753 voce
2260 1696 2529 1754 dicturus
2572 1702 2697 1754 est:
2752 1698 2969 1765 Venite,
3005 1698 3298 1754 benedicti
3346 1696 3552 1753 Patris
3595 1697 3729 1763 mei,

2072 1788 2360 1856 percipite
2384 1793 2671 1855 paratum
2717 1787 3181 1858 vobis‘regnum
3232 1801 3270 1843 a
3309 1786 3732 1843 constitutione

2071 1875 2284 1931 mundi
2313 1875 2549 1948 (Matth.
2575 1892 2712 1947 xxv,
2738 1874 2854 1944 34).

1512 2322 1852 2409 LIBER
1937 2321 2524 2411 SECUNDUS.

1798 2474 2185 2484 *κῇ-...ς

942 2580 1323 2636 ΡΗΑΞΡΑἸΊΟ.

377 2668 667 2737 Contigua
694 2666 878 2739 hujus
929 2666 1178 2723 secundi
1208 2667 1402 2742 aperis
1450 2666 1711 2725 brevitas
1743 2671 1960 2741 marty-

286 2772 435 2815 rum
470 2755 890 2815 tantummodo
930 2755 1247 2813 beatorum
1293 2761 1459 2828 gesta
1489 2772 1818 2830 exponens,
1847 2773 1957 2814 no-

285 2844 489 2913 mina,
518 2846 742 2914 aetates,
771 2852 957 2916 ortus,
984 2845 1233 2919 diesque
1264 2846 1606 2903 allisionum
1634 2846 1794 2904 ﬁdeli
1827 2862 1959 2921 pro-

285 2934 447 2993 feret
466 2931 753 2990 relatione
782 2949 794 2988 :
842 2948 966 3006 quo
996 2933 1264 3005 prudens
1302 2932 1486 2990 lector
1510 2950 1616 3007 per
1644 2933 1958 3009 paululum

287 3022 515 3096 prioris
540 3022 724 3078 libelli
747 3022 962 3079 seriem
980 3021 1331 3094 protelatam
1352 3038 1777 3095 compensans,
1799 3038 1957 3096 quos

288 3109 602 3184 praeconio
633 3126 745 3166 suo
769 3109 1061 3179 extulerit,
1094 3110 1220 3167 sive
1250 3114 1493 3167 econtra
1520 3127 1675 3184 quos
1704 3110 1827 3166 zelo
1858 3108 1959 3167 Dei

295 3202 573 3256 armatus
603 3200 928 3266 incesserit,
961 3199 1193 3257 facilius
1235 3200 1426 3274 possit
1462 3200 1775 3272 conjicere.
1808 3202 1958 3257 Nam

304 3287 481 3359 quod
514 3286 607 3343 ille
652 3289 813 3346 vario
843 3288 1266 3363 disputationis
1306 3288 1537 3345 ambitu
1567 3288 1844 3345 obvolute
1873 3289 1958 3344 di-

304 3373 533 3448 sponit,
563 3375 668 3431 iste
696 3377 1051 3435 enucleatim
1100 3377 1532 3452 compendiosa
1559 3377 1794 3434 disserit
1820 3377 1956 3434 bre-

297 3463 507 3520 vitate.
564 3466 744 3530 Quem
798 3482 906 3538 per
956 3467 1216 3540 capitula
1267 3467 1403 3523 ideo
1460 3466 1842 3536 digessimus,
1894 3470 1959 3525 ut

296 3552 776 3628 uniuscujusque
800 3561 1138 3628 martyrum
1163 3556 1376 3627 agonis
1402 3555 1695 3630 principia
1714 3554 1957 3613 liberius

297 3657 373 3697 se
400 3642 825 3702 meditantibus
850 3645 1215 3703 exhiberem.

847 3788 1071 3843 CAPUT
1110 3786 1409 3843 PRIMUM.

368 3890 451 3946 De
475 3890 771 3962 Perfecto,
802 3892 1147 3964 presbytero
1180 3892 1570 3963 Cordubensi,
1603 3898 1889 3962 martyre.

371 3995 445 4051 In
497 3998 738 4053 nomine
804 3998 1063 4054 Domini.
1124 4000 1426 4068 Regnante
1479 3996 1537 4053 in
1598 4002 1953 4069 perpetuum

284 4084 554 4140 Domino
600 4090 807 4143 nostro
854 4089 992 4143 Jesu
1040 4087 1287 4150 Christo,
1318 4102 1479 4143 anno
1526 4084 1953 4142 incarnationis

280 4176 427 4246 ejus
470 4174 966 4245 octingentesimo
1024 4176 1551 4249 quinquagesimo,
1600 4190 1722 4231 tera
1764 4174 1950 4230 octin-

2070 2578 2399 2653 vapularet,
2423 2579 2785 2639 venerabilis
2816 2580 3122 2636 memoriae
3148 2579 3443 2637 Perfectus
3470 2578 3726 2651 presby-

2068 2670 2173 2736 ter,
2226 2668 2519 2726 Cordubua
2568 2671 2765 2737 natus,
2799 2673 2855 2724 et
2912 2669 3026 2725 sub
3068 2668 3421 2742 paedagogis
3463 2667 3727 2725 basilicas

2069 2757 2258 2814 sancti
2286 2756 2497 2815 Aciscli
2527 2757 2689 2815 clara
2717 2757 3047 2814 eruditione
3073 2757 3351 2819 nutritus.
3378 2756 3726 2830 plenissime

2068 2846 2481 2903 ecclesiasticis
2518 2845 2845 2920 disciplinis
2892 2846 3182 2916 imbutus,
3216 2850 3271 2903 et
3297 2845 3485 2902 vivaci
3513 2844 3729 2902 educa-

2070 2935 2226 2991 tione
2250 2934 2534 2992 litteraria
2563 2940 2773 3008 captus
2805 2937 2900 3007 (4),
2927 2950 3162 2991 necnon
3193 2950 3267 2991 ex
3296 2939 3464 3007 parte
3501 2933 3724 3003 linguae

2068 3024 2334 3080 Arabica;
2385 3024 2679 3093 cognitus,
2715 3029 2898 3080 totam
2956 3039 3110 3097 pene
3151 3023 3526 3094 juventutem
3559 3022 3632 3093 (5)
3663 3023 3725 3077 in

2067 3112 2351 3185 praedicto
2379 3112 2665 3182 transegit
2695 3110 2990 3169 ccenobio.

2048 3222 2067 3233 τ-
2138 3204 2193 3256 2.
2220 3200 2493 3267 Quodam
2515 3216 2657 3256 vero
2682 3200 2777 3256 die
2804 3199 2953 3256 dum
2983 3198 3063 3255 ob
3083 3198 3167 3254 rei
3187 3196 3501 3254 familiaris
3521 3211 3725 3252 neces-

2068 3290 2300 3347 sitatem
2315 3289 2423 3347 iter
2437 3292 2767 3363 perageret,
2782 3293 2839 3345 et
2856 3304 3056 3345 rerum
3075 3287 3545 3344 domesticarum
3565 3302 3726 3344 com-

2067 3378 2263 3435 modis
2284 3378 2623 3451 consulens,
2640 3394 2744 3451 per
2760 3378 2971 3434 urbem
2990 3377 3418 3447 ingrederetur,
3437 3392 3725 3448 quorum-

2067 3463 2208 3520 dam
2240 3456 2550 3534 gentilium
2604 3461 3102 3519 sciscitationibus
3145 3460 3219 3518 de
3266 3460 3385 3517 ﬁde
3432 3459 3726 3519 catholica

2066 3552 2427 3627 exploratur,
2485 3567 2787 3624 suumque
2838 3567 3043 3608 coram
3094 3550 3179 3606 eis
3230 3550 3311 3606 de
3366 3549 3614 3617 Christo,
3669 3551 3727 3605 et

2068 3641 2359 3715 propheta
2388 3641 2690 3699 Mahomat
2718 3640 3124 3699 testimonium
3149 3638 3412 3712 proferre
3456 3637 3722 3710 jubetur.

2068 3731 2179 3797 Qui
2207 3730 2489 3787 continuo
2518 3729 2741 3786 diffuso
2786 3746 2887 3787 ore
2927 3727 3251 3785 divinitatis
3282 3726 3491 3785 Christi
3519 3731 3726 3798 poten-

2066 3821 2210 3877 tiam
2240 3821 2545 3893 proﬁtens,
2575 3823 2633 3876 et
2657 3834 2785 3873 esse
2815 3819 3003 3874 Deum
3043 3832 3224 3890 super
3250 3816 3456 3873 omnia
3482 3815 3725 3871 benedi-

2067 3914 2229 3965 ctum
2280 3909 2339 3964 in
2387 3905 2610 3964 saecula
2649 3921 3043 3980 praeconans:
3079 3928 3106 3955 ‹‹
3131 3908 3335 3961 Vatem
3364 3903 3599 3976 (inquit)
3628 3919 3721 3958 ve-

2067 4002 2255 4053 strum
2297 3996 2552 4069 qualiter
2583 3994 2748 4068 apud
2780 3993 3103 4050 catholicos
3136 3993 3429 4050 habeatur
3469 4007 3725 4065 expone—

2066 4102 2127 4142 re
2154 4102 2278 4142 non
2303 4085 2519 4153 audeo,
2548 4083 2692 4158 quia
2717 4082 2885 4153 gravi
2913 4081 3185 4138 molestia
3212 4086 3456 4156 propter
3474 4082 3590 4146 hoc
3614 4098 3723 4138 vos

2066 4174 2365 4231 vulnerari
2411 4191 2535 4231 non
2581 4171 2847 4243 ambigo.
2881 4174 3096 4228 Verum
3128 4172 3179 4226 si
3209 4170 3404 4228 foedus
3440 4171 3724 4228 interces-

282 4263 634 4336 gentesima
662 4265 1070 4335 octuagesima
1102 4271 1332 4333 octava,
1366 4266 1443 4337 (Ι)
1472 4264 1817 4320 consulatus
1848 4280 1951 4319 au-
1982 4256 2026 4310 D
2068 4266 2205 4321 serit
2253 4263 2588 4329 amicabile,
2622 4266 2678 4320 et
2725 4261 3042 4335 paciﬁcam
3086 4259 3223 4317 ﬁdei
3264 4260 3605 4333 pactionem
3635 4275 3726 4317 ac-

282 4358 416 4409 tem
448 4353 527 4423 (2)
576 4353 1153 4425 Habdarrahagman
1195 4353 1728 4425 vicesimojnono:
1780 4352 1952 4424 cujus

286 4441 669 4513 temporibus
713 4443 893 4499 rebus
948 4448 1006 4499 et
1055 4442 1342 4516 dignitate
1385 4459 1534 4514 gens
1577 4442 1845 4498 Arabum
1889 4440 1951 4498 in

284 4530 604 4602 Hispaniis
635 4536 830 4598 aucta,
858 4538 1088 4590 ‘totam
1134 4548 1286 4607 pene
1332 4532 1629 4589 Hiberiam
1673 4531 1803 4589 diro
1832 4530 1951 4604 pri-

285 4617 516 4689 vilegio
545 4620 862 4694 occupavit
908 4620 986 4693 (3)
1016 4639 1030 4691 ;
1073 4619 1418 4677 Cordubam
1457 4636 1615 4687 vero,
1647 4635 1781 4693 quas
1809 4616 1953 4677 olim

292 4707 555 4765 Patricia
596 4709 623 4749 δ
664 4709 995 4779 dicebatur,
1046 4726 1207 4766 nunc
1259 4709 1523 4766 sessione
1581 4726 1693 4765 sua
1738 4707 1953 4765 urbem

291 4793 528 4863 regiam
574 4798 964 4871 appellatam,
996 4815 1236 4856 summo
1291 4798 1461 4872 apice
1502 4796 1724 4867 extulit,
1764 4798 1953 4853 hono-

288 4882 467 4940 ribus
512 4886 879 4955 sublimavit,
912 4887 1102 4959 gloria
1141 4887 1429 4953 dilatavit,
1478 4885 1696 4943 divitiis
1745 4901 1951 4942 cumu-

282 4973 460 5041 lavit,
489 4981 962 5051 cunctarumque
1009 4976 1355 5033 deliciarum
1403 4974 1613 5033 mundi
1645 4973 1953 5031 afﬂuentia

284 5063 472 5136 (ultra
516 5081 703 5138 quam
755 5066 913 5122 credi
958 5066 1048 5123 vel
1093 5065 1208 5122 dici
1250 5066 1341 5122 fas
1389 5066 1493 5139 est)
1538 5063 1949 5122 vehementius

282 5151 607 5223 ampliavit
638 5171 650 5210 :
681 5158 749 5209 ut
770 5153 833 5210 in
862 5154 1028 5210 omni
1066 5170 1294 5229 pompa
1326 5152 1597 5210 saeculari
1627 5152 1953 5226 praedeces-

285 5255 465 5297 sores
514 5242 747 5312 generis
792 5241 884 5297 sui
932 5258 1103 5313 reges
1158 5241 1486 5311 excederet,
1531 5244 1854 5313 superaret,
1897 5242 1954 5297 et

279 5327 571 5385 vinceret.
620 5334 896 5402 Dumque
938 5330 1052 5386 sub
1099 5331 1226 5404 ejus
1273 5329 1629 5401 gravissimo
1662 5328 1810 5399 jugo
1854 5331 1951 5384 Ec-

281 5417 475 5474 clesia
504 5418 980 5475 orthodoxorum
1010 5435 1276 5489 gemens,
1306 5436 1499 5493 usque
1539 5418 1614 5475 ad
1649 5417 1947 5473 interitum

359 5548 381 5572 ⁸
410 5542 645 5601 Videsis
674 5548 881 5602 notam
910 5543 1012 5602 lib.
1045 5560 1082 5614 ι,
1110 5559 1280 5601 num.
1311 5550 1364 5603 7.

2064 4351 2689 4423 commodatis,dicam
2708 4365 2832 4423 quo
2855 4347 3155 4418 Evangelii
3170 4348 3509 4406 testimonio
3542 4348 3726 4404 deno-

2066 4446 2234 4509 tetur,
2260 4440 2349 4497 vel
2377 4457 2501 4513 qua
2521 4438 2902 4497 veneratione
2924 4455 2960 4495 a
2980 4438 3329 4496 christicolis
3358 4437 3720 4494 excolatur.»

2064 4528 2222 4587 Illico
2253 4528 2662 4587 fraudulenter
2682 4526 2866 4584 ﬁdem
2896 4526 3214 4601 spondent,
3238 4531 3295 4583 et
3320 4524 3621 4598 quidquid
3646 4524 3723 4583 de

2062 4618 2162 4676 illo
2192 4619 2358 4692 apud
2381 4618 2694 4690 religiosos
2721 4622 2972 4685 tenetur,
3002 4615 3171 4673 omni
3199 4615 3376 4688 pulsa
3400 4613 3722 4677 formidine

2064 4722 2342 4764 enarrare
2396 4705 2784 4781 compellunt.
2815 4706 2906 4762 Ad
2950 4704 3077 4761 haec
3120 4703 3388 4779 prudens
3437 4699 3722 4757 sacerdos

2062 4794 2309 4853 Arabice
2361 4793 2494 4853 illos
2532 4795 2913 4868 reciprocans
2944 4793 3423 4869 pseudophetam
3468 4788 3636 4846 illum
3667 4793 3723 4847 et

2064 4882 2451 4941 falsissimum
2480 4883 2930 4954 dogmatistam,
2959 4883 3105 4955 quia
3143 4882 3344 4957 plures
3397 4878 3717 4948 seduxerit,

2062 4991 2136 5031 ex
2182 4972 2502 5043 Evangelio
2559 4970 2819 5047 protulit,
2875 4972 3114 5030 dicens:
3178 4971 3411 5029 «Multi
3468 4969 3721 5040 [senda-

2058 5063 2367 5135 prophetce
2415 5064 2649 5120 venient
2694 5063 2755 5117 in
2809 5063 3045 5119 nomine
3086 5077 3232 5132 meo,
3284 5066 3338 5118 et
3392 5061 3611 5116 multos
3639 5074 3722 5115 se-

2060 5153 2325 5210 ducent:
2376 5157 2432 5209 et
2484 5150 2715 5209 dabunt
2767 5151 2942 5222 signa
3009 5166 3255 5224 magna,
3309 5155 3362 5207 et
3408 5148 3716 5220 prodigia,
3764 5190 3767 5193 .

2061 5242 2144 5297 ita
2175 5246 2240 5298 ut
2271 5241 2334 5298 in
2360 5256 2621 5298 errorem
2651 5239 3040 5307 inducantur,
3063 5244 3118 5295 si
3136 5239 3275 5309 ﬁeri
3292 5243 3505 5309 potest,
3540 5238 3719 5294 etiam

2062 5331 2235 5387 electi
2260 5329 2496 5402 (Matth.
2531 5346 2686 5401 xxrv,
2716 5333 2830 5391 24).
2861 5352 2889 5380 ››
2923 5351 2949 5380 ι‹
2981 5331 3021 5384 Ε
3050 5328 3273 5402 quibus
3294 5327 3447 5385 inter
3473 5330 3719 5383 caeteros

2062 5435 2328 5474 summus
2357 5418 2453 5475 hic
2483 5417 2779 5491 propheta
2808 5421 2997 5475 vester
3016 5418 3200 5474 hostis
3230 5415 3460 5489 antiqui
3490 5413 3723 5488 praesti-

2130 5542 2168 5613 δ,
2190 5544 2266 5596 De
2296 5545 2546 5613 utroque
2561 5542 2735 5613 urbis
2765 5542 3009 5613 nomine
3044 5541 3257 5613 multa
3269 5541 3399 5611 jam
3427 5537 3712 5613 diximus.

2067 5610 2273 5668 Itidem
2297 5610 2374 5669 de
2404 5609 2575 5683 regni
2604 5612 2840 5675 Arabici
2869 5612 3009 5673 sede
3036 5612 3118 5670 ibi
3146 5609 3460 5669 collocata.
3492 5610 3714 5666 Iona.
