4140 6188
218 153 324 206 769

1289 143 1712 203 MEMORIALIS
1754 143 2191 202 SANCTORUM.
2223 174 2289 185 --
2321 145 2450 201 LIB.
2493 145 2561 201 ll.

3522 153 3632 207 ’ΠΟ

217 270 419 329 militis
448 267 734 325 ultionem
763 267 1097 338 effundens,
1130 266 1451 324 nonnullos
1479 267 1553 324 de
1583 265 1872 339 pessimo-
1896 273 1943 326 A
1983 267 2138 323 stitia
2168 267 2395 324 cunctis
2423 267 2796 324 ministravit.
2847 272 2911 326 Et
2937 270 3104 342 quod
3135 270 3212 327 ab
3241 271 3356 328 isto
3387 287 3509 328 uno
3547 271 3634 327 in-

215 377 353 418 rum
375 364 613 414 caterva
634 357 865 428 gurgite
896 357 1118 413 fluviali
1147 357 1459 413 immersit.
1501 353 1872 425 Hegredienti

214 465 482 522 namque
503 447 687 518 vulgo
714 463 751 503 a
773 448 906 503 loco
934 447 1240 509 orationis,
1272 462 1395 520 quo
1424 447 1538 502 ritu
1582 443 1872 514 sacrilego

210 540 380 596 irrita
408 541 547 594 vota
583 536 970 610 persolveret,
1020 536 1288 610 plerique
1323 535 1586 593 ascensis
1616 533 1873 590 navibus

213 629 449 686 l‘dorso
500 631 807 683 vectantur
848 643 1171 699 aequoreo:
1228 631 1510 699 sectoque
1559 623 1774 680 carinis
1819 625 1875 677 et

215 717 464 791 praepeti
518 716 756 785 navigio
809 731 1010 779 amne,
1062 715 1315 772 domum
1353 717 1671 770 revertunt.
1723 716 1874 767 Inter

215 823 376 880 quos
407 822 528 862 una
557 804 941 861 ﬂuctuatione
974 804 1276 860 undarum
1324 820 1531 860 eversa
1573 800 1870 866 navicula,

215 913 359 969 quas
384 895 616 951 octonis
667 894 1049 948 homunculis
1081 893 1418 949 vehiculum
1463 893 1613 948 inter
1659 891 1876 946 ﬂuctus

216 983 562 1056 praestabat,
590 981 818 1051 gremio
849 981 1139 1036 interioris
1171 981 1377 1053 abyssi
1408 979 1877 1036 reconditur.Vix

216 1073 362 1128 inde
385 1070 592 1128 nando
625 1086 726 1126 sex
752 1070 1170 1137 evadentibus,
1202 1070 1323 1126 bini
1352 1069 1668 1140 naufragio
1695 1069 1878 1142 perie-

216 1167 380 1218 runt.
429 1163 497 1218 Ut
541 1176 664 1216 non
707 1165 862 1215 esset
910 1176 1103 1215 vacua
1148 1160 1470 1232 Scriptura,
1513 1176 1650 1232 qute
1694 1158 1875 1214 dicit:

220 1254 346 1322 Ego
367 1251 654 1306 Dominus
676 1250 829 1305 dabo
861 1250 1068 1318 impios
1093 1265 1204 1318 pro
1229 1255 1416 1304 morte
1439 1255 1564 1310 tua,
1594 1254 1648 1304 et
1673 1248 1880 1304 divites

216 1355 335 1410 pro
353 1341 669 1408 sepultura
701 1338 966 1408 tua(lsa.
1000 1354 1115 1404 Llll,
1149 1341 1222 1408 9).
1261 1340 1454 1392 Unum
1484 1336 1643 1392 enim
1674 1337 1734 1392 in
1763 1353 1881 1393 coe-

221 1430 352 1485 lum
385 1426 704 1486 crudelitas
744 1426 1157 1500 persequentis
1182 1426 1488 1499 praemisit,
1517 1431 1574 1482 et
1609 1427 1764 1482 duos
1793 1426 1882 1481 in-

221 1519 366 1575 feris
399 1533 562 1574 sreva
615 1521 934 1589 tempestas
977 1516 1241 1572 fluminis
1283 1515 1599 1572 dedicavit.
1651 1517 1883 1587 Corpus

223 1613 427 1665 autem
469 1606 661 1662 sancti
712 1604 990 1678 martyris
1041 1604 1155 1678 piis
1204 1604 1625 1675 religiosorum
1674 1604 1885 1661 ofﬁciis

224 1699 324 1770 (9),
355 1695 662 1766 dignoque
707 1693 980 1766 praesulis
1009 1699 1066 1750 et
1093 1693 1474 1750 sacerdotum
1503 1693 1793 1767 obsequio
1825 1694 1885 1750 in

224 1784 481 1842 Basilica
511 1783 672 1840 beati
699 1782 912 1839 Aciscli
943 1783 1076 1854 (10),
1109 1783 1170 1838 in
1197 1799 1266 1839 eo
1307 1782 1494 1851 titulo,
1527 1798 1648 1855 quo
1694 1782 1887 1838 felicia

225 1875 360 1946 ejus
387 1872 664 1929 membra
692 1872 1028 1945 quiescunt,
1073 1873 1377 1928 humatur.
1431 1871 1703 1944 Illudque
1747 1887 1885 1945 pro-

225 1961 596 2038 phetismum
622 1961 906 2017 divinitus
935 1977 1037 2018 ore
1063 1961 1192 2032 ejus
1209 1959 1508 2034 prolatum
1529 1960 1604 2016 de
1628 1976 1886 2034 procon-

228 2052 361 2108 sule
389 2051 670 2109 eunucho
700 2050 1080 2107 claviculario
1127 2053 1338 2120 Nazar,
1369 2049 1450 2106 ita
1481 2052 1624 2118 (Deo
1654 2050 1889 2123 dispen-

229 2143 421 2215 sante)
471 2140 785 2214 impletum
835 2145 922 2196 est
970 2145 1033 2196 ut
1077 2155 1314 2196 carcere
1361 2138 1560 2195 adhuc
1606 2139 1889 2210 religatus

230 2230 561 2288 convinctis
587 2230 963 2302 praedixerat.
992 2233 1141 2286 Nam
1167 2228 1526 2301 priusquam
1546 2228 1605 2284 in
1629 2244 1792 2285 anno
1812 2227 1893 2285 al-

233 2326 369 2377 tero
395 2319 656 2392 profanae
688 2318 1082 2375 solemnitatis
1107 2317 1390 2391 paschale
1417 2317 1706 2388 gaudium
1741 2317 1892 2390 peri-

231 2409 389 2469 turis
444 2413 794 2476 occurreret,
849 2408 1050 2466 multis
1099 2412 1236 2465 ante
1302 2406 1515 2464 diebus
1581 2409 1894 2464 eunuchus

231 2499 399 2556 idem
419 2497 717 2554 occubuit.
751 2498 938 2568 lgnita
967 2513 1231 2570 namque
1249 2496 1412 2553 febre
1432 2496 1786 2553 intrinsecus
1806 2496 1893 2552 vi-

234 2603 408 2644 scera
432 2589 562 2658 ejus
589 2585 822 2655 adusta,
854 2591 910 2643 et
933 2587 1021 2658 (ut
1038 2585 1310 2642 nonnulli
1340 2585 1558 2657 ferunt)
1582 2586 1775 2642 toxica
1791 2601 1894 2658 po-

234 2678 398 2735 tione
423 2681 724 2749 corrupta,
757 2681 894 2732 ante
923 2675 1175 2744 obitum,
1208 2675 1356 2731 dum
1407 2680 1652 2746 urgente
1678 2691 1892 2748 corpo-

231 2767 351 2826 rali
394 2767 741 2823 necessitate
789 2765 866 2822 ad
921 2764 1310 2837 purgandum
1357 2764 1560 2820 alvum
1614 2764 1894 2820 secretius

228 2856 586 2914 cubiculum
626 2860 864 2928 peteret,
919 2854 1086 2910 disco
1123 2853 1314 2910 effusa
1345 2858 1505 2922 sunt,
1554 2858 1609 2910 et
1655 2853 1886 2909 interiit.

1918 1630 1954 1683 Β

1979 355 2104 412 ﬁda
2154 360 2603 429 persecutorum
2653 358 2951 414 exsecutio
3015 360 3288 433 primitus
3347 360 3634 417 violenter

1979 444 2240 514 extorsit,
2271 449 2327 500 et
2353 445 2522 517 quod
2550 445 2621 516 in.
2658 446 2822 502 hunc
2881 447 3075 504 calida
3125 449 3633 506 circumventione

1981 533 2294 590 suadendo
2348 534 2688 604 ulciscitur;
2745 538 3138 610 postmodum
3211 538 3274 594 in
3338 539 3632 612 plurimos

1979 622 2135 679 ultro
2161 639 2225 680 se
2259 623 2356 680 tali
2386 623 2710 680 discrimini
2752 626 3067 683 offerentes
3099 628 3421 684 exhorruit.
3471 628 3635 685 Adeo

1981 728 2246 785 namque
2273 717 2492 770 terrore
2523 713 2708 770 nimio
2748 715 3123 772 ethnicorum
3173 717 3528 773 universitas
3574 717 3636 772 in

1981 799 2197 856 horum
2247 817 2570 874 progressu
2614 819 2911 860 concussa
2964 810 3069 875 est,
3127 809 3191 860 ut
3239 804 3636 878 perditionem

1983 889 2321 962 reipublicae
2349 891 2462 961 (1'2)
2492 892 2778 964 regnique
2809 893 2900 948 sui
2930 893 3229 950 excidium
3267 894 3398 964 jam
3439 893 3637 950 immi-

1983 993 2124 1034 nere
2153 979 2558 1044 arbitraretur,
2588 996 2658 1036 ac
2685 985 2922 1036 nostros
2949 981 3198 1038 athletas
3229 982 3307 1038 ab
3327 982 3641 1054 hujusmo-

1985 1065 2047 1122 di
2075 1067 2504 1124 intentionibus
2532 1068 2785 1125 inhiberi
2817 1070 3160 1143 suppliciter
3203 1077 3493 1128 exoraret.
3525 1071 3640 1129 Sed

1987 1170 2118 1224 nos,
2151 1156 2300 1212 sicut
2328 1157 2510 1228 hujus
2529 1157 2860 1213 voluminis
2890 1158 3158 1230 praefatio
3207 1160 3488 1228 continet,
3538 1176 3643 1217 no-

1988 1250 2247 1300 strorum
2293 1246 2702 1316 agonistarum
2747 1250 2968 1315 aetates,
3015 1251 3202 1319 ortus,
3250 1253 3642 1322 temporaque

1989 1333 2307 1390 decisionis
2337 1334 2497 1390 ﬁdeli
2521 1352 2966 1409 prosequamur
2995 1337 3186 1409 stylo;
3232 1343 3298 1394 ut
3339 1339 3506 1411 quod
3553 1339 3642 1396 di-

1991 1422 2126 1478 vino
2159 1440 2402 1479 munere
2430 1424 2642 1495 nobis,§
2671 1430 3007 1498 nostraeque
3051 1427 3208 1484 mtati
3255 1428 3645 1499 conjunctum

1992 1517 2098 1574 est,
2127 1513 2384 1585 propriis
2412 1513 2633 1569 scilicet
2658 1513 2964 1571 obtutibus
2995 1521 3342 1572 sanctorum
3385 1521 3647 1573 contem-

1993 1602 2143 1674 plari
2170 1617 2449 1673 agonem,
2480 1605 2745 1659 venturis
2773 1604 2952 1660 etiam
2986 1605 3219 1662 saeculis
3265 1622 3420 1678 pura
3466 1606 3649 1663 libelli

1994 1693 2174 1747 series
2202 1692 2552 1748 innotescat.
2587 1695 2655 1749 Ut
2683 1693 2872 1749 nostri
2904 1711 3147 1767 quoque
3195 1696 3399 1766 gaudii
3449 1696 3649 1754 futura

1995 1782 2298 1851 generatio
2344 1781 2644 1854 particeps
2671 1781 2793 1851 ﬁat,
2827 1783 2974 1839 dum
3005 1789 3203 1840 mente
3235 1785 3478 1843 credula
3505 1801 3650 1844 vera

1995 1886 2126 1926 esse
2173 1885 2296 1925 non
2349 1870 2596 1937 abnuat,
2650 1887 2785 1944 quae
2834 1871 2949 1928 sibi
2997 1872 3425 1930 catholicorum
3477 1891 3648 1933 man-

1995 1959 2173 2017 dasse
2202 1959 2496 2016 industria
2525 1959 2763 2018 lectitat.

2659 2051 2886 2108 CAPUT
2924 2055 2988 2108 ll.

2359 2140 2446 2195 De
2479 2140 2646 2196 Isaac
2675 2141 2965 2197 monacho
2995 2148 3284 2214 martyre.

2070 2228 2285 2282 Beatus
2299 2226 2499 2299 itaque
2518 2227 2685 2283 Isaac
2705 2243 2780 2283 ex
2800 2228 3032 2284 civibus
3049 2229 3524 2287 Cordubensium
3546 2247 3654 2288 no-

1997 2315 2242 2383 bilibus,
2275 2320 2331 2372 et
2358 2315 2846 2388 locupletioribus
2875 2318 3224 2390 parentibus
3270 2325 3470 2388 natus,
3503 2320 3652 2377 dum

1997 2405 2318 2478 primaevos
2349 2404 2763 2462 adolescentiae
2795 2421 2988 2462 annos
3013 2407 3442 2481 ingrederetur,
3474 2416 3653 2483 atque

1999 2494 2150 2551 inter
2179 2509 2324 2566 opes
2356 2493 2640 2567 bonaque
2666 2496 3002 2566 genitorum
3052 2497 3362 2554 tenerrime
3391 2498 3651 2569 degeret,

2001 2584 2153 2640 adeo
2184 2589 2248 2639 ut
2271 2582 2494 2656 peritus
2523 2589 2580 2640 et
2607 2583 2819 2640 doctus
2849 2584 3057 2656 lingua
3085 2585 3340 2643 Arabica
3365 2587 3442 2659 (t)
3491 2604 3658 2646 excev

2000 2673 2186 2746 ptoris
2216 2672 2557 2744 reipublicae
2587 2672 2784 2730 ofﬁcio
2815 2674 3162 2745 fungeretur
3187 2693 3199 2732 :
3232 2693 3301 2732 ex
3326 2676 3657 2750 improviso

2002 2761 2249 2836 spiritali
2309 2761 2574 2832 ﬂagrans
2643 2763 2876 2831 ardore,
2959 2765 3400 2822 monachorum
3471 2766 3659 2824 vitam

2000 2859 2218 2927 optans
2252 2853 2351 2920 (2),
2379 2851 2662 2908 Tabanos
2691 2852 2957 2909 viculum
2989 2854 3176 2926 petiit,
3218 2856 3326 2928 qui
3372 2856 3434 2912 in
3478 2857 3660 2929 parti-

229 2945 425 3005 Sicuti
449 2945 698 3018 quidam
725 2948 904 3018 poeta
933 2942 1269 2999 christicola
1297 2943 1415 2998 Arii
1461 2941 1645 2999 ﬁnem
1675 2941 1892 2998 descri-
1924 2978 1967 3032 C
2003 2943 2120 2999 bus
2140 2939 2446 3032 aquilonis
2477 2940 2958 3032 inter-praerupta
2984 2943 3301 3032 montium,
3333 2945 3659 3002 etconden-

226 3038 414 3101 bens,
445 3034 680 3092 heroice
708 3033 864 3092 lusit.
896 3033 1103 3090 dicens
1129 3033 1158 3073 ι)
1215 3049 1228 3088 :

372 3177 652 3228 Visceribus
680 3177 801 3226 fusis
822 3191 1002 3226 vacuus
1034 3190 1232 3240 quoque
1262 3183 1430 3226 ventre
1460 3175 1712 3224 remansit.

235 3296 343 3352 Sic
381 3311 642 3368 namque
681 3293 970 3350 Dominus
1018 3296 1274 3366 utroque
1315 3290 1604 3348 miraculo
1653 3289 1900 3347 militem

244 3401 435 3442 suum
484 3384 838 3455 gloriﬁcans,
890 3398 1127 3453 magnae
1185 3381 1311 3456 spei
1362 3381 1582 3438 solatiis
1633 3379 1902 3437 fidelium

242 3479 394 3532 vota
421 3475 784 3542 corroborat,
813 3473 1260 3547 impiorumque
1291 3471 1646 3543 sacrilegam
1678 3470 1905 3528 vanita-

239 3571 373 3623 tem
425 3569 670 3636 stupore
724 3563 1056 3620 vehementi
1096 3562 1392 3619 exturbat.
1444 3562 1578 3618 Hzec
1621 3577 1732 3618 nos
1773 3576 1904 3634 per-

238 3670 452 3729 pauca
481 3669 553 3710 ex
602 3654 778 3723 gestis
828 3651 984 3710 beati
1035 3652 1302 3725 Martyris
1349 3651 1574 3708 dixisse
1628 3650 1902 3720 sufﬁciat,

243 3760 394 3816 qua:
432 3743 566 3798 viris
595 3741 901 3798 catholicis
930 3741 1340 3807 referentibus,
1371 3741 1476 3814 qui
1525 3742 1654 3812 ejus
1695 3744 1903 3796 contu-

242 3830 482 3889 berniis
506 3847 541 3885 a
568 3831 854 3904 principio
879 3831 940 3887 in
970 3830 1224 3886 vinculis
1253 3829 1636 3886 adhaeserunt
1665 3846 1676 3883 :
1713 3827 1821 3884 sed
1852 3831 1909 3883 et

239 3923 526 3995 ipsorum
555 3921 926 3977 ethnicorum
952 3921 1235 3976 relatione
1264 3935 1408 3975 vera
1451 3934 1580 3975 esse
1628 3917 1906 3988 cognovi-

235 4026 412 4079 mus,
445 4009 588 4066 dum
618 4026 728 4066 nos
758 4015 1026 4083 tempore
1056 4006 1514 4081 compeditionis
1541 4011 1762 4061 nostrae
1779 4021 1906 4062 om-

231 4117 377 4167 nes,
408 4117 546 4157 cum
575 4101 798 4174 quibus
835 4100 930 4157 ille
979 4103 1194 4170 Martyr
1249 4099 1483 4155 futurus
1530 4095 1905 4166 morabatur,

228 4193 342 4248 vix
377 4205 609 4262 paucos
648 4190 875 4246 solutos
907 4189 1256 4262 reperimus.
1305 4184 1758 4246 Consummavit
1807 4200 1910 4241 au-

232 4286 367 4337 tem
397 4279 483 4334 vir
513 4278 613 4334 Dei
644 4294 887 4334 cursum
913 4278 1124 4350 agonis
1155 4277 1248 4332 sui
1277 4276 1336 4332 in
1363 4291 1511 4349 pace
1554 4275 1597 4346 (t
1616 4275 1664 4345 t)
1692 4277 1907 4346 quarto

231 4368 489 4428 decimo
517 4367 809 4424 kalendas
837 4368 1052 4434 maias,
1083 4367 1179 4424 die
1205 4371 1372 4424 sexta
1413 4365 1580 4435 feria,
1613 4379 1753 4431 aera,
1784 4378 1910 4436 qua

237 4473 445 4532 supra
473 4457 830 4513 adnotatum
861 4461 970 4513 est.

316 4555 377 4606 6.
414 4550 526 4602 Res
558 4563 698 4602 vero
721 4547 864 4603 tanti
891 4545 1172 4602 facinoris
1201 4545 1262 4600 in
1290 4543 1564 4600 sacrdote
1582 4540 1911 4608 commissi,

239 4639 477 4696 multos
504 4635 626 4691 otio
659 4652 886 4692 securae
915 4633 1306 4692 confessionis
1339 4649 1442 4706 per
1471 4631 1708 4688 deserta
1749 4645 1918 4686 mon-

241 4730 427 4795 tium,
469 4734 526 4784 et
559 4741 813 4784 nemora
861 4723 1246 4781 solitudinum
1294 4722 1354 4778 in
1405 4720 1504 4777 Dei
1552 4720 1917 4794 contempla-

241 4819 422 4876 tione
451 4818 735 4884 fruentes,
768 4815 847 4872 ad
878 4817 1089 4886 sponte
1118 4817 1176 4868 et
1201 4810 1439 4886 publice
1469 4809 1917 4878 detestandum,

237 4914 305 4966 et
334 4905 829 4964 maledicendum
860 4904 1220 4959 sceleratum
1267 4905 1469 4957 vatem
1515 4899 1747 4956 exsilire
1793 4913 1925 4960 coe.

239 4999 361 5070 git,
401 4996 767 5069 majorisque
798 4993 1028 5050 ardoris
1054 4991 1323 5048 fomitem
1368 4988 1664 5046 moriendi
1691 5005 1800 5062 pro
1822 4989 1921 5060 ju-

319 5133 348 5158 ι
376 5119 672 5178 Pluviales
701 5119 906 5176 lintres
938 5134 1121 5174 naves
1169 5132 1275 5190 per
1308 5115 1666 5172 abusionem
1709 5130 1921 5188 quam-

242 5194 406 5251 dam
439 5197 635 5249 vocat.
668 5195 884 5248 MORAL.

317 5267 348 5307 ιι
379 5263 587 5321 Sedul.
613 5263 715 5320 lib.
749 5279 765 5318 ι
794 5264 966 5321 Oper.
999 5259 1273 5317 Paschal.
1305 5259 1462 5315 circa
1486 5258 1590 5314 fin.

319 5347 349 5410 ξ
377 5334 692 5410 usuardus
724 5334 783 5390 in
810 5327 1229 5410 Martyrologio
1258 5331 1332 5386 ad
1378 5330 1556 5410 diem.
1588 5333 1618 5384 3
1642 5327 1924 5408 juniiooc-

235 5405 540 5465 cubuisse
561 5407 646 5462 ait
673 5410 950 5462 sanctum
982 5408 1167 5468 Isaac,
1196 5417 1358 5460 anno
1405 5405 1592 5457 aetatis
1635 5405 1921 5467 vigesimo

237 5478 545 5552 septimo:
568 5477 734 5552 quod
756 5476 890 5533 licet
915 5475 1324 5552 Henschenius
1349 5469 1728 5552 ignoraverit,
1761 5469 1921 5551 unde

234 5540 346 5608 ille
379 5540 685 5622 acceperit
711 5565 825 5604 nos
858 5549 1158 5622 credimus
1188 5563 1325 5602 cum
1374 5543 1632 5622 Henrico
1664 5540 1920 5622 Florezio

235 5623 409 5679 bene
431 5612 703 5694 potuisse
728 5619 1069 5694 _Usua_rdum
1098 5633 1234 5674 eam
1260 5632 1390 5672 rem
1419 5612 1924 5694 Cordubze‘inqui-

237 5709 408 5762 rere,
432 5687 583 5750 cum
607 5691 692 5748 ibi
718 5690 840 5748 fere
863 5689 1019 5746 duos
1047 5705 1286 5747 menses
1307 5687 1734 5760 permansisset
1762 5699 1924 5740 anno

1940 4336 1982 4390 D

2008 3047 2078 3088 sa
2106 3029 2391 3086 silvarum
2421 3029 2678 3102 septenis
2707 3029 2788 3085 ob
2815 3029 2962 3086 urbe
3009 3030 3364 3088 milliaribus
3405 3032 3658 3102 distans,

2007 3118 2457 3177 formosissimis
2488 3118 2547 3173 in
2587 3119 3002 3176 exercitatione
3045 3120 3178 3175 vitae
3208 3122 3554 3178 monasticae
3580 3122 3662 3178 vi-

2007 3223 2213 3266 rorum
2243 3212 2420 3279 atque
2449 3206 2800 3264 ancillarum
2833 3207 2934 3264 Dei
2957 3209 3302 3265 rumoribus
3324 3210 3659 3267 decoratur.

2011 3296 2317 3370 Siquidem
2335 3295 2397 3352 in
2419 3295 2633 3352 eodem
2658 3296 2930 3352 coenobio
2951 3298 3149 3354 virum
3173 3315 3414 3355 summa
3433 3299 3663 3356 timoris

2012 3387 2111 3444 Dei
2141 3385 2470 3442 reverentia
2489 3383 2805 3458 praeditum
2831 3385 3186 3443 Hieremiam
3211 3389 3541 3460 patruelem
3561 3389 3666 3446 ha-

2010 3476 2191 3534 bebat
2215 3493 2227 3532 :
2260 3475 2365 3549 qui
2391 3475 2569 3532 etiam
2599 3474 2856 3548 inclytus
2882 3476 3121 3550 opibus,
3142 3477 3448 3552 rebusque
3473 3478 3666 3535 abun-

2011 3567 2187 3636 dans,
2221 3570 2278 3622 et
2304 3564 2526 3636 conjux
2555 3565 2686 3636 ejus
2732 3565 3083 3622 venerabilis
3115 3565 3434 3633 Elisabeth,
3487 3583 3558 3624 ac
3604 3566 3669 3623 li-

2012 3655 2160 3721 beri,
2193 3658 2435 3726 totaque
2464 3669 2616 3725 pene
2664 3655 2941 3724 cognatio
2973 3660 3216 3726 sumptu
3263 3656 3506 3730 proprio
3537 3656 3669 3712 fun-

2014 3745 2301 3800 damenta
2327 3743 2514 3816 ipsius
2552 3742 2808 3798 crrnobii
2848 3744 3156 3815 jacientes,
3205 3745 3544 3802 divinarum
3591 3746 3670 3802 le-

2015 3848 2161 3904 gum
2189 3831 2760 3904 perennia'ihaasuri
2789 3831 3101 3904 obsequio,
3146 3833 3381 3904 pridem
3427 3849 3556 3889 sese
3597 3849 3668 3890 eo

2015 3921 2407 3979 contulerant.
2436 3919 2520 3974 Ibi
2550 3935 2656 3992 per
2682 3919 3001 3975 triennium
3025 3920 3238 3976 beatus
3268 3926 3430 3978 Isaac
3447 3921 3562 3978 sub
3582 3937 3672 3978 re-

2017 4009 2324 4082 gularibus
2340 4007 2692 4080 disciplinis,
2708 4023 2812 4063 seu
2829 4008 2943 4064 sub
2961 4009 3437 4066 reverentissimo
3450 4010 3672 4067 abbate

2017 4098 2260 4158 Martino
2288 4095 2587 4170 praedictae
2615 4096 2850 4153 feminae
2880 4097 3077 4164 fratre,
3110 4098 3169 4153 in
3201 4105 3408 4156 sancto
3455 4117 3673 4174 propo-

2019 4188 2129 4244 sito
2157 4186 2439 4252 militans,
2468 4185 2764 4258 extemplo
2794 4185 3073 4242 divinitus
3103 4186 3450 4256 illustratus,
3474 4189 3673 4246 forum

2021 4277 2250 4341 adiens,
2273 4275 2540 4347 judicem
2570 4275 2753 4347 petiit,
2786 4279 2843 4332 et
2871 4275 3079 4332 ordine
3100 4293 3223 4349 quo
3249 4277 3310 4333 in
3325 4279 3674 4350 praefatione

2021 4365 2154 4423 libri
2191 4364 2482 4438 disposui,
2515 4363 2666 4420 felici
2695 4364 2861 4421 obitu
2888 4365 3001 4421 sub
3051 4367 3390 4424 testimonio
3439 4367 3675 4425 Domini

2023 4454 2208 4512 nostri
2231 4454 2373 4510 Jesu
2396 4452 2609 4509 Christi
2637 4454 2708 4525 (3)
2737 4454 2797 4510 in
2825 4455 3038 4512 eadem
3064 4455 3228 4525 regia
3266 4457 3432 4518 urbe.
3468 4458 3544 4528 (4)
3568 4461 3677 4512 ter-

2023 4545 2103 4602 tio
2129 4559 2325 4599 nonas
2343 4542 2569 4614 junias,
2598 4541 2743 4599 feria
2767 4549 3002 4616 quarta,
3035 4560 3155 4600 tera
3184 4545 3677 4613 octingentesima

2024 4632 2434 4702 octuagesima
2464 4647 2628 4689 nona
2652 4639 2674 4668 ο
2703 4633 3001 4690 occubuit.
3037 4635 3218 4705 Cujus
3249 4651 3465 4708 corpus
3491 4649 3677 4706 equu-

2024 4722 2117 4779 leo
2149 4737 2533 4794 suspensum,
2579 4726 2716 4795 post
2757 4721 2984 4794 aliquot
3030 4723 3055 4759 ἀ
3083 4722 3211 4779 dies
3238 4740 3376 4780 cum
3429 4722 3676 4794 caeteris,

2027 4809 2132 4884 qui
2157 4826 2296 4865 eum
2335 4809 2627 4867 imitando
2677 4809 2862 4867 decisi
2903 4815 3059 4880 sunt,
3113 4811 3506 4886 rapacissimo
3554 4811 3680 4883 igni

2029 4897 2443 4964 commissum,
2469 4913 2661 4970 usque
2682 4897 2761 4954 ad
2788 4898 3057 4955 ultimam
3088 4898 3352 4956 favillam
3379 4900 3681 4956 minutum

2029 4991 2137 5059 est,
2168 5002 2239 5043 ac
2264 4985 2545 5059 deinceps
2573 4988 2736 5043 amni
2775 4987 3151 5061 perdendum
3180 4987 3533 5045 immersum
3567 4992 3678 5045 est.

2030 5111 2522 5193 octingentesimo
2551 5111 3053 5193 quinquagesimo
3077 5117 3314 5193 octavo,
3327 5129 3450 5186 quo
3481 5129 3684 5193 aspor-

2031 5183 2174 5256 tavit
2195 5183 2447 5256 Parisios
2480 5199 2553 5238 ex
2570 5182 2678 5256 illa
2690 5182 2850 5256 urbe
2867 5199 3121 5256 corpora
3141 5182 3486 5242 sanctorum
3509 5182 3684 5241 Geor-

2030 5254 2110 5336 _g_ii
2157 5254 2456 5322 monachi,
2507 5253 2744 5336 Aurelii,
2771 5260 2868 5336 ἐξ
2901 5253 3201 5336 Nathaliee.
3246 5257 3387 5313 Vide
3431 5261 3576 5313 tom.
3617 5257 3680 5311 Χ.

2031 5328 2733 5479 Ηιὲῐῖἀίὲιῗιῖἒέμξίἃξὸὴῖξῐῗῖ
2877 5331 3415 5479 egitdsefigdiefum;
3442 5396 3548 5454 sed
3568 5411 3684 5479 nos

2030 5485 2189 5542 cum_
2218 5469 2587 5542 Henschenio
2635 5470 2768 5542 dies
2808 5469 3158 5542 reponimus
3205 5470 3284 5525 ob
3331 5470 3391 5526 id
3421 5469 3683 5542 maxime

2078 5539 2195 5596 uod
2223 5540 2504 5610 Eulogius
2532 5541 2592 5596 in
2623 5539 2951 5610 praefatio'n.
2979 5543 3298 5598 Memoria!
3344 5557 3512 5598 num.
3545 5546 3591 5593 2.
3623 5539 3683 5593 in

2078 5557 2195 5596 ιιοα
2223 5557 2504 5610 nuiogius
2532 5557 2592 5596 In
2665 5557 2848 5596 r8318.“

2029 5557 2135 5668 gn.
2167 5609 2382 5668 eodem
2411 5611 2594 5668 modo
2623 5557 2848 5681 legerit.
