4140 6188
486 179 585 233 ’ΠΙ

1135 287 1361 344 CAPUT
1398 288 1467 340 Ill
1478 325 1491 339 .

974 398 1062 453 De
1084 394 1327 451 Sanctia
1357 396 1647 461 martyre.

562 527 810 583 Sanctus
842 537 978 579 vero
1007 519 1278 579 Sanctius
1305 516 1543 579 auditor
1561 516 1783 581 noster,
1802 508 1988 567 laicus
2004 503 2143 563 ado-

486 616 715 674 lescens
743 613 845 685 (l),
873 628 946 668 ex
976 608 1214 668 Albensi
1242 606 1467 681 oppido
1495 603 1694 661 Gallia
1719 602 1977 656 Comatae

488 682 841 778 captivatus,
883 716 1044 757 nunc
1080 704 1283 757 autem
1327 700 1405 766 (2)
1449 694 1600 750 inter
1657 682 2144 778 militares-regis

488 775 707 868 pueros
731 790 880 847 liber
907 788 1312 863 praescriptus,
1346 789 1403 843 et
1429 781 1731 853 regalibus
1752 775 2007 835 annonis
2034 788 2143 828 nu-

489 862 683 946 tritus,
715 881 776 937 in
807 862 1020 936 eadem
1052 876 1198 934 urbe
1230 874 1393 946 regia
1422 872 1535 931 sub
1583 870 1795 927 eadem
1826 862 2143 941 professio-

489 987 586 1040 ne,
617 970 695 1041 (3)
717 984 909 1025 nonas
932 966 1157 1039 junias,
1188 980 1309 1021 aera
1348 977 1472 1037 qua
1515 974 1721 1032 supra,
1775 955 1921 1012 feria
1958 955 2143 1018 sexta,

489 1062 825 1135 prostratus
853 1062 946 1114 est
969 1065 1017 1127 ⁸,
1046 1059 1104 1112 et
1132 1052 1372 1110 affixus.

1140 1179 1364 1236 CAPUT
1402 1177 1489 1231 IV.

490 1310 579 1367 De
608 1310 809 1378 Petro,
851 1304 1233 1367 Walabonso,
1280 1300 1629 1363 Sabiniano,
1686 1289 2146 1355 Wistremundo,

741 1394 1060 1464 Habcnlio,
1093 1399 1145 1449 et
1175 1390 1479 1447 Hieremia
1508 1384 1900 1457 martyribus.

566 1524 885 1580 Veniamus
931 1536 1094 1576 nunc
1132 1519 1213 1576 ad
1260 1517 1428 1574 illum
1475 1513 1789 1587 mysteriih
1816 1508 2029 1566 senarii
2059 1523 2149 1562 sa-

1674 158 1733 214 s.
1772 148 2053 209 ευιοθιι
2088 140 2411 202 ΛΙθΠΙΕΡ.
2450 140 2692 199 τοιη

2169 270 2213 324 Α
2248 267 2359 323 Iste
2390 264 2520 322 talis
2550 280 2621 321 ac
2648 266 2851 322 tantus
2904 275 3045 318 cum
3094 259 3272 315 beato
3312 267 3454 312 sene
3492 254 3786 311 Hieremta
3817 256 3902 324 (9)

3764 96 3899 187 In:

2247 356 2345 424 (de
2388 370 2514 427 quo
2553 368 2736 426 supra
2789 352 2956 409 aﬁ'ati
3011 365 3241 416 sumus,
3278 346 3503 419 quique
3548 344 3725 400 etiam
3755 344 3910 400 inter

2248 448 2493 500 ceteros
2539 442 2641 499 Dei
2692 458 2897 499 servos
2947 440 2975 477 ἀ
3020 440 3139 513 fuit
3197 435 3527 494 acrioribus
3570 433 3914 490 stimulatus

2249 532 2473 604 ﬂagris)
2504 532 2803 589 occubuit.
2829 531 2899 586 Hi
2921 546 3025 587 sex
3042 528 3153 586 viri
3175 524 3479 584 fortissimi
3507 528 3563 581 et
3583 523 3919 597 praeclaris-

2251 621 2407 689 simi,
2457 620 2637 676 simul
2667 620 2745 678 ad
2795 617 3270 693 expugnandum
3302 615 3536 669 hostem
3560 612 3917 685 improbum

2251 710 2700 777 descendentes,
2732 725 2945 765 omnes
2987 706 3159 780 quasi
3190 721 3262 762 ex
3292 718 3416 759 uno
3460 717 3561 758 ore
3607 701 3916 758 clamave-

2251 806 2409 871 runt,
2432 800 2696 856 dicentes
2729 816 2741 854 ε
2775 822 2804 850 ‹‹
2840 802 2904 855 Et
2931 814 3043 854 nos
3070 797 3185 853 sub
3206 795 3419 851 eadem
3450 792 3845 867 professione,
3873 806 3916 847 ο

2248 891 2455 962 judex,
2510 906 2851 957 manemus,
2912 887 3270 961 quapridem
3340 883 3664 940 confratres
3716 881 3923 938 nostri

2255 977 2615 1034 sanctissimi
2646 982 2813 1033 Isaac
2865 979 2921 1032 et
2971 974 3244 1032 Sanctius
3280 971 3627 1027 deciderunt
3657 987 3671 1026 :
3697 982 3926 1025 exerce

2256 1067 2631 1134 sententiam,
2655 1064 3068 1122 credulitatem
3097 1076 3415 1133 exaggera,
3448 1066 3506 1115 et
3532 1061 3592 1115 in
3621 1058 3928 1115 ultionem

2257 1156 2341 1212 tui
2367 1155 2518 1212 vatis
2545 1155 2683 1211 totis
2729 1154 3051 1210 exardesce
3077 1150 3401 1207 furoribus.
3427 1149 3717 1215 Quoniam
3746 1148 3932 1204 Chri-

2257 1250 2417 1301 stum
2449 1247 2634 1300 Deum
2665 1243 2952 1299 veraciter
3001 1241 3373 1306 conﬁtentes,
3407 1236 3689 1310 praevium
3738 1236 3926 1292 Anti~

2259 1334 2483 1401 cbristi,
2515 1337 2572 1389 et
2601 1337 2905 1390 auctorem
2945 1329 3181 1403 profani
3229 1327 3530 1397 dogmatis
3582 1331 3768 1382 vatem
3792 1341 3932 1381 ve-

2259 1429 2448 1480 strum
2478 1438 2610 1479 esse
2664 1422 3036 1494 profitemur,
3077 1422 3311 1491 Vosque
3340 1415 3539 1475 lethali
3570 1430 3739 1471 succo
3766 1431 3933 1487 pro-

2258 1512 2539 1587 phetismi
2577 1512 2707 1582 ejus
2750 1509 3016 1577 infectos,
3056 1513 3113 1564 et
3158 1506 3452 1562 virulenta
3488 1502 3934 1576 medicamine

494 1611 897 1671 cratissimum
921 1613 1258 1681 martyrum
1290 1605 1561 1675 globum,
1588 1602 1693 1675 qui
1722 1616 1841 1657 uno
1867 1597 1985 1666 die,
2008 1610 2153 1652 una-
2184 1626 2222 1680 Β
2260 1601 2465 1658 Zabuli
2523 1600 2893 1673 propinatos,
2947 1603 3172 1653 aeterna
3221 1594 3611 1668 postmodum
3661 1593 3935 1649 luitur-os

494 1719 614 1776 que
638 1702 787 1757 hora
813 1698 927 1754 sub
960 1698 1077 1753 ictu
1109 1694 1404 1752 saevientis
1433 1690 1737 1750 mucronis
1761 1688 1840 1745 ob
1884 1685 2151 1743 testimo-

495 1792 666 1850 nium
688 1788 952 1847 veritatis
978 1785 1155 1844 occisi
1187 1787 1345 1840 sunt.

568 1886 621 1945 2.
656 1882 695 1935 E
724 1876 948 1951 quibus
996 1878 1206 1933 Petrus
1237 1871 1516 1929 sacerdos
1546 1871 1619 1941 (t)
1657 1869 1718 1925 in
1748 1867 1897 1924 urbe
1947 1862 2155 1933 Astigi-

497 1974 640 2027 tana
666 1966 1033 2041 progenitus,
1085 1965 1182 2035 (2),
1214 1968 1271 2019 et
1300 1967 1545 2019 sanctus
1586 1958 1981 2016 Walabonsus
2024 1954 2152 2010 dia-

499 2075 689 2115 conus
727 2056 805 2113 ab
855 2060 931 2127 (3‘)
988 2051 1282 2127 Eleplensi
1329 2050 1563 2107 civitate
1611 2051 1869 2114 exortus,
1921 2044 2155 2116 utrique

499 2147 801 2223 prioribus
848 2144 1036 2202 coaevi
1082 2142 1465 2214 martyribus,
1517 2137 1862 2197 Cordubam
1912 2133 2153 2223 studies

497 2220 829 2295 meditandi
855 2235 1163 2298 adeuntes,
1194 2229 1546 2288 liberalibus
1584 2224 1914 2299 disciplinis
1960 2220 2155 2279 traditi

501 2331 658 2385 sunt.
691 2323 807 2381 Sed
836 2326 954 2380 Deo
977 2322 1211 2378 fautore
1241 2318 1507 2380 scientia,
1531 2321 1589 2373 et
1605 2314 1878 2372 doctrina
1901 2312 2157 2383 Scriptu-

502 2431 705 2472 rarum
736 2411 1049 2485 pollentes,
1096 2408 1209 2465 sub
1240 2406 1511 2478 Frugello
1547 2404 1767 2466 abbate
1793 2400 2155 2459 monasterio

503 2507 726 2560 sanctas
768 2505 827 2557 et
866 2498 1138 2569 gloriosae
1184 2495 1440 2566 Virginis
1490 2493 1681 2551 Mariae
1727 2489 2153 2565 praeﬁciuntur.

504 2589 675 2656 Quod
708 2588 783 2659 (4)
806 2588 869 2644 in
896 2587 1030 2643 vico
1073 2584 1398 2654 Cuteclara,
1429 2598 1553 2639 non
1582 2580 1762 2650 longe
1804 2579 1882 2637 ab
1919 2578 2069 2634 urbe
2096 2577 2155 2633 in

504 2681 674 2752 parte
693 2673 1067 2740 occidentali,
1092 2672 1381 2745 praeclaro
1411 2669 1766 2729 ancillarum
1800 2670 1899 2725 Dei
1937 2683 2157 2741 propo—

505 2768 617 2825 sito
638 2764 923 2824 enitescit.
949 2764 1198 2822 Sanctus
1208 2776 1452 2833 quoque
1472 2758 1831 2817 Sabinianus
1847 2758 1920 2829 (ὅ)
1936 2773 2010 2814 ex
2026 2757 2160 2813 vico

508 2854 801 2917 Froniano
829 2855 1129 2911 montanae
1161 2848 1582 2919 Cardubensis,
1603 2849 1733 2919 jam
1748 2846 1942 2914 plenae
1956 2846 2163 2917 juven—

509 2946 650 3005 tutis
677 2941 1035 3012 monachus,
1061 2944 1248 3006 ortus,
1288 2943 1346 2995 et
1391 2932 1879 2994 Wisiremundus
1909 2952 1982 2991 ex
2020 2934 2164 2990 Asti-

509 3034 609 3108 gia
636 3032 988 3093 adolescens
1019 3033 1322 3100 strenuus,
1346 3044 1379 3085 e
1395 3026 1671 3085 coenobio
1695 3027 1776 3097 (6)
1796 3024 1986 3082 sancti
2003 3023 2165 3096 Zoyli

507 3121 906 3190 Armilatensi,
935 3135 1060 3193 quo
1097 3118 1331 3175 dudum
1382 3116 1495 3175 sub
1523 3116 1751 3187 regula,
1800 3115 1895 3171 vel
1945 3114 2165 3171 abbate

510 3230 574 3272 se
599 3212 896 3270 dederunt
926 3226 940 3266 :
974 3223 1130 3267 unus
1157 3223 1196 3264 a
1219 3210 1489 3279 tempore
1517 3204 1701 3274 longo
1731 3203 1793 3260 in
1822 3203 2029 3260 castris
2060 3205 2167 3259 Do-

510 3304 659 3361 mini
688 3301 952 3360 militans
984 3315 997 3355 :
1048 3294 1526 3353 Wistremundus
1568 3310 1712 3351 vero
1758 3309 1952 3367 nuper
1996 3308 2062 3348 se
2104 3292 2165 3348 in

510 3390 673 3447 idem
710 3387 1056 3446 coenobium
1082 3384 1413 3455 conferens,
1447 3383 1526 3440 ad
1580 3383 1937 3455 martyrium
1981 3381 2165 3438 ambo

511 3477 877 3533 discurrunt.
928 3472 1038 3539 Qui
1084 3472 1251 3528 locus
1281 3487 1434 3543 pene
1482 3488 1519 3529 a
1566 3471 1849 3528 Corduba
1902 3471 1962 3527 in
1997 3474 2164 3543 parte

514 3560 931 3635 septentrionis
977 3560 1218 3628 triginta
1263 3564 1321 3616 et
1374 3560 1633 3632 amplius
1684 3560 2034 3618 milliaribus
2076 3560 2165 3617 di-

514 3657 700 3718 stans,
714 3648 1120 3706 vastissimam
1129 3647 1491 3703 horretinter
1505 3647 1740 3704 deserta
1760 3649 2055 3705 montium
2078 3664 2168 3704 so-

513 3738 860 3796 litudinem:
893 3736 971 3794 ad
992 3737 1165 3807 cujus
1194 3734 1358 3792 collis
1382 3735 1635 3807 radices,
1658 3752 1780 3809 quo
1801 3737 1962 3794 idem
1988 3737 2167 3794 situm

513 3834 621 3899 est,
656 3830 731 3902 (7)
757 3827 985 3885 ﬂumen
1012 3824 1300 3882 Armilata
1324 3825 1686 3891 discurrens,
1717 3842 1944 3898 magno
1990 3827 2166 3900 pisci-

516 3919 789 3979 culorum
816 3918 1025 3976 solatio
1053 3916 1318 3973 inediam
1348 3915 1573 3974 refovet
1601 3918 2060 3975 monachorum.
2086 3920 2169 3974 Ex

516 4026 640 4083 quo
668 4008 849 4064 etiam
871 4006 1261 4063 Armilatense
1296 4006 1643 4064 coenobium
1671 4007 2024 4080 appellatur.

590 4102 641 4156 3.
674 4096 1061 4154 Beatissimus
1096 4112 1239 4153 vero
1268 4096 1590 4153 Habentius
1635 4096 1789 4153 virili
1826 4098 1957 4169 jam
1998 4099 2169 4152 aetate

518 4187 833 4262 perfectus,
865 4203 898 4243 e
919 4185 1145 4244 civibus
1187 4185 1693 4255 Cordubensibns,
1730 4186 2168 4243 monachorum

518 4278 702 4334 vitam
732 4276 1038 4333 obiectans
1066 4276 1167 4347 (8),
1190 4275 1379 4332 sancti
1417 4275 1824 4348 Christophori
1862 4279 2167 4331 monaste-

519 4365 678 4422 rium
694 4362 957 4431 incoluit,
980 4362 1147 4438 quod
1170 4363 1349 4419 situm
1370 4367 1458 4419 est
1483 4363 1544 4418 in
1561 4332 1969 4435 spectaculum
1981 4360 2164 4432 urbis,
2197 4332 2243 4387 θ

518 4454 580 4511 in
600 4457 769 4528 parte
790 4451 1034 4510 australi
1059 4466 1239 4523 super
1258 4449 1625 4522 crepidinem
1640 4450 1977 4508 ulteriorem
1994 4451 2165 4508 Betis.

521 4544 726 4618 Ibique
755 4541 973 4601 saeculo
1002 4543 1296 4610 mortuus,
1325 4538 1567 4609 Christo}
1585 4543 1786 4597 autem
1812 4540 1925 4597 sub
1970 4544 2173 4598 arctis-

523 4635 680 4692 sima
705 4632 911 4704 regula
941 4631 1186 4701 degens,
1219 4631 1423 4700 utpote
1466 4633 1801 4701 spontaneo
1849 4630 2071 4687 carceri
2108 4647 2171 4687 se

519 4724 787 4791 tradens,
819 4720 953 4778 altis
996 4717 1394 4776 maceriarum
1435 4717 1681 4790 sepibus
1719 4719 2170 4804 circumclusae,

521 4813 844 4884 ferreisque
866 4809 1104 4867 laminis
1141 4808 1301 4865 intus
1333 4807 1413 4865 ad
1440 4823 1686 4865 carnem
1726 4808 2035 4883 obseptus.
2066 4825 2174 4885 per

521 4900 811 4958 fenestras
858 4914 921 4955 se
968 4895 1430 4955 adventantibus
1475 4897 1797 4957 exhibebat
1835 4899 2170 4957 visendum.

593 5049 621 5076 ι
654 5036 1253 5120 Perprostrationem
1282 5041 1340 5093 et
1357 5037 1993 5120 aﬂlixionemmodum
2004 5034 2175 5120 illum

527 5108 809 5185 supplicii
828 5109 1073 5185 indicat,
1099 5108 1183 5185 ait
1190 5108 1643 5185 fapebrocbius
1671 5112 1751 5169 ad
1777 5112 1983 5185 ἀίεωὸ
1999 5111 2153 5185 junii

526 5153 2178 5266 ἷιὶῖιῖξι“ἱτῖν⁵ἓ’τὲὗ’ἆῗῖί’ὖνῖοῗτοΐᾶῗῦιτὸἶὶέ

527 5250 725 5324 tionis,
738 5252 934 5325 qualis
956 5250 1304 5308 censebatur
1321 5253 1624 5325 Sanctius,
1647 5250 2054 5325 extenduntur
2072 5254 2179 5311 lm-

527 5326 629 5393 mi,
660 5324 964 5381 transacto
977 5337 1092 5393 per
1115 5337 1330 5394 corpus
1349 5325 1492 5394 palo
1516 5324 1916 5394 conﬁngendi,
1937 5339 2072 5381 cum
2086 5339 2176 5382 eo-

529 5411 640 5469 que
658 5397 724 5452 in
746 5396 936 5469 altum
957 5394 1227 5469 erigendz'
1247 5396 1311 5451 in
1332 5395 1569 5469 tangam
1593 5399 1841 5469 mortem
1862 5400 1917 5450 et
1936 5395 2178 5454 credule

527 5464 975 5548 spectaculum,
989 5464 1145 5538 quod
1163 5464 1615 5548 impalationem
1643 5465 1743 5548 έιέξ
1763 5471 2020 5548 vocant.

600 5539 627 5580 δ
656 5541 735 5595 De
766 5535 981 5595 senarii
998 5535 1240 5594 humeri
1252 5535 1567 5607 mysteriis
1593 5535 1782 5607 multa
1798 5538 2059 5594 Joannes
2079 5540 2177 5596 Ta-

529 5611 729 5684 majus
756 5607 992 5670 Salazar
1032 5607 1095 5666 in
1122 5604 1510 5679 martyrclcg.
1552 5605 1801 5681 Hispan.
1842 5608 1925 5668 ad
1950 5609 2113 5669 diem
2140 5614 2174 5667 7

2260 1694 2560 1748 tormenta
2580 1689 2832 1744 scientes
2855 1686 3151 1753 dolemus,
3169 1689 3554 1757 vestramque
3574 1682 3932 1749 orbitatem,

2261 1784 2319 1837 et
2336 1778 2739 1850 ignorantiam
2768 1776 2911 1833 satis
2931 1774 3247 1831 deﬂemus.
3270 1795 3298 1823 ››
3323 1776 3449 1829 Haec
3470 1787 3611 1828 cum
3636 1770 3936 1828 animoso

2262 1869 2473 1942 spiritu
2525 1866 2714 1923 sancti
2763 1864 2861 1922 Dei
2910 1863 3162 1937 professi
3212 1866 3353 1918 sunt
3397 1861 3598 1918 statim
3635 1858 3937 1916 decollari

2259 1957 2566 2030 jubentur.
2593 1956 2728 2012 Pius
2762 1960 2964 2010 tamen
3012 1953 3258 2008 beatum
3299 1965 3504 2007 senem
3533 1949 3934 2018 Hieremiam,

2264 2046 2464 2103 nescio
2490 2045 2569 2102 ob
2597 2061 2784 2118 quam
2816 2043 3209 2100 assertionem
3237 2040 3485 2110 ﬂagellis
3517 2038 3766 2109 graviter
3790 2053 3935 2093 ce-

2263 2154 2422 2207 sum,
2450 2142 2506 2193 et
2534 2137 2684 2191 inter
2713 2136 2850 2201 ipsa
2877 2133 3131 2189 verbera
3178 2133 3263 2203 (ut
3308 2131 3505 2186 ferunt
3550 2133 3930 2193 emortuum,

2264 2227 2362 2282 vix
2391 2225 2721 2281 haerentem
2755 2221 3062 2293 gressibus
3092 2220 3252 2276 foras
3277 2222 3599 2275 traxean
3633 2216 3738 2283 Qui
3754 2230 3938 2273 mar»

2271 2320 2435 2388 tyres
2466 2313 2616 2369 dum
2649 2312 2725 2368 ad
2758 2311 2955 2367 locum
2988 2307 3365 2367 mactationis
3389 2307 3749 2371 accederent,
3765 2305 3938 2361 invi-

2266 2420 2397 2461 cem
2449 2419 2583 2459 sese
2636 2401 2815 2474 quasi
2846 2400 2921 2456 ad
2952 2398 3165 2472 epulas
3193 2396 3540 2453 invitarunt.
3586 2398 3648 2451 Et
3697 2393 3937 2465 primo-

2263 2492 2513 2567 quidem
2543 2489 3005 2547 reverentissimi
3035 2488 3131 2543 Dei
3161 2485 3421 2542 ministri
3450 2485 3661 2552 Petrus,
3687 2487 3742 2537 et
3764 2478 3930 2538 Wa-

2264 2582 2557 2639 labonsus
2581 2585 2840 2649 ruentes,
2868 2577 3065 2635 centeri
3116 2575 3401 2648 deinceps
3448 2574 3557 2630 sub
3584 2572 3779 2629 eodem
3808 2570 3922 2642 iu-

2267 2671 2550 2743 gulantur
2592 2673 2922 2735 momento,
2958 2668 3069 2739 (10)
3098 2665 3354 2738 septimo
3403 2662 3620 2720 scilicet
3660 2661 3789 2717 idus
3814 2660 3931 2732 ju—

2267 2760 2422 2823 nias,
2456 2759 2601 2816 feria
2629 2759 2848 2831 prima,
2879 2770 3001 2813 sera
3022 2771 3147 2828 qua
3176 2769 3380 2827 supra.
3415 2755 3678 2819 Quorum
3705 2765 3934 2822 corpo-

2269 2865 2339 2907 ra
2364 2848 2669 2921 stipitibus
2713 2846 3042 2917 deﬁgentes
3085 2847 3223 2917 post
3262 2842 3493 2915 aliquot
3515 2851 3538 2877 ε
3563 2840 3795 2896 dierum
3820 2854 3937 2895 va-

2273 2939 2536 2994 stissimo
2564 2938 3065 2992 consummarunt
3086 2931 3385 3002 incendio,
3410 2944 3747 3002 eorumque
3773 2929 3938 2985 cine-

2273 3043 2368 3083 res
2398 3024 2741 3100 perpendos
2770 3023 3005 3081 ﬂumini
3034 3019 3425 3078 tradiderunt.

2932 3147 3161 3207 CAPUT
3200 3149 3264 3203 V.

2592 3260 2679 3316 De
2713 3256 3046 3316 Sisazando
3087 3256 3271 3313 levita
3306 3259 3596 3325 martyre.

2346 3384 2608 3457 Denique
2637 3382 2813 3439 levita
2860 3380 3269 3438 sanctissimus
3323 3377 3695 3437 Sisenandus
3746 3377 3821 3450 (1)
3862 3393 3937 3433 ex

2276 3474 2519 3531 Pacensi
2546 3471 2770 3543 oppido
2825 3477 3015 3529 ortus.
3060 3469 3402 3526 Cordubam
3449 3467 3669 3523 intuitu
3704 3467 3939 3523 discen-

2276 3564 2335 3618 di
2389 3562 2672 3618 advectus
2719 3563 2826 3625 est,
2857 3558 3059 3632 ibique
3109 3558 3271 3632 apud
3319 3556 3681 3613 beatisssimi
3723 3555 3939 3613 Aeiscli

2273 3651 2608 3719 basilicam,
2640 3665 2764 3722 qua
2803 3665 3022 3721 corpus
3067 3647 3340 3719 ejusdem
3393 3646 3675 3717 martyris
3702 3646 3942 3719 requie-

2275 3741 2402 3806 scit,
2443 3739 2699 3808 digniter
2751 3738 3063 3801 enutritus,
3114 3741 3179 3793 ut
3230 3736 3358 3809 ipse
3405 3734 3807 3792 familiaribus
3844 3751 3941 3791 re-

2272 3831 2421 3901 tulit,
2477 3827 2866 3885 invitantibus
2916 3843 2977 3883 se
3005 3826 3371 3884 beatissimis
3417 3826 3593 3881 Petro
3642 3828 3703 3881 et
3748 3824 3947 3881 Wala-

2273 3920 2468 3977 bonso
2510 3920 2638 3991 jam
2690 3917 2842 3973 coelo
2897 3915 3263 3989 martyribus
3315 3914 3638 3982 collocatis,
3700 3919 3940 3986 marty-

2273 4009 2429 4066 rium
2460 4022 2703 4082 quoque
2742 4012 2800 4063 et
2840 4007 2967 4079 ipse
3006 4020 3329 4075 aggressus
3362 4008 3469 4060 est.
3521 4002 3630 4070 Qui
3670 4002 3821 4057 dum
3875 4002 3944 4058 in

2274 4113 2512 4155 carcere
2554 4096 2838 4165 religatus
2887 4099 3177 4164 maneret,
3204 4093 3449 4149 tradunt
3472 4091 3631 4166 quod
3659 4090 3942 4163 prophe-

2277 4187 2393 4242 tico
2436 4185 2761 4241 illustratus
2804 4182 3033 4257 spiritu,
3082 4181 3335 4254 patibuli
3382 4181 3475 4237 sui
3513 4182 3722 4237 horam
3766 4192 3945 4251 prse-

2282 4276 2443 4331 scius
2472 4273 2850 4330 nuntiaverit.
2884 4277 3033 4330 Nam
3062 4272 3335 4346 quodam
3363 4271 3459 4327 die
3487 4287 3628 4327 cum
3677 4284 3953 4344 respon-

2279 4378 2417 4422 sum
2442 4362 2685 4419 cuidam
2713 4362 2908 4419 amico
2937 4377 3000 4418 se
3041 4360 3431 4432 interroganti
3478 4362 3729 4433 aptaret,
3760 4361 3951 4432 eique

2277 4451 2764 4526 reciprocationis
2848 4450 3138 4507 schedam
3204 4449 3505 4520 scriberet,
3574 4447 3768 4505 tribus
3835 4454 3956 4506 aut

2276 4546 2540 4617 quatuor
2588 4541 2719 4614 jam
2773 4540 3023 4612 digestis
3088 4538 3418 4606 versiculis,
3479 4538 3679 4595 subito
3745 4538 3957 4596 nimia

2277 4631 2570 4688 hilaritate
2611 4630 2913 4704 perfusus,
2950 4628 3170 4686 caelesti
3212 4627 3672 4703 quodammodo
3703 4628 3957 4698 gaudio

2277 4726 2604 4793 vegetatus,
2621 4726 2679 4778 et
2696 4720 2830 4777 loco
2852 4719 3131 4775 sessionis
3153 4736 3275 4776 sum
3296 4734 3687 4790 consurgens,
3709 4719 3959 4775 astanti

2279 4826 2471 4885 puero
2517 4808 2817 4867 schedulm
2859 4808 3151 4881 portitori,
3199 4807 3295 4865 cui
3341 4807 3514 4864 miles
3565 4806 3753 4864 Chriti
3801 4808 3960 4864 neci-

2280 4900 2516 4975 procari
2539 4897 2907 4969 intendebat,
2938 4895 3394 4971 semiscriptam,
3425 4902 3491 4954 ut
3516 4902 3666 4970 erat,
3696 4913 3956 4956 accom-

2278 5042 2431 5116 junii
2449 5043 2669 5123 horum
2698 5044 3033 5123 martyrum
3053 5040 3397 5114 passionem
3420 5056 3955 5100 commemorans.

2283 5116 2366 5170 Ea
2391 5112 2568 5169 nobis
2618 5112 3011 5169 transcnbere
3034 5112 3258 5170 placuit
3280 5115 3342 5167 in
3374 5111 3646 5170 Scholiis.
3688 5114 3955 5170 quando

2288 5114 2366 5170 Ba
2391 5114 2568 5239 ngbis
2618 5114 3011 5194 transcribere
3034 5114 3342 5194 placuitin
3374 5114 3646 5183 Scholiis,
3688 5114 3957 5187 quando

2288 5182 3545 5311 Ρῖθίίιῖἓιεέῗῗιῗοὲἓιὲἓηὲἳδἱὲἓέἒὲεεοηρπ.
3576 5269 3688 5311 nro
3738 5258 3957 5311 sm

2353 5263 2377 5291 ο
2408 5259 2632 5337 Litteris
2658 5259 3065 5336 incumbendi.
3097 5259 3545 5336 Meditationem
3568 5269 3688 5381 Pro
3738 5259 3953 5314 studio

2284 5325 2668 5409 D._Eulqgius
2705 5326 3082 5409 usurpathic
3108 5330 3167 5409 et
3192 5326 3365 5409 infra,
3400 5341 3531 5409 cap.
3599 5330 3655 5409 ς).
3690 5327 3953 5409 Sason.

2355 5398 2383 5435 ιι
2410 5396 2715 5470 Addimus
2724 5396 2938 5470 fhitfex
2952 5396 3085 5469 ipso
3116 5396 3520 5470 Papebrochio
3545 5397 3623 5454 ad
3648 5399 3958 5456 eumdem

2282 5469 2464 5539 diem,
2496 5485 2637 5526 cum
2665 5468 2905 5541 aliunde
2927 5468 3137 5524 sensus
3162 5468 3854 5541 imperfectusmaneat.

2355 5550 2378 5624 τ
2416 5542 2709 5624 Suppleas
2750 5539 2868 5624 hic.
2896 5539 3310 5624 intervatlmn,
3342 5544 3407 5597 ut
3451 5540 3589 5623 fecit
3635 5542 3964 5615 Papebro-

2283 5610 2454 5673 chius
2473 5610 2624 5682 [ἦτοι
2646 5611 2777 5685 lege
2802 5610 2945 5682 dies,
2967 5615 3037 5670 ut
3061 5615 3238 5671 antea
3262 5610 3627 5675 monuimus.
