4140 6188
225 170 335 229 773

1308 173 1739 237 MEMORIALIS
1770 170 2211 231 εΑηανοΒυι.
2243 196 2311 214 ι·-
2341 172 2472 229 LIB.
2508 176 2571 229 ll.

3544 180 3649 245 776

218 296 504 365 modans,
536 296 737 352 multis
798 292 1178 354 audientibus
1233 301 1315 356 ait
1345 318 1358 355 :
1413 323 1442 351 ‹‹
1474 300 1703 358 Recede
1754 312 1884 354 mo—
1920 298 1968 351 Α
2000 293 2076 349 de
2122 306 2347 352 corona
2362 296 2625 354 victoria;
2650 295 2934 363 conﬁsus,
2969 295 3311 355 satisfacere
3359 298 3385 339 ιι
3427 301 3656 374 optioni

219 385 325 454 do,
358 383 459 452 ﬁli,
512 400 588 441 ne
640 386 870 459 impetu
910 387 1227 444 satellitum
1279 390 1686 463 opprimaris;
1743 403 1889 461 quo-

218 474 387 530 niam
422 476 550 544 jam
601 479 872 548 potestas
920 477 1299 535 tenebrarum
1352 479 1606 536 vinculis
1650 494 1746 535 me
1793 493 1889 533 ex-

217 563 456 621 trahere
509 564 883 638 praecipiens,
937 581 1097 624 nunc
1162 568 1590 626 decollandum
1647 565 1890 624 sibimet

217 652 546 710 exhibebit.
571 671 602 707 »
634 657 768 711 Post
792 656 951 711 hanc
990 657 1369 729 prophetiam
1410 657 1706 715 immobili
1736 672 1886 713 sem.

216 756 329 816 per
358 754 571 813 gressu
602 742 736 815 ipso
778 745 1147 817 persistente,
1181 747 1396 803 eodem
1442 750 1753 803 momento
1778 761 1885 800 vo-

219 830 537 887 ciferantes
581 831 815 889 ﬁctores
874 833 1216 903 adveniunt,
1277 851 1540 910 eumque
1597 833 1885 909 praecipiti

219 920 423 975 furore
452 919 529 977 ad
560 919 785 980 locum.
818 936 942 994 quo
968 924 1323 996 martyrium
1353 930 1481 981 erat
1502 938 1885 981 consumma-

219 1014 412 1079 turus,
470 1011 691 1083 pugnis
765 1010 1077 1085 alapisque
1147 1015 1441 1072 credentes
1526 1014 1882 1087 perducunt.

217 1099 421 1169 Pergit
448 1099 547 1155 Dei
577 1099 843 1157 famulus
892 1100 1234 1159 laetantibus
1289 1104 1506 1160 animis
1534 1104 1609 1160 de
1665 1116 1889 1159 corona

219 1188 482 1243 victoriae
528 1192 749 1253 certus,
774 1189 881 1261 qui
911 1190 988 1245 ad
1019 1190 1256 1247 cmleste
1300 1192 1640 1249 convivium
1673 1192 1887 1247 exhor-

220 1276 488 1334 tantibus
519 1276 742 1334 sanctis
779 1278 973 1335 fuerat
1019 1280 1318 1337 invitatus.
1356 1282 1446 1339 Sic
1488 1297 1754 1354 namque
1796 1280 1889 1351 ju-

221 1365 337 1421 dici
368 1368 782 1437 prtesentatus,
815 1367 1030 1423 eadem
1080 1385 1203 1441 qua
1232 1369 1398 1441 prius
1451 1369 1785 1426 constantia
1826 1367 1886 1423 in

220 1458 432 1509 sancta
460 1453 835 1510 confessione
885 1456 1245 1527 perdurans,
1274 1457 1563 1514 delicatus
1615 1455 1887 1531 ephebus

220 1541 484 1612 gloriosa
522 1548 712 1598 morte
754 1550 1103 1616 peremptus
1164 1550 1269 1614 est,
1302 1551 1481 1619 atque
1538 1547 1887 1603 inhumatus

1997 382 2127 454 ejus
2182 386 2553 456 promittens,
2579 401 2704 443 non
2740 389 2881 458 post
2928 384 3151 442 multos
3208 386 3335 443 dies
3384 392 3655 463 martyrii
3682 415 3701 421 -

1997 471 2108 539 sui,
2141 472 2334 530 ﬁdelis
2363 490 2619 547 sponsor
2646 490 2787 531 cum
2836 489 3071 532 carcere
3130 474 3500 545 absolutum,
3534 482 3654 538 Deo

1994 559 2244 629 fautore,
2272 563 2528 635 propriae
2567 563 2699 621 urbi
2742 561 3010 621 restituit.
3043 563 3499 623 Consummavit
3545 583 3654 631 au-

1995 653 2117 706 tem
2144 651 2247 706 Dei
2280 667 2487 707 servus
2511 651 2869 724 martyrium
2898 667 3076 708 suum
3105 652 3167 708 in
3191 668 3341 725 pace
3371 655 3450 725 (3)
3484 656 3653 714 tertio

1994 735 2229 795 decimo
2258 738 2550 797 kalendas
2576 740 2835 809 augusti,
2867 740 3013 797 feria
3040 741 3325 798 secunda.
3358 758 3480 800 aera
3526 761 3651 819 qua

1997 840 2201 897 supra.
2234 828 2415 899 Cujus
2457 829 2713 886 cadaver
2763 829 3163 898 inhumatum,
3196 835 3252 888 et
3292 836 3430 890 ante
3490 832 3647 891 fores

1993 914 2200 987 palatii
2251 916 2622 989 derelictum,
2670 922 2807 991 post
2832 919 3157 976 nonnullos
3198 920 3325 977 dies
3365 938 3649 995 quorum-

1994 1002 2139 1061 dam
2193 1004 2461 1062 ﬁdelium
2519 1005 2857 1063 curiositate
2913 1006 3071 1063 clam
3126 1007 3450 1074 sublatum,
3507 1026 3647 1066 cum

1993 1089 2155 1147 beati
2182 1092 2557 1149 Theodemiri
2586 1093 2662 1165 (4)
2686 1094 3103 1150 Carmonensis
3133 1098 3414 1154 monachi
3443 1114 3650 1171 corpo-

1995 1195 2079 1247 re,
2111 1180 2276 1253 apud
2295 1182 2705 1239 sanctuarium
2733 1182 2999 1255 praedicti
3023 1185 3302 1256 martyris
3321 1186 3484 1259 Zoyli
3503 1202 3646 1245 con-

1995 1268 2187 1326 ditum
2217 1276 2322 1327 est.
2357 1272 2468 1338 Qui
2495 1276 2552 1328 et
2574 1273 2701 1345 ipse
2724 1272 2965 1341 juvenis
2991 1277 3133 1345 post
3170 1278 3334 1330 sexta
3379 1274 3497 1347 die,
3523 1292 3648 1349 qua.

1997 1364 2238 1415 sanctus
2262 1359 2482 1416 decidit
2507 1361 2744 1429 Paulus,
2775 1360 2835 1417 id
2867 1365 2955 1419 est
2981 1361 3055 1433 (5)
3095 1366 3308 1419 octavo
3353 1362 3646 1422 kalendas

1996 1446 2253 1516 augusti,
2285 1446 2431 1504 feria
2459 1448 2734 1520 septima,
2761 1465 2883 1505 sera
2936 1465 3058 1521 qua
3112 1465 3317 1523 supra,
3345 1451 3647 1523 occubuit,

1995 1540 2282 1603 regnante
2312 1535 2566 1593 Domino
2591 1541 2793 1593 nostro
2821 1539 2964 1594 Jesu
2991 1537 3237 1605 Christo,
3270 1538 3375 1610 qui
3412 1544 3651 1596 sanctos

218 1646 345 1705 prie
378 1630 605 1686 foribus
632 1630 835 1703 palatii
873 1632 1188 1690 derelictus
1243 1641 1348 1701 est,
1382 1636 1457 1706 (2)
1486 1636 1742 1708 septimo
1787 1633 1887 1690 de-
1917 1662 1957 1717 Β
1996 1638 2142 1717 suos
2174 1623 2421 1694 adjuvit,
2453 1629 2509 1681 et
2527 1626 2836 1683 coronavit
2862 1626 2923 1682 in
2951 1642 3099 1698 pace
3125 1627 3189 1683 in
3219 1626 3441 1685 saecula
3468 1644 3651 1687 saecu-

220 1719 381 1775 cimo
404 1718 695 1775 kalendas
725 1720 966 1789 augusti
1013 1720 1159 1777 feria
1204 1722 1433 1794 quinta,
1465 1739 1586 1779 tera
1629 1739 1746 1796 qua
1783 1738 1885 1777 su-

219 1823 352 1881 pra.
411 1807 593 1879 Cujus
642 1823 786 1863 ossa
814 1813 949 1881 post
980 1809 1201 1867 multos
1245 1807 1391 1880 dies,
1425 1812 1688 1870 donante
1740 1812 1882 1880 Deo,

220 1911 259 1951 a
309 1895 681 1967 quibusdam
736 1896 1089 1953 mulieribus
1144 1899 1386 1958 inventa
1435 1901 1585 1956 inter
1646 1900 1883 1972 lapillos

218 1983 396 2050 alvei,
428 1984 488 2039 in
509 1983 776 2056 praedicti
800 1986 1082 2058 martyris
1108 1987 1319 2043 Aciscli
1340 1988 1545 2046 aulam
1569 1988 1884 2061 deportata

220 2071 655 2129 reconduntur.

880 2146 1107 2205 CAPUT
1134 2148 1221 2204 Vl.

222 2234 417 2292 Pauli
432 2235 673 2292 diaconi
709 2234 1126 2304 Cordubensz‘s,
1158 2244 1215 2295 et
1265 2238 1638 2296 Theodemiri
1680 2252 1884 2295 monar-

799 2308 900 2365 chz‘
924 2311 1314 2381 martyrium.

306 2395 552 2451 Sanctus
576 2410 716 2452 vero
747 2395 962 2453 Paulus
992 2406 1017 2432 ⁸
1066 2397 1415 2459 contribulis
1457 2400 1681 2461 noster,
1710 2401 1767 2454 et
1790 2396 1885 2453 hic

220 2483 403 2541 levita
430 2483 839 2555 dignissimus,
872 2502 1011 2543 cum
1049 2487 1246 2561 primo
1294 2487 1708 2545 adolescentiae
1740 2488 1883 2544 ﬂore

220 2580 661 2643 venustaretur,
692 2591 722 2631 e
774 2575 1004 2633 civibus
1057 2576 1547 2636 Cordubensibus
1611 2577 1887 2651 progeni-

220 2667 346 2730 tus,
382 2663 637 2738 simplex
668 2663 919 2734 aifatim,
948 2665 1258 2734 obediens,
1290 2672 1347 2724 et
1371 2667 1698 2735 humanus,
1728 2683 1885 2724 sem-

218 2768 335 2826 per
390 2753 706 2809 carceratis
781 2769 969 2826 opum
1034 2755 1435 2814 miserationis
1504 2755 1885 2830 impendens,

219 2841 392 2915 apud
416 2841 732 2898 basilicam
759 2843 832 2914 (t)
879 2859 1016 2916 quas
1081 2844 1347 2919 corporis
1404 2845 1562 2902 beati
1609 2844 1890 2918 martyris

219 2930 390 3004 Zoyli
426 2932 752 3004 praesentia
796 2931 1148 3001 illustratur,
1178 2934 1541 3007 spiritalibus
1599 2933 1888 2991 enutritus

1994 1711 2430 1770 lorum.Amen.
2464 1726 2487 1756 ο

2643 1785 3014 1844 CAPUT‘VII

2171 1874 2398 1932 Nunilc
2428 1880 2481 1935 et
2510 1875 2751 1939 Alodza,
2784 1877 3043 1947 virgines
3065 1882 3119 1933 et
3148 1883 3469 1947 martyres.

2066 1964 2384 2036 [lucusque
2412 1963 2597 2020 ﬁnem
2620 1964 2755 2019 libri
2779 1965 3025 2021 secundi
3073 1982 3201 2023 esse
3244 1966 3648 2037 decreveram,

1992 2050 2306 2123 hucusque
2337 2051 2663 2108 terminum
2694 2057 3038 2111 sanctorum
3070 2054 3149 2110 ad
3177 2055 3528 2126 hujusmodi
3548 2071 3650 2128 pa-

1992 2139 2251 2203 lmstram
2304 2140 2669 2197 currentium
2713 2158 2841 2197 esse
2887 2147 3260 2214 putaveram.
3284 2146 3400 2200 Nec
3440 2158 3649 2216 quem-

1992 2244 2181 2301 quam
2204 2233 2341 2302 post
2370 2233 2453 2285 tot
2476 2228 2823 2286 discrimina
2843 2230 3240 2289 Ecclesiarum
3256 2236 3650 2305 nostrumque

1994 2332 2298 2374 carcerem
2324 2316 2464 2375 talia
2509 2319 2838 2376 certamina
2884 2319 3162 2392 opinatus
3220 2336 3356 2376 sum
3413 2335 3654 2392 aggres—

1995 2422 2224 2462 surum.
2254 2405 2477 2463 Verum
2509 2407 2652 2480 quia
2677 2412 3024 2465 sanctorum
3067 2425 3389 2465 numerum
3436 2424 3654 2482 praesa-

1996 2510 2074 2566 ga
2100 2494 2378 2553 divinitas
2408 2495 2607 2553 adhuc
2637 2496 2995 2570 disponebat
3043 2496 3249 2568 augeri
3281 2496 3490 2554 talium
3517 2512 3653 2571 pro-

1994 2583 2273 2654 fessione,
2331 2584 2466 2640 ideo
2517 2586 2911 2658 postmodum
2959 2585 3371 2660 quorumdam
3424 2590 3655 2643 mentes

1995 2673 2309 2748 multiplici
2334 2674 2547 2732 ardore
2572 2674 2985 2747 inﬂammans,
3012 2675 3213 2749 plures
3245 2676 3543 2749 prioribus
3573 2675 3654 2734 ad

1996 2762 2143 2820 illud
2172 2762 2835 2821 destinavitcertamen.
2879 2767 2945 2821 Et
2999 2763 3179 2821 simili
3226 2765 3472 2838 quidem
3513 2770 3654 2822 voto

1998 2869 2068 2910 ac
2099 2852 2593 2924 magnanimitate
2624 2858 2864 2911 caeteros
2901 2852 3202 2920 imbuens,
3234 2853 3413 2923 viros,
3442 2853 3653 2913 mulie-

1997 2957 2113 3007 res,
2164 2945 2222 2998 et
2244 2941 2529 3015 parvulos
2555 2940 2635 2997 ad
2663 2941 3007 2997 exercitium
3036 2941 3377 3015 praeliorum
3407 2958 3654 2998 suorum

214 3028 312 3078 est
336 3021 687 3094 disciplinis.
726 3023 837 3088 Qui
862 3024 1138 3097 exemplo
1189 3024 1548 3081 sanctissimi
1607 3024 1888 3081 Sisenan-
1919 3019 1959 3072 Ο
1999 3028 2267 3086 armavit.
2300 3032 2414 3085 Nec
2443 3029 2769 3102 quisquam
2795 3029 2874 3084 ad
2902 3029 3082 3086 talem
3107 3033 3453 3101 tantamque
3476 3046 3657 3102 praes-

214 3110 286 3169 di
320 3111 626 3185 verboque
654 3111 995 3184 instinctus,
1036 3112 1408 3186 principibus
1433 3117 1489 3169 et
1540 3112 1891 3170 consulibus

213 3202 501 3260 assistere
528 3218 656 3261 non
679 3202 990 3271 extimiuit,
1057 3219 1282 3276 eosque
1310 3204 1386 3261 de
1410 3204 1671 3260 vanitate
1708 3202 1894 3259 cultu-

222 3305 316 3346 rae
344 3306 488 3359 sum,
516 3297 574 3348 et
600 3292 881 3349 scelerosi
910 3293 1061 3349 vatis
1112 3294 1347 3350 insania
1384 3309 1667 3363 arguens,
1701 3292 1891 3349 Chris-

230 3382 369 3434 tum
397 3395 635 3451 quoque
663 3382 851 3437 Deum
889 3380 1179 3441 veraciter
1226 3383 1590 3453 conﬁtendo,
1618 3397 1892 3456 peremp-

225 3470 333 3522 tus
359 3472 467 3524 est.
500 3468 701 3526 Fertur
733 3475 959 3543 tamen,
993 3488 1132 3527 cum
1160 3471 1359 3528 adhuc
1390 3489 1624 3530 carcere
1671 3473 1892 3528 detine-

220 3562 414 3624 retur,
447 3558 796 3631 imploratus
841 3577 876 3616 a
912 3561 1184 3617 Tiberino
1239 3562 1486 3618 Pacensi
1519 3562 1890 3635 presbytero,

222 3648 339 3721 qui
367 3648 419 3704 ei
447 3649 528 3705 ita
556 3648 828 3706 dicebat:
863 3673 889 3702 ‹‹
916 3650 1127 3707 Obtine
1153 3651 1511 3707 solutionem
1557 3668 1759 3708 meam
1798 3667 1896 3708 co-

222 3754 369 3797 ram
396 3738 669 3810 Domino,
700 3738 872 3796 beate
921 3739 1211 3811 minister,
1241 3745 1297 3797 et
1339 3742 1523 3811 digno
1561 3740 1897 3797 interventu

227 3833 364 3894 tuo,
387 3826 528 3883 dum
558 3832 886 3885 coronatus
919 3829 1145 3886 Christo
1168 3831 1529 3903 perveneris,
1552 3830 1897 3902 longaevum

232 3935 275 3974 a
302 3933 399 3972 me
429 3921 678 3974 careeris
710 3917 1053 3991 squalorem
1083 3935 1359 3975 amove.»
1392 3922 1527 3975 Erat
1556 3918 1895 3976 enimidem

231 4004 514 4064 sacerdos
534 4023 690 4081 pene
723 4008 926 4079 viginti
949 4025 1141 4064 annos
1170 4008 1469 4078 ergastulo
1494 4009 1894 4081 mancipatus,

225 4096 442 4153 nescio
471 4095 551 4151 ob
578 4095 746 4169 quod
773 4096 998 4153 crimen
1047 4102 1362 4154 accusatus
1406 4098 1484 4155 ab
1522 4096 1777 4152 inimicis
1806 4113 1899 4153 co-

220 4202 365 4243 ram
395 4200 554 4257 rege.
581 4184 693 4250 Qui
712 4185 1023 4259 presbyter
1044 4184 1460 4244 ﬂorentissima
1482 4184 1680 4242 adhuc
1687 4185 1898 4257 juven-

218 4279 355 4330 tute
377 4274 761 4346 prtepollens,
786 4290 855 4330 ac
879 4273 1032 4330 virili
1052 4275 1337 4348 prmditus
1358 4279 1666 4331 venustate
1690 4274 1784 4345 (2),
1818 4268 1898 4330 illi

2001 3117 2222 3191 criptus
2251 3116 2545 3183 militiam,
2575 3116 2796 3173 resilire
2825 3134 2862 3174 a
2890 3116 3214 3173 certamine
3260 3121 3511 3190 poterat.
3546 3120 3655 3175 Cu-

1996 3206 2095 3278 jus
2124 3203 2489 3262 vocabulum
2520 3204 2772 3261 coslestis
2790 3204 2941 3261 liber
2978 3208 3248 3261 notatum
3279 3221 3316 3262 a
3362 3204 3654 3278 principio

2003 3294 2207 3352 saeculi
2234 3292 2546 3362 retinebat,
2577 3309 2841 3366 suasque
2869 3295 3019 3349 vires
3063 3293 3143 3349 ad
3172 3293 3273 3365 buj
3285 3294 3523 3350 usmodi
3550 3310 3656 3367 pa-

1999 3386 2262 3442 leestram
2314 3383 2531 3440 divinis
2562 3384 2809 3440 ausibus
2862 3400 3126 3441 crescere
3169 3383 3469 3442 cernebat.
3497 3385 3655 3450 Quo-

2002 3492 2138 3533 rum
2164 3475 2432 3544 nomina,
2465 3478 2688 3543 aetates,
2720 3478 3008 3546 gestaque
3048 3473 3340 3529 bellorum
3386 3490 3495 3529 suo
3523 3473 3657 3530 loco

2002 3582 2072 3622 ac
2122 3571 2388 3637 tempore
2449 3562 2834 3636 disponenda
2889 3566 3044 3618 sunt.
3088 3562 3255 3618 Prius
3312 3566 3514 3618 autem
3561 3561 3660 3618 illa

2004 3659 2351 3715 sanctorum
2378 3658 2603 3725 troptea
2627 3651 3041 3709 elucubranda
3067 3655 3224 3721 sunt,
3251 3668 3389 3726 quae
3409 3650 3558 3708 ratio
3583 3654 3659 3721 ti)

2005 3748 2062 3802 et
2092 3760 2300 3800 cursus
2331 3742 2636 3800 mensium
2675 3740 3000 3798 ordinatim
3035 3744 3099 3797 ut
3128 3745 3260 3797 acta
3288 3740 3529 3797 fuerunt
3557 3738 3661 3796 ad-

2006 3832 2187 3901 ducit,
2216 3831 2351 3888 licet
2368 3830 2430 3888 in
2461 3830 2590 3887 aliis
2620 3829 2965 3899 regionibus
2992 3822 3158 3898 gesta
3178 3828 3520 3886 exstiterint.
3547 3826 3662 3886 Sed

2006 3921 2151 3994 quia
2180 3936 2302 3977 una
2332 3925 2422 3977 est
2472 3917 2767 3975 confessio
2817 3934 2950 3990 quae
3004 3922 3284 3989 utrosque
3335 3915 3659 3987 coronavit,

2004 4009 2286 4081 idemque
2316 4013 2553 4080 tempus
2586 4005 2753 4079 quod
2781 4010 3069 4078 utrosque
3118 4020 3225 4081 per
3279 4002 3525 4061 feralem
3551 4004 3663 4061 im-

2005 4097 2287 4171 pietatem
2314 4096 2372 4152 in
2400 4095 2621 4152 coelum
2646 4094 2962 4169 praemisit;
2993 4110 3127 4151 reor
3155 4092 3492 4150 absurdum
3537 4108 3663 4150 non

2007 4202 2158 4254 esse,
2184 4186 2348 4258 quod
2376 4189 2724 4258 competens
2748 4182 3057 4241 annotatio
3084 4187 3292 4240 nostra
3318 4188 3663 4241 sanctorum

2010 4275 2354 4347 agminibus
2381 4291 2482 4332 eos
2518 4274 2787 4343 inseruit,
2818 4277 2875 4329 et
2896 4271 3293 4329 coelcctorum
3332 4272 3510 4329 coetui
3556 4273 3663 4329 ad-
3746 4328 3757 4337 ,

222 4362 631 4418 subterraneo
662 4363 867 4435 specui
897 4363 1242 4438 deputatus,
1269 4380 1421 4437 pene
1459 4363 1814 4437 decrepitus,
1843 4366 1899 4419 et
1927 4370 1970 4426 D
2012 4366 2238 4425 unavit.
2271 4367 2339 4423 Ut
2366 4364 2498 4437 pari
2533 4361 2978 4433 magnificentia
3005 4359 3200 4419 laudis
3226 4377 3262 4420 a
3290 4361 3466 4419 nobis
3498 4361 3666 4419 attol-

221 4452 406 4508 senio
438 4450 746 4508 confectus
771 4449 909 4508 inde
932 4451 1201 4522 eductus,
1226 4451 1481 4526 publicis
1505 4453 1753 4509 demum
1774 4468 1899 4509 car-

222 4540 477 4598 ceribus
507 4539 908 4613 mancipatur.
926 4539 989 4597 1n
1020 4540 1112 4597 his
1146 4546 1444 4615 martyres
1473 4541 1685 4600 Christi
1708 4556 1901 4615 usque

221 4629 294 4686 in
323 4627 546 4683 horam
591 4628 799 4685 mortis
843 4628 1178 4701 degebant:
1212 4631 1274 4686 in
1303 4631 1396 4687 his
1442 4631 1899 4704 parricidarum,

219 4715 705 4791 homicidarum,
750 4717 1076 4792 latronum,
1100 4726 1157 4777 et
1196 4724 1592 4777 scortatorum
1642 4714 1903 4792 improbi

226 4823 456 4875 ausus,
484 4811 541 4863 et
568 4807 907 4865 execranda
938 4809 1257 4877 temeritas,
1286 4826 1357 4867 ac
1385 4810 1762 4866 diversorum
1802 4807 1908 4862 cri-

224 4894 483 4954 minum
509 4898 591 4953 rei
623 4896 739 4955 sub
768 4898 1102 4956 arctissima
1126 4899 1589 4957 macerabantur
1609 4895 1903 4954 custodia:

222 4986 296 5044 in
330 4984 428 5041 his
453 4987 690 5060 positus
718 4987 1038 5061 prtedictus
1064 4988 1368 5060 sacerdos,
1391 5005 1643 5047 causam
1669 4985 1763 5045 sui
1784 5001 1909 5045 car-

219 5074 391 5134 eeris
430 5074 611 5134 beato
653 5076 834 5134 Paulo
879 5078 1195 5136 commisit.
1232 5077 1338 5138 Cui
1372 5084 1603 5154 martyr
1655 5080 1903 5135 sanctus

307 5221 680 5307 953991190
734 5225 838 5279 aut
894 5221 1252 5307 cognatione
1278 5223 1526 5307 “afﬁnis,
1549 5239 1694 5307 cum
1752 5223 1908 5280 lib.t

222 5306 427 5350 carne
456 5294 681 5375 ipsum
709 5308 1053 5352 connexum
1104 5294 1353 5365 dixerit;
1402 5296 1516 5352 sibi
1545 5296 1909 5378 fratremque

223 5361 619 5449 Ludovich
648 5364 864 5422 eodem
893 5366 1078 5449 modo
1112 5370 1339 5449 postea
1374 5367 1912 5449 contribulemno-

222 5428 505 5509 minarit,
540 5428 938 5509 _m,_eap.
976 5441 1059 5495 13.
1108 5428 1278 5501 Quod
1334 5436 1513 5495 etiam
1562 5440 1794 5509 constat
1841 5452 1913 5493 ex

222 5521 377 5637 (ἕξεί.
414 5507 473 5563 l7
500 5507 706 5589 .ejusd.
740 5506 843 5563 lib.
870 5504 927 5563 fu
960 5525 1098 5565 cum
1134 5512 1187 5567 S.
1220 5516 1415 5567 Aurea
1443 5524 1479 5565 δ.
1518 5504 1640 5564 suis
1670 5512 1735 5565 ut
1769 5524 1912 5566 con-

362 5578 468 5637 ula
495 5582 802 5637 mvmtur.
832 5580 1069 5637 Sason.

362 5578 468 5641 cla
495 5578 802 5637 invisitur.
832 5580 1069 5638 Sason.

2009 4454 2270 4511 lerentur
2297 4453 2360 4511 in
2388 4453 2575 4524 terris,
2607 4452 2710 4526 qui
2737 4468 2858 4509 uno
2884 4456 3024 4508 sunt
3060 4449 3325 4507 annotati
3371 4448 3575 4507 codice
3604 4451 3664 4506 in

2013 4544 2305 4616 supernis.
2357 4543 2478 4600 Hac
2531 4542 2605 4599 de
2641 4557 2704 4598 re
2751 4545 2952 4597 actum
2991 4544 3098 4611 est,
3129 4543 3194 4595 ut
3235 4538 3499 4595 brevitas
3540 4553 3669 4594 suc-

2012 4633 2205 4691 cincta
2234 4633 2416 4702 hujus
2444 4630 2719 4704 opusculi
2746 4630 2999 4686 modum
3036 4626 3350 4701 promissze
3377 4624 3667 4696 contigui-

2013 4722 2147 4779 tatis
2176 4719 2504 4778 excederet.
2538 4721 2606 4776 Et
2633 4719 2802 4787 liber,
2833 4718 2938 4791 qui
2966 4717 3200 4774 dudum
3231 4715 3467 4789 parcius
3490 4731 3554 4771 se
3582 4718 3670 4771 lo-

2014 4815 2293 4867 cuturum
2324 4808 2625 4882 sperabat,
2651 4807 2783 4864 aliis
2831 4804 3423 4880 supercrescentibus
3462 4821 3536 4861 ex
3561 4804 3671 4861 im-

2014 4897 2257 4975 proviso
2311 4896 2512 4968 rebus,
2568 4897 2632 4953 in
2682 4896 2933 4968 longam
2975 4894 3389 4955 devolveretur
3458 4894 3672 4953 seriem

2017 4987 2349 5061 scripturae.

2087 5078 2337 5149 2.1gitur
2357 5076 2804 5150 referentelviro
2826 5074 3206 5135 sanctissimo
3228 5091 3297 5135 ac
3316 5072 3673 5136 venerandae

2090 5223 2118 5263 ιι
2144 5222 2390 5278 Forsam
2444 5220 2756 5294 optationi,
2787 5218 2836 5277 si
2875 5218 3175 5278 credimus
3215 5219 3560 5278 Bollandist.
3596 5218 3677 5276 ad

2020 5294 2181 5351 diem
2209 5297 2279 5349 20
2298 5293 2449 5365 julii.

2093 5379 2117 5408 α
2149 5360 2346 5431 Quam
2374 5364 2598 5437 optime
2630 5363 2931 5437 Henricus,
2966 5363 3193 5437 Floras,
3214 5365 3360 5437 tom.
3396 5366 3463 5419 t0
3508 5360 3675 5437 Hisp.

2026 5438 2208 5507 Sacr.,
2241 5452 2381 5509 pag.
2402 5433 2538 5509 7.135,
2568 5436 2727 5509 hanc
2756 5435 2884 5509 vult
2918 5435 3015 5491 hic
3040 5433 3253 5509 subjici
3280 5438 3488 5491 notam
3521 5434 3681 5509 :_Hu-

2025 5502 2532 5589 cusqueseripsit
2570 5507 2849 5589 Eulogius
2907 5510 3043 5563 ante
3093 5502 3285 5589 tinem.
3327 5502 3678 5589 novembris

2024 5576 2174 5636 anni
2195 5582 2317 5634 851.
2352 5576 2522 5652 Quod
2566 5580 2832 5652 sequitur
2859 5592 3040 5636 omne
3067 5576 3365 5651 posterius
3402 5580 3493 5633 est
3517 5588 3679 5633 anno

2027 5652 2156 5715 853.
2185 5652 2242 5707 et
2269 5649 2532 5708 anterius
2562 5649 2686 5708 857.
