4140 6188
497 116 600 167 775

1706 104 1762 160 S.
1795 99 2077 158 EULOGII
2102 96 2428 156 ARCHIEP.
2457 96 2710 157 TOLET.

3807 104 3911 158 77C

495 232 866 312 paternitatis
898 228 1141 284 Venerio
1169 225 1578 298 Complutensi
1600 226 1888 298 episcopo
1911 221 2151 297 (2)didi-
2181 224 2232 276 A
2264 225 2351 312 ter
2377 223 2455 278 ad
2486 222 2704 312 0(8le
2730 221 3074 312 ascendere,
3107 222 3423 312 Christum,
3447 221 3635 293 adire,
3666 223 3918 297 ejusque

497 328 688 383 cimus
719 324 819 390 (3),
841 320 899 374 in
928 316 1075 371 urbe
1088 316 1242 371 Osca
1262 315 1424 387 apud
1446 314 1740 387 oppidum
1764 313 2149 370 Barbitanum

494 417 646 472 duas
666 423 899 468 sorores
917 404 1177 474 virgines
1209 403 1388 459 fuisse
1411 410 1694 476 (quarum
1717 418 1840 458 una
1868 404 1947 473 (4)
1969 403 2148 458 Nuni-

492 504 571 572 lo,
613 501 796 557 altera
821 493 1149 551 vocabatur
1178 492 1413 565 Alodia)
1444 498 1612 564 patre
1646 492 1894 564 quidem
1925 491 2146 562 gentili,

492 595 682 648 matre
724 601 868 644 vero
900 582 1233 640 Christiana
1269 582 1632 652 progenitas.
1663 583 1805 648 Qum
1843 580 1988 637 dum
2017 585 2150 654 post

491 683 742 736 mortem
768 673 931 746 impii
952 671 1433 744 parentis,mater
1453 687 1660 728 earum
1683 670 2014 727 secundum
2039 674 2097 726 et
2123 683 2148 712 α

493 766 843 838 gentilitium
870 763 1019 818 inire
1049 760 1441 830 connubium,
1460 776 1568 816 nec
1599 760 1780 816 libere
1800 764 2048 832 possent
2077 760 2145 814 ﬁ-

489 857 629 912 dem
659 852 870 909 Christi
904 856 1121 912 tenere,
1155 849 1433 905 obstante
1461 849 1766 905 cervicoso
1790 849 2012 904 victrici
2037 865 2145 921 pa-

490 945 766 1015 ganismo
797 942 941 1012 (jam
967 938 1126 995 enim
1157 937 1341 994 animi
1381 938 1716 1010 puellarum
1748 955 1784 993 a
1813 938 1910 1010 pio
1935 937 2146 994 Christi

487 1034 650 1090 fonte
675 1029 1136 1100 irrigabantur);
1167 1031 1364 1100 spreto
1397 1031 1664 1083 materno
1711 1026 1892 1082 cubili
1931 1031 2010 1096 (5)
2039 1043 2147 1082 nu-

488 1121 722 1179 tritione
753 1122 1083 1176 matertera:
1114 1133 1238 1171 suae
1267 1115 1613 1171 fidelissime
1641 1115 2003 1172 refoventur.
2039 1115 2145 1171 Illi-

487 1227 559 1268 co
583 1225 790 1266 earum
824 1211 1036 1262 sancta
1063 1205 1314 1261 infantia
1340 1205 1569 1260 Christo
1595 1204 1845 1260 Domino
1877 1203 2054 1276 coepit
2072 1203 2142 1260 ﬁ-

486 1300 693 1356 deliter
721 1298 1046 1360 adhaerere,
1080 1299 1135 1350 et
1165 1295 1395 1365 paterni
1429 1293 1626 1350 oblitae
1667 1296 1834 1363 ritus,
1867 1293 2143 1349 Cruciﬁxi

483 1389 832 1460 religionem
860 1383 1193 1441 tenerrimis
1222 1387 1278 1439 et
1307 1383 1686 1439 sanctilicatis
1727 1382 2026 1439 mentibus
2056 1399 2144 1439 re~

485 1481 795 1550 ponentes,
828 1473 1050 1529 illibate
1080 1471 1397 1527 custodire.
1430 1474 1495 1526 Et
1523 1473 1814 1543 quoniam
1852 1470 2143 1528 natalium

2261 310 2795 367 inconvulsibiliter
2823 310 3111 368 inhaerere
3149 311 3548 386 amplexibus.
3574 334 3602 361 »
3648 313 3918 378 Quarum

2260 401 2654 457 constantiam
2685 400 2826 456 ﬁdei
2853 415 3074 473 praeses
3102 404 3498 475 virtutemque
3525 401 3919 478 professionis

2259 487 2595 555 advertens,
2643 487 3010 562 quibusdam
3065 489 3428 546 mulierculis
3479 489 3716 563 profani
3769 491 3918 547 ritus

2256 576 2470 650 peritia
2496 577 2786 650 praeditis,
2819 576 3123 648 sigillatim
3173 595 3277 635 eas
3327 579 3707 636 instruendas
3745 595 3914 636 com-

2255 665 2524 736 mendat,
2562 669 2621 723 et
2677 665 3000 723 terroribus
3057 667 3280 740 quibus
3324 672 3541 741 potest,
3567 684 3644 725 ne
3672 668 3914 725 alternis

2257 758 2360 811 aut
2387 754 2703 826 cujuslibet
2723 754 2991 811 ﬁdelium
3014 755 3330 812 fulciantur
3349 757 3683 830 colloquiis,
3702 757 3913 814 admo-

2255 847 2376 899 net.
2403 842 2753 900 Mulierculaa
2779 859 2922 900 vero
2953 845 3345 917 suscipienms
3381 845 3642 916 virgines
3671 846 3907 915 Christi,

2255 931 2526 1003 sacrilegi
2584 932 2777 990 cultus
2828 932 3094 1006 quotidie
3149 951 3519 991 venenosum
3571 934 3796 1006 dogma
3825 937 3911 992 eis

2253 1026 2581 1094 exponunt,
2616 1039 2686 1079 ac
2716 1023 2987 1096 pervigili
3014 1040 3158 1080 cura
3181 1024 3402 1081 caelesti
3411 1025 3541 1097 jam
3570 1042 3796 1083 manna
3815 1044 3911 1084 re-

2252 1109 2418 1166 fectis
2443 1110 2662 1168 cloacae
2685 1111 2999 1186 putrientis
3027 1112 3314 1186 poculum
3345 1114 3755 1187 propinantes,
3776 1131 3913 1173 cas-

2254 1215 2321 1256 so
2353 1205 2789 1258 consumuntur
2817 1201 3040 1258 labore.
3079 1202 3193 1260 Sed
3209 1203 3365 1259 hanc
3387 1203 3620 1260 illarum
3646 1207 3916 1278 pertina-

2253 1289 2408 1346 ciam
2459 1290 2696 1363 praesidi
2731 1291 3125 1348 referentibus
3158 1293 3545 1365 mulierculis,
3579 1300 3714 1366 post
3755 1311 3921 1353 non-

2251 1378 2448 1435 nullos
2473 1379 2601 1436 dies
2629 1379 2889 1450 virgines
2917 1381 2978 1436 in
3008 1380 3203 1438 forum
3234 1382 3482 1450 eductae,
3515 1383 3576 1440 in
3607 1389 3922 1456 spectacu-

2250 1466 2377 1524 lum
2407 1467 2718 1540 publicum
2773 1469 3232 1538 constituuntur,
3265 1475 3324 1527 et
3379 1471 3673 1529 Christum
3728 1473 3922 1530 conﬁ-

483 1565 686 1623 infulis
713 1561 1166 1637 praepollebant,
1195 1559 1568 1632 summisque
1606 1560 1965 1630 dignitatum
2003 1560 2141 1617 faci-
2173 1577 2216 1631 3
2252 1561 2461 1628 tentes,
2490 1561 2546 1612 et
2592 1557 2825 1613 hostem
2874 1557 3013 1614 ﬁdei
3059 1558 3418 1617 detestantes
3483 1561 3584 1631 (6),
3621 1561 3735 1618 sub
3782 1562 3915 1619 ictu

483 1653 599 1710 bus
629 1651 1055 1716 enitescebant,
1088 1664 1209 1704 non
1241 1649 1434 1722 potuit
1467 1648 1810 1704 delitescere
1842 1648 1974 1704 urbi
2021 1649 2143 1704 illa-

482 1757 618 1798 rum
645 1739 1043 1814 propositum,
1073 1737 1376 1793 redolente
1405 1753 1476 1794 ac
1502 1737 1798 1794 relucente
1821 1753 2140 1795 conversa-

483 1831 642 1888 tione
674 1834 892 1886 sauctae
922 1827 1061 1883 ﬁdei
1088 1843 1276 1898 quam
1324 1825 1630 1895 gerebant.
1668 1827 1973 1900 Siquidem
2019 1825 2140 1899 pri-

483 1934 744 1976 maevum
775 1915 1188 1974 adolescentiae
1218 1915 1426 1971 ﬂorem
1452 1915 1473 1987 j
1499 1932 1583 1971 im
1613 1916 1949 1985 attigerant,
1971 1920 2028 1972 et
2055 1919 2140 1972 to-

482 2012 604 2065 tam
635 2022 788 2082 pene
817 2006 1192 2080 provinciam
1217 2021 1424 2060 rumor
1453 2004 1776 2061 sanctitatis
1801 2021 2009 2061 earum
2030 2005 2140 2061 im-

481 2097 787 2170 pleverat:
841 2097 1158 2168 cunctique
1211 2094 1549 2167 stupebant,
1605 2095 1914 2164 geminum
1969 2111 2136 2152 rosa-

481 2203 614 2243 rum
669 2186 990 2259 prosiliisse
1021 2185 1299 2241 decorem
1357 2199 1426 2239 ex
1465 2184 1770 2257 vepribus.
1813 2185 1962 2240 Hinc
1990 2183 2136 2241 zelo-

481 2279 662 2348 typus
692 2276 878 2331 hostis
900 2273 1184 2346 antiquus
1213 2289 1458 2329 suorum
1481 2273 1893 2329 membrorum
1922 2272 2134 2330 dolens

474 2363 794 2435 jacturam,
813 2363 960 2419 dum
989 2379 1097 2436 per
1121 2367 1369 2418 terrores
1396 2362 1718 2435 praesidum
1751 2362 1954 2418 invido
1976 2361 2134 2418 arbi-

482 2456 634 2508 tratu
652 2468 828 2524 posse
845 2452 988 2506 imm
998 2451 1287 2520 utarijam
1305 2451 1692 2522 praesignatas
1705 2451 1782 2506 ad
1799 2451 2133 2506 thalamum

483 2555 633 2611 spon
643 2539 689 2593 si
701 2541 905 2594 aeterni
917 2539 1180 2604 conﬁdit,
1195 2538 1446 2594 dilatum
1464 2539 1671 2611 praemi
1681 2540 1904 2611 um‘per
1913 2545 2134 2596 mortes

479 2643 728 2701 asperas
747 2626 1494 2697 accelerando,virginibus
1508 2627 1690 2684 sacris
1705 2627 2134 2685 adducitJdeo-

479 2732 597 2789 que
627 2720 971 2772 sanctarum
1003 2714 1296 2785 virginum
1329 2731 1573 2771 causam
1606 2715 1887 2773 instantia
1915 2717 2130 2774 satelli-

478 2810 601 2863 tum
629 2822 878 2863 suorum
909 2805 1188 2879 praefecto
1215 2805 1380 2862 urbis
1399 2805 1681 2874 insinuat,
1710 2807 1812 2880 qui
1833 2807 1988 2865 illico
2009 2809 2132 2865 suis

2251 1645 2433 1716 gladii
2462 1646 2490 1686 δ
2522 1652 2875 1704 corruerunt
2903 1649 2972 1720 (7)
3005 1648 3326 1705 undecimo
3354 1649 3648 1707 kalendas
3667 1667 3918 1709 novem-

2249 1734 2398 1802 bris,
2449 1752 2571 1793 aera
2619 1753 2741 1809 qua
2784 1752 2960 1810 supra
3019 1738 3110 1810 (8).
3141 1740 3404 1805 Quarum
3450 1755 3706 1813 corpora
3748 1741 3912 1811 loco,

2249 1840 2370 1897 quo
2399 1824 2763 1895 deciderant,
2791 1826 3089 1895 derelicta,
3115 1844 3354 1886 summo
3394 1829 3649 1886 militum
3703 1830 3913 1888 obser-

2247 1919 2464 1970 vantur
2489 1914 2707 1984 studio,
2730 1930 2805 1972 ne
2837 1916 3150 1973 Christiani
3189 1918 3268 1974 ad
3296 1918 3771 1977 emolumentum
3802 1936 3913 1994 pa-

2247 2002 2652 2059 trocinationis
2675 2003 2877 2061 furtim
2935 2020 3035 2060 eas
3087 2006 3470 2080 surriperent,
3502 2012 3560 2064 et
3613 2009 3908 2066 reconde-

2245 2095 2394 2148 rent.
2428 2094 2642 2148 Ferunt
2668 2095 2870 2149 tamen
2899 2094 3061 2167 quod
3106 2093 3206 2151 illa
3245 2096 3556 2167 virginalia
3606 2098 3908 2156 cadavera

2243 2180 2305 2238 in
2332 2181 2486 2252 loco,
2525 2197 2648 2254 quo
2682 2182 2760 2238 ab
2789 2182 3037 2239 ethnicis
3068 2183 3200 2240 altis
3226 2185 3539 2242 scrobibus
3562 2188 3910 2258 magisabs'

2245 2270 2484 2326 condita
2513 2286 2700 2343 quam
2729 2271 2981 2328 humata
3006 2277 3162 2340 sunt,
3192 2274 3377 2344 signis
3399 2279 3455 2331 et
3471 2276 3771 2333 miraculis
3799 2292 3904 2334 co-

2243 2363 2504 2429 ruscant,
2528 2363 2584 2415 et
2609 2359 2861 2430 gloriam
2885 2361 3140 2417 emeritae
3171 2363 3595 2421 consolationis
3618 2366 3899 2423 virtutum

2243 2446 2558 2504 efﬁcientia
2584 2453 2706 2504 tam
2726 2448 3004 2506 ﬁdelibus
3025 2467 3210 2524 quam
3235 2453 3554 2523 gentilibus
3573 2459 3887 2510 ostentant.

2243 2537 2353 2592 Per
2374 2536 2697 2593 Dominum
2721 2543 2992 2595 nostrum
3023 2542 3228 2597 Jesum
3274 2543 3581 2611 Christum,
3607 2544 3707 2617 qui
3742 2544 3892 2600 vivit

2242 2641 2381 2682 cum
2409 2629 2576 2683 Patre
2601 2632 2659 2684 et
2689 2628 2907 2702 Spiritu
2939 2635 3144 2688 sancto
3175 2647 3333 2688 unus
3368 2636 3519 2692 Deus
3569 2634 3630 2690 in
3669 2633 3900 2692 saecula

2242 2714 2620 2771 saeculorum.
2650 2720 2861 2773 Amen.

2857 2807 3087 2865 CAPUT
3116 2808 3261 2865 VIII.

477 2911 578 2952 eas
601 2895 874 2951 assistere
891 2894 1199 2951 obtutibus
1216 2894 1403 2966 jubet.
1431 2896 1590 2961 Quas
1612 2911 1769 2952 vana
1784 2897 2132 2970 promissio-
2171 2935 2211 2991 Ο
2251 2891 2441 2950 Vitam
2469 2894 2728 2951 continet
2753 2899 3166 2991 “passionem
3205 2905 3550 2958 sanctorum
3590 2903 3898 2975 virginum

475 3001 550 3042 ne
576 3001 897 3042 munerum
935 2984 1151 3041 illicere
1177 2989 1431 3054 tentans,
1458 3000 1526 3041 ac
1553 2985 1806 3058 proinde
1836 2987 1911 3043 de
1930 3003 2132 3044 rerum

474 3075 682 3148 copiis,
706 3074 1243 3131 etclarissimorum
1260 3070 1553 3145 juvenum
1571 3074 1887 3132 connubiis
1917 3076 2132 3133 adhor-

475 3169 651 3232 tatur,
676 3165 725 3221 si
764 3165 842 3221 ab
873 3165 988 3220 hac
1034 3164 1318 3234 religione
1349 3163 1559 3220 Christi
1603 3165 1837 3221 animos
1883 3181 2129 3223 avocas-

475 3260 626 3325 sent,
661 3255 917 3328 propriis
969 3254 1173 3326 utique
1228 3253 1528 3310 natalibus
1591 3254 1858 3325 redditae,
1887 3255 2131 3330 insuper

475 3344 798 3400 multarum
830 3343 1171 3399 divitiarum
1199 3342 1504 3399 afﬂuentia
1525 3343 1875 3401 ditarentur.
1905 3346 1963 3401 Si
1991 3362 2129 3402 vero

471 3432 849 3506 pertinaciori
873 3431 1080 3504 spiritu
1101 3432 1440 3488 consultum
1464 3434 1736 3506 praesidis
1789 3435 2130 3493 conculcas-

472 3525 621 3587 sent,
650 3520 708 3575 in
738 3519 948 3575 ultimo
969 3519 1064 3575 die
1111 3519 1548 3576 excruciatione
1571 3526 2006 3581 tormentorum
2027 3525 2130 3581 ad-

471 3608 660 3672 dictae,
687 3608 768 3665 ad
825 3607 1105 3664 ultimum
1131 3607 1330 3678 gladio
1359 3609 1594 3667 vindice
1645 3611 1968 3671 interirent.
2022 3616 2129 3673 Cui

468 3695 661 3753 beatae
690 3695 948 3766 virgines
973 3701 1178 3752 sancto
1210 3695 1427 3769 Spiritu
1456 3697 1752 3770 animatae,
1785 3707 2125 3760 constantes

469 3789 526 3842 et
554 3785 862 3859 intrepidae
893 3785 1005 3842 sub
1035 3801 1158 3842 una
1177 3785 1551 3844 confessione
1571 3787 1883 3847 dixerunt:
1919 3814 1946 3842 ‹‹
1967 3794 2126 3858 Quo-

468 3875 654 3932 modo
675 3890 1059 3943 nos,nraeses,
1075 3891 1112 3932 a
1127 3875 1342 3948 pietate
1363 3875 1461 3932 Dei
1473 3876 1652 3948 jubes
1674 3884 1956 3949 avertere,
1970 3897 2124 3954 quas

467 3964 656 4037 pietas
677 3968 877 4020 sancta
903 3979 1013 4020 suo
1032 3963 1259 4020 lumine
1280 3964 1698 4037 perlustrando
1719 3967 1855 4024 fecit
1875 3983 2126 4040 cognos-

466 4067 598 4108 cere
649 4052 794 4108 nihil
825 4068 954 4108 esse
999 4053 1229 4110 Christo
1271 4053 1534 4122 divitius,
1564 4055 1713 4110 nihil
1763 4057 1883 4113 ﬁde
1933 4059 2126 4115 Chris-

466 4139 628 4198 tiana
683 4141 908 4197 felicius
954 4157 1061 4215 per
1110 4159 1296 4214 quam
1342 4142 1489 4213 justi
1536 4144 1763 4215 vivunt,
1789 4162 1898 4217 per
1934 4163 2122 4219 quam

2804 2984 3003 3042 Flora:
3031 2993 3085 3044 et
3104 2987 3334 3046 Mariae.

2239 3069 2521 3150 Consulto
2551 3069 2907 3150 omittimus_
2929 3089 3191 3146 praesens
3231 3081 3413 3150 caput
3460 3076 3608 3134 illud
3647 3079 3896 3136 inferius

2311 3140 2524 3222 edituri
2557 3157 2678 3222 una
2706 3159 2846 3200 cum
2867 3140 3245 3222 Documento
3295 3140 3623 3222 fnartyriali
3655 3154 3712 3208 S.
3756 3155 3900 3208 Doc-

2312 3213 2493 3294 ιοιεὶιῖιιεΔ
2518 3213 2696 3294 cujus
2714 3215 2943 3272 consilii
2962 3219 3255 3276 rationem
3278 3213 3467 3294 supra
3501 3222 3814 3280 reddimus
3834 3225 3898 3280 in

2308 3284 2537 3340 monito
2568 3288 2794 3343 nostro.

2898 3360 3128 3416 CAPUT
3164 3360 3250 3418 IX.

2241 3443 2632 3502 Gumesindus
2673 3449 3014 3519 Toletanus,
3047 3455 3099 3506 et
3151 3451 3373 3508 Servus
3427 3453 3558 3522 Dei,
3602 3454 3896 3513 Corduba:

2977 3552 3159 3607 passi.

2306 3622 2556 3679 Sanctus
2583 3624 2981 3680 Gumesindus
3018 3625 3331 3700 presbyter
3360 3644 3432 3685 ex
3453 3631 3681 3705 oppido
3732 3633 3896 3690 Tole-

2235 3713 2376 3766 tano
2405 3709 2549 3767 olim
2579 3728 2718 3768 cum
2748 3716 3001 3786 utroque
3030 3721 3277 3788 parente
3329 3733 3480 3790 puer
3525 3719 3730 3778 adhuc
3758 3739 3894 3797 par-

2233 3798 2411 3854 vulus
2440 3800 2783 3858 Cordubam
2807 3804 3078 3874 veniens,
3108 3806 3311 3863 votivo
3349 3808 3686 3878 genitorum
3717 3811 3893 3869 affec-

2232 3890 2298 3944 tu
2327 3905 2435 3962 per
2462 3907 2703 3948 sacrum
2729 3891 3037 3949 clericatus
3066 3893 3341 3953 ordinem
3393 3897 3614 3956 caelesti
3661 3902 3890 3976 ascrip-

2232 3980 2329 4034 tus
2359 3979 2580 4036 militite
2609 3980 2774 4054 apud
2810 3981 3124 4040 basilicam
3165 3989 3511 4044 sanctorum
3566 3988 3735 4044 trium
3776 3994 3886 4060 (ί),

2230 4069 2642 4139 quaFaustus,
2673 4071 3011 4138 Ianuarius,
3045 4077 3100 4129 et
3118 4074 3391 4131 Martialis
3425 4081 3708 4150 martyres
3728 4093 3884 4151 prae-

2229 4157 2576 4213 sentialibus
2617 4173 2939 4231 corporum
2993 4177 3241 4218 suorum
3289 4163 3500 4222 favillis
3544 4166 3886 4240 quiescunt.

467 4231 656 4331 sancti
683 4247 870 4303 regna
926 4231 1243 4344 vicerunt?
1301 4231 1459 4344 Sine‘
1491 4249 1615 4344 qnuo
1642 4233 1765 4291 vita
1815 4235 1980 4292 nulla
2008 4242 2118 4307 est,
2153 4289 2196 4344 D
2232 4243 2417 4344 digna
2439 4246 2910 4344 paedagogorum
2933 4249 3297 4344 educatione
3317 4253 3379 4310 in
3401 4255 3500 4311 Dei
3522 4231 3735 4315 timore
3766 4259 3887 4316 cla-

466 4319 593 4376 sine
622 4337 746 4394 quo
777 4337 940 4378 mors
977 4325 1270 4395 perpetua
1303 4320 1478 4390 viget.
1513 4324 1661 4380 Cum
1699 4339 1823 4396 quo
1854 4341 2118 4394 manere,

465 4411 604 4467 etin
626 4427 750 4484 quo
779 4411 1000 4482 vivere,
1026 4409 1305 4467 solatium
1335 4426 1546 4467 verum
1577 4416 1668 4468 est
1693 4430 1708 4481 ;
1749 4429 1786 4469 a
1814 4430 1938 4487 quo
1965 4432 2123 4474 rece-

461 4499 603 4557 dere
632 4505 851 4558 aaterna
887 4499 1140 4574 perditio
1192 4505 1310 4556 est:
1343 4516 1381 4556 a
1431 4499 1604 4572 cujus
1648 4503 1946 4560 consortio
1989 4505 2120 4577 jam

463 4607 574 4647 nos
599 4592 657 4648 in
690 4592 804 4648 hac
833 4590 954 4647 vita
982 4588 1322 4646 nullatenus
1371 4589 1771 4660 discedemus,
1803 4593 1949 4665 quia
2001 4594 2119 4668 ipsi

459 4680 856 4753 integritatem
909 4683 1178 4736 nostram
1216 4679 1542 4736 credentes.
1576 4681 1706 4752 ejus
1747 4683 2118 4759 quandoque

460 4770 738 4825 thalamis
795 4785 1110 4841 speramus
1143 4768 1567 4826 admittendas.
1611 4773 1760 4827 Nam
1796 4788 1998 4830 rerum
2027 4774 2115 4832 la-

464 4856 730 4912 bentium
753 4856 1096 4926 commoda,
1129 4857 1350 4930 quibus
1393 4874 1505 4915 nos
1556 4857 1758 4917 illicire
1813 4867 2114 4932 autumas,

459 4959 570 5017 pro
590 4944 774 5000 nihilo
802 4949 1166 5015 reputantes,
1196 4962 1266 5002 eo
1317 4947 1532 5004 intuitu
1583 4949 1942 5022 spernimus,
1973 4952 2117 5024 quia

459 5031 855 5101 cognovimus
883 5030 1089 5086 omnia
1114 5047 1269 5089 vana
1297 5049 1429 5091 esse
1455 5035 1568 5092 sub
1601 5036 1744 5092 sole.
1768 5041 1883 5093 Nec
1902 5037 1976 5093 de
1993 5055 2117 5111 poe-

457 5135 679 5176 narum
703 5119 1170 5176 comminatione
1201 5121 1536 5192 turbamur,
1564 5141 1749 5196 quam
1799 5125 1878 5181 ad
1923 5128 2113 5184 modi-

458 5208 806 5266 cumvalere
836 5209 1257 5279 cognoscimus
1281 5228 1294 5266 :
1325 5212 1597 5284 quinimo
1623 5211 1817 5284 ipsam
1833 5218 2109 5287 mortem,

457 5313 645 5371 quam
662 5296 870 5354 ultimo
885 5302 1105 5355 terrore
1121 5300 1506 5373 proponis,eo
1519 5299 1858 5370 gratissimo
1869 5309 2111 5376 exopta-

458 5403 594 5442 mus
615 5387 852 5455 affectu,
871 5403 994 5460 quo
1015 5388 1314 5445 credimus
1327 5404 1439 5444 nos
1461 5386 1740 5460 perillam
1763 5387 2110 5450 incunctan-

527 5506 552 5566 μ
589 5495 807 5566 Schott.
840 5497 1174 5566 gentilium.

522 5565 554 5608 ³³
583 5565 804 5624 Schott.
835 5565 1147 5623 corruunt.

2231 4335 2428 4391 rescit.
2457 4335 2566 4391 Ubi
2591 4342 2728 4409 post
2749 4337 2996 4412 aliquod
3025 4345 3262 4416 tempus
3286 4343 3347 4400 in
3376 4351 3582 4404 sancto
3625 4348 3892 4407 diaconii

2230 4423 2557 4482 ministerio
2583 4430 3242 4501 consecratus,demum
3267 4436 3584 4506 cujusdam
3611 4439 3693 4512 (2)
3721 4443 3894 4499 Cam-

2228 4512 2426 4585 paniae
2457 4514 2858 4574 Cordubensis
2881 4520 3151 4577 Ecclesiae
3199 4525 3480 4582 sacerdos
3535 4527 3894 4587 adolescens

2227 4601 2568 4674 praeﬁcitur.
2601 4604 2742 4661 Inde
2769 4606 2848 4662 ad
2877 4608 3090 4666 urbem
3116 4609 3489 4670 descendens
3519 4633 3656 4673 cum
3699 4616 3894 4677 beato

2228 4691 2409 4748 Servo
2440 4692 2541 4748 Dei
2570 4696 2892 4764 monacho,
2919 4698 3024 4770 qui
3049 4703 3189 4757 tunc
3215 4701 3277 4757 in
3316 4705 3661 4777 supradicto
3716 4724 3896 4766 sanc-

2223 4779 2418 4836 tuario
2449 4793 2474 4823 ο
2499 4781 2698 4839 adhuc
2718 4782 2954 4855 juvenis
2971 4801 3110 4843 cum
3127 4789 3307 4846 Paulo
3326 4792 3680 4867 presbytero
3691 4796 3894 4854 reclu-

2223 4883 2326 4923 sus
2354 4869 2660 4943 manebat,
2687 4871 3057 4946 principibus
3101 4879 3158 4933 et
3191 4877 3498 4949 judicibus
3562 4884 3751 4942 ambo
3797 4901 3894 4943 as-

2223 4955 2521 5028 sistentes,
2569 4958 2681 5014 sub
2725 4961 3098 5020 confessione
3141 4970 3493 5026 caaterorum
3543 4973 3894 5032 occubuere

2219 5042 2420 5100 idibus
2441 5045 2705 5116 januarii
2733 5049 2834 5120 (3),
2865 5068 2983 5108 aera
3019 5054 3516 5126 octingentesima
3554 5065 3890 5135 nonagesi-

2218 5147 2340 5221 ma.
2375 5134 2642 5198 Quorum
2673 5151 2930 5212 corpora
2961 5140 3162 5200 furtim
3185 5160 3222 5201 a
3243 5146 3590 5206 Christianis
3613 5134 3887 5221 sublata,

2217 5219 2280 5314 in
2306 5220 2554 5280 basilica
2593 5227 2782 5284 sancti
2824 5229 3227 5305 Christophori
3277 5239 3579 5310 martyris,
3612 5256 3757 5314 qua:
3795 5219 3890 5300 est

2217 5308 2377 5367 ultra
2403 5327 2649 5370 amnem
2677 5315 2739 5371 in
2781 5323 2950 5390 parte
2997 5321 3354 5396 meridiana,
3385 5308 3668 5398 religioso
3721 5331 3889 5389 cultu

2218 5404 2452 5456 exstant
2480 5404 2806 5462 recondita.

2247 5506 2697 5648 Πῖθῇῗὲίῗοωω
2728 5511 2904 5569 trium
2937 5518 3136 5573 Fausti
3180 5522 3235 5577 et
3262 5521 3555 5578 Comitum
3585 5527 3886 5600 templum
