4140 6188
274 157 379 207 777

950 277 1176 332 CAPUT
1211 279 1273 332 X.

307 402 391 455 De
430 401 656 455 sanctis
688 401 1055 469 martyribus
1075 399 1343 465 Aurelio,
1375 400 1594 457 Felice.
1618 396 1889 466 Georgio,

693 489 1114 558 Sabigothone,
1147 495 1200 544 et
1238 489 1478 544 Lilz'osa.

345 619 394 669 l.
428 613 556 670 Fuit
608 620 892 686 przeterea
963 615 1039 686 (l)
1073 614 1324 687 quidam
1371 613 1630 686 juvenis,
1678 611 1924 668 nomine

272 703 572 774 Aurelius,
605 703 911 760 natalibus
943 708 1000 759 et
1025 703 1206 759 rebus
1237 703 1510 775 plurimis
1541 701 1920 760 antecellens.

266 793 377 848 Hic
406 792 466 847 in
492 791 747 848 infantia
768 797 956 847 matre
979 790 1330 860 Christiana,
1353 796 1588 864 etpatre
1613 789 1814 861 gentili
1833 804 1914 846 or

266 882 466 946 batus,
496 880 680 937 tutela
695 880 893 936 amitae
919 896 1041 936 suae
1064 879 1410 936 ﬁdelissime
1432 895 1626 953 usque
1647 880 1709 936 in
1730 893 1924 935 annos

267 970 687 1026 adolescentiae
742 969 1073 1038 fovebatur,
1125 969 1575 1044 docebatur-que
1625 968 1923 1025 Christum

264 1059 556 1116 veraciter
585 1058 825 1116 credere
849 1061 1037 1114 Deum
1067 1076 1080 1126 ;
1105 1074 1216 1114 nec
1246 1063 1462 1131 prmter
1484 1057 1805 1114 Ecclesiam
1832 1073 1924 1112 sa.

271 1147 414 1204 lutis
435 1148 618 1214 viam,
649 1152 706 1202 et
732 1147 840 1203 iter
869 1147 1039 1217 regni
1062 1147 1320 1204 caelestis
1374 1146 1517 1203 alibi
1545 1163 1723 1220 posse
1751 1161 1922 1218 repe-

268 1237 393 1305 riri,
422 1237 729 1293 imbuitur.
757 1236 926 1302 Quod
945 1236 1380 1292 documentum
1398 1235 1756 1293 venerabilis
1772 1251 1924 1309 puer

268 1326 540 1400 apprime
561 1325 763 1390 ebibit,
788 1325 868 1381 ita
905 1329 966 1381 ut
994 1325 1130 1381 licet
1153 1325 1409 1382 Arabica
1439 1324 1804 1382 erudiendus
1827 1323 1920 1380 lit-

263 1420 527 1472 teratura
569 1413 900 1471 traderetur
939 1413 1294 1485 cogentibus
1348 1413 1631 1470 afﬁnibus
1679 1412 1920 1470 insonti-

259 1504 380 1560 bus
413 1509 613 1560 tamen
642 1503 956 1578 przefixam
983 1503 1220 1560 caelitus
1275 1502 1492 1560 animis
1529 1502 1670 1559 ﬁdei
1695 1507 1918 1558 sanctae

261 1594 537 1650 notitiam
565 1593 730 1650 nulla
759 1592 1036 1650 vanitatis
1063 1591 1351 1663 ﬁgmenta
1379 1592 1695 1649 immutare
1721 1591 1919 1664 quive-
1950 1625 1989 1680 Β

259 1688 410 1740 runt
431 1682 538 1739 sed
576 1682 759 1740 corde
789 1698 1028 1756 semper
1077 1681 1586 1738 christianismum
1619 1697 1798 1736 suum
1825 1696 1916 1736 re-

261 1777 522 1841 tentans,
551 1789 691 1828 eum
747 1772 825 1827 ad
859 1771 1054 1828 solam
1098 1771 1460 1828 derisionem
1489 1777 1508 1799 '
1549 1768 1922 1826 meditationi

263 1861 668 1934 periturarum
722 1860 1018 1917 insisteret
1062 1859 1415 1929 litterarum,
1447 1875 1519 1916 eo
1572 1858 1832 1931 amplius
1860 1857 1922 1914 in

245 1966 538 2008 amorem
584 1950 930 2009 Christianae
958 1949 1099 2006 ﬁdei
1127 1948 1573 2016 exardescebat,
1602 1965 1726 2023 quo
1752 1947 1924 2021 liqui-

261 2039 404 2096 dius
434 2039 825 2098 deliramenta
851 2038 1117 2111 perversi
1141 2037 1443 2109 dogmatis
1464 2038 1751 2111 probans,
1783 2037 1922 2094 sub-

265 2128 481 2184 tilemh
518 2128 874 2185 daemoniosi
902 2128 1062 2184 illius
1109 2127 1408 2184 fallaciam
1456 2126 1824 2183 advertebat.
1857 2128 1925 2182 Et

263 2235 410 2275 cum
437 2234 560 2275 non
589 2223 793 2292 posset
816 2217 1054 2291 publice
1085 2217 1311 2274 cultum
1363 2216 1505 2272 ﬁdei
1536 2232 1760 2287 gerere,
1793 2215 1922 2272 ubi-

261 2323 388 2380 que
418 2312 614 2363 tamen
663 2307 765 2363 Dei
814 2306 1224 2363 sacerdotibus
1282 2322 1413 2362 sese
1465 2305 1920 2373 commendans,

260 2413 382 2470 pro
401 2412 462 2452 se
490 2396 793 2453 efﬁcacius
831 2396 1067 2453 exorari
1086 2396 1392 2469 poscebat.

338 2490 390 2542 2.
423 2490 646 2543 [nterea
671 2487 1014 2560 provehitur
1063 2486 1124 2542 in
1149 2485 1326 2543 annis
1353 2485 1724 2558 juvenilibus
1778 2489 1925 2542 stre-

257 2593 424 2636 nuus
449 2577 823 2647 adolescens,
850 2580 910 2632 et
942 2575 1299 2632 ﬂorentibus
1330 2576 1520 2647 genis,
1571 2575 1722 2632 virili
1744 2575 1927 2631 facies

265 2672 596 2726 exornatur
618 2667 853 2724 decore.
885 2667 1033 2722 Hinc
1053 2665 1468 2722 adhortatione
1494 2664 1767 2722 afﬁnium
1789 2680 1930 2721 con-

265 2758 524 2827 dignum
551 2773 675 2812 suae
707 2755 1000 2812 nobilitati
1037 2754 1408 2812 connubium
1457 2759 1738 2828 appetere
1770 2753 1929 2825 cogi-

270 2853 388 2904 tur.
415 2847 562 2902 Hinc
595 2845 1013 2918 unusquisque
1044 2860 1317 2912 suorum,
1349 2849 1526 2916 prout
1553 2848 1823 2914 noverat,
1865 2843 1927 2899 il-

266 2936 387 2992 lius
430 2935 524 2991 vel
553 2935 712 2992 illius
733 2941 751 2964 ⁸
778 2934 1072 3007 optimam
1112 2949 1239 2989 esse
1272 2931 1542 2990 sobolem
1569 2932 1880 2989 asserebat
1913 2950 1927 3001 ;

264 3026 398 3099 ipse
418 3029 598 3082 auten
617 3023 864 3080 interius
875 3023 1042 3080 aliter
1063 3021 1398 3094 ruminans,
1423 3021 1655 3078 Christo
1677 3021 1768 3077 sui
1789 3036 1929 3077 con-

264 3114 438 3172 nubii
463 3114 772 3185 negotium
794 3111 1228 3176 committebat,
1250 3110 1476 3167 crebris
1494 3110 1927 3167 interventibus

263 3219 520 3277 precum
547 3203 782 3259 caeleste
832 3217 1059 3258 numen
1104 3215 1381 3268 exorans,
1409 3204 1474 3254 ut
1518 3198 1741 3255 talibus
1771 3215 1926 3272 prae-

269 3293 508 3367 pollens
535 3293 686 3348 votis
731 3292 954 3363 conjux
984 3290 1098 3346 sibi
1145 3290 1405 3358 daretur,
1438 3304 1574 3362 quae
1630 3293 1926 3346 secretum

276 3397 460 3436 suum
488 3381 550 3435 in
577 3380 780 3437 melius
809 3379 1100 3454 proﬁcere
1131 3378 1535 3451 contenderet,
1577 3377 1927 3452 faveretque

268 3473 478 3528 mente
509 3474 564 3527 ct
594 3486 835 3544 corpore
865 3469 1078 3526 cultori
1095 3467 1323 3526 latenti.
1357 3469 1539 3540 Cujus
1562 3466 1768 3525 favore
1801 3474 1929 3525 tan-

264 3559 414 3616 dem
447 3558 712 3630 adjutus,
744 3559 960 3632 reperit
1015 3558 1270 3614 honesto
1325 3556 1593 3628 germine
1637 3557 1928 3629 virginem

267 3649 695 3722 constipatam,
724 3647 908 3705 rebus
958 3646 1270 3720 inclytam,
1295 3645 1568 3702 moribus
1596 3652 1925 3720 comptam,

269 3737 588 3810 specieque
618 3737 1108 3810 pulcherrimam.
1152 3737 1294 3801 Quae
1321 3751 1461 3791 cum
1489 3735 1795 3808 praecipuo
1824 3754 1928 3795 ve-

270 3826 529 3882 nustatis
555 3827 772 3882 habitu
802 3825 1172 3882 extrinsecus
1201 3825 1605 3896 decoraretur,
1644 3832 1932 3898 praestan-

274 3915 396 3971 tius
426 3919 620 3972 tamen
642 3915 935 3971 introrsus
963 3913 1212 3988 spiritali
1234 3912 1497 3970 enitebat
1515 3913 1752 3969 decore.
1779 3916 1930 3982 Quia

273 4004 470 4062 omnis
499 4004 691 4075 gloria
709 4004 847 4061 ﬁliae
875 4006 1032 4075 regis
1059 4003 1138 4060 ab
1155 4003 1314 4059 intus
1339 4003 1531 4070 (Psal.
1553 4018 1709 4073 xmv,
1737 4004 1845 4075 14),
1867 4005 1928 4062 id

269 4103 362 4156 est
389 4100 449 4156 in
491 4100 898 4174 penetralibus
941 4100 1178 4156 mentis.
1213 4099 1299 4156 lbi
1329 4099 1490 4154 enim
1524 4099 1835 4156 sanctitate
1864 4100 1928 4157 in

265 4189 506 4246 ﬁmbris
532 4190 752 4264 aureis,
785 4190 1064 4247 varietate
1095 4189 1314 4246 scilicet
1361 4187 1582 4246 amicta
1617 4188 1924 4261 virtutum,

261 4280 571 4340 Christum
593 4281 719 4351 regi
748 4281 1037 4353 piaeitum
1057 4278 1380 4336 exhibebat
1398 4278 1782 4336 famulatum.

341 4374 398 4426 3.
423 4372 558 4426 Haec
577 4386 842 4442 namque
863 4369 1063 4443 puella
1076 4368 1426 4442 parentibus
1441 4369 1698 4442 paganis
1718 4385 1930 4442 proge-

267 4459 415 4528 nita,
448 4459 649 4516 adhuc
688 4458 1005 4516 cunabulis
1050 4458 1368 4529 incubans,
1389 4463 1556 4531 patre
1581 4457 1790 4515 orbata
1819 4463 1925 4516 est.

269 4550 458 4621 Cujus
508 4549 759 4620 genitrix
805 4548 993 4606 alium
1025 4548 1223 4605 virum
1258 4548 1509 4618 ducens,
1534 4547 1557 4578 ⁴¹
1610 4547 1716 4622 qui
1743 4548 1928 4605 ﬁdem

270 4639 487 4701 Christi
515 4638 745 4696 occulte
769 4639 1080 4706 retinebat,
1125 4638 1445 4710 conjugem
1486 4637 1807 4710 impietatis
1837 4654 1929 4694 er-

271 4743 410 4783 rore
456 4728 808 4801 exstirpans,
857 4727 1198 4800 privignam
1228 4727 1457 4784 Christo
1479 4726 1788 4797 assignare
1806 4731 1929 4783 stu-

273 4814 430 4883 duit,
446 4832 696 4890 eamque
707 4832 780 4873 ex
792 4820 1167 4874 sacramento
1177 4815 1557 4889 baptismatis
1568 4825 1590 4853 °
1604 4817 1674 4872 Sa
1682 4815 1929 4887 bigotho

347 4963 369 5032 _'
395 4957 624 5032 Studia,
651 4963 728 5032 u_t_
745 4974 909 5032 supr.
937 4973 1071 5031 cap.
1106 4961 1155 5032 ξ.
1181 4961 1382 5032 Βοιιοτμ.

340 5029 372 5070 1'
427 5030 584 5085 Bene
616 5029 895 5087 Sollerius
923 5029 1089 5086 notat
1125 5030 1242 5086 hoc
1299 5030 1379 5086 ad
1408 5030 1814 5087 Mahometum
1841 5044 1930 5084 re-

267 5098 430 5166 ferri,
461 5106 564 5157 ete
576 5101 702 5174 pud
732 5101 913 5174 medii
939 5101 1050 5157 aevi
1077 5101 1393 5174 scriptores
1424 5117 1533 5173 pro
1576 5101 1930 5174 daemoniaci

257 5172 633 5300 usurgatum
653 5188 785 5228 esse
806 5173 1172 5230 daemoniosi.
1196 5172 1327 5238 Qua
1356 5172 1509 5228 deire
1537 5173 1696 5240 vide,
1727 5173 1776 5228 si
1801 5172 1929 5245 pla—

266 5248 384 5300 cet.
461 5244 781 5300 lossarium
804 5244 1215 5300 Canaeanum.
1236 5247 1292 5299 et
1314 5244 1532 5300 Schotti
1553 5243 1929 5300 animadver-

266 5248 384 5316 cet,
409 5243 1215 5316 GlossariumCangeanum,
1236 5247 1292 5299 et
1314 5244 1532 5300 Schotti
1553 5243 1932 5300 animadver-

269 5313 540 5387 sionem,
567 5331 754 5387 supra
781 5315 842 5370 in
873 5313 1005 5387 cap.
1045 5319 1094 5387 t,
1114 5313 1286 5371 num.
1317 5317 1372 5370 4.

337 5391 359 5416 °
389 5385 552 5441 Illius
571 5385 663 5443 vel
689 5387 865 5454 illius,
897 5385 1339 5456 Hispanismus.
1363 5389 1580 5442 Momm.

338 5457 826 5514 ‘Matrimonium
883 5463 1034 5514 inter
1079 5458 1276 5513 virum
1307 5461 1364 5513 et
1392 5473 1641 5511 uxorem
1687 5455 1931 5511 alterius

265 5528 599 5602 religionis,
633 5535 699 5602 ut
719 5545 880 5602 supr.
915 5546 1048 5602 cap.
1077 5535 1130 5594 7,
1156 5546 1324 5584 num.
1355 5532 1409 5583 2.
1444 5531 1678 5602 Scuo'rr.

339 5599 895 5680 '_Sa_b_igo_thpném._
917 5599 1101 5680 quam
1146 5615 1389 5680 semper
1431 5599 1720 5680 Natalia‘m
1751 5615 1934 5680 appe-

265 5670 401 5728 lant
419 5671 543 5734 alii,
575 5675 641 5727 ut
671 5669 996 5742 Usuardus,
1030 5672 1258 5737 Surius,
1287 5669 1584 5726 Baronius
1613 5673 1671 5726 et
1703 5669 1930 5743 quique

924 5760 1170 5816 ΡΑτιιοι.
1211 5759 1374 5820 CXV.

1341 149 1767 213 MEMORIALIS
1805 142 2245 203 SANCTORUM.
2281 179 2344 188 —
2377 150 2505 206 LIB.
2549 151 2615 205 ll.

1955 271 2004 322 Α
2033 269 2364 341 appellans,
2386 275 2520 333 licet
2539 277 2776 350 publice
2800 276 3056 350 paganis
3077 275 3570 348 admiscerentur,
3595 295 3691 351 ge-

3583 160 3690 224 7'78

2037 359 2277 416 stabant
2305 380 2445 421 vero
2477 367 2680 424 animo
2709 365 2958 422 ﬁrmiori
2984 365 3220 438 utrique
3276 366 3513 439 pietatis
3563 367 3692 426 reli-

2037 448 2296 517 gionem.
2332 456 2491 510 lianc
2549 456 2659 511 sibi
2707 455 2971 528 puellam
3021 454 3380 511 venerabilis
3424 456 3686 527 juvenis,

2028 537 2168 609 juro
2189 543 2322 614 conj
2332 544 2628 614 ugalitatis
2645 546 2965 614 asciscens,
2985 545 3294 619 completis
3315 547 3690 618 sponsalium

2033 627 2233 701 titulis,
2263 633 2696 708 arrharumque
2721 635 2970 708 pignore
2992 634 3306 692 alternanti
3337 634 3398 690 in
3424 635 3685 693 invicem

2033 718 2394 778 exhibitione
2420 724 2758 781 contradita
2811 724 3099 795 legitima,
3159 723 3238 780 ad
3269 723 3550 782 ultimum
3578 726 3692 782 mi-

2031 805 2272 864 nisterio
2316 810 2694 868 sacerdotum
2767 829 2837 869 ex
2887 828 3054 868 more
3111 816 3444 882 sacrantur,
3484 813 3689 888 sicque

2030 895 2161 966 pari
2207 899 2568 956 commercio
2599 899 2802 973 aliquo
2830 905 3097 973 tempore
3176 901 3445 958 clancule
3496 901 3681 960 ﬁdem

2031 982 2240 1040 Christi
2267 992 2558 1057 gerentes,
2591 1004 2711 1045 non
2754 989 3037 1045 omnibus
3059 1005 3352 1046 arcanum
3382 1007 3506 1046 suae
3536 990 3684 1048 ﬁdei

2030 1071 2380 1131 revelabant
2408 1077 2605 1132 carnis
2626 1077 2966 1134 infirmitate
3009 1077 3300 1150 depressi,
3355 1095 3479 1136 non
3509 1079 3688 1138 dimi-

2030 1161 2276 1218 nutione
2301 1165 2506 1238 utique
2531 1166 2670 1222 voti.

2099 1253 2154 1307 4.
2196 1252 2326 1308 Fuit
2357 1258 2560 1310 autem
2606 1254 2784 1312 beato
2833 1254 3070 1312 Aurelio
3099 1255 3416 1329 proximus
3473 1272 3690 1328 genere

2027 1338 2120 1394 vir
2157 1340 2431 1412 quidam,
2468 1343 2714 1399 nomine
2761 1344 2911 1401 Felix
2956 1348 3168 1402 sancta
3196 1344 3442 1418 insuper
3494 1345 3690 1403 eidem

2029 1427 2343 1487 dilectione
2363 1448 2694 1501 connexus,
2735 1434 2837 1506 qui
2869 1433 3182 1490 occasione
3234 1433 3459 1491 diaboli
3483 1434 3546 1491 in
3569 1435 3691 1492 ﬁde

2029 1517 2335 1588 vacillans,
2361 1537 2500 1576 cum
2520 1527 2730 1595 postea
2758 1522 3004 1595 lapsum
3033 1523 3541 1596 praevaricationis
3564 1541 3690 1581 suae

2031 1607 2205 1664 altius
2237 1610 2582 1684 suspiraret,
2615 1611 2770 1669 ultra
2802 1629 2926 1669 non
2958 1613 3154 1686 potuit
3177 1613 3383 1686 patulo
3415 1629 3692 1685 congres-

2031 1712 2101 1752 su
2119 1696 2470 1768 religionem
2502 1700 2710 1758 Christi
2745 1717 3040 1758 exercere.
3079 1702 3191 1768 Qui
3251 1708 3309 1759 et
3354 1703 3482 1775 ipse
3503 1703 3692 1760 ﬁliam

2030 1785 2400 1843 occultorum
2450 1788 2940 1861 Christianorum,
2984 1791 3230 1847 nomine
3277 1791 3577 1863 Liliosam,
3627 1793 3692 1848 in

2030 1872 2352 1945 conjugem
2403 1875 2653 1942 ducens,
2714 1877 3010 1934 Christum
3094 1877 3156 1934 in
3207 1878 3428 1935 abditis
3483 1879 3692 1936 tectius

2031 1961 2358 2020 excolebat.
2411 1965 2789 2038 Quapropter
2835 1966 3372 2024 inconvulsibiliter
3432 1967 3691 2024 invicem

2032 2049 2425 2121 adhaerentes,
2451 2068 2688 2125 semper
2713 2069 2901 2110 unam
2924 2053 3189 2110 habuere
3204 2053 3688 2125 familiaritatrm,

2031 2139 2309 2195 eamdem
2332 2146 2646 2210 gesserunt
2678 2141 3083 2208 dulcedinem,
3115 2158 3226 2198 nec
3255 2141 3559 2216 prosperis
3579 2158 3692 2198 nec

2032 2226 2300 2284 adversis
2357 2229 2598 2285 casibus
2655 2247 2717 2285 se
2757 2230 3156 2303 disparantes,
3198 2229 3360 2286 idem
3403 2230 3517 2286 illis
3559 2245 3693 2286 exs-

2032 2315 2140 2372 titit
2194 2315 2478 2386 affectus;
2536 2323 2818 2392 tantaque
2890 2319 2990 2375 illa
3057 2319 3292 2392 pietatis
3362 2319 3689 2376 necessitas

2033 2405 2095 2461 in
2120 2409 2373 2480 utroque
2420 2407 2598 2464 fratre
2647 2408 3072 2480 perfectionem
3131 2408 3380 2465 contulit
3427 2408 3689 2465 Charita-

2035 2493 2128 2565 tis,
2191 2499 2253 2550 ut
2308 2511 2420 2552 nec
2460 2497 2583 2553 vita
2650 2513 2762 2552 nec
2799 2501 2990 2552 morte
3036 2496 3463 2565 dividerentur,
3524 2512 3681 2570 quos

2033 2597 2146 2655 par
2199 2582 2502 2654 religionis
2545 2586 2785 2642 occasio
2843 2585 3298 2655 glomeraverat,
3347 2585 3423 2641 de
3471 2585 3694 2658 quibus

2035 2670 2247 2728 merito
2301 2673 2710 2729 enarrandum
2757 2678 2851 2730 est
2897 2690 2911 2729 :
2969 2673 3187 2742 Sancti,
3261 2671 3575 2742 amabiles,
3637 2675 3698 2730 et

2035 2759 2257 2829 decori,
2302 2761 2611 2833 quomodo
2664 2762 2726 2817 in
2779 2762 2900 2818 vita
2947 2778 3061 2819 sua
3105 2761 3442 2819 dilexerunt
3517 2776 3582 2817 se
3631 2760 3698 2818 in

2034 2847 2314 2918 invicem,
2361 2850 2443 2906 ita
2499 2855 2558 2908 et
2601 2851 2664 2906 in
2735 2856 2928 2908 morte
3003 2867 3126 2908 non
3184 2856 3323 2908 sunt
3389 2850 3564 2906 divisi
3606 2851 3699 2920 (ΙΙ

2034 2938 2176 3008 Reg.
2209 2955 2276 2994 ιι.
2297 2943 2409 3010 23).

2107 3032 2158 3082 ὅ.
2200 3027 2434 3083 Exactis
2465 3027 2644 3098 igitur
2671 3043 2796 3083 non
2824 3027 3098 3101 plurimis
3139 3026 3335 3093 annis,
3368 3025 3584 3082 accidit
3633 3029 3698 3082 ut

2035 3131 2106 3172 eo
2135 3115 2231 3171 die
2261 3116 2324 3172 in
2357 3115 2556 3172 forum
2584 3115 3064 3190 proﬁcisceretur
3087 3114 3360 3170 Aurelius
3385 3112 3698 3170 venerabi-

2032 3203 2124 3274 lis,
2153 3221 2276 3278 quo
2303 3207 2562 3262 Joannes
2576 3205 2671 3261 ille
2700 3204 2890 3277 (cujus
2917 3204 2978 3260 in
3007 3203 3191 3277 priori
3218 3202 3374 3260 libro
3404 3203 3609 3271 (Num.
3635 3202 3700 3274 9)

2033 3294 2442 3365 meminimus)
2474 3295 2614 3351 odio
2654 3293 2918 3350 nominis
2975 3293 3187 3352 Christi
3245 3308 3437 3366 usque
3469 3292 3549 3349 ad
3578 3307 3687 3348 ne-

2034 3401 2166 3444 cem
2189 3385 2535 3443 verberibus
2563 3389 2930 3453 cruentatus,
2956 3389 3282 3441 retrorsum
3311 3382 3498 3439 asello
3524 3399 3697 3439 evec-

2033 3477 2148 3550 tus)
2160 3476 2578 3550 immensoque
2590 3475 2967 3532 vinculorum
2977 3474 3245 3548 pondere
3263 3477 3600 3530 coarctatus
3615 3477 3697 3541 (2)

2035 3572 2102 3624 ut
2127 3567 2189 3624 in
2231 3571 2399 3641 parte
2428 3570 2823 3622 stramentum
2853 3564 3237 3622 reclinaretur
3258 3563 3542 3635 jumenti,
3574 3579 3700 3636 qua

2037 3657 2088 3728 ej
2096 3673 2166 3713 us
2176 3671 2352 3713 crura
2366 3654 2715 3729 pendebant
2727 3653 3206 3728 praecedentibus
3221 3652 3534 3708 illusorum
3548 3668 3698 3725 prae-

2037 3744 2310 3811 conibus,
2368 3748 2554 3801 totam
2621 3742 3010 3800 circumendo
3086 3741 3325 3809 urbem,
3372 3740 3699 3797 satellitum

2036 3833 2363 3890 ministerio
2408 3833 2488 3890 ad
2539 3830 2956 3906 spectaculum
3007 3830 3171 3900 vulgi
3226 3834 3558 3902 pertractus
3589 3832 3696 3885 est.

2038 3925 2105 3978 Et
2157 3938 2296 3978 cum
2333 3922 2472 3977 hinc
2500 3921 2641 3976 inde
2680 3935 2858 3975 voces
2890 3918 3386 3991 exprobrantium
3429 3915 3684 3973 resulta-

2034 4015 2188 4083 rent,
2216 4010 2479 4067 dicentes
2499 4009 2840 4065 nullatenus
2871 4007 3121 4077 dignam
3152 4006 3244 4061 sui
3270 4005 3508 4062 sceleris
3559 4021 3692 4078 poe-

2036 4117 2180 4158 nam
2210 4099 2494 4157 eumdem
2545 4097 2745 4155 adhuc
2797 4095 3176 4171 persolvisse,
3233 4095 3459 4168 quippe
3507 4111 3694 4168 quem

2035 4194 2215 4248 tanta;
2287 4188 2633 4246 reverentiae
2697 4192 2897 4244 vatem
2965 4184 3442 4242 subsannatione
3502 4185 3698 4259 impe-

2036 4286 2155 4338 tere
2197 4295 2321 4337 non
2363 4283 2688 4345 verentem,
2719 4275 3103 4351 plectendum
3133 4275 3334 4347 potius
3357 4278 3547 4331 morte
3573 4279 3697 4331 tur-

2036 4370 2283 4444 pissima
2295 4367 2684 4440 congruebat;
2702 4365 2976 4438 exemplo
2990 4364 3223 4420 futurus
3237 4363 3483 4436 belliger
3492 4380 3699 4421 amore

2037 4463 2434 4533 compunctus
2483 4456 2770 4530 martyrii,
2819 4454 3040 4511 caelesti
3078 4453 3535 4525 quodammodo
3593 4453 3699 4526 fla-

2036 4548 2200 4607 mine
2241 4548 2560 4621 aspiratur,
2606 4550 2672 4602 ut
2718 4544 2866 4601 illud
2907 4559 3016 4616 pro
3047 4557 3108 4596 se
3134 4541 3260 4597 ﬁeri
3290 4540 3699 4614 spectaculum

2038 4638 2322 4705 crederet,
2351 4649 2661 4708 causaque
2682 4629 3109 4690 admonitionis
3149 4630 3263 4687 sibi
3290 4630 3476 4685 fuisse
3501 4632 3699 4684 osten-

2039 4743 2195 4796 sum,
2244 4741 2320 4781 ne
2350 4724 2570 4781 scilicet
2601 4721 2922 4780 formidare
2951 4719 3195 4776 deberet
3215 4735 3318 4776 eos
3349 4717 3453 4791 qui
3480 4732 3695 4790 corpo-

2038 4833 2106 4873 ra
2129 4813 2450 4881 trucidant,
2480 4829 2623 4869 eum
2652 4811 2799 4868 nihil
2849 4809 3162 4867 anxietatis
3208 4807 3532 4866 animabus
3562 4822 3701 4881 pos-

2037 4956 2272 5032 passim
2298 4958 2571 5032 auctores
2600 4953 2804 5032 exteri,
2823 4951 3158 5032 binomiam
3180 4951 3370 5032 fuisse
3388 4954 3546 5008 recte
3572 4966 3701 5006 sus-

2039 5024 2274 5102 picatur
2303 5026 2586 5102 Henricus
2638 5024 2953 5094 Flurezius,
2994 5028 3143 5102 tom.
3167 5026 3253 5102 _X.
3286 5024 3430 5092 Hip.
3462 5038 3701 5102 sacra,

2041 5094 2289 5156 credens
2320 5097 2562 5154 Nataliaa
2584 5112 2807 5153 nomen
2829 5112 2965 5152 eam
2992 5094 3281 5151 habuisse
3311 5110 3348 5150 a
3372 5094 3702 5164 nativitate,

2043 5169 2691 5241 Sabigothonisveroa
2721 5167 3103 5241 baptismate,
3141 5167 3295 5241 sicut
3319 5165 3416 5221 hic
3470 5165 3699 5241 indicat

2042 5234 2342 5312 Eulogius.
2379 5239 2758 5312 Bollandistae
2803 5234 3055 5295 Sollerio
3113 5237 3314 5312 visum
3373 5241 3466 5293 est
3529 5234 3702 5312 fe_rir_e

2041 5304 2316 5369 nonnihil
2346 5311 2814 5382 Sabigothonem
2843 5324 3066 5365 nomen
3105 5305 3529 5382 Christianum.
3564 5304 3702 5382 Qui-

2042 5399 2303 5458 cumque
2348 5377 2520 5458 veroj
2538 5381 2871 5458 historiam_
2899 5385 3195 5458 nostram
3224 5383 3444 5458 attente
3457 5377 3701 5458 legerit,

2044 5450 2228 5511 facile“
2268 5454 2702 5511 animadvertet
2758 5452 3127 5516 Baddonam,
3181 5450 3701 5518 Liubigothonem,

2045 5528 2547 5595 Baldegothonem
2591 5525 2843 5578 feminas
2899 5523 3262 5595 Christianas
3292 5521 3706 5595 ipsa‘noniina

2046 5591 2290 5653 Gothica
2319 5597 2496 5668 etiam
2524 5600 2661 5668 post
2689 5594 3059 5666 baptismum
3082 5591 3332 5663 absque’
3363 5591 3486 5647 ulla
3514 5591 3703 5645 oﬂ'en-

2045 5669 2213 5723 sione
2242 5666 2575 5722 retinuisse.

3115 5755 3183 5806 25
