4140 6188
252 157 349 209 781

1298 152 1723 211 MEMORIALIS
1767 149 2209 209 SANCI‘ORUI.
2255 176 2321 194 -ο
2363 156 2493 219 LIB.
2549 158 2613 210 li.

3569 163 3675 219 7.!

252 276 628 349 compeditos
657 276 988 347 discursus,
1018 293 1093 333 ex
1113 292 1183 333 eo
1203 277 1469 333 videlicet
1492 281 1763 349 tempore
1786 289 1909 348 quo
1932 273 1991 329 Ἀ
2020 273 2327 332 delicatius
2359 277 2612 345 educati,
2664 280 2726 334 in
2763 278 3058 336 deteriora
3085 278 3436 341 deveniunt!
3482 242 3679 346 Quam

250 367 467 423 beatus
491 371 654 421 lsaac
680 366 1037 435 monachus,
1060 382 1166 422 seu
1191 366 1382 422 caeteri
1406 365 1617 433 sancti,
1642 364 1747 436 qui
1762 379 1909 436 prae.

247 454 441 510 ditem
462 453 724 510 veritatis
771 454 1071 526 praeconio
1102 453 1396 523 linguam,
1437 451 1811 527 principibus
1859 455 1916 506 et

247 537 553 611 judicibus
580 537 933 607 confessuri,
965 552 1101 610 qua:
1132 554 1269 595 vera
1304 543 1465 608 sunt,
1497 538 1822 606 astiterant,
1854 539 1913 591 et

250 616 498 701 propter
526 626 809 683 eamdem
836 627 1143 683 veritatem
1173 626 1597 683 occubuerant.
1646 630 1911 691 Quorum

249 716 593 774 constantia
618 714 1007 787 perdurabili,
1040 714 1352 787 multiplici
1381 715 1667 771 virtutum
1696 713 1912 770 robore

250 806 470 862 horum
503 808 693 861 auctis
725 808 864 860 sunt
886 803 1065 860 vires.
1119 806 1270 859 Nam
1325 803 1419 860 ille
1475 803 1634 859 viros
1682 801 1911 875 perlus~

252 900 440 960 trem,
454 892 555 950 illa
572 893 698 948 suis
714 897 970 949 retentas
990 893 1261 950 claustris
1275 894 1529 949 feminas
1550 892 1911 965 requirebat.

331 988 416 1039 10.
444 982 531 1039 Ibi
562 997 675 1051 ego
701 998 840 1038 eum
871 982 1090 1051 agnovi
1116 1000 1130 1047 ;
1172 982 1253 1039 ibi
1290 982 1614 1038 amicitiam
1644 982 1774 1053 ejus
1804 980 1912 1039 ad-

250 1076 429 1145 eptus
469 1088 626 1135 sum,
670 1070 873 1143 ibique
905 1086 967 1128 se
998 1086 1034 1127 a
1062 1070 1239 1127 nobis
1270 1070 1493 1127 institui
1536 1070 1914 1142 deprecatur,

250 1160 403 1235 quid
435 1160 533 1230 agi
557 1159 801 1216 deberet
829 1164 952 1216 tam
990 1160 1065 1216 de
1096 1160 1275 1216 rebus
1322 1176 1508 1232 quam
1548 1160 1623 1216 de
1672 1158 1914 1230 gemino

254 1251 527 1323 pignore,
556 1248 723 1321 quod
754 1252 872 1304 Deo
901 1248 1167 1306 donante
1217 1255 1548 1322 acceperat.
1608 1249 1664 1304 Si
1718 1248 1917 1305 liceret

258 1340 404 1397 tales
433 1338 693 1405 destitui,
722 1354 878 1410 quas
908 1339 1111 1411 utique
1159 1344 1294 1411 post
1334 1355 1543 1394 necem
1573 1352 1745 1394 suam
1778 1352 1915 1409 pro-

254 1430 397 1485 fano
431 1427 751 1484 tradendus
773 1427 905 1483 ritui
933 1426 1107 1483 altius
1129 1427 1521 1491 condolebat;
1556 1427 1650 1483 vel
1680 1426 1728 1482 si
1751 1426 1915 1483 illam

252 1518 601 1574 divitiarum
623 1516 861 1588 copiam
889 1516 1161 1588 protinus
1180 1517 1331 1572 ﬁsco
1353 1516 1911 1587 agglomerandam,

2020 364 2220 436 plures
2247 367 2456 440 pupilli
2486 368 2564 425 ab
2593 368 2862 425 horribili
2892 374 3151 441 egestate
3192 369 3254 427 in
3308 386 3676 442 magnarum

2020 452 2386 514 afﬂuentiam
2415 473 2604 529 opum
2646 462 3016 526 excrescunt,
3062 462 3121 516 et
3156 458 3310 517 ﬁunt
3348 460 3677 519 multarum

2023 544 2265 601 Domini
2281 560 2501 616 rerum,
2549 549 2653 620 qui
2684 549 2780 605 vix
2810 549 3200 622 pauperrimo
3229 565 3389 623 pane
3414 552 3680 623 provecti

2021 638 2178 689 sunt.
2222 636 2383 691 Multi
2413 653 2484 692 ex
2525 636 2877 696 Christianis
2916 638 3233 710 progeniti,
3273 640 3680 714 prtepediente

2019 721 2304 795 deliquio,
2336 725 2607 782 Ecclesiae
2636 727 2912 785 membro
2930 726 3275 799 privantur;
3318 732 3378 786 et
3399 730 3680 789 nonnulli

2019 810 2125 867 ﬁlii
2163 827 2561 884 paganorum,
2610 815 3010 887 praeveniente
3059 818 3251 887 gratia
3294 817 3552 888 Domini,
3599 818 3682 876 ad

2021 900 2492 974 redemptionem
2527 904 2666 960 ﬁdei
2695 904 2974 962 salutaris
3002 910 3334 964 recurrunt.
3389 911 3505 965 Nec
3554 908 3681 966 istis

2022 989 2398 1061 sacrilegium
2427 992 2599 1049 obest
2627 998 2968 1066 parentum,
2995 1010 3108 1051 nec
3130 995 3246 1051 illis
3275 996 3523 1069 prodest
3549 998 3680 1056 reli-

2022 1079 2266 1150 giositas
2282 1080 2618 1151 genitorum
2644 1099 2656 1136 :
2681 1098 2822 1139 cum
2842 1086 2900 1140 et
2915 1082 2979 1140 hi
2999 1099 3038 1141 a
3055 1083 3176 1141 ﬁde
3196 1085 3543 1144 recedentes
3559 1087 3681 1144 Deo

2026 1168 2378 1237 alienantur,
2406 1176 2463 1227 et
2491 1171 2571 1227 illi
2598 1173 2906 1229 credentes
2934 1173 2997 1231 in
3027 1173 3327 1231 Christum
3354 1177 3479 1248 (per
3498 1192 3681 1249 quem

2020 1258 2161 1328 justi
2202 1258 2433 1331 vivunt)
2484 1260 2814 1332 eripiuntur
2855 1261 3123 1330 diabolo,
3173 1264 3513 1335 perenniter
3560 1268 3681 1322 Deo

2025 1347 2407 1406 cohaerentes.
2444 1351 2624 1420 Cujus
2668 1350 2753 1407 rei
2790 1351 2952 1408 testis
2996 1355 3084 1409 est
3126 1352 3436 1425 Dominus,
3480 1355 3583 1426 qui
3620 1355 3683 1411 in

2025 1437 2348 1507 Evangelio
2377 1444 2721 1509 protervam
2749 1440 3096 1498 Judreorum
3145 1456 3408 1512 arguens
3454 1443 3683 1501 vanita-

2024 1528 2164 1589 tem,
2195 1525 2301 1583 ait:
2336 1528 2651 1585 Genimina
2682 1530 3049 1601 viperarum,
3075 1532 3208 1601 quis
3238 1532 3495 1589 ostendit
3522 1532 3684 1590 vobis

252 1606 662 1663 inordinatam
690 1604 1025 1676 relinquere
1055 1605 1445 1675 congruebat.
1483 1606 1585 1663 Cui
1616 1618 1755 1662 cum
1784 1618 1915 1662 om-

2036 1615 2236 1685 Fugere
2255 1630 2291 1672 a
2310 1617 2526 1684 futura
2542 1618 2637 1674 ira
2655 1621 2683 1672 ?
2700 1618 2907 1676 Facite
2921 1634 3060 1690 ergo
3073 1619 3315 1688 fructus
3337 1620 3549 1692 dignos
3564 1636 3689 1691 pw—
3717 1626 3720 1629 '

254 1698 363 1753 nia
390 1697 604 1752 intuitu
648 1696 815 1765 regni
859 1694 1133 1762 ccelestis,
1187 1700 1242 1752 et
1288 1706 1474 1753 causa
1514 1695 1914 1753 retributionis

252 1791 495 1842 aeternis
526 1801 649 1840 non
675 1783 871 1841 solum
902 1784 1314 1857 relinquenda,
1348 1798 1555 1842 verum
1600 1785 1778 1841 etiam
1824 1784 1914 1839 fu-

254 1873 483 1944 gienda
538 1873 665 1929 fore
723 1888 1052 1939 censerem,
1107 1873 1611 1945 potissimumque
1668 1886 1918 1928 suarum

256 1963 461 2036 potius
490 1961 832 2018 animarum
863 1977 1048 2034 quam
1073 1961 1396 2018 liberorum
1422 1978 1552 2018 esse
1583 1960 1918 2018 commodis

254 2049 722 2120 consulendum,
754 2050 977 2122 quibus
1010 2049 1211 2122 utique
1242 2050 1508 2106 Christus
1539 2050 1779 2117 vindex,
1811 2064 1917 2122 pa-

256 2144 352 2198 ter
380 2144 437 2196 et
462 2144 622 2197 tutor
653 2144 773 2195 est:
808 2139 1075 2211 nihilque
1107 2155 1354 2211 prorsus
1387 2155 1585 2195 rerum
1616 2142 1919 2211 tempora-

257 2230 411 2287 lium
442 2228 711 2302 praeponi
738 2228 955 2285 debere
1001 2228 1298 2287 desiderio
1334 2228 1781 2305 Redemptoris,
1815 2244 1919 2284 seu

261 2319 504 2377 fruendi
529 2323 875 2375 sanctorum
907 2320 1206 2375 consortio
1236 2318 1515 2375 docerem
1544 2337 1556 2383 ;
1605 2318 1920 2375 confestim

263 2408 586 2479 subjunxi:
615 2430 643 2457 ε(
675 2407 734 2463 Si
762 2407 1017 2480 provida
1040 2408 1295 2464 facilitas
1325 2409 1607 2481 suppetit,
1641 2422 1763 2479 qua
1792 2407 1921 2475 haec

258 2497 491 2564 omnia,
537 2498 827 2568 magistra
875 2496 1277 2554 intercedente
1326 2496 1704 2567 discretione,
1760 2496 1922 2553 ordi-

259 2593 520 2653 nentur;
574 2587 710 2644 utile
753 2587 950 2659 primo
998 2587 1347 2658 judicamus
1402 2586 1671 2643 sobolem
1722 2586 1923 2643 tutiori

257 2678 402 2734 loco
455 2676 784 2749 transponi,
832 2675 937 2731 ubi
977 2675 1203 2732 Christo
1249 2675 1492 2731 liberius
1546 2674 1920 2746 assignetur;

259 2766 448 2823 rebus
488 2780 733 2839 quoque
777 2765 948 2834 juxta
992 2764 1346 2821 mandatum
1388 2764 1623 2820 Domini
1669 2762 1925 2820 venditis

257 2855 635 2929 pauperibus
667 2854 920 2924 erogari,
968 2869 1092 2926 quo
1141 2852 1468 2925 expeditior
1511 2852 1682 2909 vobis
1724 2855 1927 2925 pateat

256 2944 548 3016 deinceps
568 2947 707 3016 post
731 2942 1027 3000 Christum
1052 2942 1378 3012 ingressus.
1408 2942 1501 3000 Sic
1530 2942 1791 3014 denique
1817 2944 1925 2998 Ve-

256 3036 410 3092 ritas
439 3037 649 3089 sancta
692 3031 1012 3088 sciscitanti
1063 3048 1126 3089 se
1170 3032 1378 3103 juveni
1408 3036 1710 3104 quatenus
1739 3031 1925 3086 vitam

256 3128 550 3181 {sternam
580 3121 945 3195 possideret:
982 3122 1047 3177 Si
1071 3122 1176 3186 vis,
1207 3120 1418 3193 inquit,
1452 3122 1753 3190 perfectus
1782 3134 1922 3190 esse,

258 3215 439 3284 vade,
459 3212 644 3269 vende
659 3214 859 3267 omnia
882 3227 1012 3281 qua:
1030 3211 1230 3280 habes,
1252 3216 1307 3266 et
1337 3210 1416 3267 da
1442 3209 1812 3280 pauperibus
1826 3226 1848 3265 .·
1869 3215 1924 3265 et

264 3304 429 3367 veni,
458 3317 695 3372 sequere
734 3317 843 3365 me.
886 3306 939 3357 et
978 3300 1217 3357 habebis
1257 3301 1603 3358 thesaurum
1654 3302 1715 3356 in
1763 3301 1925 3356 cretis

273 3391 518 3461 (Matth.
546 3406 662 3457 xu,
693 3392 804 3459 2t).
836 3389 949 3446 Sed
980 3389 1087 3446 etsi
1116 3404 1258 3461 pars
1300 3389 1505 3461 aliqua
1554 3389 1615 3444 in
1645 3403 1668 3429 ιι
1701 3389 1923 3461 stipen-

267 3479 447 3536 dium
492 3477 853 3551 relinquatur
895 3478 1233 3548 infantium,
1281 3477 1577 3551 culpabile
1620 3493 1755 3534 esse
1802 3492 1926 3533 non

262 3568 510 3643 poterit,
531 3568 694 3640 quod
715 3568 902 3625 multa
927 3569 1171 3624 Patrum
1199 3566 1513 3624 insinuant
1538 3566 1922 3623 documenta.

263 3659 531 3731 Ideoque
562 3658 610 3713 si
636 3657 713 3714 ad
740 3658 898 3714 hanc
927 3657 1435 3730 dispensationem
1474 3655 1719 3730 potestis
1750 3656 1926 3713 attin-

266 3764 432 3820 gere,
460 3747 690 3820 optima
717 3762 833 3813 res,
865 3752 922 3803 et
949 3745 1263 3819 perfectius
1288 3762 1442 3819 opus
1471 3750 1581 3814 est,
1604 3746 1770 3819 quod
1794 3761 1924 3817 vos,

270 3836 554 3894 omnibus
580 3836 873 3909 expeditis
911 3836 1183 3906 negotiis,
1236 3835 1502 3891 securius
1544 3835 1623 3891 ad
1653 3835 1926 3890 militiam

272 3926 411 3983 coeli
436 3926 516 3982 ire
544 3925 880 4000 compellet.
924 3928 1025 3982 Sin
1064 3940 1207 3981 vero
1236 3924 1647 3997 quorumdam
1675 3923 1926 3979 difﬁcul-

269 4020 461 4073 tatum
512 4015 816 4089 repagulis
871 4014 1328 4081 oblatrantibus,
1386 4013 1515 4069 haec
1560 4012 1930 4084 dispensatio

262 4105 586 4173 revellitur,
614 4109 673 4161 et
695 4104 863 4162 nulla
890 4106 1132 4162 interest
1151 4104 1417 4172 libertas,
1445 4118 1569 4175 qua
1590 4102 1718 4158 haec
1738 4100 1931 4158 indul-

264 4195 613 4266 gentissime
641 4194 1054 4267 suppleantur,
1104 4193 1433 4267 praesertim
1463 4208 1604 4249 cum
1636 4193 1830 4263 magis
1859 4207 1933 4248 ex

2024 1704 2310 1771 nitentior,
2337 1711 2391 1760 et
2414 1721 2485 1761 ne
2510 1707 2703 1763 velitis
2731 1708 2928 1765 dicere
2947 1709 3114 1765 intra
3140 1724 3240 1765 vos
3265 1727 3278 1765 :
3307 1710 3553 1768 Patrem
3580 1711 3686 1768 ha-

2027 1793 2224 1850 bemus
2253 1795 2585 1853 Abraham.
2611 1798 2760 1855 Dico
2780 1799 2936 1856 enim
2967 1799 3151 1870 vobis,
3193 1801 3337 1871 quia
3368 1806 3578 1869 potens
3600 1806 3687 1857 est

2024 1884 2181 1940 Deus
2235 1884 2308 1940 de
2363 1885 2663 1955 lapidibus
2708 1889 2835 1942 istis
2874 1889 3166 1945 suscitare
3211 1889 3371 1958 filios
3421 1890 3688 1947 Abrahae

2025 1972 2268 2043 (Matth.
2295 1989 2374 2029 ιιι.
2405 1973 2441 2029 7
2470 1981 2525 2031 et
2546 1976 2731 2047 seqq.)
2764 1978 2829 2032 Et
2855 1976 3106 2032 iterum:
3138 1978 3329 2034 Multi
3347 1978 3424 2034 ab
3448 1979 3688 2036 Oriente

2025 2065 2080 2116 et
2108 2060 2422 2118 Occidente
2450 2063 2705 2131 venient,
2735 2068 2791 2120 et
2815 2064 3159 2121 recumbent
3185 2080 3321 2121 cum
3351 2065 3684 2133 Abraham,

2026 2148 2219 2215 Isaac,
2268 2155 2324 2204 et
2370 2150 2554 2206 Jacob
2607 2152 2670 2206 in
2712 2167 2898 2223 regno
2952 2153 3277 2209 caelorum:
3329 2154 3448 2222 ﬁlii
3486 2160 3686 2211 autem

2026 2238 2201 2308 regni
2219 2238 2617 2307 projicientur
2642 2241 2705 2295 in
2732 2240 3003 2299 tenebras
3028 2244 3350 2299 exteriores
3368 2258 3392 2300 .'
3420 2242 3552 2300 illic
3571 2248 3685 2301 erit

2023 2329 2221 2396 ﬂetus,
2248 2333 2304 2383 et
2335 2328 2563 2384 stridor
2590 2330 2860 2386 dentium
2889 2331 3133 2401 (Matth.
3164 2347 3287 2399 vnn,
3322 2337 3407 2401 ll,
3446 2334 3553 2405 12).

2107 2415 2125 2468 1
2140 2420 2158 2471 t
2175 2458 2186 2470 .
2207 2418 2538 2473 lnstructus
2558 2417 2737 2487 igitur
2751 2418 3109 2476 venerabilis
3120 2421 3362 2492 juvenis
3375 2422 3687 2496 quomodo

2027 2518 2383 2576 processum
2414 2505 2779 2579 martyrialis
2806 2507 2993 2579 praelii
3021 2508 3432 2579 meditaretur,
3462 2510 3689 2568 vincto.

2030 2608 2167 2650 rum
2208 2608 2270 2650 se
2309 2593 2588 2665 Precibus
2637 2594 3042 2653 solatiandum
3089 2597 3446 2670 implorans,
3483 2599 3690 2657 animo

2029 2680 2236 2738 lastiori
2263 2681 2325 2736 in
2353 2697 2501 2754 pace
2527 2682 2817 2739 discessit.
2851 2685 2917 2739 Et
2944 2699 3086 2740 cum
3111 2700 3226 2742 nos
3257 2686 3481 2759 sapius
3504 2686 3690 2755 idem,

2029 2769 2304 2842 quandiu
2322 2769 2424 2827 illa
2447 2770 2824 2827 horribilium
2849 2770 3114 2831 claustra
3132 2789 3443 2832 carcerum
3469 2774 3694 2833 habue-

2032 2875 2116 2929 re,
2142 2875 2266 2916 non
2305 2858 2613 2917 desisteret
2649 2860 2911 2934 visitare,
2956 2862 3298 2936 frequenter
3326 2870 3529 2922 tamen
3554 2881 3695 2939 pru-

2033 2946 2352 3005 dentisima
2384 2948 2714 3018 Sabigotho
2757 2949 3076 3007 latibulum
3109 2951 3258 3009 illud
3303 2952 3690 3023 feminarum,

2032 3051 2157 3109 quo
2183 3036 2604 3093 sacratissime
2632 3037 2895 3109 virgines
2924 3037 3103 3096 Flora
3128 3045 3186 3097 et
3230 3041 3434 3110 Maria,
3467 3041 3689 3098 detine-

2031 3126 2271 3192 bantur,
2304 3132 2489 3180 noctu
2509 3125 2685 3197 quasi
2714 3140 2838 3184 una
2866 3141 2898 3182 e
2927 3128 3283 3200 compeditis
3321 3128 3594 3197 incoluit,
3626 3132 3696 3186 ut

2031 3212 2126 3269 vel
2156 3212 2564 3269 consolaretur
2593 3216 2910 3284 certantes,
2930 3215 3025 3272 vel
3045 3232 3109 3272 se
3129 3215 3369 3274 aﬁ‘ectui
3388 3232 3693 3274 commen-

2032 3302 2204 3358 daret
2232 3301 2626 3371 certantium;
2684 3302 2807 3359 imo
2862 3304 3062 3376 potius
3113 3310 3182 3363 ut
3230 3305 3547 3379 pugnandi
3582 3322 3695 3380 pro

2034 3391 2261 3449 Christo
2288 3406 2428 3461 rege
2462 3391 2668 3447 usibus
2697 3392 2724 3431 ι)
2752 3391 3141 3464 imbueretur,
3157 3393 3529 3468 haberetque
3559 3410 3698 3452 eon-

2034 3480 2410 3538 suetudinem
2433 3479 2765 3552 praeliandi.
2796 3481 3063 3540 Instabat
3091 3484 3394 3555 precibus,
3416 3484 3698 3542 obsecra-

2037 3568 2299 3626 tionibus
2353 3568 2694 3637 laborabat,
2754 3573 2819 3628 ut
2865 3584 3167 3628 memores
3214 3572 3317 3630 sui
3359 3572 3698 3642 existerent,

2034 3658 2254 3731 adepto
2283 3663 2421 3731 post
2449 3658 2823 3731 triumphum
2850 3660 3059 3731 sponsi
3079 3662 3402 3731 consortio,
3432 3676 3558 3736 quo
3587 3662 3700 3720 sal-

2034 3746 2142 3802 tim
2171 3745 2361 3803 effuso
2390 3761 2601 3803 cruore
2625 3746 2846 3803 coelum
2875 3747 3108 3819 ingredi
3134 3755 3523 3807 mererentur.
3547 3752 3702 3809 Dant

2035 3835 2193 3891 illico
2218 3836 2507 3892 ﬁduciam
2555 3837 2670 3892 hoc
2717 3836 3047 3908 praefandi
3082 3837 3447 3896 beneﬁcium
3475 3843 3700 3897 sancta

2034 3925 2315 3994 virgines,
2344 3940 2481 3997 quas
2513 3940 2654 3980 suas
2682 3929 2976 3981 noverant
3003 3924 3065 3982 in
3093 3926 3259 3983 nullo
3309 3940 3333 3969 ο
3374 3928 3700 3999 repugnari

2035 4017 2174 4086 post
2187 4012 2498 4069 victoriam
2518 4028 2748 4085 preces,
2764 4027 2875 4069 nec
2894 4018 3174 4086 poterant
3189 4015 3699 4073 commilitonibus

2037 4100 2375 4173 quidquam
2400 4115 2643 4173 negare,
2673 4116 2809 4173 quas
2842 4116 2906 4157 se
2936 4116 3061 4159 non
3090 4102 3455 4162 dubitabant
3478 4104 3700 4163 audiri.

2119 4193 2201 4246 l2.
2233 4192 2386 4245 Dum
2416 4205 2559 4261 ergo
2589 4189 2810 4246 ancilla
2833 4191 3072 4247 Domini
3107 4192 3456 4266 Sabigotho,
3505 4194 3703 4267 proxi-

266 4284 477 4357 aliquo
523 4284 1001 4357 perturbationes
1048 4298 1350 4353 emergere
1398 4281 1751 4349 formidatis,
1796 4297 1933 4353 quae
1970 4342 2017 4357 ἢ
2041 4296 2138 4336 me
2162 4283 2301 4353 post
2344 4280 2703 4351 martyrium
2742 4279 3068 4352 virginum,
3126 4281 3283 4339 infra
3340 4283 3704 4341 domesticos

1970 4342 2017 4395 Ι)

265 4378 487 4430 vestrae
516 4372 829 4430 intentioni
858 4373 1191 4440 obsistant;
1240 4388 1363 4429 non
1392 4370 1799 4428 cunctandum
1846 4373 1938 4425 est
1971 4368 2016 4395 ν
2041 4369 2301 4442 parietes
2342 4368 2572 4426 Christo
2611 4370 2956 4427 servitutem
3000 4370 3224 4427 mimus
3268 4376 3547 4446 suspecta
3572 4388 3705 4446 per-

269 4478 556 4537 spernere
576 4463 1029 4536 patrimonium,
1057 4462 1225 4534 quod
1245 4461 1434 4519 multo
1454 4460 1668 4518 melius
1683 4464 1740 4517 et
1757 4459 1934 4517 latius

272 4554 337 4608 in
364 4552 534 4617 coelo,
555 4567 680 4624 quo
700 4568 811 4608 vos
830 4551 1082 4608 nitimini
1104 4550 1460 4623 proﬁscisci,
1482 4550 1788 4622 reperitur.
1810 4552 1937 4605 Non

274 4640 544 4697 ﬁliarum
564 4640 812 4697 affectus
833 4640 1099 4697 societati
1115 4644 1459 4697 sanctorum
1481 4643 1570 4695 est
1589 4653 1938 4712 praeponen-

274 4730 419 4798 dus,
440 4746 581 4787 cum
602 4734 662 4787 et
674 4729 805 4786 illas
828 4733 1023 4803 potest
1041 4730 1197 4785 Deus
1218 4729 1275 4785 in
1297 4727 1516 4785 sacculo
1537 4727 1815 4797 enutrirc,
1834 4725 1940 4799 qui

280 4819 682 4890 compactavit
708 4820 771 4875 in
801 4823 968 4876 utero
993 4837 1006 4885 ;
1040 4816 1339 4890 siquidem
1370 4817 1422 4873 ei
1444 4815 1698 4889 provida
1717 4815 1793 4872 de
1812 4830 1938 4871 om-

276 4905 469 4963 nibus
488 4923 630 4965 eura
649 4911 890 4965 est.Non
910 4922 1122 4963 omnes
1145 4905 1379 4979 parvuli
1400 4908 1716 4978 parentum
1738 4902 1939 4959 indus-

276 4994 397 5053 tria
422 4995 779 5065 refoventur,
805 5012 915 5053 nec
935 5000 1164 5052 cunctis
1188 4992 1653 5067 prolesfnutritio
1673 4992 1938 5048 educan-

275 5090 379 5142 tur
401 5085 630 5143 labore.
678 5086 948 5143 Nascitur
984 5084 1189 5152 homo,
1218 5083 1464 5141 orbatur
1513 5082 1574 5139 in
1621 5080 1939 5139 cunabulis

276 5174 495 5232 solatio
521 5175 824 5246 genitoris,
849 5191 971 5231 non
992 5178 1195 5231 tamen
1219 5173 1509 5230 Creatoris
1531 5170 1941 5242 gubernaculo

275 5264 640 5335 destituitur,
688 5265 791 5338 qui
835 5268 924 5321 est
964 5267 1133 5336 pater
1180 5263 1615 5335 orphanornm,
1661 5266 1719 5317 et
1755 5261 1942 5331 judex

273 5353 627 5412 viduarum.
673 5356 718 5410 Ο
746 5369 934 5426 quam
963 5351 1134 5409 multi
1181 5351 1415 5425 parvuli
1458 5350 1762 5408 nutricum
1797 5364 1945 5406 cura

350 5458 375 5483 η
406 5447 518 5499 Pro
550 5443 709 5515 victu
742 5443 1376 5515 quotidiano._Soi.Lsn.

350 5515 379 5555 ιι
410 5515 555 5571 Vult
584 5510 800 5579 dicere,
828 5514 1020 5587 inquit
1043 5513 1346 5587 Sollerius,
1374 5510 1944 5587 experimentisedo-

274 5594 381 5647 cta
411 5592 651 5645 certare
678 5582 949 5659 disceret,
983 5584 1149 5659 quod
1178 5582 1359 5659 etiam
1386 5582 1540 5640 infra
1565 5582 1831 5639 recurrit.

352 5673 379 5702 ο
407 5664 505 5717 An
531 5673 658 5716 non
685 5657 899 5715 melius
927 5656 1311 5729 repugnare?
1340 5659 1416 5712 In.

2046 4458 2318 4527 solveret,
2374 4459 2652 4531 fessoque
2705 4459 3126 4518 exercitatione
3181 4460 3519 4531 vigiliarum
3577 4477 3705 4519 θοι-ο

2042 4552 2176 4622 pori
2243 4548 2584 4619 consulens,
2655 4549 2974 4622 paululum
3052 4550 3432 4623 quievisset:
3486 4550 3704 4619 ferunt,

2045 4644 2367 4711 utramque
2412 4637 2727 4707 virginem,
2777 4640 3022 4697 Mariam
3073 4638 3292 4696 scilicet
3342 4644 3402 4697 et
3448 4638 3704 4707 Floram,

2044 4726 2234 4783 niveis
2263 4727 2515 4783 amictae
2542 4726 2920 4798 cycladibus,
2959 4727 3332 4785 diversarum
3367 4727 3709 4801 ligustrium

2045 4815 2332 4873 manibus
2361 4818 2666 4885 gestantes
2695 4816 3059 4889 manipulos,
3108 4833 3249 4875 eum
3296 4818 3482 4876 choro
3538 4832 3707 4874 sanc-

2047 4910 2244 4962 torum
2301 4902 2538 4976 phialas
2601 4903 2825 4976 palmis
2896 4905 3229 4974 gerentium
3281 4907 3571 4981 |(quibus,
3645 4911 3712 4963 ut

2045 4997 2214 5068 puto,
2245 4992 2545 5050 orationes
2574 5008 2808 5064 eorum,
2839 4995 2945 5067 qui
2992 4995 3071 5052 ad
3118 4996 3393 5068 puellum
3422 5001 3712 5055 venerant

2046 5082 2379 5152 informari,
2432 5082 2495 5138 in
2548 5087 2940 5156 conspectum
2996 5085 3229 5142 Domini
3283 5085 3526 5159 ferrent)
3580 5102 3710 5144 om-

2046 5187 2156 5227 nes
2207 5170 2535 5227 caelestium
2579 5170 3040 5229 luminariorum
3080 5174 3347 5233 claritate
3393 5176 3708 5247 fulgentes,

2051 5260 2244 5318 eidem
2301 5276 2407 5333 per
2464 5261 2770 5318 somnium
2828 5263 3108 5321 astitisse.
3168 5267 3331 5330 Quae
3387 5282 3529 5322 cum
3585 5264 3708 5331 illa,

2050 5353 2116 5407 ut
2168 5349 2591 5422 arbitrabatur,
2635 5354 2664 5391 ⁸
2715 5351 2936 5409 sediliis
3017 5369 3081 5408 se
3151 5354 3426 5411 reclinari
3488 5352 3711 5410 humil-

2120 5438 2284 5523 fﬂic
2330 5438 2576 5523 sediliis,
2628 5439 2820 5514 inquit
2883 5440 3065 5523 idem,
3100 5458 3302 5523 supra
3344 5443 3710 5523 ligustriung,

2049 5510 2531 5587 infraue/torale
2558 5506 2677 5587 pro
2710 5506 3013 5587 bal-ponite,
3051 5506 3113 5570 et
3150 5506 3325 5587 plura
3362 5506 3713 5586 Hujusmodi

2050 5580 2269 5638 saeculo
2296 5580 2395 5639 isti
2423 5580 2831 5642 condonanda
2860 5580 3017 5641 sunt.
