4110 6190
502 153 614 206 783

1699 147 1758 201 S.
1799 140 2076 198 EULOGll
2117 135 2437 193 ARCHIEP.
2484 136 2734 197 TOLET.

3819 144 3918 197 784

500 273 647 333 lima
676 269 1107 344 supplicatione
1133 271 1382 339 optaret,
1415 269 1612 325 territa
1650 268 1958 338 majestate
1983 262 2142 318 cmli-
2183 263 2232 316 A
2264 258 2456 316 ditant
2482 262 2917 334 universa,an
2938 261 3244 318 liberiores
3259 263 3320 317 in
3335 262 3718 334 assequendo
3732 261 3916 319 Chris-

503 363 722 430 colum,
781 359 877 413 vix.
937 357 1094 413 tenui
1153 356 1432 412 allocutio
1487 356 1848 427 aggreditur,
1903 353 2146 408 dicens:

503 474 532 499 ‹‹
564 454 754 514 Quam
813 445 1101 502 ﬁduciam
1139 444 1283 501 olim
1331 447 1659 518 praemissae
1702 440 2144 510 obsecrationis,

497 538 670 594 vobis
727 536 790 592 in
839 549 1096 602 carcere,
1159 549 1195 590 ο
1253 534 1668 591 sacratissima:
1719 532 1998 604 virgines,
2049 544 2146 584 me

493 626 717 682 habere
737 624 958 695 jubetis
977 625 1005 678 ?
1039 627 1104 679 Et
1130 623 1178 678 si
1204 627 1481 679 votorum
1509 639 1782 679 meorum
1807 617 2144 677 commodis

492 714 756 787 potitura
785 729 941 782 sum,
974 711 1329 782 gratissimis
1361 711 1644 768 deﬂorate
1675 709 1978 783 responsis
2005 727 2018 776 ;
2068 722 2142 762 ne

493 803 712 860 frustra
741 805 1060 862 currentes,
1093 801 1155 856 in
1185 816 1440 856 vacuum
1469 800 1855 865 decidamus;
1888 812 1963 852 ne
1988 795 2142 852 vires

491 892 678 948 nostri
709 895 962 947 conatus
991 904 1148 946 vano
1187 894 1689 945 consummantur
1724 888 1952 953 labore,
1992 884 2138 939 dum

492 981 656 1036 aliud
684 979 930 1036 intentio
959 983 1210 1051 quaerat,
1244 978 1407 1034 aliud
1433 980 1642 1035 merita
1657 979 1957 1050 expetant.
1990 974 2142 1040 Quia

491 1086 632 1125 cum
690 1073 844 1126 Deus
889 1068 1026 1141 plus
1075 1067 1298 1123 meritis
1341 1084 1524 1140 quam
1574 1067 1873 1141 prmcibns
1921 1063 2135 1129 faveat,

491 1159 656 1216 novit
687 1164 887 1216 tamen
911 1158 1072 1213 idem
1099 1157 1378 1213 abdicare
1399 1156 1981 1228 congeminationem
2008 1169 2137 1226 pre-

491 1248 823 1318 caminum,
854 1262 1041 1319 quam
1088 1261 1213 1302 non
1252 1246 1425 1317 juvat
1470 1246 1730 1316 dignitas
1763 1244 2134 1301 meritorum.

491 1336 738 1406 Idcirco,
769 1335 1031 1391 dominae
1061 1349 1232 1404 mere,
1267 1351 1502 1407 sponsae
1529 1333 1758 1401 Christi,
1779 1333 1828 1389 si
1843 1333 2134 1388 hactenus

492 1423 829 1480 sustinendi
848 1423 1166 1496 praemium
1194 1423 1532 1495 sponsionis
1556 1427 1766 1478 vestrae
1796 1436 1933 1494 spes
1957 1419 2135 1476 nobis

486 1513 610 1570 ﬁda
643 1512 930 1580 subsistit,
960 1527 1239 1568 enarrare
1259 1511 1495 1583 jubete:
1531 1527 1654 1584 quo
1690 1508 2028 1582 promptius
2058 1507 2136 1563 ad

2262 352 2387 404 tum
2412 350 2761 418 existerent;
2792 369 2862 406 ex
2893 368 3014 424 quo
3040 351 3228 424 pretio
3257 351 3595 424 quidquam
3617 351 3920 408 infantulis

2255 437 2681 512 relinquentes,
2745 446 2931 497 totum
3000 441 3163 498 aliud
3225 441 3534 514 stipendiis
3618 441 3921 514 applicant

2255 540 2584 597 egenorum
2610 548 2623 599 ;
2656 530 2923 587 virorum
2949 547 3021 586 ac
3050 529 3372 586 mulierum
3411 530 3655 586 visitant
3679 546 3916 586 monas-

2253 617 2742 692 teria,prmcipue
2785 624 2983 676 tamen
3034 618 3385 675 Tabanense
3430 617 3802 685 coenobium,
3848 619 3918 676 de

2251 719 2376 778 quo
2406 707 2625 779 saepius
2655 707 3150 778 memorabimus,
3191 707 3337 780 quia
3383 707 3640 762 summis
3679 723 3915 764 monas-

2251 793 2379 850 ticae
2407 795 2628 866 regulis
2652 795 2980 868 disciplinae
3009 801 3295 852 cunctum
3324 795 3592 852 honesta:
3615 796 3799 852 famae
3826 813 3916 852 ru-

2248 882 2520 939 moribus
2548 884 2884 942 illustrabat
2901 884 3400 942 Occiduum.lnde
3421 885 3659 941 athletae
3680 883 3913 941 fortissi-

2246 972 2333 1027 mi
2389 972 2674 1030 haurinnt
2715 973 3182 1042 documentum;
3241 973 3380 1030 inde
3407 973 3678 1030 instituta
3734 974 3911 1047 perci-

2245 1060 2454 1133 piunt;
2504 1062 2587 1118 ibi
2631 1079 2692 1119 se
2724 1063 2942 1136 poculo
2997 1064 3131 1119 vitae
3183 1063 3464 1136 perennis
3495 1064 3910 1134 ingurgitant;

2243 1148 2328 1205 ibi
2351 1149 2730 1208 sanctissima
2761 1152 3087 1222 Sabigotho
3138 1152 3479 1224 frequenter
3517 1168 3658 1207 cum
3692 1153 3912 1209 ancillis

2244 1239 2348 1295 Dei
2368 1244 2638 1299 moratur
2661 1261 2675 1311 ;
2699 1242 2870 1299 discit
2898 1241 2982 1298 ibi
3014 1241 3190 1298 totius
3221 1240 3411 1298 sancti
3439 1241 3676 1298 timoris
3711 1243 3911 1299 indus-

2243 1327 2457 1397 triam;
2499 1329 2582 1386 ibi
2604 1331 2913 1401 geminum
2954 1331 3174 1402 pignus
3226 1330 3339 1386 sub
3390 1331 3718 1388 beatarum
3741 1331 3912 1388 tutela

2247 1418 2636 1476 constituunt.

2323 1506 2406 1563 16.
2440 1509 2484 1564 Ο
2541 1508 2839 1582 stupenda
2896 1509 3107 1566 mundi
3137 1509 3522 1580 renuntiatio,
3563 1514 3624 1566 et
3653 1509 3907 1568 admira-

489 1616 752 1676 superna
781 1600 1120 1666 tendamus,
1161 1616 1282 1672 quo
1311 1599 1566 1656 validius
1596 1600 1656 1654 in
1685 1598 2011 1654 certamine
2039 1613 2134 1652 ro-
2166 1613 2211 1668 Β
2245 1593 2380 1649 bilis
2409 1595 2589 1652 ardor
2611 1597 2872 1668 divinus,
2912 1615 3036 1671 quo
3082 1597 3342 1654 ﬁliorum
3391 1598 3643 1654 affectus
3685 1600 3906 1671 respui-

485 1689 792 1747 boremur.
833 1712 862 1740 »

562 1785 644 1837 13.
681 1784 839 1836 Ταηο
877 1795 1012 1835 eam
1053 1783 1273 1834 sanctae
1299 1778 1561 1849 virgines
1593 1777 1927 1834 caelestium
1958 1776 2136 1832 diffu-

489 1870 655 1924 sione
680 1868 1009 1940 gratiarum
1039 1867 1322 1924 affatibus
1373 1867 1636 1940 praeditis
1687 1866 2130 1923 demulcentes:

487 1980 516 2007 ‹‹
543 1957 896 2026 Commoda,
930 1956 1231 2028 inquiunt,
1278 1958 1460 2011 vestri
1498 1955 1722 2011 laboris
1763 1955 1823 2010 in
1865 1955 2130 2012 aethereis

480 2048 759 2119 reposita,
795 2052 1061 2120 tempore
1091 2046 1427 2102 necessario
1458 2046 1629 2102 vobis
1659 2045 1981 2116 metienda,
2015 2062 2130 2102 ser-

478 2139 620 2191 vata
650 2139 806 2192 sunt.
841 2138 956 2191 Nec
984 2135 1220 2190 labetur
1257 2135 1741 2207 przescriptorum
1785 2149 2012 2190 merces
2050 2133 2129 2190 ad

477 2224 774 2298 praelium,
805 2223 971 2297 quod
1015 2223 1174 2295 cogit
1208 2223 1458 2279 athletas
1487 2223 1906 2279 invictissimos
1935 2223 2018 2278 irc
2049 2222 2129 2280 ad

474 2331 749 2388 regnum.
779 2314 1125 2387 Martyrium
1156 2314 1416 2387 denique
1441 2313 1614 2370 vobis
1641 2330 1677 2371 a
1707 2313 2126 2370 constitutione

474 2405 688 2461 mundi
718 2404 997 2461 divinitus
1025 2402 1367 2476 prmﬁxnm,
1401 2408 1458 2459 et
1487 2403 1977 2475 praedestinatum
2011 2407 2120 2458 est.

475 2494 649 2560 Quod
677 2511 786 2551 vos
810 2498 947 2567 post
968 2493 1285 2567 paululum
1305 2487 1675 2566 impleturas,
1703 2492 1979 2563 congruit
2004 2492 2124 2547 feli-

475 2583 736 2640 cioribus
783 2583 953 2640 solito
998 2582 1324 2639 sanctitatis
1363 2582 1572 2638 studiis
1618 2581 1909 2637 insistere.
1963 2582 2122 2646 Qua-

470 2675 715 2745 propter
736 2671 1028 2729 libamina
1057 2671 1437 2727 sacerdotum
1462 2669 1771 2725 laboribus
1789 2669 1996 2725 vestris
2024 2686 2119 2726 as-

470 2762 701 2830 ciscite;
756 2759 1041 2830 suffragia
1095 2759 1411 2832 implorate
1460 2763 1842 2826 sanctorum;
1897 2757 2120 2831 ubique

468 2866 573 2906 vos
606 2849 886 2922 precibus
917 2848 1298 2904 servientium
1330 2847 1559 2903 Christo
1597 2847 1976 2914 committite;
2009 2862 2118 2903 vo-

2247 1686 2361 1752 tur,
2393 1700 2517 1757 quo
2542 1701 2731 1758 opum
2772 1687 3080 1744 afﬂuentia
3126 1691 3520 1760 repugnatur,
3561 1704 3686 1760 quo
3711 1691 3905 1762 proxi-

2245 1787 2486 1830 morum
2555 1775 2811 1832 dulcedo
2866 1777 3168 1847 refellitur,
3222 1793 3347 1850 quo
3407 1793 3568 1834 mors
3615 1793 3727 1849 pro
3784 1777 3898 1834 vita

2242 1862 2496 1933 eligitur,
2527 1881 2651 1938 quo
2678 1865 2942 1923 labentia
2993 1872 3208 1923 cuncta
3264 1870 3738 1934 contemnuntur,
3773 1882 3890 1938 quo

2240 1950 2456 2008 intuitu
2510 1958 2746 2010 aeternae
2793 1955 3082 2011 felicitatis
3135 1956 3352 2023 vincla,
3414 1955 3620 2022 caedes,
3669 1971 3894 2021 cruces,

2239 2055 2526 2110 carceres,
2555 2043 2805 2100 verbera
2832 2049 2890 2100 et
2921 2050 3216 2100 tormenta
3243 2061 3352 2118 pro
3399 2046 3648 2100 summis
3675 2043 3901 2101 haben-

2237 2134 2333 2187 tur
2365 2131 2589 2188 deliciis
2616 2134 2627 2189 !
2660 2137 2788 2190 Una
2816 2134 3112 2208 siquidem
3151 2135 3412 2191 ﬁliarum
3467 2135 3770 2206 octennio,
3795 2134 3906 2191 lus-

2237 2225 2327 2277 tro
2356 2221 2543 2280 altera
2564 2224 2914 2282 ducebatur.
2946 2228 2987 2280 E
3016 2225 3238 2298 quibus
3265 2241 3376 2297 ego
3407 2230 3547 2298 post
3567 2241 3780 2282 necem
3809 2241 3904 2298 pa-

2234 2315 2472 2368 rentum
2538 2313 2834 2370 minorem
2907 2315 3225 2388 repcriens,
3281 2315 3374 2370 vix
3427 2315 3753 2371 tenerrimo
3807 2331 3900 2370 ore

2232 2399 2580 2459 facundiam
2609 2403 2972 2477 exprimens,
3005 2420 3100 2460 me
3121 2405 3162 2445 ab
3191 2403 3591 2460 infantissime
3623 2403 3898 2460 abhorta-

2232 2493 2347 2554 tur,
2379 2494 2444 2548 ut
2470 2493 2808 2562 genitorum
2859 2499 3026 2564 gesta
3069 2493 3389 2550 scriberem
3441 2493 3767 2566 proderem
3805 2510 3896 2551 ac-

2230 2582 2348 2650 tus,
2405 2581 2821 2639 elucubrarem
2883 2589 3128 2656 tropaea.
3173 2586 3238 2639 Et
3292 2599 3432 2639 cum
3490 2588 3743 2656 propter
3791 2584 3898 2639 hoc

2226 2667 2375 2741 quid
2431 2669 2508 2726 ab
2580 2687 2652 2728 ea
2719 2672 2992 2729 beneﬁcii
3065 2671 3462 2746 praestolarer,
3524 2672 3897 2745 exquirerem

2229 2755 2402 2827 (mira
2422 2758 2690 2816 dicturus
2716 2778 2872 2830 sum,
2896 2761 3188 2818 tantillam
3209 2765 3445 2817 aetatem
3471 2760 3617 2817 talia
3639 2761 3895 2834 qnivisse

2224 2845 2286 2900 in
2338 2852 2622 2920 promptu
2675 2850 3000 2916 advertere,
3035 2850 3151 2905 nisi
3199 2848 3347 2905 forte
3379 2849 3755 2905 credendum
3806 2849 3891 2920 sit,

467 2937 587 2995 tivo
614 2937 962 2994 veneranda
1011 2937 1109 2994 Dei
1150 2937 1488 2993 sanctuaria
1534 2935 1811 2992 discursu
1858 2935 2112 3000 incolite,
2145 2969 2188 3022 ο
2223 2935 2386 3007 quod
2419 2935 2498 2992 ab
2527 2937 2626 2995 illo
2649 2939 3034 2996 imbuebatur
3062 2939 3306 2995 interius
3335 2939 3442 3011 qui
3472 2955 3542 2994 ex
3570 2954 3673 2994 ore
3697 2938 3893 2994 infan-

465 3032 521 3084 et
549 3027 824 3084 omnium
860 3025 1276 3097 religiosorum
1324 3025 1603 3098 inquirite
1646 3025 2112 3082 obsecrationes.

463 3118 613 3183 Quia
633 3111 969 3191 quamlibet
987 3117 1337 3190 praescripta
1362 3116 1534 3172 vobis
1564 3115 1934 3189 quandoque
1957 3115 2116 3172 futu-

463 3221 532 3264 ra
560 3208 678 3263 sint
702 3206 969 3280 praemia,
1003 3221 1109 3279 per
1136 3206 1292 3262 hanc
1315 3209 1516 3261 tamen
1558 3203 1914 3260 industriam
1935 3205 2116 3261 veluti

458 3295 832 3369 quibusdam
879 3294 1167 3366 gradibus
1215 3294 1551 3362 innitentes,
1609 3297 1786 3350 tantae
1829 3293 2112 3350 bonitatis

457 3401 659 3441 arcem
672 3401 784 3440 vos
801 3400 1012 3440 verum
1029 3387 1119 3438 est
1140 3399 1317 3454 posse
1334 3381 1697 3452 contingere,
1716 3385 2112 3455 nostrumque

458 3487 803 3527 sermonem
831 3470 1254 3541 hujuscemodi
1284 3475 1510 3526 certum
1537 3486 1700 3535 esse;
1734 3470 1952 3527 indicio
1974 3487 2112 3526 con-

454 3562 757 3626 testantes,
805 3557 1050 3614 instanti
1097 3557 1268 3613 vobis
1317 3558 1661 3623 certamine,
1722 3557 2106 3613 adhaesurum

453 3646 864 3704 contuberniis
908 3646 1116 3702 vestris
1145 3645 1510 3702 coenobitam
1540 3659 1563 3686 α
1593 3650 1866 3701 nostrum
1913 3647 2106 3701 mitte-

452 3755 612 3802 mus,
689 3737 795 3811 qui
857 3735 1174 3793 vobiscum
1226 3734 1434 3809 palma
1491 3735 1788 3808 petiturus
1835 3737 2104 3807 martyrii

453 3827 682 3884 caelitus
712 3826 1028 3884 ordinatus
1060 3831 1165 3882 est.
1201 3848 1228 3876 »

524 3921 608 3973 14.
638 3918 780 3974 Post
811 3917 972 3974 hanc
999 3915 1295 3972 visionem
1341 3914 1530 3970 oculis
1564 3914 1846 3970 intuentis
1876 3913 2100 3971 abduc-

449 4011 594 4073 tam,
633 4006 1047 4064 vehementius
1079 4009 1257 4062 tantee
1288 4004 1370 4060 rei
1402 4002 1692 4060 miraculo
1719 4003 1898 4061 beata
1931 4005 2097 4062 Sabi-

449 4095 633 4166 gotho
658 4094 734 4150 ad
765 4093 1130 4166 perﬁcienda
1150 4093 1306 4150 bella
1328 4093 1562 4150 Domini
1579 4093 1927 4150 concitatur.
1955 4095 2096 4159 Quae

447 4199 591 4239 mox
619 4182 862 4240 hilarior
907 4198 938 4237 e
994 4198 1207 4238 somno
1263 4198 1619 4254 exsurgens,
1677 4187 1857 4252 auget
1911 4198 2096 4254 opera

447 4271 797 4340 sanctitatis,
857 4271 1128 4343 fragilem
1181 4271 1260 4328 ad
1307 4286 1579 4344 pugnam
1626 4271 1796 4340 erigit
1860 4285 2090 4342 sexum,

447 4376 831 4432 supernoque
877 4376 1126 4416 munere
1168 4360 1324 4415 vires
1366 4359 1445 4416 ad
1493 4359 1846 4416 certandum
1895 4374 2091 4416 corro-

442 4449 634 4506 borat.
667 4450 814 4506 Hinc
835 4450 961 4522 jam
993 4450 1281 4506 tidnciata
1327 4465 1431 4522 spe
1473 4449 1722 4504 ﬁrmiori
1753 4449 1948 4504 virum
1998 4450 2089 4505 in-

441 4537 728 4607 formans,
763 4541 1012 4597 omnino
1052 4539 1298 4595 terrenis
1343 4538 1479 4594 exui
1527 4538 1754 4606 edocet,
1801 4538 2090 4610 quoniam

439 4645 478 4686 a
523 4630 816 4704 principio
871 4629 1083 4686 mundi
1141 4628 1478 4684 et‘elcstibus
1537 4627 1795 4684 dedicati
1845 4627 2089 4700 militiis,

439 4722 722 4777 continuo
764 4723 901 4792 post
933 4717 1247 4775 victoriam
1277 4715 1555 4773 coelicolis
1597 4716 2088 4774 admiscerentur.

515 4813 598 4862 15.
631 4809 778 4863 Hinc
800 4807 992 4877 magis
1015 4807 1329 4880 magisque
1346 4805 1582 4862 fruendi
1598 4806 2009 4880 Redemptore,
2034 4811 2091 4863 et

437 4892 678 4965 collegis
693 4895 914 4950 sanctis
926 4895 1112 4964 ignito
1123 4895 1417 4953 desiderio
1429 4911 1544 4953 con
1551 4895 2087 4966 flagrati,natorum

437 4985 866 5054 postponentes
881 4982 1185 5053 affectum,
1200 4985 1799 5058 spernuntquidquid
1815 4986 2088 5042 mundia-

434 5069 508 5126 lis
527 5068 788 5140 peritura
805 5070 1033 5140 species
1049 5071 1328 5126 continet.
1349 5074 1564 5128 Omnia
1579 5072 1939 5141 distrahunt,
1951 5089 2086 5128 ven-

504 5260 528 5286 ο
559 5244 876 5314 Georgium
904 5245 1189 5314 intelligit.
1224 5247 1307 5302 Ita
1332 5251 1486 5303 recte
1516 5248 1710 5302 Schot.

504 5317 530 5356 δ
562 5315 654 5371 Sic
675 5315 991 5371 ediderunt
1007 5316 1249 5372 Morales
1270 5321 1327 5373 et
1350 5319 1652 5385 Schottus;
1675 5318 1781 5373 sed
1804 5317 2080 5375 Sollerius

434 5388 861 5441 instantissime
889 5386 1046 5454 legit.
1081 5387 1400 5442 Infantium
1442 5390 1900 5457 infantissimus.
1935 5391 2082 5445 dixit

431 5457 712 5512 Paulinus
729 5458 932 5538 Nola‘n.
958 5459 1128 5538 epist.
1157 5463 1217 5511 1‘2
1233 5461 1298 5523 (Α
1314 5461 1350 5512 l.
1376 5461 1488 5538 2:1),
1513 5477 1579 5538 n._
1595 5465 1646 5525 5,
1673 5466 1728 5514 ιτι
1754 5462 2079 5538 inﬁmus-sa}

429 5547 590 5586 mum
631 5547 692 5603 se
727 5530 1082 5585 Prudentius
1121 5537 1428 5603 nuncupat
1465 5531 1525 5587 in
1565 5532 1795 5603 hymno
1822 5533 2077 5590 Romani

426 5600 729 5675 martyris,
743 5617 931 5675 quam
957 5617 1170 5657 vocem
1185 5600 1377 5674 incldq
1385 5600 1791 5661 acutissimum
1804 5605 2073 5676 magistri

2225 3023 2394 3088 tium,
2437 3030 2492 3081 et
2539 3026 2880 3084 lactentium
2933 3028 3162 3102 perﬁcit
3189 3027 3430 3083 laudem
3473 3042 3643 3082 suam
3693 3027 3883 3096 [1)δαί.

2224 3127 2342 3182 vm,
2369 3114 2496 3185 3]):
2547 3117 2908 3188 Impetrabo,
2939 3115 3151 3189 inquit,
3183 3120 3370 3188 pater,
3400 3114 3498 3170 tibi
3547 3129 3582 3167 a
3624 3113 3877 3168 Domino

2221 3201 2600 3273 paradisum.

2293 3293 2377 3346 l7.
2434 3291 2656 3348 Verum
2715 3293 2860 3366 quia
2907 3293 3269 3366 competenti
3319 3291 3652 3357 occasione,
3689 3289 3884 3361 gratia

2219 3378 2548 3438 disserendi
2580 3383 2937 3454 parvitatem
2968 3382 3423 3451 infantularnm,
3455 3379 3775 3454 paululum
3804 3379 3882 3436 ab

2218 3468 2424 3525 ordine
2452 3471 2675 3527 directo
2704 3472 3084 3540 recessimus,
3113 3488 3235 3545 quo
3285 3487 3413 3527 rem
3465 3469 3690 3526 scilicet
3725 3473 3885 3543 post-

2216 3571 2517 3615 novenum
2560 3561 2825 3631 martyrii
2857 3577 3065 3616 eorum
3095 3577 3366 3617 mensem
3405 3564 3714 3632 patratam
3743 3559 3884 3615 sub-

2208 3649 2617 3718 jungeremus,
2667 3665 2828 3704 nunc
2879 3665 3230 3704 eernmnosae
3275 3655 3333 3704 et
3389 3648 3503 3703 sub
3555 3647 3883 3706 mundanis

2213 3736 2414 3792 adhuc
2472 3736 2759 3792 molestiis
2806 3737 3103 3793 laboranti
3169 3737 3534 3792 inseruimus
3591 3737 3879 3796 historiae.

2210 3828 2338 3881 Non
2363 3840 2475 3880 nos
2505 3824 2725 3881 obinde
2746 3825 3006 3882 fraterna
3029 3825 3320 3882 infamare
3346 3825 3527 3882 debet
3554 3826 3880 3904 reppehen-

2228 3913 2340 3984 sio,
2360 3913 2522 3970 unde
2551 3914 2880 3988 culpabiles
2906 3915 3076 3986 argui
3105 3931 3226 3972 non
3256 3931 3534 3971 veremur
3552 3932 3590 3971 a
3625 3915 3878 3972 Domino

2206 4006 2321 4060 Nec
2347 4004 2543 4061 obstat
2573 4004 2802 4074 ultimo,
2835 4020 2914 4060 an
2945 4004 3147 4077 priori,
3179 4004 3456 4060 mediove
3483 4003 3621 4060 loco
3645 4005 3875 4076 [veritas

2205 4092 2558 4150 disseratur:
2590 4093 3089 4166 quandoquidem
3114 4093 3374 4150 veritatis
3427 4096 3694 4149 assertor
3741 4093 3876 4149 nul-

2201 4181 2436 4240 latenus
2482 4182 2896 4239 benedictione
2950 4182 3239 4255 privatur.
3275 4182 3498 4238 Idcirco
3539 4198 3571 4237 e
3621 4183 3874 4252 vestigio

2201 4271 2576 4342 repedantes,
2611 4270 2689 4327 ad
2713 4269 2943 4344 reliqua
2992 4270 3308 4328 beatorum
3339 4270 3673 4327 studiosius
3705 4275 3873 4342 gesta

2199 4359 2510 4415 referenda
2535 4374 2868 4416 curramus.

2275 4453 2357 4504 18.
2385 4449 2534 4503 Cum
2574 4463 2716 4516 ergo
2745 4448 2951 4504 intenti
2996 4448 3356 4518 caelestibus,
3398 4449 3566 4505 omni
3594 4452 3868 4521 tempore

2200 4537 2430 4608 vigiliis,
2448 4537 2840 4606 orationibus,
2861 4537 3282 4610 eleemosynis,
3298 4542 3355 4593 et
3367 4537 3613 4608 jejnniis
3634 4537 3869 4592 incum-

2197 4625 2404 4682 berent
2415 4626 2774 4698 (frequenter
2791 4631 2990 4683 tamen
3003 4642 3264 4699 superno
3278 4626 3468 4683 sidere
3490 4626 3552 4682 in
3584 4625 3865 4682 cubiculo

2199 4731 2328 4783 suo,
2346 4731 2468 4788 quo
2506 4716 2622 4772 ista
2653 4716 3120 4787 meditabantur,
3141 4716 3397 4789 respersi
3420 4718 3578 4782 sunt,
3610 4715 3765 4772 adeo
3799 4717 3868 4770 ut

2195 4804 2473 4878 illapsum
2482 4805 2997 4877 jubaraethereum
3007 4820 3248 4861 omnem
3267 4804 3577 4877 praesentis
3596 4803 3866 4876 speciem

2194 4893 2505 4951 lnminaris
2550 4895 2958 4968 interpollans,
2991 4894 3301 4950 horridum
3348 4910 3477 4950 esse
3526 4893 3717 4952 chaos
3770 4895 3865 4949 sui

2195 4985 2645 5057 comparatione
2675 4984 2974 5041 autumari
2995 4983 3429 5056 compelleret);
3459 4983 3680 5040 divinis
3703 4999 3864 5056 saepe

2193 5073 2657 5130 revelationibns
2677 5073 2984 5144 eriguntur
3008 5091 3020 5128 :
3049 5073 3328 5129 fruuntur
3350 5071 3667 5145 colloquiis
3696 5087 3861 5144 ansa

2193 5257 2328 5308 lson
2348 5252 2409 5308 in
2431 5252 2630 5310 Glosss
2653 5259 2802 5310 acct.
2834 5257 3047 5312 Verum
3091 5269 3200 5310 nec
3230 5252 3460 5310 Paulini
3503 5269 3682 5309 necm

2189 5323 2328 5397 logii
2350 5325 2423 5397 (si
2439 5325 2523 5381 ita
2543 5325 2794 5397 scripsit;
2821 5325 2950 5381 haec
2972 5341 3108 5381 esse
3139 5341 3313 5380 mens
3337 5325 3592 5380 videtur.
3667 5326 3860 5397 Qnan

2188 5395 2359 5450 brem
2390 5396 2446 5452 in
2482 5395 2780 5452 Glossario
2824 5397 3144 5466 Gangen-no
3192 5396 3374 5451 alium
3421 5412 3669 5450 sensum
3815 5396 3852 5450 ιι

2188 5469 2318 5522 voci
2347 5473 2536 5539 aptari
2571 5469 2850 5538 oportuit,
2883 5470 3055 5522 satim
3085 5468 3156 5520 ad
3193 5467 3613 5537 expmmmiam
3668 5484 3727 5520 m
3774 5483 3850 5520 en

2191 5555 2250 5592 m
2299 5539 2543 5595 Paulini.
