4110 6190
222 237 327 288 ⁸785

1270 232 1692 288 MEMORIALIS
1734 227 2167 286 SANCTORUM.
2211 257 2277 266 —
2319 229 2444 284 LIB.
2487 231 2554 284 ll.

3512 232 3616 284 786

217 357 428 423 lorum,
459 354 661 410 lmtitia
692 353 978 410 coelicolis
1010 359 1206 410 mente
1236 361 1292 411 et
1338 357 1546 430 spiritu
1598 353 1864 421 adunati,
1898 353 1946 407 A
1978 335 2136 420 sum,
2179 367 2366 424 quam
2405 356 2468 409 tu
2517 349 2926 408 mundialibus
2979 351 3262 405 (erumnis
3312 352 3426 406 scis
3483 351 3625 409 olim

216 461 338 502 non
369 445 493 500 sine
524 445 694 514 gravi
739 443 1016 500 molestia
1045 445 1352 517 corporale
1391 462 1544 502 onus
1576 444 1863 501 ferebant.

217 534 490 599 Quodam
520 548 786 604 namque
827 531 921 586 die
965 548 1102 587 cum
1144 533 1359 589 atrium
1391 536 1466 604 (3)
1501 532 1860 590 serenissimi

214 623 601 695 praeceptoris
638 622 824 677 nostri
869 627 886 650 ⁸
915 621 1111 677 Alvari
1153 627 1274 679 toto
1321 624 1382 678 in
1428 625 1864 696 Scripturarum

221 711 467 767 scientia
497 710 757 767 Οοοὶιίιιυ
779 709 1024 775 laudati,
1051 711 1244 780 gratia
1265 711 1597 768 collationis
1616 715 1860 777 mutuae,

222 803 544 871 nostraque
587 797 899 854 alternanti
950 799 1358 871 propositione
1415 802 1676 856 mentem
1728 815 1861 854 eru-

224 886 423 943 diendi
474 887 533 942 in
591 887 1023 959 Scripturarum
1077 887 1574 960 problematibus,
1626 888 1862 960 petivis-

222 991 369 1043 sem,
400 975 587 1048 reperi
618 991 820 1030 coram
876 990 945 1032 eo
992 976 1241 1032 militem
1280 976 1487 1034 Christi
1535 976 1858 1044 Aurelium,

215 1065 552 1120 consultum
599 1064 953 1134 agonizandi
1005 1071 1394 1137 quaerentem,
1454 1071 1511 1122 et
1558 1072 1859 1139 quatenus

209 1153 843 1225 arriperetmartyriale
861 1154 1198 1226 auspicium
1215 1155 1654 1228 implorantem.
1672 1157 1859 1221 Quem

206 1241 363 1296 idem
395 1241 604 1297 doctor
633 1243 931 1312 egregius,
965 1247 1021 1298 et
1051 1245 1334 1316 temporis
1368 1245 1554 1300 nostri
1584 1245 1717 1300 fons
1768 1261 1858 1301 sa-

209 1329 442 1403 pientia:
493 1333 788 1402 protluus,
822 1334 1058 1387 Patrum
1091 1333 1377 1406 exemplis
1411 1333 1745 1401 instituens,
1765 1334 1857 1405 ju-

207 1418 306 1474 bet
329 1418 528 1490 primo
559 1420 914 1474 constantia:
954 1420 1106 1475 vires
1137 1422 1524 1494 perpendere,
1560 1428 1854 1479 secretum

203 1523 378 1562 suum
429 1507 758 1568 advertere,
793 1507 1172 1564 considerare
1215 1526 1526 1578 arcanum,
1551 1514 1607 1567 et
1654 1517 1854 1568 utrum

199 1595 577 1651 imminentia
627 1595 821 1665 magis
873 1602 1075 1654 nosset
1123 1599 1295 1665 ferre,
1325 1617 1512 1673 quam
1555 1601 1853 1658 declinare

1975 445 2338 512 exemptam,
2366 457 2675 513 quamque
2706 439 2917 496 eadem
2962 440 3130 507 hora,
3162 457 3287 512 qua
3331 442 3626 512 supremis

1973 529 2304 586 vexabatur
2333 531 2643 601 angustiis,
2663 531 3017 602 priusquam
3052 531 3299 602 propius
3334 531 3624 598 visitares,

1969 619 2238 690 reperisti
2283 621 2645 676 exanimem.
2680 622 2745 676 Et
2786 636 2925 674 cum
2971 626 3023 675 te
3063 637 3175 692 ego
3207 619 3425 675 saeculo
3472 637 3624 693 pene

1969 707 2290 765 eleminata
2339 726 2462 765 non
2509 709 2836 779 novissem,
2868 709 3000 782 ipso
3051 714 3251 765 tamen
3280 709 3478 766 obitus
3507 710 3626 767 mei

1969 802 2277 855 momento
2301 798 2440 871 quis
2463 816 2649 869 esses,
2678 799 2928 855 Domino
2953 799 3272 867 revelante,
3291 800 3544 871 agnovi:
3569 804 3626 858 et

1968 902 2150 954 nunc,
2180 903 2252 943 eo
2298 887 2583 958 mittente,
2617 888 2842 960 praevia
2879 889 3203 945 nuntiatrix
3242 889 3459 962 palmas
3506 894 3622 946 tuas

1968 975 2212 1032 accessi.
2252 980 2429 1032 Instat
2476 992 2742 1048 namque
2778 978 2906 1047 jam
2954 978 3125 1033 vobis
3169 983 3406 1051 tempus
3459 995 3624 1035 exse-

1967 1065 2221 1137 quendaa
2273 1064 2572 1131 VlClOI‘ltB;
2607 1064 2827 1120 adsunt
2873 1065 3000 1120 dies
3037 1066 3273 1138 publice
3304 1068 3621 1139 protitendi

1966 1152 2151 1208 fidem
2210 1152 2589 1220 catholicam,
2620 1152 2976 1226 hostemque
3032 1154 3354 1226 repellendi
3403 1157 3620 1212 teterri-

1965 1258 2159 1296 mum.
2187 1242 2414 1307 Quibus
2445 1241 2665 1296 sedatis
2710 1241 2936 1308 litibus,
2975 1242 3262 1298 cmlorum
3294 1245 3619 1315 penetralia

1964 1345 2074 1386 vos
2103 1331 2483 1386 coronandos
2508 1335 2836 1399 ass-ument,
2869 1337 3157 1404 perpetua
3197 1333 3477 1405 deinceps
3517 1351 3619 1405 pa-

1966 1433 2032 1474 ce
2061 1418 2366 1475 fundatos.
2402 1442 2428 1467 ››

2035 1511 2124 1563 2t.
2167 1507 2346 1577 Igitur
2394 1512 2668 1563 scrutans
2706 1523 2810 1564 cor
2843 1525 3021 1564 suum
3070 1509 3422 1566 venerabilis
3453 1511 3619 1568 femi-

1965 1613 2066 1661 na,
2085 1611 2416 1668 secumque
2443 1597 2739 1652 meditans
2769 1597 3076 1670 eloquium
3108 1599 3459 1668 assistentis,
3482 1617 3619 1657 con-

199 1685 515 1756 supplicia,
565 1684 772 1741 ultimo
811 1690 1166 1759 excepturus
1213 1688 1478 1745 delicatis
1522 1690 1852 1746 cervicibus
1882 1708 1926 1761 Β
1967 1685 2156 1742 festim
2180 1685 2451 1741 revoluta
2479 1686 2793 1755 memoria,
2820 1702 2944 1742 rem
2979 1691 3210 1756 gestam
3241 1689 3533 1759 agnoscit,
3561 1694 3619 1746 et

200 1773 516 1844 gladium:
553 1773 658 1829 etsi
710 1776 905 1846 magis
947 1777 1157 1832 merita
1202 1783 1536 1850 martyrum
1580 1779 1851 1852 adipisci,

195 1879 383 1936 quam
415 1864 618 1919 vocari
648 1870 878 1936 martyr
904 1866 1307 1934 contenderet,
1337 1868 1443 1923 etsi
1466 1869 1660 1937 magis
1684 1869 1853 1924 terris

193 1953 458 2021 ignotus,
500 1952 850 2008 ﬂorentibus
899 1954 1047 2009 coelo
1087 1956 1312 2010 meritis
1341 1957 1613 2026 catalogo
1644 1957 1852 2014 electo-

192 2055 331 2095 rum
364 2056 494 2096 sese
525 2041 831 2098 atlectaret
850 2043 1130 2112 describi,
1161 2062 1350 2117 quam
1381 2046 1441 2101 in
1468 2049 1740 2119 supernis
1760 2047 1849 2102 di-

191 2128 435 2184 minuto
490 2130 759 2202 praemio,
811 2131 1113 2187 famosum
1168 2134 1516 2206 temporalis
1585 2135 1852 2206 martyrii

189 2216 507 2274 anhelaret
534 2233 757 2274 nomen
789 2219 1030 2275 habere.

273 2305 362 2361 19.
403 2307 564 2360 Tunc
595 2305 689 2362 ille
719 2322 781 2361 se
813 2323 1004 2380 usque
1033 2308 1110 2364 ad
1136 2315 1393 2366 mortem
1423 2307 1849 2368 dimicaturum

193 2392 534 2465 spondens,
565 2395 730 2452 nulla
760 2411 1007 2468 prorsus
1035 2398 1093 2453 vi
1112 2403 1548 2457 tormentorum
1574 2401 1848 2458 intentio-

186 2497 332 2537 nem
363 2497 541 2538 suam
573 2485 980 2557 superandam
1012 2503 1140 2543 esse
1175 2488 1407 2546 fatetur.
1443 2513 1470 2538 ‹‹
1495 2491 1646 2562 Mihi,
1677 2492 1844 2560 mihi,

185 2570 408 2642 inquit,
442 2572 776 2629 maximum
829 2575 961 2630 vitae
1008 2576 1288 2633 solatium
1333 2578 1598 2636 Christus
1643 2585 1748 2648 est,
1791 2585 1847 2638 et

187 2658 342 2715 mori
387 2659 647 2718 lucrum.
694 2663 800 2718 Cui
855 2667 1086 2722 terrena
1129 2669 1503 2724 conversatio
1534 2670 1845 2727 teterrimae

187 2747 376 2803 noctis
409 2749 607 2820 caligo
637 2755 746 2819 est,
777 2756 835 2808 et
860 2754 1154 2811 memoria
1203 2757 1486 2812 transitus
1516 2759 1842 2815 mundialis

185 2840 490 2908 perpetuae
547 2838 698 2894 lucis
742 2839 993 2897 odorem
1047 2844 1292 2916 aspirat.
1328 2868 1354 2893 ι»
1387 2846 1475 2902 Fit
1519 2863 1844 2904 commune

185 2924 468 2998 deinceps
508 2927 800 2996 gaudium
831 2945 1015 2987 causa
1063 2933 1247 2988 nostri
1277 2933 1572 2991 adventus
1603 2953 1615 2992 :
1649 2936 1724 2993 de
1755 2936 1842 2993 al-

1963 1775 2323 1847 priusquam
2367 1779 2565 1843 grates
2612 1774 3044 1844 evangelizanti
3090 1776 3200 1831 sibi
3254 1777 3466 1849 puella:
3522 1794 3615 1835 re-

1963 1865 2159 1932 ferret,
2219 1863 2440 1920 labitur
2495 1880 2532 1920 a
2579 1870 2908 1938 conspectu
2957 1866 3087 1936 ejus
3139 1866 3241 1922 illa
3313 1867 3614 1937 virginalis

1960 1953 2189 2026 species
2242 1953 2478 2009 aetheris
2535 1955 2764 2023 nuntia,
2824 1959 2881 2011 et
2923 1971 3122 2028 praeco
3173 1957 3267 2012 sui
3316 1959 3610 2031 martyrii.

1960 2043 2044 2099 Fit
2070 2043 2206 2099 laeta
2236 2043 2340 2098 tali
2386 2043 2718 2115 praeconio;
2747 2044 3048 2102 animatur
3080 2045 3304 2102 caelesti
3327 2047 3571 2104 oraculo
3595 2067 3610 2117 ;

1957 2136 2016 2189 et
2079 2135 2246 2188 tanto
2313 2147 2419 2204 spe
2485 2132 2734 2189 tirmiori
2812 2134 2891 2190 ad
2955 2133 3224 2207 praelium
3299 2136 3607 2209 excitatur,

1956 2224 2185 2294 quanto
2229 2235 2358 2276 sese
2389 2224 2636 2292 patratae
2665 2223 2914 2279 actionis
2941 2224 3181 2282 veritate
3218 2225 3402 2282 cernit
3430 2225 3608 2282 infor-

1955 2325 2107 2366 mari
2118 2352 2131 2365 .

2025 2403 2118 2454 22.
2159 2399 2381 2455 Verum
2411 2402 2475 2455 ut
2502 2401 2697 2470 magis
2729 2401 3044 2475 magisque
3083 2418 3268 2476 scopo
3296 2403 3605 2476 praedesti-

1953 2487 2216 2546 nationis
2245 2505 2365 2543 suae
2390 2487 2785 2561 intenderent,
2817 2496 3134 2565 essentque
3165 2508 3288 2549 non
3318 2493 3488 2550 dubii
3530 2494 3605 2551 de

1953 2577 2230 2634 mercede
2286 2578 2568 2652 reposita,
2616 2580 2734 2636 sive
2781 2585 2847 2637 ut
2903 2586 3245 2638 sanctarum
3306 2582 3605 2653 virginum

1951 2667 2300 2740 impleretur
2327 2667 2617 2737 edictum;
2648 2671 2878 2727 octonis
2907 2677 3043 2728 ante
3072 2688 3248 2728 suam
3268 2673 3609 2746 captionem

1951 2756 2185 2825 diebus,
2209 2757 2443 2813 dudum
2474 2759 2809 2831 promissus
2840 2761 2935 2817 ille
2965 2761 3270 2818 confessor
3295 2762 3610 2819 contuber-

1952 2844 2066 2901 niis
2097 2861 2307 2902 eorum
2332 2847 2666 2920 asciscitur,
2690 2853 2746 2905 et
2774 2849 3307 2907 inconvulsibiliter
3335 2851 3430 2906 his
3459 2869 3610 2925 quo-

1951 2933 2282 2990 dammodo
2339 2933 2642 3007 alligatus,
2688 2936 2841 2992 felici
2890 2939 3180 3009 martyrio
3223 2954 3435 2994 omnes
3491 2939 3605 2995 sub

186 3016 350 3070 terno
398 3014 740 3072 admodum
770 3017 985 3075 intuitu
1028 3019 1320 3078 laetamur.
1354 3024 1663 3080 Credimus
1691 3024 1840 3082 inte-
1870 3061 1911 3114 ο
1953 3037 2072 3078 uno
2116 3027 2424 3078 momento
2471 3023 2692 3096 pariter
2745 3030 3126 3081 coronantur.
3183 3025 3408 3082 Idcirco
3467 3042 3604 3082 con-

183 3117 337 3158 resse
363 3103 619 3160 consilio
649 3111 852 3162 nostro
892 3108 1149 3165 Verbum
1182 3111 1364 3166 Patris
1407 3111 1706 3180 Altissimi,
1735 3115 1840 3186 qui

185 3190 402 3265 ubique
444 3193 681 3250 nomini
710 3211 820 3250 suo
850 3196 1048 3254 dicato
1078 3199 1328 3269 collegio
1376 3217 1438 3256 se
1466 3201 1631 3257 illabi
1663 3206 1838 3260 testa-

186 3283 274 3335 tus
300 3286 406 3349 est,
438 3282 652 3338 dicens
681 3301 694 3338 :
736 3285 1081 3358 Ubicunque
1105 3289 1338 3356 fuerint
1366 3290 1484 3346 duo
1506 3293 1597 3346 vet
1627 3297 1744 3348 tres
1774 3294 1836 3348 in

184 3372 415 3427 nomine
457 3387 588 3428 meo
639 3376 1010 3445 congregati,
1041 3377 1126 3431 ibi
1151 3393 1281 3433 sum
1327 3380 1388 3433 in
1418 3380 1608 3436 medio
1633 3397 1834 3438 eorum

183 3456 414 3528 (Matth.
449 3476 618 3525 xvm,
649 3464 759 3533 20).
794 3465 859 3518 Et
888 3479 1026 3520 cum
1077 3465 1251 3537 plura
1307 3483 1416 3523 suo
1466 3469 1646 3539 agoni
1675 3486 1834 3526 com-

185 3549 435 3618 petentia
478 3551 861 3622 referremus,
894 3552 1176 3627 idemque
1224 3557 1574 3626 gratissimis
1613 3559 1832 3616 animis

184 3641 450 3693 nostrum
490 3639 791 3712 exciperet
843 3641 1316 3712 documentum;
1350 3647 1517 3714 satis,
1567 3651 1632 3704 ut
1677 3665 1830 3719 reor,

189 3723 502 3781 collatione
531 3732 734 3784 nostra
777 3729 1044 3801 juvatus,
1072 3733 1355 3790 continuo
1402 3735 1560 3791 bella
1600 3737 1834 3793 Domini

191 3808 457 3877 initurus,
488 3814 568 3868 ad
593 3817 831 3888 propria
853 3820 1198 3889 regreditur.

258 3899 346 3956 20.
391 3903 562 3959 Beata
611 3921 746 3962 vero
797 3907 1121 3977 Sabigotho
1170 3912 1474 3968 nonnullis
1522 3919 1657 3970 ante
1689 3931 1828 3987 pas-

189 3986 411 4045 sionem
465 3991 682 4048 diebus
728 3995 875 4051 dum
919 3997 1047 4052 sola
1095 3997 1279 4056 domo
1327 4002 1632 4072 resideret,
1667 3986 1828 4059 Chri-

184 4080 454 4152 stumque
513 4081 594 4136 ob
656 4083 1077 4155 perfectionem
1137 4089 1402 4160 martyrii
1445 4090 1556 4156 sui,
1609 4091 1830 4163 quibus

181 4174 374 4235 posset
401 4168 428 4207 δ
455 4171 790 4241 quaestibus
811 4173 1240 4242 obsecraretur,
1267 4177 1463 4234 subito
1493 4187 1686 4234 astare
1717 4180 1825 4236 sibi

180 4256 336 4311 mirae
390 4258 855 4330 pulchritudinis
931 4263 1220 4332 virginem
1292 4267 1495 4336 cernit,
1555 4268 1824 4338 angelico

179 4350 510 4412 vegetatam
558 4347 792 4415 decore,
844 4353 1126 4422 primum,
1181 4358 1243 4407 ut
1291 4355 1634 4426 putabatur,
1686 4358 1824 4413 ado-

179 4427 463 4489 lescentiae
495 4436 711 4492 ﬂorem
743 4445 1068 4507 gerentem.
1100 4441 1206 4496 Cui
1237 4458 1373 4498 cum
1403 4443 1503 4499 illa
1555 4445 1776 4502 diceret
1808 4465 1820 4501 :

182 4541 206 4566 «
235 4523 313 4576 'l‘u
355 4525 492 4596 quis
528 4539 592 4579 es
621 4525 740 4582 tilia
763 4528 791 4582 ‘?
849 4530 915 4583 Et
942 4529 988 4584 si
1019 4546 1050 4584 e
1077 4530 1273 4586 vicino
1321 4534 1576 4604 accedis,
1609 4552 1826 4592 causas

182 4610 253 4664 tui
325 4614 628 4670 adventus
703 4615 978 4673 edissere.
1044 4641 1072 4668 »
1143 4619 1417 4677 Protinus
1485 4625 1824 4696 spectabilis

178 4699 382 4770 virgo:
435 4726 463 4752 «
519 4703 789 4770 Soboles,
839 4706 1050 4780 inquit,
1098 4710 1271 4765 amici
1327 4713 1505 4768 vestri
1555 4715 1828 4771 Montesis

222 4851 266 4918 ,λ
290 4843 466 4921 Haud
487 4846 694 4921 mirari
721 4864 838 4904 non
869 4853 1308 4921 p0:$Stll1)llS,Cl.
1343 4855 1649 4911 Sollcrium
1674 4858 1824 4913 adeo

179 4909 531 4995 hic-lapsum
579 4918 780 4988 fuisse,
807 4909 883 4975 ut'
897 4928 1033 4993 post
1059 4909 1279 4995 Atvari
1306 4909 1549 4982 adderet
1586 4909 1820 4995 r5567},

179 4981 446 5068 divinans
463 4991 624 5044 lianc
648 4981 859 5046 vocem
881 4981 1008 5048 esse
1031 4993 1224 5048 Alvari
1242 4981 1822 5068 appellationcinad:

175 5058 475 5145 laetitiam,
511 5076 619 5115 seu
650 5069 1150 5145 cognomentum.
1173 5058 1396 5145 Erroris
1427 5071 1828 5145 causamplaf

181 5133 486 5206 nissimam
521 5133 886 5206 aperiamus.
921 5135 984 5190 ln
1016 5135 1272 5193 editione
1313 5133 1825 5198 Francofordiénsi

179 5194 341 5286 {ita
375 5194 896 5286 ιιιμξιῑκνέλθδίηίι
939 5212 1244 5286 βαεκὲη,
1276 5194 1335 5286 ip
1385 5194 1828 5286 insaniat;

183 5265 406 5356 syllaba
435 5265 855 5356 t-Lreliqnas
887 5265 1121 5356 excipit
1172 5265 1824 5356 ptigihd'suiis‘cidﬁs',

183 5349 350 5422 cujus
374 5347 725 5422 estuinitinm
757 5349 896 5422 pari
923 5347 1052 5422 toto
1069 5351 1128 5403 in
1162 5347 1610 5422 Scripturm'am
1631 5347 1827 5409 .scien4

185 5412 283 5493 ita,
303 5416 410 5493 etc..
439 5416 521 5469 illi
551 5415 1132 5493 antem'syllabaeAt-
1158 5412 1426 5492 subjecta
1455 5433 1540 5478 est
1565 5425 1826 5493 vulgaris

184 5477 841 5564 illa.typograpliorniii
887 5497 1048 5564 nota,
1081 5507 1214 5562 quae
1261 5477 1424 5564 apud
1477 5477 1585 5548 nos
1615 5477 1829 5552 dicitur

185 5553 458 5639 tecta/uo,
489 5553 844 5639 principium
877 5553 1361 5639 scilicefpagin'a:
1387 5565 1828 5639 subsequentis,

185 5632 300 5706 quo
351 5627 662 5706 admoniti
683 5627 1243 5706 incompingendis
1292 5635 1528 5706 paginis
1583 5627 1828 5694 omnem

188 5703 439 5751 errorem
487 5698 790 5769 effugiant.
841 5698 975 5759 Erat
1004 5698 1204 5760 autem
1251 5698 1523 5764 hocloco
1546 5709 1829 5781 praedicta

1949 3126 2168 3180 gruum
2215 3111 2642 3182 judicavimus,
2675 3113 2947 3184 ejusdem
2977 3113 3258 3170 monachi
3286 3114 3600 3184 rationem,

1947 3201 2091 3273 quia
2136 3201 2298 3273 optio
2347 3201 2695 3269 intercessit,
2737 3218 3066 3275 exponere;
3116 3207 3174 3259 et
3218 3202 3384 3276 quod
3425 3203 3600 3259 vehe-

1946 3290 2134 3345 menti
2179 3290 2575 3347 admiratione
2625 3295 2862 3348 aetatem
2919 3296 3190 3348 nostram
3233 3293 3364 3364 ejus
3415 3308 3601 3350 causa

1945 3379 2294 3448 coneusssit,
2317 3379 2620 3436 succiduis
2642 3397 2884 3454 quoque
2913 3381 3395 3451 generationibus
3417 3397 3597 3454 opere

1943 3466 2197 3537 dignum
2247 3469 2568 3539 relegenda
2614 3471 2891 3527 mandari
2925 3489 2938 3526 :
2973 3475 3039 3527 ut
3075 3471 3135 3526 in
3182 3487 3252 3527 eo
3281 3471 3600 3528 catholico-

1940 3571 2078 3612 rum
2109 3557 2460 3627 religiositas
2493 3559 2861 3616 incremento
2885 3559 3025 3616 ﬁdei
3055 3565 3363 3631 augeatur,
3382 3560 3442 3616 in
3472 3577 3594 3634 quo

1941 3645 2034 3700 sui
2065 3646 2475 3720 Redemptoris
2505 3649 2817 3706 oraculum
2868 3649 3110 3722 speciali
3136 3650 3592 3723 quodammodo

1943 3733 2127 3790 cernit
2158 3749 2291 3790 esse
2321 3738 2561 3792 veritate
2592 3737 2925 3810 impletum.
2977 3739 3332 3795 Praedixerat
3367 3740 3591 3812 quippe

1939 3824 2226 3893 magister
2244 3831 2442 3880 noster
2463 3831 2517 3881 ct
2553 3827 2835 3882 Dominus
2865 3827 3032 3897 quod
3057 3827 3226 3882 multi
3256 3827 3334 3882 ab
3361 3827 3590 3884 Oriente

1939 3918 1997 3971 et
2044 3913 2358 3970 Occidente
2401 3916 2722 3982 venientes,
2755 3917 3174 3972 recumberent
3216 3932 3356 3971 cum
3407 3916 3591 3972 Abra-

1937 4002 2106 4070 ham,
2136 4005 2322 4069 lsaac,
2353 4007 2411 4058 et
2454 4003 2660 4070 Jacob,
2687 4004 2749 4059 in
2789 4019 2974 4074 regno
3017 4005 3305 4060 caelorum
3343 4005 3584 4075 (Matth.

1936 4107 2063 4157 Vill,
2114 4090 2219 4160 ll).
2252 4090 2423 4156 Quod
2480 4090 2882 4148 testimonium
2919 4091 3192 4148 revelatis
3233 4097 3588 4150 contuemur

1935 4180 2244 4237 effectibus
2273 4181 2334 4236 in
2364 4181 2494 4254 ipso
2539 4183 2840 4239 monacho
2881 4187 3061 4254 atque
3113 4181 3291 4237 levita
3337 4182 3585 4252 Georgio

1934 4273 2182 4329 omnino
2210 4272 2558 4344 perfectum.

2005 4364 2096 4417 23.
2123 4361 2270 4418 Huic
2285 4378 2386 4418 rus
2410 4363 2913 4420 Bethleemiticum
2943 4366 3161 4432 ortum,
3181 4365 3238 4417 et
3255 4361 3584 4419 incolatum

1935 4449 2262 4506 aethereum
2305 4451 2620 4523 peregrina
2657 4453 2853 4509 littora
2885 4450 3263 4508 contulerunt
3293 4469 3306 4506 :
3343 4451 3456 4517 hic,
3497 4451 3583 4506 in-

1934 4553 2143 4612 quam,
2160 4539 2252 4594 vir
2279 4539 2433 4596 ultra
2463 4541 2654 4597 maria
2681 4544 3049 4612 procreatus,
3079 4539 3158 4594 ab
3180 4537 3585 4594 adolescentia

1936 4628 2213 4684 servitute
2257 4629 2354 4684 Dei
2398 4629 2750 4686 oblectatur.
2789 4629 3008 4700 Viginti
3049 4634 3106 4685 et
3136 4631 3363 4700 septem
3390 4641 3582 4682 annos

1934 4717 2102 4790 apud
2127 4719 2205 4788 (4)
2226 4719 2660 4774 monasterium
2684 4719 2870 4775 sancti
2904 4719 3138 4786 Sabbaa,
3168 4714 3334 4790 quod
3366 4715 3444 4772 ab
3463 4715 3584 4772 Hie-

1933 4862 2078 4915 nota
2121 4860 2257 4913 vari
2297 4866 2581 4932 toiquam
2631 4860 2936 4932 Sollcriusr
2966 4876 3087 4917 una
3136 4877 3273 4932 cum
3325 4859 3582 4916 historiae

1934 4933 2212 5003 contextu
2267 4931 2598 5003 perlegens,
2649 4932 2747 4986 illa
2801 4931 3054 4988 confecit
3102 4931 3331 4988 verba:
3367 4933 3586 4989 Atvari

1937 5001 2172 5076 Tovari,
2205 5001 2324 5076 toto
2353 5004 2416 5076 in
2439 5005 2928 5076 Scripturarum,
2957 5009 3088 5066 etc..
3122 5005 3330 5076 inquo
3357 5020 3581 5074 cogno-

1935 5088 2074 5148 men
2107 5043 2300 5128 Alvari
2341 5073 2451 5148 sibi
2489 5043 2658 5129 visiis
2705 5080 2792 5131 est
2840 5046 3151 5147 reperisse,
3191 5043 3253 5131 iii
3299 5043 3584 5148 Hispania

1935 5143 2079 5200 satis
2105 5149 2315 5220 notum
2346 5147 2554 5220 Tovar.
2571 5149 2702 5220 tam
2733 5163 2869 5220 vero
2895 5143 3221 5220 antequam
3251 5148 3387 5220 hinc
3404 5143 3584 5220 abea-

1935 5215 2312 5292 mus,__etiam
2359 5217 2917 5292 animadvertimus,
2960 5215 3278 5292 perperam
3330 5219 3410 5276 ab
3451 5219 3582 5290 ipso

1938 5286 2170 5360 Scholia
2200 5288 2427 5344 Moralis
2458 5289 2640 5344 nostri
2689 5289 2768 5344 ad
2807 5286 3207 5346 Acta'hoi'um
3247 5286 3581 5360 martyrum

1935 5357 2182 5412 Andreae
2214 5361 2454 5414 Schotto
2487 5360 2723 5416 attribui
2751 5380 2762 5428 ;
2796 5366 2950 5416 recte
2980 5378 3118 5416 vero
3156 5361 3348 5416 notari
3376 5357 3584 5430 super-

1938 5430 2123 5484 ﬂuam
2153 5447 2281 5484 esse
2313 5431 2766 5503 explicationem
2803 5433 2962 5486 vocis
2993 5434 3237 5488 collatio
3267 5447 3377 5503 pro
3407 5429 3584 5503 cattas

1937 5503 2073 5569 quia
2125 5507 2222 5555 aut
2281 5501 2744 5568 ('oni'ersatione,
2773 5519 2808 5558 a
2859 5504 3172 5557 Moralesio
3220 5501 3405 5572 paulo
3449 5501 3587 5569 post

1938 5572 2290 5644 attl'iibitam,
2328 5580 2524 5644 utpote
2548 5575 2605 5629 in
2635 5591 2697 5629 re
2721 5575 2964 5628 minime
2994 5575 3272 5629 obscura.

2009 5642 2036 5680 ιι
2066 5641 2178 5695 Pro
2228 5633 2750 5700 lamentationibus
2792 5648 2896 5700 aut
2940 5646 3215 5714 querelis,
3263 5641 3423 5697 unde
3457 5633 3583 5687 vnt-

1942 5725 2082 5780 gare
2114 5716 2380 5768 nostrum
2413 5730 2606 5784 quexa
2639 5719 2989 5770 extractum.
3026 5716 3222 5769 Scuor.
