4140 6188
499 231 607 285 7.7

1694 232 1749 286 S.
1794 230 2072 286 EULOGIl
2112 232 2429 288 ARCHIEP.
2471 234 2711 291 TDLE'I‘.

3806 233 3904 288 788

500 353 812 426 rosclyma
840 352 901 407 in
925 356 1094 423 parte
1118 352 1375 410 Australi
1402 357 1539 410 octo
1566 353 1923 410 milliaribus
1954 353 2153 419 distat,
2182 359 2230 411 Α
2260 371 2390 411 non
2417 373 2675 413 renuens
2703 357 3093 431 sepulturam,
3115 372 3360 413 omnem
3376 358 3612 429 penitus
3645 355 3916 426 genitalis

502 459 641 498 cum
678 440 1022 513 quingentis
1052 441 1141 512 (ut
1167 440 1298 514 ipse
1342 442 1518 498 nobis
1548 459 1650 499 ore
1697 459 1809 498 suo
1851 442 2156 515 professus

502 536 613 600 est)
641 532 746 605 qui
783 531 844 587 in
874 531 1091 594 eodem
1121 533 1393 593 cmnobio
1439 534 1837 591 morabantur
1878 533 2157 589 fratribus

502 620 826 684 adunatus,
866 619 980 676 sub
1025 620 1284 692 regulari
1326 622 1669 693 magisterio
1702 622 1924 692 deguit.
1968 624 2158 689 Quem

501 708 860 767 venerabilis
902 708 1098 766 abbas
1126 708 1335 782 David,
1370 711 1500 781 ejus
1527 711 1814 767 aseisterii
1846 716 1987 767 tunc
2018 727 2156 783 pro-

504 801 741 856 curator
789 797 870 859 ob
917 807 941 837 ι
988 797 1356 871 stipendium
1400 800 1840 859 monachorum
1900 800 2158 856 Africam

502 887 766 959 mittens,
792 886 844 942 is
874 886 1041 949 nullo
1088 887 1273 944 modo
1302 892 1386 945 tot
1411 889 1822 958 interiacentis
1867 894 2158 946 terrarum

502 977 886 1049 mariumque
921 976 1151 1033 distulit
1176 976 1376 1039 subire
1398 978 1770 1046 discrimina,
1802 979 2026 1051 quibus
2053 979 2161 1033 uti-

502 1080 621 1139 que
640 1066 1056 1122 incunctanter
1079 1065 1472 1123 commodum
1495 1084 1748 1123 summas
1768 1067 1998 1123 virtutis
2023 1067 2163 1122 obs.

503 1153 740 1211 dientice
768 1159 1018 1210 noverat
1041 1155 1388 1226 promereri.
1412 1156 1527 1211 Sed
1549 1173 1687 1212 cum
1713 1156 1937 1212 ibidem
1967 1172 2160 1227 vapu-

503 1244 625 1302 lare
654 1244 926 1317 asperius
956 1244 1056 1300 Dei
1086 1244 1414 1301 Ecclesiam
1444 1246 1849 1302 incursatione
1875 1252 2161 1318 tyranno-

502 1349 640 1396 rum
666 1332 1001 1406 reperisset,
1037 1332 1384 1405 Hispaniam
1412 1349 1656 1406 quoque
1680 1351 1911 1404 eorum,
1942 1334 2163 1407 quibus

506 1424 729 1480 missus
766 1422 961 1479 fuerat
991 1423 1292 1493 consultu,
1324 1423 1692 1493 aggreditur.
1726 1426 1864 1480 Erat
1892 1424 2076 1489 enim,
2099 1427 2165 1480 ut

505 1510 623 1583 ipsi
651 1510 726 1567 de
754 1526 825 1567 eo
865 1510 1199 1568 certissime
1228 1512 1724 1584 approbavimus,
1759 1528 2011 1568 summae
2051 1513 2164 1567 hu-

508 1598 793 1670 militatis,
826 1615 1188 1674 magnaeque
1208 1600 1579 1657 abstinentiae
1612 1602 1716 1656 vir.
1760 1602 1825 1657 In
1849 1602 2011 1657 omni
2043 1601 2164 1657 elo.

510 1688 655 1760 quia
683 1703 816 1753 suo,
844 1689 1025 1760 dicto,
1057 1692 1237 1761 atque
1265 1704 1555 1761 responso
1586 1690 1763 1745 timor
1816 1689 2046 1745 Domini
2078 1705 2165 1744 re-
2197 1714 2236 1766 Β

512 1776 771 1833 sonabat
800 1796 815 1845 ;
846 1777 1016 1834 ocius
1047 1792 1289 1850 semper
1312 1777 1388 1834 de
1426 1793 1581 1850 puro
1606 1779 1802 1834 cordis
1832 1778 1993 1834 fonte
2024 1778 2163 1834 cha-

508 1864 743 1925 ritatem
802 1864 1184 1933 exhauriens,
1211 1864 1419 1922 favum
1467 1866 1797 1923 dilectionis
1828 1867 2162 1940 promebat.

510 1952 879 2015 Prmdicabat
930 1953 1187 2011 caelestis
1238 1954 1515 2011 desiderii
1566 1956 1991 2029 requirendam
2038 1972 2167 2012 esse

509 2042 1072 2116 compunctionem;
1104 2042 1463 2100 mortiﬁcare
1495 2060 1633 2100 cum
1662 2046 1819 2102 vitiis
1866 2049 1925 2101 et
1953 2061 2169 2102 concu~

509 2131 814 2205 piscentiis
833 2132 1112 2188 membra
1126 2131 1400 2204 jubebat,
1425 2132 1567 2189 utin
1593 2133 1917 2190 adventum
1937 2134 2171 2191 Domini

510 2219 773 2278 recidiva
798 2221 1088 2278 virtutum
1110 2221 1378 2279 animata
1401 2222 1626 2294 vigore,
1655 2223 2007 2296 gloriosiora
2030 2240 2169 2280 cum

508 2310 643 2383 ipso
697 2314 1076 2385 apparerent.
1121 2313 1208 2368 lta
1265 2311 1466 2368 sobria
1517 2313 1804 2385 praeditus
1862 2313 2170 2371 sanctitate

506 2399 704 2471 justus
731 2399 941 2471 videri,
957 2399 1055 2456 vel
1072 2399 1191 2459 dici
1209 2400 1465 2459 nimium
1490 2402 1832 2461 recusabat.
1853 2402 2168 2459 Jucundus

512 2489 868 2557 admodum,
889 2489 1119 2558 hilaris,
1146 2489 1478 2557 modestus,
1502 2496 1559 2548 et
1586 2492 1914 2561 abstinens,
1944 2493 2027 2549 sic
2047 2497 2171 2549 ute-

511 2579 692 2636 batur
720 2580 951 2638 mundo
977 2584 1270 2653 tanquam
1297 2596 1422 2637 non
1453 2585 1732 2638 uteretur.
1767 2585 1834 2643 Et
1862 2598 2001 2638 cum
2020 2582 2171 2639 forte

515 2668 778 2726 fraterna
803 2668 1166 2743 impetrante
1194 2668 1479 2726 charitate
1499 2669 1703 2727 cibum
1733 2687 1968 2728 sumere
1994 2686 2170 2742 coge-

512 2762 695 2825 retur,
725 2758 1087 2831 epulabatur
1129 2757 1390 2831 parcius,
1422 2758 1668 2817 bibebat
1699 2760 1917 2831 sobrie,
1950 2765 2014 2817 ut
2040 2776 2169 2817 ma-

515 2847 607 2918 gis
656 2847 1062 2905 abstinentem
1114 2846 1420 2918 judicares
1449 2864 1637 2921 quam
1669 2854 2025 2905 vescentem.
2058 2850 2169 2907 Me.-

513 2951 649 2993 rum
682 2951 843 3008 aqua
898 2935 1108 2995 tandiu
1158 2935 1551 3009 temperabat,
1585 2953 1777 3010 usque
1807 2938 1956 2994 dum
2010 2938 2172 2995 color

512 3025 871 3120 inﬁcere‘t-ur,
904 3039 1088 3120 sapor
1135 3025 1404 3120 abesset:
1426 3026 1723 3120 insipidus
1770 3042 2045 3120 namque
2073 3027 2171 3084 ille
2202 3065 2241 3120 ε

513 3119 725 3185 gustus
751 3114 855 3187 (ita
883 3114 1199 3187 referebat)
1229 3130 1340 3172 nec
1388 3115 1594 3177 bibere
1635 3116 1911 3184 nimium,
1944 3133 2055 3173 nec
2084 3121 2168 3173 te-

512 3204 732 3262 mulari
761 3205 1078 3263 convivam
1106 3205 1349 3279 patitur.
1371 3205 1647 3263 Crebrius
1685 3206 1762 3263 ad
1794 3207 2169 3263 exorandum

512 3294 806 3362 currebat,
834 3293 1123 3365 vigilabat
1166 3294 1483 3362 attentius;
1518 3295 1738 3368 smpius
1796 3296 1973 3351 corde
2017 3295 2169 3352 divi.

510 3398 662 3441 num
714 3399 960 3439 carmen
1008 3383 1433 3451 meditabatur,
1479 3383 1838 3456 dicebatque
1872 3402 1885 3439 :
1914 3386 2167 3441 Benedi-

512 3486 643 3528 cam
673 3472 928 3526 Domino
958 3473 1020 3526 in
1064 3474 1227 3526 omni
1273 3477 1552 3540 tempore.
1596 3487 1827 3542 semper
1875 3476 2008 3530 laus
2042 3476 2167 3543 ejus

511 3559 577 3614 in
602 3572 705 3615 ore
733 3571 858 3613 meo
886 3557 1070 3627 (Psal.
1094 3573 1298 3620 χχχιιι,
1326 3557 1401 3628 2).
1459 3562 1524 3614 Et
1552 3575 1691 3615 cum
1737 3561 1915 3619 variis
1944 3561 2166 3631 linguis

510 3645 737 3719 peritus
757 3644 1081 3713 exsisteret,
1107 3646 1310 3702 Graeca
1330 3645 1569 3714 scilicet,
1587 3647 1810 3716 Latina,
1830 3654 2011 3721 atque
2030 3654 2169 3706 Ara-

508 3733 669 3805 bica,
699 3748 811 3793 nec
847 3732 1338 3808 qualemcunque
1382 3734 1593 3797 saltem
1624 3740 1868 3809 propter
1895 3738 2005 3794 has
2038 3738 2165 3808 glo-

508 3824 663 3881 riam
693 3822 1010 3880 aﬂ‘ectavit.
1042 3828 1088 3879 Α
1119 3822 1214 3879 die
1243 3839 1369 3897 qua
1416 3825 1851 3881 monasterium
1900 3826 2082 3898 petiit,
2112 3833 2167 3883 et

510 3912 857 3970 cohortibus
879 3912 1320 3970 monachorum
1335 3913 1558 3970 accitus
1579 3918 1667 3971 est
1689 3931 1881 3988 usque
1902 3916 1982 3972 ad
2003 3932 2166 3973 coro¢

506 4018 653 4059 nam
674 4001 948 4074 martyrii
963 4002 1056 4057 sui
1078 4002 1167 4073 (ut
1180 4001 1308 4075 ipse
1324 4002 1692 4075 quibusdam
1715 4005 1995 4061 secretius
2014 4010 2167 4065 retu-

506 4090 594 4163 lit)
618 4105 728 4147 nec
750 4090 910 4148 lotus
947 4105 1130 4163 aqua,
1157 4106 1270 4147 nec
1292 4091 1527 4147 balneis
1552 4108 1697 4148 usus
1744 4098 1848 4150 est.
1886 4095 2162 4159 Quandiu

505 4179 829 4236 nobiscum
876 4182 1264 4237 conversatus
1321 4184 1431 4250 est,
1459 4180 1605 4236 nulli
1653 4183 1859 4241 omnio
1890 4184 2160 4240 ordinem

509 4285 690 4324 suum
718 4266 1016 4338 revelavit,
1043 4268 1162 4324 nisi
1187 4284 1327 4324 cum
1348 4269 1479 4341 jam
1511 4286 1748 4328 carcere
1777 4271 2158 4329 detineretur.

576 4361 665 4415 24.
709 4360 1161 4415 Commentatus
1210 4362 1302 4415 est
1340 4358 1648 4430 fratribus,
1690 4376 1760 4417 ac
1805 4361 2159 4433 propinquis

506 4447 649 4515 suis,
691 4445 1046 4519 cunctisque
1096 4447 1301 4520 patrias
1352 4463 1478 4504 sua:
1527 4448 1757 4504 civibus
1786 4449 1864 4519 (5)
1890 4450 2159 4521 martyrii

505 4536 599 4594 sui
623 4536 1015 4602 breviarium,
1035 4536 1201 4609 quod
1223 4537 1372 4593 mihi
1396 4553 1583 4595 causa
1606 4537 1945 4611 expoliendi
1974 4543 2161 4599 trans-

501 4627 694 4698 misit;
729 4642 806 4684 ne
855 4624 1133 4685 incultior
1157 4641 1355 4684 sermo
1383 4625 1567 4683 ﬁdem
1598 4627 1684 4683 rei
1710 4632 1913 4698 gestae,
1936 4628 2161 4702 quibus

500 4716 868 4786 mittebatur,
924 4714 1237 4772 adimeret.
1290 4714 1377 4772 lbi
1428 4716 1490 4772 in
1544 4715 1837 4789 principio
1880 4715 2158 4774 dictionis

502 4821 651 4874 suae,
704 4804 1076 4863 monachum
1124 4820 1187 4861 se
1234 4808 1414 4878 atque
1453 4804 1698 4861 levitam
1731 4806 1855 4863 fore
1913 4811 2158 4864 testatus

500 4897 609 4951 est.
648 4895 866 4950 Verum
911 4892 1060 4966 quid
1090 4908 1246 4966 opus
1300 4896 1390 4955 est
1433 4909 1775 4953 sermonem
1818 4896 1879 4957 in
1910 4896 2155 4973 longum

498 4980 899 5054 proh-abere?
967 4980 1149 5045 Quasi
1201 4996 1327 5042 non
1394 4999 1698 5043 summam
1766 4986 2156 5047 reverentiam

500 5069 631 5125 vitm
659 5067 922 5125 hominis
946 5067 1048 5124 Dei
1075 5071 1442 5141 martyrialis
1470 5088 1647 5129 cruor
1673 5073 1974 5139 adhibeat,
2010 5089 2155 5144 prae-

499 5156 703 5214 sertim
756 5171 896 5212 cum
942 5160 1208 5231 quantus
1256 5162 1314 5215 et
1355 5160 1551 5237 qualis
1600 5160 1882 5217 exstiterit
1908 5159 2153 5229 ;etl’usus

497 5248 744 5321 propter
766 5244 1059 5318 justitiam
1113 5247 1215 5305 Dei
1242 5247 1369 5323 ipse
1401 5250 1531 5321 ejus
1590 5246 1948 5319 martyrialis
1980 5264 2155 5306 cruor

496 5335 775 5404 insinuet,
815 5338 872 5392 et
897 5335 1066 5408 quod
1103 5337 1454 5409 peregrinus
1510 5337 1741 5395 mundo
1775 5336 2149 5408 peregrinam

567 5486 593 5513 ⁸
617 5479 791 5551 Recte
816 5477 1131 5538 Sollerius:
1165 5482 1293 5537 Non
1314 5479 1489 5535 video
1506 5476 1759 5551 intelligi
1788 5476 1949 5533 aliud
1973 5493 2150 5551 posse

495 5564 685 5623 quam
714 5550 1116 5623 eleemosynas
1156 5552 1237 5609 ad
1283 5548 1724 5623 monachorum
1772 5548 2150 5606 sustentatio-

494 5618 657 5688 nem,
688 5638 824 5695 quas
845 5621 943 5679 hic
966 5618 1333 5695 stipendium
1363 5618 1721 5695 appellatur.

568 5705 595 5746 ιι
622 5690 793 5761 Qubd
817 5709 926 5768 per
957 5690 1125 5757 mare
1151 5709 1228 5756 ex
1255 5690 1541 5755 Africam
1568 5707 1705 5757 eam
1732 5693 2045 5766 traiecerit,
2068 5694 2151 5759 ita

2268 444 2398 509 soli,
2431 445 2827 517 atﬁniumque
2857 445 3234 502 aifeetionem
3284 444 3562 517 repulerit
3581 446 3608 500 ?
3637 447 3754 501 Aut
3783 460 3916 516 qua:

2268 533 2464 605 potius
2493 535 2627 591 laus
2655 535 2901 593 militem
2935 535 3146 590 Christi
3176 534 3433 596 extollet,
3462 550 3646 607 quam
3673 549 3785 606 pro
3814 536 3921 589 Do-

2269 623 2433 679 mino
2484 627 2760 691 mortem,
2813 640 2922 696 pro
2971 622 3092 681 vita
3136 623 3426 687 animam,
3479 637 3589 693 pro
3634 621 3919 680 eruciﬁxo

2267 728 2540 768 cruorem
2566 712 2803 768 dedisse
2821 715 2847 768 ?
2880 715 2947 767 Ut
2971 712 3175 784 ipsum
3201 716 3357 768 esset
3376 710 3693 772 redhibitio
3725 710 3921 771 famu-

2267 800 2326 867 li,
2359 802 2523 873 quod
2554 803 2777 857 exstitit
2804 801 3053 857 victoria
3080 801 3363 859 cruciﬁxi.

2340 892 2427 944 '25.
2472 891 2787 957 Quomodo
2818 894 3018 946 autem
3049 890 3262 946 beatus
3290 889 3561 945 minister
3582 889 3760 946 οωιυὶ
3791 905 3925 947 san~

2271 984 2499 1035 ciorum
2557 980 3005 1049 agglomeratus
3052 978 3247 1047 fuerit,
3304 979 3519 1035 melius
3572 995 3676 1034 ore
3733 978 3926 1051 ipsius

2272 1069 2461 1124 sancti
2512 1070 2743 1137 Georgii
2797 1069 3100 1125 credimus
3139 1084 3315 1139 posse
3365 1068 3756 1134 innotescere,
3803 1084 3931 1140 quo

2272 1156 2363 1211 vel
2411 1164 2626 1213 nostrm
2677 1158 2953 1213 dictionis
3000 1157 3199 1225 series,
3248 1156 3594 1228 interposito
3646 1158 3932 1230 martyris

2272 1245 2530 1317 eloquio,
2554 1247 2734 1319 quasi
2763 1246 3022 1319 desuper
3058 1245 3493 1302 benedictionis
3523 1245 3648 1302 sale
3678 1246 3931 1304 condia-

2272 1336 2384 1401 tur,
2406 1333 2494 1390 vel
2516 1334 2897 1406 praestantius
2927 1333 3357 1390 commercium
3370 1348 3502 1388 sure
3533 1334 3934 1389 connexronis

2274 1440 2412 1480 cum
2442 1425 2668 1482 caeteris
2718 1424 2940 1481 sanctis
2982 1423 3195 1480 eodem
3248 1428 3529 1479 narrante
3559 1423 3930 1480 addiscatur.

2274 1515 2421 1568 Nam
2453 1516 2510 1567 et
2536 1511 2683 1584 ipsis
2712 1512 2945 1579 diebus,
2973 1510 3197 1584 quibus
3227 1527 3351 1567 una
3393 1527 3530 1567 cum
3561 1512 3784 1567 sanctis
3828 1511 3935 1567 ha-

2273 1601 2401 1658 buit
2426 1601 2965 1669 conversationem,
3000 1616 3111 1657 sua
3139 1615 3209 1656 ac
3254 1600 3677 1671 praedictorum
3708 1605 3936 1672 marty-

2274 1706 2411 1747 rum
2435 1694 2602 1760 gesta
2631 1690 2793 1746 brevi
2825 1690 2965 1746 satis
2988 1688 3142 1761 style
3164 1704 3493 1761 exponens,
3524 1688 3734 1745 ultimo
3758 1688 3937 1745 nobis

2276 1778 2733 1850 comprobanda
2761 1778 2992 1834 direxit.
3016 1781 3098 1834 Ex
3117 1779 3289 1848 cujus
3316 1777 3486 1834 dictis
3506 1794 3577 1834 ea
3598 1778 3739 1835 huic
3766 1781 3936 1850 operi

2274 1868 2597 1924 inserenda
2623 1867 2989 1937 curavimus,
3011 1883 3149 1938 quin
3165 1867 3243 1923 ad
3266 1867 3694 1924 insinuandam
3722 1883 3934 1923 eorum

2276 1955 2760 2025 conjunctionem
2794 1956 2934 2014 satis
2969 1971 3100 2011 esse
3129 1955 3534 2028 praevidimus.
3583 1960 3807 2012 Cretera
3847 1973 3934 2013 ve-

2274 2060 2363 2113 ro,
2409 2059 2546 2116 quae
2598 2047 2733 2115 post
2780 2041 3078 2101 defectum
3124 2058 3476 2101 sermonum
3525 2043 3680 2101 servi
3720 2043 3819 2102 Dei
3849 2061 3935 2101 se~

2276 2136 2562 2205 quuntur,
2612 2146 2724 2193 nos
2762 2130 3032 2200 obtentu,
3079 2147 3204 2203 quo
3259 2131 3573 2203 coepimus,
3622 2131 3933 2203 indagavi-

2277 2238 2433 2277 mus.
2468 2220 2663 2294 Inquit
2691 2224 2894 2276 autem
2919 2220 3035 2276 hoc
3064 2221 3248 2279 modo
3276 2237 3286 2277 :

2351 2334 2378 2365 ί(
2420 2315 2484 2369 lu
2514 2310 2759 2370 nomine
2787 2309 2994 2376 Patris,
3035 2315 3093 2367 et
3138 2309 3284 2373 Filii,
3321 2314 3378 2367 et
3421 2309 3670 2382 Spiritus
3717 2313 3927 2369 sancti.

2280 2400 2580 2459 Universae
2611 2398 2918 2459 catholicae
2941 2397 3213 2457 Ecclesia:
3244 2414 3280 2457 a
3309 2415 3406 2457 me
3436 2399 3682 2470 indigno
3707 2407 3764 2459 et
3793 2416 3929 2472 pec-

2279 2494 2478 2549 catore
2517 2488 2768 2558 Georgio
2819 2487 3122 2547 monacho
3151 2502 3389 2547 necnon
3417 2491 3475 2545 et
3498 2488 3758 2555 diacono,
3794 2490 3920 2545 [ra-

2279 2580 2364 2639 tre
2393 2581 2449 2632 et
2474 2574 2703 2646 collega
2733 2590 3044 2637 sei-verum
3069 2574 3171 2636 Dei
3200 2574 3463 2637 ﬁliorum
3504 2574 3679 2637 sancti
3700 2573 3922 2635 Sabbre

2279 2665 2749 2738 quingentorum
2773 2662 3041 2725 virorum
3069 2662 3397 2736 perfectam
3424 2664 3487 2720 in
3513 2662 3759 2726 Domino
3785 2663 3931 2723 issu

2281 2753 2508 2816 Christo
2536 2752 2809 2818 salutem.
2842 2752 3218 2824 Cognoscite,
3248 2768 3285 2814 ο
3314 2751 3522 2815 fran‘es
3572 2751 3930 2821 charissimi,

2279 2842 2588 2903 introitum
2634 2858 2839 2905 meum
2887 2841 2948 2903 in
2980 2841 3330 2914 Hispaniam
3358 2841 3506 2902 nihil
3535 2841 3700 2901 aliud
3722 2840 3931 2911 fuisse,

2279 2931 2393 2992 nisi
2421 2930 2613 3003 gratia
2639 2930 2917 3003 stipendii
2944 2930 3127 2989 vestri
3152 2930 3515 3003 requirendi,
3560 2930 3664 3003 qui
3697 2930 3816 2991 sub
3846 2947 3933 2990 ab

2279 3021 2544 3079 ctissime
2585 3020 2812 3091 regula,
2860 3024 2916 3075 et
2962 3019 3249 3091 regimine
3300 3020 3488 3080 sancti
3533 3020 3723 3092 patris
3747 3021 3933 3079 David

2282 3111 2706 3184 Hierosolymis
2754 3110 3016 3180 degistis.
3047 3118 3093 3167 Α
3136 3109 3356 3183 quibus
3382 3109 3639 3168 Africam
3686 3111 3931 3177 missus,

2280 3200 2563 3275 deinceps
2589 3202 2649 3257 in
2682 3198 3003 3273 Hispanias
3035 3198 3448 3269 commigravi.
3496 3199 3608 3258 Sed
3660 3200 3818 3257 hanc
3847 3200 3932 3272 ip-

2280 3307 2410 3349 sam
2440 3286 2467 3329 b
2495 3299 2518 3327 ο
2546 3288 2808 3351 insulam
2834 3289 2858 3324 ά
2890 3288 3070 3347 nimis
3096 3286 3379 3347 aﬂlictam
3424 3288 3748 3360 reperiens,
3781 3289 3931 3361 esspi

2280 3378 2742 3449 cogitationibus
2772 3376 2952 3435 variis
2978 3380 3251 3441 aestuare.
3276 3380 3340 3437 ut
3364 3383 3465 3434 aut
3493 3377 3806 3449 proprium
3837 3394 3931 3434 see

2277 3469 2403 3527 lum
2451 3469 2793 3536 reviserem,
2827 3472 2929 3523 aut
2975 3481 3162 3538 regna
3205 3467 3701 3533 Christianorum,
3734 3467 3795 3525 id
3846 3471 3933 3527 est

2281 3559 2583 3617 Franciam
2618 3563 2902 3630 peterem.
2951 3559 3017 3612 Et
3059 3572 3197 3613 cum
3238 3555 3546 3627 proximos
3573 3560 3631 3611 et
3659 3556 3933 3614 charissi-

2280 3663 2414 3704 mos
2440 3662 2622 3719 super
2649 3647 2766 3707 hac
2788 3661 2852 3702 re
2883 3645 3279 3713 consulerem,
3307 3644 3581 3703 nonnulli
3607 3660 3933 3718 peragrare

2272 3735 2583 3806 jubebant,
2615 3734 2884 3808 plerique
2912 3733 2990 3791 ad
3015 3732 3361 3793 coenobium
3389 3748 3594 3791 meum
3637 3739 3931 3792 revertere

2276 3824 2589 3894 cogebant.
2636 3824 2777 3879 Hinc
2828 3822 2985 3879 velut
3035 3822 3255 3882 dubius
3285 3823 3521 3879 diverso
3566 3823 3932 3896 praepeditus

2276 3917 2550 3977 tractatu,
2601 3914 2695 3969 cui
2744 3929 2841 3969 me
2892 3911 3088 3984 primo
3126 3912 3928 3981 cogitationisubmitterem.

2274 4003 2636 4060 nesciebam.
2668 4004 2928 4071 Pergens
2962 4006 3163 4058 autem
3193 4000 3269 4058 de
3313 4001 3593 4058 Corduba
3626 4002 3701 4056 ad
3732 4000 3931 4057 Taba-

2273 4109 2459 4150 nense
2507 4090 2865 4159 crenobium,
2897 4107 3019 4163 quo
3058 4090 3311 4149 fratrum
3342 4096 3399 4146 et
3450 4105 3719 4147 sororum
3742 4088 3931 4145 bene-

2271 4182 2449 4239 dictio
2494 4182 2601 4238 iter
2654 4195 2856 4238 meum
2912 4180 3315 4248 comitaretur,
3366 4179 3514 4235 dixit
3558 4178 3705 4236 mihi
3734 4178 3932 4235 abbas

2272 4270 2368 4326 ille
2411 4269 2712 4335 Martinus,
2775 4271 2831 4324 et
2881 4283 3052 4325 soror
3106 4269 3236 4340 ejus
3280 4268 3528 4324 domina
3581 4267 3928 4324 Elisabeth:

2276 4358 2444 4425 Veni,
2478 4357 2673 4424 frater,
2702 4361 2758 4412 et
2794 4356 2998 4429 accipe
3041 4356 3522 4413 benedictionem
3548 4356 3782 4413 ancillae
3826 4357 3931 4413 Dei

2274 4445 2713 4516 Sabigotbouis.
2751 4447 2893 4510 Quae
2921 4461 3062 4501 mox
3094 4450 3160 4503 ut
3180 4461 3276 4502 me
3291 4445 3504 4502 intuita
3523 4451 3613 4502 est
3636 4465 3650 4499 :
3674 4447 3932 4502 Promis-

2273 4553 2373 4592 sus
2403 4536 2640 4608 (inquit)
2668 4535 2855 4591 nostri
2881 4535 3225 4592 certaminis
3256 4551 3459 4592 comes
3485 4538 3543 4591 et
3571 4534 3801 4606 collega
3827 4534 3934 4591 hic

2271 4627 2607 4683 monachus
2639 4624 2766 4681 erit.

2339 4719 2429 4772 26.
2456 4738 2483 4769 ‹‹
2505 4716 2626 4783 Ego
2653 4728 2796 4771 vero
2819 4712 3026 4783 agnita
3046 4728 3232 4769 causa
3254 4714 3403 4784 ejus,
3432 4717 3491 4769 et
3511 4714 3741 4769 ratione
3760 4726 3936 4769 com-

2270 4809 2457 4878 perta,
2475 4802 2630 4859 illico
2648 4801 2906 4876 pedibus
2936 4802 3065 4873 ejus
3092 4801 3434 4869 advolutus,
3467 4817 3580 4875 pro
3609 4818 3706 4858 me
3734 4802 3935 4858 Domi-

2267 4910 2415 4951 num
2443 4908 2689 4950 exorare
2715 4891 2943 4961 rogavi,
2970 4897 3032 4947 ut
3062 4890 3309 4948 forsitan
3355 4891 3597 4964 spiritus
3629 4892 3820 4949 sancti
3844 4909 3934 4949 re-

2268 4987 2475 5057 spectu
2491 4982 2834 5049 illustratus,
2853 4980 2933 5035 ad
2949 4996 3018 5036 ea
3035 4997 3171 5053 qua:
3186 4980 3286 5037 illa
3301 4979 3787 5055 praestolabatur,
3800 4997 3935 5054 per-

2268 5072 2468 5130 venire
2489 5069 2864 5127 meruissem.
2885 5071 2951 5126 Et
2976 5069 3104 5125 illa:
3131 5069 3297 5126 Unde
3318 5070 3436 5126 hoc
3465 5069 3644 5125 nobis
3668 5071 3929 5142 (inquit),

2265 5162 2455 5233 pater,
2498 5163 2562 5214 ut
2606 5162 2671 5214 tu
2716 5172 2857 5212 cum
2898 5157 3315 5231 peccatoribus
3358 5159 3625 5231 pergas?
3654 5160 3931 5231 Cumque

2262 5247 2477 5303 eadem
2508 5250 2680 5302 nocte
2710 5244 2936 5301 ibidem
2960 5245 3342 5313 mansissem,
3371 5245 3658 5320 apparuit
3686 5246 3839 5302 mihi
3868 5247 3927 5302 in

2266 5336 2493 5393 visione
2515 5336 2705 5393 noctis
2724 5335 2851 5406 ipse
2877 5334 3234 5392 venerabilis
3262 5335 3474 5392 mulier
3498 5335 3858 5406 Sabigotbo,
3874 5339 3927 5390 et

2262 5485 2458 5535 vocat.
2496 5485 2694 5535 Senor.

2332 5485 2458 5534 pcat.
2568 5494 2694 5534 HOT.

2332 5560 2353 5583 ο
2393 5482 2706 5607 Οειῐῗιὲπίείδ
2735 5549 2971 5605 illorum
3024 5553 3363 5622 temporum
3397 5553 3503 5611 est,
3544 5547 3764 5621 quales
3793 5546 3926 5611 alite

2262 5621 2388 5694 pler
2488 5638 2579 5678 ue.
2611 5624 2827 5685 MORAL.

2333 5695 2357 5729 ἀ
2390 5637 2616 5757 galea,
2650 5692 2822 5749 minis

2333 5695 2357 5729 ⁸
2390 5692 2616 5760 Soller.,
2650 5692 2843 5749 minis.
