4110 6190
288 197 398 250 ⁸789

1367 193 1787 251 MEMORIALIS
1824 191 2266 249 SANGTORUI.
2308 223 2375 234 --
2417 196 2540 250 LIB.
2585 196 2648 250 ll.

3607 199 3710 253 790

290 318 492 374 nescio
515 315 681 388 quod
715 331 906 385 genus
949 315 1326 373 odoramenti
1371 316 1785 390 pretiosissimi
1809 315 1954 384 ligni
1985 318 2030 369 Α
2068 315 2416 387 manebant,
2442 334 2565 390 pra:
2612 318 2839 374 foribus
2869 318 3128 374 clamare
3152 324 3501 393 cmperunt:
3535 341 3564 370 ιι
3588 320 3716 376 Exi.

289 404 764 460 accommodans
791 404 1101 460 referebat.
1130 404 1309 460 Ditior
1334 421 1406 461 ex
1421 406 1536 461 hoc
1558 404 1699 460 mihi
1727 404 1957 460 thesau-

287 509 390 548 rus
416 497 526 547 est.
569 496 735 549 Mane
775 498 974 549 autem
1019 494 1193 563 facto,
1226 493 1651 550 descendimus
1681 493 1864 549 ambo
1894 491 1953 546 in

289 581 596 638 civitatem
654 581 732 638 ad
785 583 972 637 virum
1027 598 1203 638 suum
1250 583 1576 650 Aurelium,
1629 579 1952 655 prostravi-

292 686 416 743 que
447 686 546 726 me
592 670 847 742 pedibus
878 671 1029 741 ejus,
1062 675 1270 744 petens
1320 672 1397 728 ab
1429 688 1500 728 eo
1531 676 1594 727 ut
1623 675 1818 728 oraret
1848 685 1952 742 pro

300 775 421 826 me,
448 759 614 831 quod
643 759 753 816 illis
783 760 842 815 in
887 760 1170 830 martyrio
1202 761 1399 816 socius
1446 775 1661 816 essem.
1697 758 1807 825 Qui
1839 763 1954 814 sta-

305 849 410 903 tim
447 848 720 920 praebens
753 863 1084 914 assensum,
1119 850 1335 906 exarsit
1366 851 1422 904 in
1466 865 1559 905 me
1599 848 1753 917 ignis
1783 846 1954 903 caele-

304 936 408 990 stis
455 951 561 1006 per
607 936 900 991 orationes
941 951 1170 1003 eorum,
1206 942 1262 992 et
1305 937 1497 993 factus
1531 953 1664 991 sum
1697 952 1853 992 unus
1881 951 1953 991 ex

300 1025 452 1093 illis;
507 1029 564 1081 et
609 1042 678 1080 ex
722 1031 860 1082 tunc
914 1041 1036 1082 non
1083 1043 1216 1082 sum
1249 1027 1328 1083 ab
1369 1027 1453 1083 eis
1478 1030 1812 1098 separatus,
1847 1024 1953 1082 sed

295 1130 510 1169 omnes
539 1115 755 1186 pariter
774 1115 836 1170 in
867 1115 1053 1172 domo
1079 1117 1267 1173 sancti
1299 1116 1517 1172 Aurelii
1545 1115 1889 1187 congregati
1913 1121 1951 1180 ⁸,

289 1203 602 1260 reddimus
631 1205 885 1261 Domino
913 1221 1054 1261 cum
1091 1206 1466 1276 jucunditate
1493 1210 1628 1263 vota
1656 1205 1952 1261 laudatio-

291 1292 404 1348 nis.
439 1293 525 1348 Ibi
576 1293 743 1366 apud
791 1293 923 1350 illos
969 1295 1162 1367 reperi
1214 1296 1458 1352 beatum
1511 1295 1762 1351 Felicem
1812 1309 1951 1350 cum

294 1383 552 1453 conjuge
577 1383 956 1440 sanctissima
989 1383 1217 1451 Liliosa,
1249 1385 1354 1458 qui
1379 1389 1436 1441 et
1459 1385 1573 1458 ipsi
1596 1385 1725 1455 jam
1751 1383 1956 1440 omnia

293 1487 405 1528 sua
430 1472 844 1540 vendiderant,
875 1477 930 1530 et
969 1472 1114 1528 locis
1161 1474 1403 1544 sanctis,
1437 1490 1542 1529 seu
1587 1473 1954 1547 pauperibus

294 1566 708 1631 erogaverant,
760 1563 950 1634 parati
1014 1578 1193 1619 omne
1261 1579 1450 1631 genus
1521 1566 1954 1621 tormentorum

2066 407 2140 470 te,
2174 405 2405 470 miseri;
2467 407 2615 462 exite
2670 407 2944 463 cominus
2996 407 3284 475 morituri,
3330 408 3550 479 quibus
3593 410 3716 467 vita

2063 507 2320 562 praesens
2350 495 2589 550 aedium
2621 502 2729 562 est,
2759 500 2813 552 et
2838 512 3000 552 mors
3029 511 3138 568 pro
3184 497 3370 566 gloria
3409 501 3716 569 computa-

2059 585 2173 636 tur.
2232 585 2316 638 En
2359 583 2545 654 judex
2607 589 2802 651 vocat,
2859 586 3043 642 instat
3103 585 3410 642 decretum
3474 586 3716 642 ultionis

2061 670 2402 741 effundere;
2463 679 2763 730 conterere
2802 674 2924 732 vult
2968 675 3310 731 recedentes
3340 690 3376 732 a
3417 675 3600 744 cultu,
3627 691 3716 732 re-

2060 759 2236 817 bellia
2263 767 2508 832 paratus
2535 763 2687 819 colla
2731 764 3157 834 praescindere;
3192 764 3417 837 pergite
3441 780 3551 820 vos
3582 779 3714 821 mo—

2060 847 2139 904 do
2161 849 2290 919 jam
2339 850 2607 906 debitum
2661 853 2868 908 mortis
2919 852 3244 923 exsolvere,
3276 857 3333 909 et
3375 854 3714 910 commissas

2059 939 2567 1010 praevaricationis
2597 941 2958 1013 pendentem
2999 944 3376 1000 sententiam.
3402 965 3430 994 ιι

2132 1031 2218 1084 30.
2265 1031 2344 1083 Ex
2373 1028 2510 1084 hinc
2541 1029 2650 1084 viri
2693 1045 2833 1086 cum
2873 1030 3223 1087 mulieribus
3270 1031 3394 1090 suis
3432 1031 3610 1105 quasi
3635 1031 3715 1088 ad

2060 1117 2269 1190 epulas
2315 1117 2540 1174 invitati
2590 1117 2960 1192 procedunt;
2993 1119 3223 1178 vadunt
3259 1125 3546 1189 ovantes;
3598 1119 3715 1178 laeti

2059 1205 2374 1280 prosiliunt
2402 1224 2414 1261 :
2449 1211 2689 1279 putares
2716 1224 2818 1264 eos
2841 1208 2971 1280 jam
3005 1208 3169 1281 apud
3193 1209 3459 1281 judicem
3486 1225 3596 1268 sua
3621 1210 3714 1266 in-

2061 1299 2343 1352 venturos
2368 1295 2639 1364 donaria,
2672 1296 2776 1370 qui
2826 1296 2971 1354 nihil
3001 1296 3165 1356 aliud
3190 1297 3413 1356 habere
3443 1301 3718 1372 poterant

2061 1399 2246 1458 quam
2298 1389 2608 1442 tormenta.
2646 1388 2710 1442 Et
2767 1402 2904 1442 cum
2956 1402 3018 1442 se
3072 1386 3355 1458 Georgius
3394 1391 3634 1444 sanctus
3679 1403 3717 1448 θ.

2062 1471 2349 1528 militibus
2393 1479 2656 1530 cerneret
2694 1491 2815 1530 non
2847 1475 3052 1541 teneri,
3097 1474 3255 1532 illico
3298 1480 3506 1533 sancta
3534 1475 3718 1532 fretus

2065 1561 2321 1619 audacia
2369 1563 2427 1620 in
2473 1564 2998 1636 exprobrationem
3049 1565 3324 1623 lictorum
3355 1581 3715 1622 conversus:

237 1695 256 1702 -
292 1656 540 1722 propter
569 1651 778 1706 Filium
823 1651 924 1707 Dei
963 1656 1019 1708 et
1048 1652 1428 1708 dilectionem
1459 1653 1589 1723 ejus
1633 1651 1955 1724 suscipere.
1989 1674 2027 1726 Β
2065 1674 2091 1699 ‹‹
2125 1653 2316 1717 Quare
2347 1653 2582 1725 (inquit)
2615 1653 2986 1725 privilegium
3035 1655 3150 1712 hoc
3180 1654 3459 1714 ﬁdelibus
3491 1654 3717 1725 irroga-

299 1740 522 1796 Eadem
552 1741 724 1811 hora,
753 1741 906 1798 exivi
956 1741 1034 1797 ab
1070 1743 1174 1810 eis,
1203 1748 1259 1798 et
1291 1759 1529 1809 causas,
1558 1742 1778 1815 quibus
1808 1758 1959 1814 prai-

296 1829 604 1901 pediebar,
645 1829 706 1885 in
749 1831 914 1886 omni
957 1831 1331 1888 festinatione
1379 1832 1712 1905 composui.
1766 1833 1831 1887 Et
1875 1830 1957 1885 sic

296 1917 545 1975 demum
571 1919 747 1976 valde
787 1919 916 1991 jam
955 1921 1294 1988 roboratus,
1333 1921 1410 1976 ad
1441 1937 1546 1976 eos
1584 1921 1813 1976 reverti.
1847 1919 1959 1985 Qui

296 2007 415 2064 laeti
441 2011 498 2064 et
526 2008 888 2065 exsultantes
915 2010 992 2065 de
1011 2010 1205 2065 reditu
1225 2015 1450 2077 nostro,
1473 2010 1697 2080 gratias
1728 2011 1847 2065 Deo
1867 2025 1958 2064 re—

297 2096 516 2164 ferunt,
543 2097 842 2153 dicentes:
901 2099 1156 2166 Scimus,
1190 2097 1368 2155 frater
1412 2099 1780 2167 charissime,
1813 2098 1957 2171 quia

301 2185 592 2240 Dominus
621 2191 676 2240 te
706 2187 864 2241 misit
891 2187 970 2242 ad
996 2203 1128 2242 nos.

375 2278 466 2327 2'7.
500 2294 528 2321 «
547 2274 687 2329 Post
714 2273 842 2329 haec
872 2290 1084 2330 omnes
1112 2276 1174 2332 in
1200 2277 1508 2332 communi
1542 2276 1833 2348 coepimus
1859 2290 1957 2331 co-

310 2360 496 2432 gitare
550 2363 858 2433 quomodo
917 2363 997 2419 ad
1051 2364 1449 2421 desideratam
1513 2365 1959 2437 perveniremus

307 2465 635 2518 coronam;
688 2455 742 2507 et
790 2452 869 2507 ita
909 2453 1163 2509 Domino
1217 2454 1606 2526 dispensante
1653 2453 1844 2509 visum
1874 2455 1962 2510 est

298 2539 504 2605 nobis,
537 2546 603 2596 ut
651 2547 963 2613 pergerent
1015 2558 1248 2599 sorores
1300 2547 1516 2599 nostrae
1563 2546 1637 2612 (6)
1685 2543 1960 2600 revelatis

299 2628 567 2684 vultibus
594 2629 672 2686 ad
694 2631 1028 2702 ecclesiam,
1060 2633 1109 2688 si
1152 2632 1300 2689 forte
1328 2648 1439 2689 nos
1473 2633 1757 2703 alligandi
1783 2633 1959 2690 dare-

297 2721 396 2772 tur
424 2718 683 2787 occasio,
712 2723 768 2775 et
810 2720 891 2777 ita
941 2721 1163 2777 factum
1195 2726 1303 2777 est.
1338 2725 1484 2778 Nam
1524 2722 1959 2779 revertentibus

299 2806 379 2862 de
399 2807 654 2864 ecclesia
681 2808 1052 2872 mulieribus,
1083 2811 1333 2882 quidam
1362 2813 1720 2884 praepositus
1743 2811 1961 2868 obvius

301 2896 576 2966 adstans,
609 2913 747 2954 cum
778 2915 1023 2955 causam
1064 2900 1364 2971 religionis
1398 2905 1749 2970 agnosceret
1780 2901 1842 2956 in
1875 2901 1959 2956 fe-

300 2986 506 3053 minis,
537 2987 694 3043 illico
724 2989 752 3028 ιι
779 2988 939 3044 viros
968 2989 1312 3060 interrogat,
1344 2991 1492 3063 quid
1520 2991 1634 3046 sibi
1657 2991 1837 3046 vellet
1864 2991 1961 3047 ille

298 3092 584 3132 recursus
599 3077 961 3134 feminarum
987 3079 1065 3134 ad
1081 3080 1423 3135 sanctuaria
1451 3080 1921 3137 Christianorum
1934 3081 1963 3134 ’ἰ

302 3165 414 3230 Qui
471 3166 947 3238 responderunt:
1008 3167 1293 3223 Fidelium
1353 3185 1487 3224 mos
1533 3175 1621 3224 est
1680 3169 1965 3225 ecclesias

301 3255 569 3322 visitare,
601 3260 658 3312 et
687 3256 835 3311 atria
877 3256 1314 3312 venerabilium
1344 3261 1662 3329 Martyrum
1711 3259 1812 3330 pio
1859 3258 1963 3314 de-

301 3344 559 3400 votionis
610 3344 828 3401 affectu
876 3345 1197 3418 requirere.
1241 3346 1406 3401 Unde
1453 3347 1598 3418 quia
1647 3346 1962 3404 Christiani

301 3450 536 3500 sumus,
559 3434 694 3489 ideo
721 3450 832 3490 nos
869 3435 1060 3507 ipsius
1086 3434 1226 3490 ﬁdei
1257 3438 1492 3502 gestare
1516 3435 1799 3491 vexillum
1829 3451 1965 3509 pro-

301 3523 562 3580 ﬁtemur.
588 3524 918 3597 Statimque
932 3523 1117 3595 judici
1139 3524 1369 3581 delator
1389 3525 1697 3590 accedens,
1719 3541 1962 3582 omnem

300 3613 594 3669 rationem
618 3618 885 3670 nostram
917 3629 1121 3670 coram
1151 3630 1224 3669 eo
1250 3614 1474 3670 dolosis
1500 3614 1722 3684 linguis
1745 3631 1964 3688 propo-

304 3701 411 3756 nit.
442 3703 580 3757 Post
619 3703 743 3757 haec
773 3702 935 3758 vadit
962 3703 1247 3758 dominus
1285 3702 1558 3759 Aurelius
1586 3703 1740 3760 ﬁlias
1764 3704 1965 3761 visita-

308 3805 396 3859 re,
427 3791 644 3861 quibus
672 3794 842 3863 pacis
869 3793 1078 3849 osculo
1107 3793 1464 3864 valedicens,
1497 3794 1722 3850 caelesti
1747 3793 1962 3850 virtute

312 3881 579 3934 armatus
607 3881 682 3934 ad
710 3881 983 3953 praelium
1015 3867 1332 3938 festinavit.
1361 3904 1388 3931 »
1419 3881 1531 3938 Sed
1563 3883 1659 3938 hic
1674 3883 1802 3953 jam
1830 3899 1964 3938 san-

310 3972 440 4022 ctus
487 3969 765 4038 Georgius
806 3969 1027 4041 stylum
1076 3985 1491 4042 compescens,
1525 3985 1636 4026 nos
1691 3987 1826 4042 quae
1868 3987 1961 4026 re-

310 4064 488 4120 stant,
521 4064 584 4114 ut
610 4061 998 4132 occmpimus,
1028 4077 1487 4134 prosequamur.

372 4150 461 4203 28.
508 4152 640 4220 Ipso
670 4153 878 4221 postea
921 4149 1038 4216 die,
1070 4165 1190 4222 quo
1222 4164 1285 4204 se
1314 4149 1527 4204 beatus
1557 4147 1826 4204 Aurelius
1856 4165 1962 4205 no-

301 4241 470 4294 verat
522 4238 971 4310 comprehendi,
1029 4239 1384 4311 priusquam
1463 4253 1694 4294 aurorze
1752 4253 1962 4311 crepu-

301 4325 543 4382 sculum
594 4326 931 4398 respiraret,
963 4327 1147 4383 domo
1190 4343 1302 4382 nos
1351 4327 1540 4397 gratia
1591 4327 1958 4384 valedicendi

297 4415 584 4483 revisens,
618 4421 898 4488 precatur
941 4431 1053 4489 pro
1082 4433 1146 4472 se
1187 4416 1505 4472 Dominum
1544 4431 1811 4486 exorare,
1844 4417 1960 4473 sui-

300 4521 421 4579 que
451 4506 667 4575 agonis
694 4505 986 4562 fautorem
1028 4521 1136 4578 per
1177 4521 1290 4561 nos
1319 4505 1640 4562 fraternam
1669 4505 1797 4561 ﬁeri
1823 4507 1962 4562 cha—

301 4595 539 4651 ritatem
571 4594 926 4666 expostulat.
962 4595 1046 4651 lbi
1091 4610 1205 4651 nos
1251 4593 1332 4650 illi
1371 4595 1956 4651 commendavimus.

309 4683 390 4740 Ibi
418 4684 822 4758 patrocinium
866 4701 1045 4741 suum
1096 4699 1206 4757 pro
1244 4685 1420 4741 nobis
1451 4687 1506 4741 et
1535 4700 1644 4757 pro
1671 4685 1835 4742 omni
1859 4687 1961 4740 Ec-

308 4775 489 4830 clesia
515 4773 642 4829 ﬁeri
668 4775 766 4845 (7),
800 4773 1081 4830 osculatis
1113 4774 1400 4830 manibus
1429 4775 1579 4845 ejus,
1614 4774 1958 4845 impetravi-

310 4878 468 4918 mus.
501 4866 634 4919 Post
662 4862 786 4919 huic
841 4865 995 4920 datis
1032 4863 1288 4920 invicem
1338 4863 1576 4932 osculis,
1609 4877 1964 4934 separamur

308 4955 369 5009 in
399 4968 563 5026 pace.

377 5047 466 5101 '29.
513 5044 690 5114 Igitur
719 5059 857 5098 cum
889 5042 1186 5115 prolatam
1233 5042 1555 5098 adversum
1587 5042 1682 5097 Dei
1722 5045 1960 5097 sanctos

297 5133 490 5205 judex
518 5132 911 5206 quaestionem
951 5128 1300 5199 intenderet,
1334 5131 1624 5204 sciretque
1657 5135 1961 5188 auctorem

305 5225 488 5296 hujus
531 5223 615 5279 rei
653 5238 782 5279 esse
814 5222 1135 5287 Aurelium,
1168 5222 1424 5290 graviter
1449 5239 1522 5278 ex
1560 5221 1675 5279 hoe
1717 5222 1962 5278 interius

305 5313 654 5368 vulneratus
681 5314 958 5385 przecepit
978 5327 1080 5367 eos
1096 5326 1539 5384 quampropere
1566 5310 1689 5365 suis
1713 5326 1962 5384 conspe-

307 5403 503 5460 ctibus
529 5403 814 5459 exhiberi.
833 5403 998 5458 Tunc
1021 5401 1233 5457 milites
1261 5401 1476 5474 rapido
1507 5416 1685 5455 cursu
1711 5399 1961 5456 domum

307 5493 464 5549 beati
499 5493 712 5550 Aurelii
733 5494 1257 5564 occupantes,qua
1278 5507 1489 5546 omnes
1517 5487 1704 5544 sancti
1735 5486 1964 5545 collecti

380 5610 400 5630 ·
427 5601 606 5658 Haud
635 5601 816 5658 dubie
846 5617 955 5675 pro
985 5600 1376 5657 reddidimus.
1413 5598 1648 5656 SOLLsn.

2065 1740 2157 1812 tis,
2187 1744 2244 1796 et
2260 1757 2488 1799 vanum
2517 1743 2708 1799 colere
2735 1744 3022 1800 violenter
3045 1745 3254 1815 cogitis
3284 1760 3530 1816 numen,
3563 1759 3718 1817 quos

2067 1832 2274 1885 sancta
2347 1829 2497 1885 ﬁdes
2550 1831 2823 1903 proprios
2891 1833 3181 1889 hactenus
3232 1832 3598 1890 vindicavit?
3651 1834 3721 1890 Ut

2066 1915 2211 1992 quid
2243 1918 2416 1976 alieni
2448 1935 2484 1974 a
2505 1923 2623 1976 Deo
2651 1937 2787 1978 vero
2819 1922 3136 1995 perditioni
3164 1926 3378 1980 vestras
3411 1922 3722 1993 agglome-

2065 2023 2195 2063 rare
2244 2007 2498 2064 nitimini
2555 2009 3008 2081 praedestinatos
3061 2011 3140 2067 ad
3177 2011 3406 2068 vitam?
3453 2016 3542 2067 An
3595 2025 3719 2066 non

2064 2095 2330 2168 poteritis
2360 2113 2466 2153 vos
2512 2095 2821 2156 infernalia
2850 2099 3107 2156 claustra
3150 2099 3313 2156 adire
3342 2099 3454 2156 nisi
3484 2114 3596 2154 nos
3625 2113 3719 2155 co-

2066 2183 2237 2239 mites
2280 2183 2586 2242 habeatis?
2630 2187 2911 2262 Nunquid
2965 2188 3090 2244 sine
3139 2187 3314 2246 nobis
3353 2191 3574 2246 aeterna
3609 2201 3719 2243 vos

2067 2272 2433 2329 cruciamina
2466 2290 2586 2330 non
2620 2275 2875 2334 adurant
2894 2277 2922 2335 ?
2945 2279 3060 2334 Vos
3081 2276 3261 2345 abite,
3283 2292 3392 2333 vos
3421 2275 3561 2333 illuc
3589 2290 3719 2349 per-

2068 2363 2182 2431 gite
2224 2363 2488 2436 perituri,
2521 2381 2643 2438 quo
2692 2365 2870 2421 simul
2918 2381 3056 2422 cum
3104 2367 3258 2423 duce
3286 2369 3479 2422 vestro
3507 2364 3723 2423 infero-

2066 2462 2202 2502 rum
2255 2447 2478 2504 dvliciis
2526 2449 2938 2522 perfruamini.
2970 2454 3119 2509 Nam
3157 2449 3303 2524 quid
3356 2449 3532 2506 nobis
3581 2464 3721 2505 cum

2067 2539 2307 2606 tartaro,
2353 2552 2534 2610 quem
2589 2539 2849 2595 Christus
2910 2542 3063 2596 Deus
3120 2541 3321 2596 noster
3366 2537 3719 2614 penetravit,

2068 2626 2383 2699 absorpsit,
2415 2626 2783 2700 exspoliavit,
2803 2630 2858 2685 et
2888 2629 3044 2698 vicit,
3077 2633 3142 2685 ut
3166 2645 3288 2686 non
3314 2629 3444 2700 jam
3475 2626 3723 2684 auderet

2067 2714 2273 2770 ﬁdeles
2318 2715 2613 2780 addicere,
2665 2718 2768 2790 qui
2826 2717 3059 2791 pridem
3116 2719 3507 2774 consueverat
3540 2715 3722 2794 privi-

2065 2803 2220 2874 legio
2254 2819 2363 2859 suo
2391 2809 2631 2861 sanctos
2658 2803 2912 2880 diripere
2931 2809 2960 2865 ?
2981 2831 3008 2856 »

2141 2899 2224 2950 3t.
2255 2893 2464 2950 Vixille
2483 2910 2821 2951 sermonem
2841 2895 3264 2970 compleverat,
3288 2900 3344 2954 et
3362 2897 3491 2968 jam
3521 2895 3724 2952 furens

2067 2985 2276 3040 dextra
2309 2983 2628 3040 satellitum
2659 2984 2719 3040 in
2750 2986 3031 3058 injuriam
3075 2986 3358 3042 monachi
3385 2984 3724 3042 laborabat.

2070 3075 2257 3140 Quem
2307 3072 2553 3130 diversis
2593 3073 2920 3131 laceratum
2978 3075 3232 3131 stimulis
3274 3074 3401 3131 solo
3449 3074 3723 3146 allidens,

2070 3164 2332 3220 calcibus
2380 3162 2557 3219 etiam
2605 3165 2946 3239 pugnisque
2983 3167 3270 3222 acerrime
3309 3164 3588 3222 tundunt.
3623 3163 3730 3222 Cui

2071 3267 2207 3308 cum
2260 3257 2467 3309 sancta
2508 3251 2833 3322 Sabigotho
2872 3253 3022 3326 (jam
3069 3257 3410 3310 emortuum
3449 3254 3728 3328 putans):

2071 3344 2278 3413 Surge,
2301 3342 2497 3409 frater,
2524 3359 2754 3411 eamus,
2778 3342 3091 3412 clamaret;
3122 3343 3216 3400 ille
3234 3343 3408 3416 quasi
3427 3341 3574 3398 nihil
3586 3341 3730 3399 mali

2071 3436 2224 3488 esset
2253 3448 2600 3507 perpessus,
2629 3432 2966 3505 respondit:
2992 3429 3128 3490 Haec
3151 3433 3375 3502 omnia,
3395 3448 3582 3502 soror,
3609 3448 3732 3488 me-

2071 3523 2319 3578 ritorum
2355 3522 2690 3579 commodis
2734 3526 3004 3596 prosunt,
3040 3527 3381 3596 augentque
3414 3537 3726 3580 coronam.

2075 3614 2139 3666 Et
2160 3610 2239 3667 ita
2257 3612 2616 3668 seminecem
2639 3628 2672 3667 a
2691 3615 2845 3668 terra
2864 3612 3156 3681 levantes,
3183 3613 3313 3688 pari
3334 3629 3475 3669 cum
3504 3611 3727 3668 sanctis

2073 3700 2294 3756 ducatu
2315 3701 2504 3772 judici
2528 3705 2721 3757 astare
2755 3701 3036 3758 fecerunt.
3068 3701 3296 3769 Quibus
3327 3701 3564 3774 oblatis,
3588 3717 3728 3760 cum

2072 3790 2335 3863 primum
2368 3791 2446 3845 ab
2478 3792 2560 3846 eis
2584 3790 2812 3846 blando
2850 3791 3036 3848 affatu
3065 3792 3408 3864 requireret,
3441 3790 3613 3861 cujus
3641 3790 3728 3848 rei

2073 3895 2257 3934 causa
2287 3894 2323 3933 a
2372 3879 2532 3933 cultu
2582 3895 2690 3932 suo
2736 3879 3096 3946 recederent,
3132 3880 3324 3936 vivere
3359 3882 3725 3950 recusarent,

2072 3967 2517 4039 niterenturque
2571 3965 2817 4038 perdere
2864 3967 3283 4036 temporalium
3337 3965 3726 4028 commodum

2071 4053 2384 4127 multiplici
2417 4054 2766 4110 deliciarum
2817 4054 2962 4110 ﬂore
3009 4071 3288 4125 vernans,
3321 4071 3475 4130 quos
3516 4053 3722 4130 utique

2070 4144 2459 4219 postmodum
2485 4144 2544 4200 in
2577 4144 2774 4200 futuro
2791 4161 2914 4201 non
2930 4145 3125 4202 solum
3142 4145 3448 4202 muliebris
3469 4144 3727 4202 oblecta-

2071 4237 2150 4295 tio
2173 4235 2567 4305 admirabilis,
2584 4254 2792 4293 vcrum
2811 4239 2989 4295 etiam
3011 4237 3388 4310 dignitatum,
3403 4243 3461 4296 et
3479 4237 3728 4296 ferculo-

2069 4345 2205 4385 rum
2264 4329 2437 4401 copia
2491 4327 2923 4385 demulcendos
2989 4332 3392 4402 exspectaret;
3449 4329 3724 4402 protinus

2070 4418 2243 4492 quasi
2287 4435 2358 4473 ex
2412 4433 2531 4474 uno
2580 4434 2718 4473 ore:
2777 4440 2803 4468 ιι
2831 4417 2999 4474 Nulla
3028 4416 3371 4490 (inquiunt),
3399 4434 3435 4474 ο
3482 4417 3744 4479 arbiter,.

2068 4507 2353 4579 temporis
2376 4505 2680 4562 afﬂuentia
2701 4505 2882 4562 lucris
2905 4508 3288 4578 comparatur
3301 4505 3554 4573 aeternis,
3579 4519 3726 4576 quo-

2067 4612 2204 4652 rum
2252 4595 2441 4666 gratia
2479 4595 2634 4650 hanc
2690 4595 2874 4651 vitam
2931 4593 3322 4667 despicientes
3380 4608 3486 4664 per
3538 4592 3723 4647 ﬁdem

2024 4687 2204 4739 'Jesu
2235 4683 2463 4752 Christi,
2496 4699 2620 4754 qua
2650 4684 2849 4738 omnis
2894 4681 3220 4739 sanctitatis
3251 4684 3530 4754 operator
3553 4680 3725 4752 justi-

2069 4772 2314 4838 ﬁcatur;
2370 4772 2500 4840 ejus
2552 4771 2811 4842 denique
2869 4773 2930 4826 in
2978 4771 3246 4826 futurum
3290 4769 3722 4828 benedictionis

2070 4860 2293 4931 requie,
2326 4875 2458 4930 quae
2504 4861 2723 4916 sanctis
2775 4861 3079 4933 promissa
3117 4865 3227 4930 est,
3273 4877 3384 4918 nos
3428 4861 3725 4934 potituros

2070 4948 2449 5004 conﬁdimus.
2481 4951 2733 5005 Omnem
2755 4965 2895 5006 vero
2922 4949 3168 5020 cultum,
3200 4952 3304 5025 qui
3337 4966 3372 5007 a
3398 4951 3608 5010 Christi
3637 4952 3722 5010 di-

2069 5039 2311 5095 vinitate
2355 5038 2642 5108 dissentit,
2686 5055 2795 5096 nec
2839 5041 3147 5114 proﬁtetur
3177 5046 3396 5102 sanctae
3429 5042 3722 5101 Trinitatis

2071 5128 2389 5185 essentiam
2396 5127 2631 5199 ,refutat
2652 5128 3297 5202 baptismum,infamat
3318 5131 3720 5201 Christicolas,

2073 5218 2409 5276 sacerdotio
2429 5217 2699 5288 derogat,
2729 5220 2976 5278 omnino
2997 5221 3324 5294 reprobum
3340 5221 3715 5293 judicamus:

2071 5323 2180 5381 pro
2207 5307 2391 5364 nihilo
2434 5323 2635 5364 rerum
2679 5308 2940 5366 labentia
2986 5314 3402 5384 computantes
3431 5326 3566 5383 quas
3596 5325 3718 5366 non

2070 5398 2172 5453 diu
2195 5398 2549 5455 subsistunt.
2577 5400 2717 5464 Quae
2736 5405 2937 5456 autem
2958 5399 3342 5471 diligentibus
3372 5416 3432 5456 se
3455 5399 3717 5457 Christus

2070 5489 2360 5561 promisit,
2395 5506 2531 5544 cum
2562 5489 2675 5545 sint
2699 5489 3043 5556 ineffabilia,
3075 5507 3312 5562 semper
3333 5495 3532 5547 tamen
3554 5487 3720 5543 inde-

2142 5597 2170 5637 ι)
2196 5596 2502 5651 Aurelium
2533 5597 2799 5669 profecto
2830 5603 2885 5655 et
2917 5599 3182 5667 Felicem,
3215 5598 3319 5672 qui
3350 5614 3488 5655 cum
3521 5593 3716 5650 uxori-

2070 5667 2187 5723 bus
2209 5667 2642 5739 processerant.
2680 5672 2893 5726 Mean.
