4110 6190
441 179 537 232 791

1634 176 1691 229 S.
1735 169 2012 226 EULOGII
2051 159 2373 226 ABCHIEP.
2415 173 2654 228 TOLET.

3775 171 3876 224 792

440 296 600 353 fessa
638 297 920 368 jurgitate
967 295 1332 367 perdurant;
1384 301 1578 352 etnec
1607 294 1795 351 oculis
1826 295 2091 349 contem-
2120 293 2166 346 Α
2207 292 2502 361 Liliosam,
2536 295 2746 351 ultimo
2793 295 3062 363 egregios
3117 282 3420 363 agonistas
3445 291 3781 347 Aurelium
3828 297 3884 347 et

440 386 701 459 plantur,
735 400 844 439 nec
890 399 1033 438 aure
1078 387 1414 456 captantur,
1463 401 1572 440 nec
1615 384 1793 439 corde
1841 395 2094 454 perpen-

440 474 684 529 duntur.
707 492 734 519 »
769 471 1013 541 Verum,
1047 476 1113 526 ut
1158 473 1357 538 credo,
1389 473 1682 544 quiddam
1721 472 1900 526 etiam
1931 469 2090 524 aliud

437 558 778 629 religiosius
820 558 1039 615 diffuso
1089 576 1190 615 ore
1216 562 1437 616 sanctis
1468 566 1604 617 ante
1629 561 1896 632 judicem
1928 575 2092 614 asse-

437 647 730 710 rentibus,
762 651 1110 720 sectamque
1138 648 1462 722 impiorum
1498 650 1722 706 fortiter
1745 664 2094 722 expugnan-

439 735 623 806 tibus,
651 735 712 792 in
765 735 962 792 furore
1012 737 1279 794 maximo
1313 738 1643 796 concitatur
1665 738 1853 810 judex
1879 737 2092 810 rapido

439 828 630 881 tractu
657 839 760 880 eos
789 825 1011 881 carceri
1032 825 1424 899 applicandos
1446 827 1784 892 insinuans,
1803 827 2091 899 importa-

439 913 650 970 bilium
675 912 1053 970 vinculorum
1080 931 1259 971 onere
1287 917 1604 986 aggravari
1637 916 1912 972 decrevit.

511 1041 600 1095 32.
642 1038 938 1095 Continuo
969 1039 1404 1096 exsultantibus
1440 1041 1656 1097 animis
1686 1041 1840 1098 beati
1874 1045 2092 1114 marty-

438 1143 533 1182 res
582 1127 953 1197 ergastulum
1004 1128 1319 1196 adeuntes,
1348 1131 1614 1199 gaudent
1663 1125 1933 1202 auspicio
1959 1145 2092 1202 pas-

439 1215 654 1284 sionis,
717 1216 1167 1289 parvipendunt
1258 1219 1647 1292 supplicium,
1714 1221 2094 1292 perstrepunt

436 1305 723 1377 hymnos,
755 1305 1035 1363 insonant
1064 1306 1297 1375 laudes,
1330 1308 1598 1380 psalmos
1619 1307 1984 1382 persolvunt,
2006 1307 2092 1362 in-

439 1393 655 1449 sistunt
701 1393 976 1458 orationi,
1017 1412 1162 1468 qua,
1194 1397 1433 1452 favente
1476 1397 1750 1467 Domino,
1786 1397 2090 1453 victoriam

437 1481 692 1556 adipisci
721 1482 1107 1554 praevaleant.
1127 1484 1447 1541 Visitantur
1473 1484 1551 1540 ab
1567 1484 1814 1556 angelis,
1838 1484 2094 1540 miracu-

437 1570 509 1626 lis
529 1570 921 1640 illustrantur,
948 1571 1248 1629 dissiliunt
1272 1573 1488 1642 vincla,
1519 1577 1576 1628 et
1602 1589 1722 1629 non
1754 1573 1980 1630 audent
2004 1589 2093 1628 re-

2203 381 2666 450 Sabigothonem
2728 383 3075 438 interimunt
3101 382 3173 452 (8)
3217 399 3271 436 Vl
3318 381 3630 436 Kalendas
3678 387 3881 451 Augu-

2203 475 2347 539 stas,
2398 487 2516 526 aera
2564 472 3060 540 octingentesima
3117 469 3534 538 nonagesima.
3598 471 3881 533 Quorum

2201 575 2455 633 corpora
2502 561 2685 616 nostri
2737 559 3053 617 Christiani
3101 559 3388 626 furantes,
3421 558 3692 614 diversis
3733 557 3880 614 locis

2201 649 2551 706 recondunt.
2587 649 2872 721 Georgius
2902 663 3168 721 namque
3199 663 3338 704 cum
3380 652 3600 703 sancto
3635 646 3881 702 Aurelio

2202 737 2277 809 (9)
2336 737 2799 796 Pilemelariensi
2851 736 3126 794 ccenobio
3183 737 3209 777 δ
3257 740 3601 792 servantur.
3662 737 3878 792 Beatus

2205 827 2355 883 Felix
2399 828 2586 884 sancti
2628 827 3054 900 Christophori,
3085 842 3222 899 qua:
3253 825 3406 881 ultra
3441 824 3690 882 ﬂumen
3719 830 3816 882 est
3839 832 3876 892 ε,

2201 916 2402 972 aulam
2421 921 2634 972 tuetur.
2661 920 2879 974 Sancta
2907 915 3232 986 Sabigotho
3262 919 3623 970 sanctorum
3648 915 3838 970 trium
3859 915 3879 944 ‘

2200 1005 2497 1061 cineribus
2527 1006 2796 1062 adunata
2826 1011 2932 1062 est.
2970 1004 3304 1078 Requiescit
3332 1004 3441 1075 (10)
3475 1003 3656 1076 apud
3692 1006 3876 1060 Genep

2201 1093 2356 1148 sium
2399 1098 2725 1166 martyrem
2769 1091 3126 1149 venerabilis
3186 1091 3420 1148 Liliosa.
3465 1091 3692 1164 Capita
3737 1108 3876 1148 vero

2199 1183 2430 1253 Georgii
2458 1183 2501 1253 (t
2521 1184 2570 1254 1)
2598 1187 2655 1239 et
2681 1181 3104 1253 Sabigothonis
3132 1180 3402 1237 incolunt
3427 1191 3470 1234 ο.

2270 1276 2358 1327 35.
2403 1271 2466 1326 Hi
2497 1276 2658 1341 sunt,
2689 1271 2792 1344 qui
2841 1274 3085 1343 propter
3112 1269 3523 1326 testimonium
3563 1269 3698 1334 Dei,
3727 1275 3783 1326 et
3807 1270 3871 1325 ﬁ-

2200 1359 2339 1416 dem
2363 1362 2502 1416 Jesu
2528 1360 2738 1416 Christi
2764 1376 2956 1432 usque
2973 1358 3051 1415 ad
3081 1362 3338 1414 mortem
3369 1363 3696 1428 certantes,
3724 1359 3866 1415 nihil

2201 1449 2393 1504 amori
2410 1449 2541 1520 ejus
2557 1451 3042 1522 praeposuerunt:
3068 1463 3190 1504 non
3219 1446 3392 1516 filios,
3409 1463 3535 1503 non
3555 1453 3864 1520 parentes,

2200 1553 2324 1594 non
2356 1537 2587 1605 afﬁnes,
2614 1554 2736 1594 non
2777 1537 3106 1611 proximos,
3134 1553 3257 1592 non
3305 1536 3556 1604 amicos,
3593 1553 3719 1593 non
3747 1554 3860 1603 res,

440 1658 728 1730 stringere
749 1676 904 1732 quos
930 1660 1196 1716 Christus
1218 1661 1576 1719 absolverat.
1601 1661 1681 1718 lbi
1705 1662 1884 1718 etiam
1904 1677 2092 1734 quam
2124 1645 2163 1699 Β
2200 1642 2576 1734 ξ¹ῗξεῖ¹ῗίξέζ

440 1746 606 1802 caelis
639 1753 862 1804 sortem
893 1748 1204 1820 haberent,
1232 1749 1533 1806 revelante
1565 1751 1703 1817 Deo,
1729 1755 2088 1822 agnoscunt.

439 1836 585 1892 Hinc
614 1836 688 1892 de
719 1837 925 1909 palma
955 1837 1147 1894 securi
1200 1844 1534 1907 manentes,
1567 1844 1625 1896 et
1651 1840 1968 1910 Christum,
1997 1838 2092 1895 cui

436 1924 689 1981 ﬁdeliter
734 1927 1084 1995 servierunt,
1116 1943 1356 1984 cernere
1409 1928 1680 1985 festinius
1721 1928 2090 2000 anhelantes,

437 2013 691 2072 dilatant
736 2031 929 2088 usque
985 2016 1047 2072 in
1095 2017 1374 2090 quintum
1415 2019 1575 2074 diem
1604 2025 1859 2075 mortem
1891 2033 2089 2085 suam,

436 2102 760 2177 serumque
789 2108 1006 2177 putant
1047 2121 1109 2161 se
1159 2106 1383 2162 diutius
1417 2107 1681 2178 elongari
1725 2107 1803 2164 ab
1832 2107 1934 2164 illa
1958 2123 2093 2163 sua-

434 2191 617 2249 vitate
659 2193 828 2264 regni
867 2193 1176 2262 eoelorum,
1209 2211 1395 2268 quam
1449 2196 1672 2252 crebris
1709 2197 1839 2267 jam
1882 2211 2092 2267 corpo-

433 2281 550 2338 reis
579 2288 597 2312 ⁸
626 2282 836 2340 usibus
866 2283 1053 2340 ferme
1077 2284 1482 2342 intuebantur.

504 2393 593 2446 33.
626 2392 698 2446 At
724 2405 866 2447 cum
903 2391 1034 2462 jam
1078 2391 1142 2448 in
1188 2392 1387 2450 forum
1424 2393 1840 2466 prosternendi
1871 2395 2088 2452 educe-

432 2481 658 2546 rentur,
686 2478 1045 2535 venerabilis
1091 2479 1418 2551 Sabigotho
1464 2498 1698 2538 armare
1729 2482 1920 2539 virum
1959 2498 2092 2538 san-

432 2564 542 2620 ctis
588 2565 868 2638 alloquiis
913 2566 1113 2639 coepit,
1145 2569 1462 2640 confortat,
1493 2569 1749 2637 instruit,
1781 2575 1838 2627 et
1879 2569 2091 2626 conﬁr-

430 2657 578 2709 mat.
611 2655 1076 2711 lntroducuntur
1115 2656 1360 2729 palatio,
1392 2657 1740 2714 consulibus
1785 2659 2086 2726 assistunt,

432 2739 797 2797 adhibentur
821 2757 986 2815 opes,
1018 2743 1373 2802 exhibentur
1404 2746 1613 2812 fasces,
1645 2745 1866 2819 quibus
1892 2745 1941 2802 si
1963 2762 2089 2802 cre-

431 2829 643 2888 derent
667 2829 1022 2888 fruerentur.
1055 2833 1171 2891 Sed
1214 2834 1307 2890 his
1357 2835 1583 2908 oppido
1625 2835 1686 2891 in
1715 2834 2088 2910 professione

432 2933 544 2973 sua
564 2916 1038 2991 demorantibus,
1055 2920 1363 2979 lictoribus
1383 2923 1764 2995 perimendos
1777 2923 2092 2980 instituunt

433 3006 748 3086 consules:
782 3008 1071 3082 sospitem
1123 3009 1289 3066 abire
1332 3016 1606 3067 sanctum
1637 3011 1955 3083 Georgium
1983 3012 2087 3068 de-
2118 2999 2161 3056 (ἶ

433 3102 762 3165 cernentes,
796 3114 906 3172 pro
948 3115 1020 3156 eo
1073 3099 1239 3173 quod
1291 3099 1473 3157 iidem
1527 3101 1643 3175 ipsi
1689 3103 2006 3176 optimates
2035 3106 2092 3160 et

432 3186 665 3260 priores
692 3187 898 3260 palatii
925 3189 1072 3246 nihil
1096 3189 1506 3247 conviciorum
1527 3191 1928 3265 proferentem
1950 3207 2090 3248 eum

431 3274 724 3333 adversus
767 3283 970 3334 vatem
1019 3295 1198 3335 suum
1238 3281 1584 3337 audiissent.
1615 3281 1712 3337 Ille
1742 3298 1884 3339 vero
1913 3281 2089 3338 mini-

434 3368 552 3421 ster
579 3365 876 3436 egregius,
915 3368 1190 3439 protinus
1228 3371 1294 3423 ut
1322 3384 1384 3425 se
1415 3370 1705 3442 comperit
1733 3369 2087 3443 derelinqui,

432 3469 544 3510 nec
571 3453 686 3510 sub
730 3469 853 3511 uno
885 3469 1024 3510 cum
1075 3455 1254 3511 sociis
1298 3456 1419 3512 ictu
1462 3459 1768 3514 mucronis
1795 3459 2092 3531 perimen-

433 3540 583 3597 dum
631 3540 888 3598 institui:
948 3541 1137 3612 «Cur,
1164 3541 1264 3609 ait,
1299 3557 1336 3596 o
1382 3543 1701 3616 principes,
1736 3545 1811 3600 de
1857 3546 2089 3620 profes-

436 3629 606 3686 sione
635 3645 791 3698 mea,
823 3644 1011 3701 quam
1037 3644 1244 3685 coram
1272 3628 1442 3685 vobis
1485 3647 1608 3686 non
1652 3632 1892 3704 protuli,
1919 3633 2092 3690 dubi-

435 3718 592 3786 tatis,
625 3722 731 3775 aut
759 3720 980 3790 putatis
1025 3731 1123 3772 me
1165 3716 1240 3772 de
1291 3715 1589 3791 discipulo
1640 3721 1872 3777 Satanae
1919 3721 2091 3794 quid-

435 3822 625 3880 quam
672 3821 1032 3880 prosperum
1073 3805 1382 3876 cogitare?
1435 3810 1554 3879 Ego
1585 3809 1765 3878 enim,
1797 3815 1862 3866 ut
1889 3810 2089 3868 verius

437 3894 805 3967 agnoscatis,
837 3893 1009 3949 illum
1039 3894 1345 3969 angelum,
1371 3897 1477 3972 qui
1506 3898 1702 3955 eidem
1739 3901 2090 3974 praeceptori

435 3989 654 4052 vestro,
687 3982 1175 4055 transﬁgurando
1207 4003 1269 4043 se
1298 3987 1360 4044 in
1393 3989 1668 4063 spiritum
1695 3989 1866 4062 lucis,
1899 4007 2087 4065 appa-

435 4072 574 4138 ruit,
601 4071 943 4129 daamonem
969 4076 1150 4133 credo
1179 4077 1382 4148 fuisse,
1406 4081 1646 4136 ethunc
1673 4082 1901 4138 cunctis
1928 4083 2091 4154 abje-

435 4160 681 4217 ctiorem
700 4161 1047 4221 hominibus
1062 4166 1368 4237 adjudico,
1400 4173 1602 4243 utpote
1626 4169 1852 4228 diaboli
1878 4171 2088 4229 credu-

436 4249 565 4306 lum
604 4249 945 4308 Antichristi
996 4255 1359 4326 ministrum,
1392 4262 1450 4314 et
1491 4258 1768 4314 vitiorum
1814 4261 2087 4318 omnium

435 4338 884 4412 labyrinthum:
916 4344 1021 4417 qui
1042 4359 1166 4402 non
1198 4345 1394 4404 solum
1426 4363 1490 4404 se
1519 4347 1794 4419 voragini
1819 4349 2088 4407 barathri
2117 4354 2161 4408 D

435 4429 813 4499 immerserit,
835 4447 1042 4489 verum
1075 4437 1133 4490 et
1159 4449 1268 4492 vos
1297 4436 1658 4510 sequipedas
1686 4454 1798 4494 sua
1826 4454 1934 4512 per
1962 4438 2089 4497 ina-

435 4518 539 4576 nia
566 4518 834 4578 instituta
859 4523 1095 4579 aeternis
1124 4522 1415 4584 dedicarit
1441 4526 1756 4584 incendiis.
1782 4549 1812 4578 »

506 4647 596 4700 34.
626 4646 788 4702 Tunc
802 4645 866 4702 in
883 4645 1184 4705 insaniam
1204 4664 1480 4722 proceres
1523 4651 1802 4708 concitati
1821 4651 2090 4724 praevali-
2124 4669 2142 4693 ο

435 4731 599 4802 dam,
632 4751 756 4793 una
786 4735 966 4793 simul
995 4753 1135 4795 cum
1166 4740 1395 4797 caeteris
1423 4741 1715 4800 sententia
1742 4742 2088 4800 necandum

433 4821 806 4893 praecipiunt.
834 4828 916 4880 Ac
947 4826 1030 4884 sic
1067 4827 1266 4901 primo
1290 4828 1538 4888 beatum
1567 4831 1842 4903 Felicem,
1869 4831 2089 4890 deinde

435 4910 716 4965 sanctum
745 4913 1061 4983 Georgium
1106 4917 1489 4988 trucidantes,
1521 4924 1658 4993 post
1682 4921 2086 4979 venerabilem

431 5046 730 5172 mgnepasi
773 5049 940 5107 dicas
990 5056 1358 5126 quibusdam
1407 5061 1586 5118 veluti
1643 5063 2081 5135 experimentis.

501 5187 530 5228 ιι
547 5188 714 5272 ,Βθηρ
737 5189 1013 5272 Sollerius
1033 5198 1466 5272 _:_S_cribe_ndum
1487 5204 1721 5258 videtur
1736 5205 2086 5262 Pinnamel-

434 5258 702 5346 larigna}
735 5262 1151 5346 utﬂd‘escribit
1176 5258 1464 5342 Eulogius
1485 5274 1635 5346 ipse,
1662 5273 1762 5330 lib.
1789 5258 1953 5342 "1,6.
1982 5258 2080 5333 lli.

498 5335 516 5358 °
547 5329 610 5384 Id
638 5347 778 5387 eum
812 5333 1009 5392 Sehot.
1045 5341 1272 5397 aulam.

497 5399 718 5490 {ﬂecte
748 5419 991 5490 quoque
1017 5407 1439 5490 id._Solleriu_s:
1473 5417 1695 5486 Nempe
1724 5419 1990 5490 deposita
2013 5424 2076 5479 in

425 5469 676 5553 basitica
717 5469 1063 5536 sanctarum
1087 5483 1316 5553 Fausti,
1345 5469 2070 5552 Janadﬁiéc'hiiizﬁtbii'ii

493 5544 1430 5640 f‘gpfporafagetorum.Georgii
1453 5565 1510 5640 et
1532 5566 1572 5640 β
1586 5544 2072 5640 ἀντὶὶἱῖξᾶρῌῖᾷἇὸ

421 5613 789 5678 Nataliae'seu
811 5619 1251 5698 Sabigothonis,
1274 5613 1436 5691 anno
1451 5613 1577 5701 333,
1590 5613 2068 5699 iiiﬁéiat‘aihi‘éé

2200 1715 2406 1771 omnia
2444 1720 2580 1788 post
2629 1719 2861 1785 tergum
2895 1714 3264 1786 abjicientes,
3296 1713 3660 1770 mortiﬁcatis
3707 1730 3841 1769 cum

2200 1803 2353 1860 vitiis
2393 1810 2451 1860 et
2491 1803 2987 1876 concupiscentiis
3032 1802 3409 1875 corporibus,
3438 1801 3510 1857 ad
3553 1807 3831 1858 azternam

2200 1893 2705 1949 immortalitatem
2751 1893 3026 1965 producti
3071 1897 3228 1948 sunt.
3263 1895 3558 1962 Regnante
3587 1891 3831 1948 Domino

2199 1985 2404 2038 nostro
2433 1982 2572 2037 Jesu
2606 1981 2835 2037 Christo
2869 1981 2930 2036 in
2976 1980 3194 2036 saecula
3224 1980 3596 2037 saeculorum.
3628 1982 3836 2035 Amen.

2841 2123 3075 2179 CAPUT
3113 2123 3214 2177 XI.

2205 2224 2670 2298 Christaphorus
2699 2234 2754 2285 et
2783 2228 3187 2299 Leovigitdus,
3217 2225 3503 2283 monachi
3531 2232 3848 2298 martyres.

2274 2337 2326 2388 1.
2351 2333 2572 2390 Deinde
2593 2335 3054 2407 Christophorus
3079 2333 3413 2390 monachus
3443 2335 3461 2406 (
3475 2335 3520 2406 Ι)
3553 2333 3852 2391 contribu-

2201 2421 2272 2477 lis
2307 2427 2530 2494 noster,
2582 2424 2854 2497 ephebus
2908 2423 3260 2481 adolescens
3308 2422 3607 2480 Cordubae
3656 2427 3850 2491 natus,

2200 2516 2256 2568 et
2307 2528 2344 2567 a
2399 2513 2656 2584 pueritia
2704 2513 2893 2570 nostri
2941 2513 3197 2580 auditor,
3248 2513 3354 2586 qui
3402 2517 3544 2586 post
3581 2516 3850 2570 nostrum

2200 2599 2610 2669 magisterium
2638 2600 2985 2658 coenobium
3007 2602 3198 2657 sancti
3218 2599 3466 2671 Martini,
3487 2599 3655 2674 quod
3683 2605 3775 2655 est
3793 2600 3850 2654 in

2198 2693 2491 2744 montana
2529 2688 2922 2759 Cordubensi,
2952 2689 3086 2746 loco
3125 2689 3231 2762 qui
3274 2687 3615 2762 appellatur
3634 2689 3714 2761 (2)
3742 2690 3850 2744 Ro-
3909 2715 3914 2718 -

2195 2779 2366 2848 fana,
2390 2777 2720 2848 ingressus,
2743 2794 3036 2848 magnum
3057 2778 3153 2851 pie
3170 2777 3508 2834 volentibus
3537 2792 3848 2834 conversa~

2197 2865 2245 2922 ri
2275 2865 2582 2939 specimen
2609 2867 2938 2935 sanctitatis
2958 2866 3238 2924 ostendit.
3266 2867 3370 2923 Hic
3398 2866 3604 2938 agnita
3627 2881 3841 2939 praece-

2197 2954 2467 3012 dentium
2494 2972 2638 3013 nece
2669 2959 3038 3026 sanctorum,
3059 2956 3294 3012 concito
3327 2970 3532 3026 gressu
3550 2955 3610 3010 in
3630 2953 3834 3009 urbem

2196 3043 2588 3114 descendens,
2621 3062 2763 3103 mox
2792 3045 3039 3102 obviare
3064 3045 3257 3117 judici
3293 3061 3410 3102 non
3447 3041 3740 3108 extimuit;
3773 3045 3831 3096 et

2197 3135 2454 3192 reddens
2500 3151 2706 3193 coram
2753 3151 2824 3192 eo
2865 3134 3277 3192 testimonium
3305 3131 3574 3199 veritatis,
3603 3144 3826 3187 annun-

2196 3224 2301 3281 tiat
2353 3225 2760 3295 Evangelium,
2793 3229 3002 3282 sancta
3046 3223 3280 3280 Domini
3311 3222 3609 3296 praedicat,
3635 3217 3828 3293 profa~

2196 3315 2540 3372 nationibus
2605 3315 2874 3372 deditum
2937 3314 3155 3384 vulgus
3219 3313 3587 3374 exhortatur,
3651 3307 3838 3378 arguit

2196 3403 2354 3461 male
2381 3403 2678 3476 credulos,
2706 3404 2958 3460 luituros
2987 3419 3127 3459 cum
3153 3407 3396 3459 auctore
3420 3400 3656 3457 falsario
3684 3402 3842 3454 aeter-

2196 3507 2345 3548 num
2400 3492 2624 3565 profert
2675 3492 3043 3548 incendium.
3095 3493 3284 3558 Quem
3337 3489 3624 3546 continuo
3664 3485 3844 3559 judex

2199 3598 2361 3638 saevo
2391 3586 2730 3638 commotus
2766 3581 2965 3638 furore
3005 3581 3228 3638 carceri
3257 3580 3545 3653 deputat;
3592 3575 3848 3635 arctiori-

2197 3670 2313 3726 bus
2341 3670 2777 3727 macerandum
2804 3670 3060 3727 vinculis
3095 3668 3499 3726 commendat.

2266 3763 2319 3816 2.
2362 3763 2523 3816 Tune
2549 3760 2728 3818 etiam
2761 3759 3134 3832 Leovigildus
3167 3758 3504 3816 monachus
3531 3756 3635 3828 (3),
3671 3754 3848 3812 Elibe—

2195 3850 2245 3906 ri
2296 3850 2750 3923 primogenitus,
2797 3850 2984 3923 plenae
3037 3848 3386 3922 juventutis,
3439 3847 3526 3902 vir
3585 3849 3849 3912 sanctus,

2191 3941 2412 4012 justus,
2445 3945 2502 3997 et
2543 3939 2860 3996 timoratus
2899 3956 2973 3996 ex
3021 3937 3298 3996 coenobio
3329 3940 3684 3993 sanctorum
3713 3931 3850 3990 Justi

2196 4034 2253 4085 et
2277 4029 2555 4096 Pastoris,
2587 4028 2755 4102 quod
2785 4034 2872 4085 est
2919 4028 2980 4084 in
3025 4026 3289 4083 interiori
3316 4030 3608 4081 montana
3634 4021 3852 4080 Cordu-

2195 4117 2388 4184 bensi,
2419 4117 2553 4174 loco
2595 4117 2699 4190 qui
2745 4117 2959 4174 dicitur
2996 4117 3220 4187 Fraga,
3252 4114 3405 4171 inter
3428 4111 3658 4168 clivosa
3691 4124 3852 4168 mon-

2196 4206 2366 4273 tium,
2399 4213 2456 4263 et
2497 4207 2802 4263 condensa
2830 4205 3137 4278 sylvarum
3187 4202 3410 4260 contini
3435 4200 3664 4257 vinculi
3697 4199 3852 4270 Leju-

2197 4294 2403 4362 lensis,
2445 4295 2551 4368 qui
2599 4311 2636 4351 a
2674 4293 2954 4352 Corduba
3004 4294 3184 4351 distat
3231 4291 3498 4365 quinque
3540 4287 3851 4345 milliarios

2197 4383 2416 4441 lustres
2457 4383 2492 4449 ',
2537 4399 2660 4456 quo
2711 4399 2775 4440 se
2826 4398 3020 4456 nuper
3082 4385 3428 4438 moraturus
3494 4378 3848 4443 contulerat,

2198 4473 2484 4546 martyrio
2531 4473 2825 4546 petiturus
2854 4472 3114 4528 advenit.
3152 4473 3219 4527 Et
3257 4469 3614 4543 priusquam
3654 4466 3850 4524 forum

2196 4561 2460 4630 intraret,
2489 4559 2835 4618 instituendi
2865 4575 2926 4617 se
2957 4559 3149 4631 gratia
3176 4575 3290 4616 nos
3321 4556 3656 4629 inquirens,
3685 4553 3848 4610 obse-

2198 4655 2416 4720 cratur,
2475 4655 2773 4724 precatur,
2817 4653 3079 4722 exoptat,
3131 4652 3195 4704 ut
3244 4651 3499 4703 conatus
3543 4659 3691 4700 suos
3737 4655 3847 4697 nos

2195 4741 2474 4816 precibus
2527 4741 2897 4813 juvaremus,
2950 4738 3123 4812 eique
3179 4735 3666 4794 benedictionem
3716 4745 3851 4809 con-

2197 4831 2546 4889 summandi
2574 4845 2833 4902 agonem
2853 4828 3248 4895 traderemus,
3271 4824 3628 4899 promittens
3652 4839 3723 4879 se
3751 4835 3852 4878 no—

2194 4921 2266 4979 tri
2293 4937 2500 4980 curam
2529 4935 2732 4993 gerere
2763 4923 2900 4976 ante
2929 4917 3274 4974 Dominum.
3303 4916 3575 4986 Cumque
3606 4928 3644 4967 a
3673 4909 3850 4967 nobis

2193 5081 2266 5122 ex
2297 5064 2578 5122 Corduba
2606 5061 2858 5120 Parisios
2899 5061 2978 5118 ab
3018 5057 3292 5117 Usuardo
3322 5060 3380 5112 et
3408 5052 3698 5113 0dilardo
3732 5066 3852 5108 mo-

2191 5137 2402 5193 nachis
2448 5134 2654 5209 Gallis.
2682 5137 2949 5209 Quorum
2987 5129 3467 5209 translationem,
3493 5141 3687 5199 quam
3716 5128 3853 5209 Amf

2189 5209 2428 5266 brosius
2480 5199 2726 5263 Morales
2781 5204 3097 5274 ignoravit,
3151 5199 3527 5274 Mabillonius
3573 5212 3723 5274 vero
3758 5207 3851 5274 __ex

2191 5279 2492 5336 monacho
2521 5267 3026 5332 Aimoino'edidit
3065 5272 3264 5328 seecul.
3301 5287 3376 5337 iv,
3409 5274 3604 5324 Actor.
3642 5267 3724 5324 SS
3757 5269 3851 5320 He-

2188 5350 2567 5414 nedictinor.,
2599 5353 2751 5420 part.
2782 5347 2836 5416 2,
2871 5345 3066 5420 visum
3102 5341 3405 5420 est_nol‘)is_
3454 5339 3848 5420 transcribere

2187 5438 2299 5495 pro
2321 5411 2686 5494 Appeiidice,
2722 5423 2786 5472 ut
2814 5411 2923 5472 nec
2950 5416 3064 5471 hoc
3095 5414 3250 5470 desit
3277 5417 3494 5468 nostra;
3524 5411 3790 5465 editioni.

2260 5492 2276 5523 ¹
2317 5493 2546 5554 Viginti
2592 5492 2767 5554 longe
2805 5489 3063 5545 circuitu
3113 5486 3432 5554 signiﬁcat.
3469 5485 3690 5538 Mean.
3736 5475 3846 5537 Sed

2260 5502 2273 5523 ¹
2324 5502 2544 5562 Viginti
2592 5502 2767 5562 tango
2805 5502 3063 5545 circuitu
3113 5502 3432 5556 Signi/war.
3469 5502 3690 5538 MORLL.

2187 5563 2421 5621 Schott:
2464 5563 2690 5633 Viginti
2716 5561 2980 5633 quinque
3001 5558 3204 5628 potius
3233 5554 3513 5614 censendi
3538 5557 3704 5609 sunt.
