4110 6190
193 144 297 201 793

1246 138 1668 195 MEMORIALIS
1711 137 2143 195 SANCTORUM.
2178 172 2242 182 --
2277 144 2403 199 LIB.
2443 145 2533 200 lll.

3510 155 3540 204 Ἰ
3549 151 3616 204 94

195 267 464 322 ﬁrmatus
499 264 555 319 in
617 279 766 335 pace
824 262 1177 328 discederet,
1238 279 1378 319 mox
1419 278 1624 319 coram
1650 259 1852 332 judice
1886 263 2146 333 Amtatis,
2176 267 2421 323 nomine
2455 267 2778 338 Rogellins,
2802 269 3237 325 advenitJUter
3269 272 3620 327 Servio-Deo

199 372 372 411 suam
425 353 721 410 relaturus
747 352 1180 424 professionem
1234 352 1540 417 assistens,
1568 351 1673 406 dat
1703 349 1854 406 testi-

195 443 467 500 monium
498 441 636 496 ﬁdei
666 441 998 497 secundum
1028 446 1382 496 ctetcrorum
1413 439 1847 496 constantiam:

199 532 304 606 qui
320 547 512 587 caesus
532 530 743 602 alapis,
758 528 1158 602 conviciisque
1181 529 1492 596 distentus,
1515 528 1668 584 illico
1691 527 1853 600 apud

200 637 392 677 saevos
437 635 703 675 carceres
739 617 986 675 traditur
1025 617 1384 689 alligandus.
1419 617 1502 674 lbi
1552 635 1616 674 se
1645 615 1852 674 famuli

201 709 306 766 Dei
320 707 547 765 alterno
571 707 768 764 fovent
788 706 1085 771 consultu,
1103 707 1464 764 roborantur
1489 707 1547 763 in
1564 706 1849 762 invicem:

207 797 410 870 sicque
437 795 569 870 pari
614 801 746 852 voto
801 795 1072 861 connexi,
1104 812 1243 852 cum
1294 797 1424 867 jam
1475 793 1852 853 mactationis

206 887 355 943 hora
403 885 665 952 instaret,
695 884 896 957 praeire
949 889 1192 941 sanctus
1223 885 1680 957 Christophorus
1709 884 1852 939 bea-

203 980 333 1030 tum
365 973 764 1044 Leovigildum
794 975 1123 1030 reverentia
1153 975 1344 1030 aetatis
1397 977 1656 1047 exoptat,
1690 977 1854 1046 post-

197 1062 450 1118 modum
502 1063 629 1135 ipse
657 1063 938 1119 ruiturus.
974 1067 1038 1120 Et
1067 1063 1147 1120 ita
1190 1064 1304 1120 hoc
1353 1063 1562 1120 ordine
1605 1069 1854 1135 uterque

195 1151 435 1222 interiit,
463 1168 567 1208 xni
616 1152 960 1209 Kalendas!l
995 1153 1378 1226 Septembris,
1424 1170 1544 1209 aera
1591 1169 1714 1226 qua
1759 1169 1855 1207 su-

194 1257 322 1313 pra.
357 1243 627 1308 Quorum
655 1258 912 1314 corpora
942 1242 1267 1316 suppositis
1311 1243 1529 1299 adusta
1561 1241 1853 1298 incendiis

189 1336 519 1406 antequam
573 1333 810 1404 penitus
841 1337 1173 1400 urerentur,
1197 1333 1466 1389 fidelium
1510 1349 1654 1389 cura
1683 1348 1852 1404 erep-

193 1422 276 1488 ta,
302 1419 471 1493 apud
490 1419 808 1477 basilicam
849 1421 1039 1478 sancti
1059 1420 1220 1492 Zoyli
1249 1420 1484 1493 sepulta
1513 1425 1671 1477 sunt.

834 1563 1062 1618 CAPUT
1104 1562 1214 1617 XII.

508 1650 712 1705 Emila
755 1655 809 1706 et
848 1651 1185 1706 Hieremias
1211 1657 1529 1721 martyres.

262 1779 408 1835 Post
430 1792 555 1833 non
583 1776 767 1848 longo
795 1776 1012 1834 iterum
1065 1777 1397 1844 intervallo,
1448 1778 1572 1833 duo
1617 1775 1853 1832 adoles-

186 1870 394 1923 centes
421 1865 677 1923 illustres
725 1881 799 1922 ex
846 1865 1079 1923 civibus
1128 1867 1640 1934 Cordubensibus,
1667 1864 1854 1922 nobili

187 1955 422 2012 familia
459 1956 772 2029 procreati,
807 1955 889 2012 ad
927 1955 1270 2029 palaestram
1309 1957 1576 2030 martyrii
1601 1971 1854 2012 concur-

187 2051 421 2103 rerunt.
453 2045 645 2102 Emila
673 2045 899 2102 scilicet
920 2050 978 2103 et
1000 2047 1348 2118 Hieremias,
1371 2047 1478 2120 qui
1501 2047 1578 2103 ab
1601 2046 1852 2102 infantia

196 2150 316 2190 sua
348 2133 514 2206 apud
541 2132 856 2189 basilicam
897 2138 1086 2189 sancti
1108 2134 1386 2206 Cypriani
1411 2134 1631 2190 litteras
1659 2142 1687 2182 ιι
1714 2134 1851 2190 edo-

196 2227 428 2289 centes,
460 2237 618 2277 unus
656 2221 736 2278 ad
766 2221 1168 2278 ministerium
1192 2222 1430 2280 diaconi
1453 2228 1852 2292 consecratus,

196 2311 356 2368 alter
383 2311 446 2366 in
464 2309 672 2366 habitu
700 2309 897 2367 laicali
926 2309 1184 2382 degebat
1221 2312 1581 2386 simpliciter.
1616 2315 1683 2368 Et
1708 2328 1856 2385 quo-

193 2399 368 2457 niam
395 2402 644 2472 uterque
689 2397 951 2455 Arabico
980 2399 1290 2470 insigniter
1317 2400 1706 2474 praepollebat
1733 2401 1855 2458 elo-

187 2487 362 2561 quio,
393 2487 592 2543 ferunt
620 2491 783 2544 tanta
813 2503 922 2560 per
947 2487 1222 2544 eamdem
1247 2488 1514 2560 linguam
1552 2490 1613 2546 in
1645 2505 1855 2547 eorum

189 2580 398 2632 vatem
429 2574 800 2632 volubilitate
827 2576 1135 2646 egregium
1165 2577 1414 2634 Emilam
1457 2594 1854 2649 exaggerasse

187 2663 542 2738 opprobria,
582 2668 647 2721 ut
688 2664 1154 2737 praecedentium
1201 2671 1536 2739 martyrum
1584 2667 1857 2724 convicia

188 2753 706 2817 obliviscerentur,
762 2757 1073 2810 cernentes
1125 2755 1345 2812 horum
1403 2757 1856 2828 prosecutiones

187 2846 406 2900 contra
431 2858 610 2897 suum
631 2841 1063 2912 dogmatistam
1080 2844 1275 2900 acrius
1295 2844 1576 2902 invalere.
1600 2848 1666 2901 Et
1684 2844 1857 2900 idcir.

191 2947 262 2988 co
283 2946 418 2987 non
443 2931 572 3002 jam
601 2929 986 2987 solummodo
1017 2931 1091 2987 de
1118 2932 1414 2989 mortibus
1453 2933 1855 2989 resistentium
1889 2961 1932 3017 ε
1965 2963 2229 3034 sionem,

191 3021 300 3077 sibi
370 3020 708 3090 excogitare
738 3026 1069 3092 coeperunt,
1099 3037 1309 3078 verum
1340 3022 1518 3078 etiam
1549 3027 1734 3078 totam
1763 3039 1860 3079 ex-

193 3110 425 3183 tirpare
451 3107 775 3164 Ecclesiam
803 3108 1203 3166 ruminarunt.
1223 3110 1520 3175 Quoniam
1543 3110 1730 3166 nimio
1753 3115 1860 3166 ter-

188 3213 320 3254 rore
354 3201 442 3253 tot
457 3196 775 3252 hominum
790 3197 1224 3253 recurrentium
1245 3197 1325 3253 ad
1342 3198 1698 3270 martyrium
1722 3213 1860 3254 con-

196 3302 387 3343 cussa
412 3283 731 3355 gentilitas.
779 3284 948 3354 regni
996 3285 1087 3340 sui
1117 3285 1520 3343 arbitrabatur
1563 3286 1862 3343 excidium

191 3374 536 3441 imminere,
569 3390 710 3430 cum
742 3372 843 3429 tali
871 3373 1052 3429 etiam
1112 3374 1325 3430 virtute
1356 3375 1705 3447 praecinctos
1729 3392 1862 3449 par-

201 3465 386 3521 vulos
413 3462 786 3536 praevideret.
822 3463 982 3528 Quos
1009 3477 1117 3534 per
1147 3477 1446 3519 carcerem
1502 3469 1858 3534 maccratos,

205 3558 586 3626 postremum
634 3550 836 3622 gladio
887 3550 1125 3607 vindice
1172 3558 1570 3624 peremerunt.
1614 3557 1678 3610 Et
1721 3569 1860 3610 cum

208 3647 370 3698 totus
402 3641 496 3697 ille
525 3641 651 3697 dies
673 3640 835 3696 clara
854 3645 1005 3696 esset
1036 3642 1346 3698 serenitate
1369 3641 1673 3713 lustratus,
1703 3643 1862 3698 subi-

210 3733 270 3784 to
306 3728 522 3791 eadem
545 3729 694 3785 hora
719 3745 844 3801 qua
883 3728 1156 3786 decollati
1179 3735 1338 3799 sunt,
1370 3731 1694 3788 vehemens
1719 3731 1865 3788 toni-

218 3821 491 3872 truorum
507 3817 700 3886 fragor
724 3833 1021 3888 exurgens
1040 3818 1272 3874 mundo
1291 3820 1608 3877 incutitur:
1637 3820 1866 3892 spargit

214 3903 510 3961 radiantia
539 3905 891 3980 lampadum
920 3905 1161 3976 fulgura
1181 3907 1393 3974 aether;
1422 3924 1671 3981 superos
1689 3909 1864 3967 avelli

211 3995 484 4050 cardines
538 3997 931 4052 existimares.
970 4001 1251 4052 Armatur
1290 3997 1452 4053 nube
1499 3997 1862 4068 grandinum

211 4085 339 4139 axi:
367 4102 380 4146 ;
407 4085 675 4141 fuscatur
721 4085 880 4141 dies:
937 4085 1394 4158 turbinibusque
1439 4087 1699 4142 inﬁcitur
1725 4102 1858 4142 aer:

209 4174 340 4247 pios
368 4175 653 4231 cecidisse
684 4175 934 4232 athletas
961 4175 1256 4232 elementa
1293 4177 1568 4232 fatentur.
1597 4178 1862 4241 Quorum

203 4280 463 4337 corpora
488 4264 758 4336 equuleis
808 4265 1260 4336 suspendentes,
1293 4265 1446 4321 ultra
1473 4281 1714 4323 amnem
1749 4271 1863 4323 sta-

206 4355 499 4424 tuunt(t),
531 4369 641 4409 xvii
682 4353 978 4410 Kalendas
1021 4353 1309 4424 Octobris,
1341 4369 1462 4410 aera
1490 4371 1615 4427 qua
1653 4371 1856 4428 supra.

831 4497 1054 4552 CAPUT
1092 4496 1225 4551 XIII.

412 4587 501 4642 De
525 4585 768 4656 Rogatio
799 4591 852 4642 et
878 4585 1232 4642 Servio-Deo
1260 4586 1651 4655 martyribus.

275 4717 326 4767 t.
361 4713 506 4767 Cum
539 4711 738 4767 adhuc
781 4712 859 4784 (1)
886 4710 1164 4784 praefatos
1217 4716 1510 4783 martyres
1559 4713 1859 4783 ergastula

201 4800 511 4868 haberent,
543 4817 678 4856 cccc
733 4800 833 4856 alii
888 4799 1011 4855 duo
1060 4805 1549 4871 supervenerunt,
1578 4800 1857 4858 eamdem

203 4903 392 4960 quam
433 4889 621 4946 caeteri
658 4888 1174 4962 professionenem
1206 4892 1488 4956 tenentes,
1520 4888 1855 4962 eodemque

199 4982 338 5034 voto
369 4978 600 5034 hostem
631 4977 772 5034 ﬁdei
802 4981 1241 5050 expugnantes.
1273 4978 1539 5040 Quorum
1568 4994 1726 5034 unus
1751 4979 1856 5034 Eli-

199 5065 322 5122 beri
353 5066 725 5142 progenitus,
759 5081 831 5122 ex
855 5066 988 5121 vico
1023 5066 1128 5138 qui
1175 5065 1386 5122 dicitur
1425 5075 1448 5102 ο
1476 5067 1850 5140 Parapanda,

200 5157 534 5213 monachus
587 5160 644 5211 et
693 5155 1005 5211 eunuchus
1053 5155 1182 5226 jam
1212 5171 1392 5212 senex
1445 5162 1852 5229 provectwque

269 5323 286 5345 ‘
326 5317 461 5372 Dies
517 5316 579 5371 in
631 5314 919 5382 Usuardo,
953 5316 1177 5388 Adone,
1215 5317 1504 5388 Equilino,
1538 5321 1591 5370 et
1634 5317 1853 5372 Cordu-

198 5385 368 5444 bensi
396 5387 695 5443 breviario
726 5387 1073 5442 concordat.
1101 5385 1322 5443 Merui.

267 5460 296 5499 ι)
323 5462 484 5515 Fors.
519 5459 907 5515 addis-centes.

269 5538 293 5565 °
323 5531 574 5601 Ignotus
603 5545 766 5586 nunc
813 5532 996 5597 vicus,
1041 5530 1123 5584 ait
1161 5527 1453 5601 Mforales:
1510 5527 1848 5601 sedgquam

203 5600 275 5655 sit
302 5599 482 5658 nctus
511 5607 733 5658 norunt
775 5602 892 5658 fere
936 5617 1174 5658 omnes:
1195 5600 1268 5656 de
1295 5615 1416 5671 quo
1448 5599 1850 5656 consulendus

1963 359 2231 420 vocatus,
2256 357 2447 428 spado
2477 359 2675 414 adhuc
2717 359 2951 428 juvenis
2982 363 3116 416 ante
3147 376 3376 432 paucos
3426 377 3618 417 annos

1963 439 2040 494 ab
2072 442 2320 500 Orientis
2356 446 2626 517 partibus
2659 447 2811 502 ultra
2831 447 3024 502 maria
3063 448 3124 502 in
3150 448 3500 520 praedictam
3523 466 3620 505 ur-

1960 529 2098 585 bem
2127 532 2502 590 habitaturus
2533 535 2882 607 peregrinus
2915 537 3184 592 accessit.
3218 537 3285 591 Hi
3316 553 3459 594 vero
3487 539 3619 610 pari

1962 634 2024 673 se
2054 618 2274 677 findere
2296 621 2662 693 colligantes,
2691 639 2881 680 unum
2910 629 3154 697 propter
3176 625 3470 696 justitiam
3495 626 3615 696 Dei,

1964 723 2156 780 usque
2181 709 2260 765 ad
2291 715 2539 767 mortem
2574 712 2840 768 certandi
2868 718 3071 769 votum
3093 720 3424 785 gesserunt,
3451 715 3618 772 nullo

1961 811 2106 852 casu
2158 797 2236 854 ab
2292 799 2546 854 invicem
2603 802 2917 871 recessuri,
2970 819 3289 876 quousque
3351 803 3618 861 coelestia

1962 885 2253 954 sanguine
2299 893 2721 943 mercarentur.
2755 889 3011 960 Ideoque
3062 892 3138 960 (2)
3186 892 3392 947 fanum
3469 892 3616 948 illud

1961 975 2389 1046 sacrilegorum
2418 982 2706 1048 petentes,
2761 978 2820 1032 in
2868 994 2988 1049 quo
3041 985 3356 1052 exceptum
3405 981 3616 1051 vulgus

1961 1062 2399 1120 abominabiles
2421 1066 2564 1121 ritus
2595 1066 2810 1140 saepius
2837 1066 3084 1122 reddere
3107 1070 3404 1139 convenit,
3429 1075 3616 1126 trans-

1960 1152 2224 1208 cendunt
2248 1153 2478 1220 limina,
2495 1155 2701 1209 turmis
2728 1171 2788 1209 se
2806 1155 3104 1224 ingerunt,
3126 1157 3410 1228 praedicat
3431 1162 3617 1214 Evan-

1961 1239 2204 1310 gelium,
2254 1248 2477 1298 sectam
2532 1242 2851 1316 impietatis
2901 1243 3300 1308 subsannant,
3352 1252 3617 1315 arguunt

1961 1329 2200 1380 emtum.
2243 1327 2779 1400 Appropinquasse
2809 1343 3061 1397 regnum
3116 1328 3402 1385 caelorum
3433 1328 3618 1386 ﬁdeli-

1960 1413 2097 1478 bus,
2127 1412 2471 1470 inﬁdelibus
2504 1421 2704 1470 autem
2731 1415 3020 1485 gehennae
3049 1422 3396 1489 proponunt
3422 1418 3617 1474 interi-

1961 1507 2110 1572 tum,
2158 1519 2340 1575 quem
2365 1503 2763 1576 proculdubio
2817 1504 2930 1578 ipsi
2980 1505 3368 1575 incurrerent,
3395 1506 3509 1562 nisi
3537 1507 3618 1563 ad

1961 1591 2144 1647 vitam
2177 1597 2566 1650 recurrerent.

2032 1723 2084 1773 2.
2119 1718 2214 1773 His
2245 1723 2302 1774 et
2341 1719 2691 1791 hujusmodi
2722 1720 2919 1776 verbis
2957 1721 3250 1792 populum
3299 1722 3614 1778 exhortan-

1960 1813 2066 1874 tes,
2094 1806 2356 1864 necdum
2395 1808 2474 1864 ab
2515 1824 2618 1864 ore
2669 1824 2880 1864 eorum
2934 1825 3130 1865 sermo
3182 1817 3523 1881 recesserat,
3562 1817 3618 1868 et

1961 1911 2117 1962 ecce,
2149 1896 2253 1969 qui
2273 1897 2569 1970 crepitans
2605 1897 2667 1952 in
2708 1897 2974 1953 sentibus
3001 1913 3211 1970 rogus,
3242 1900 3457 1955 cohors
3490 1917 3616 1956 ma-

1959 1983 2318 2054 lignantium
2373 1985 2661 2041 adversus
2731 1986 2829 2042 Dei
2886 1986 3145 2043 famulos
3197 1988 3612 2059 exardescens,

1961 2074 2152 2142 caedit,
2184 2074 2423 2142 lacerat,
2451 2074 2722 2147 percutit,
2758 2075 2975 2144 obruit,
3004 2075 3326 2150 nititurque
3364 2077 3616 2150 perime-

1962 2180 2025 2220 re
2056 2169 2313 2231 sanetos,
2341 2165 2446 2237 qui
2487 2163 2806 2221 delubrum
2833 2181 3010 2220 suum
3038 2165 3257 2222 intrare
3287 2181 3617 2238 praesump-

1963 2257 2164 2309 serant
2186 2252 2374 2325 (quod
2403 2253 2570 2326 apud
2625 2254 2755 2310 illos
2811 2269 3054 2327 quoque
3107 2254 3334 2324 grande
3383 2255 3614 2311 facinus

1961 2343 2284 2415 reputant),
2329 2347 2385 2398 et
2446 2342 2559 2397 nisi
2622 2342 2809 2414 judex
2869 2342 3126 2412 adesset,
3178 2343 3283 2416 qui
3345 2343 3615 2416 quodam

1962 2430 2272 2504 privilegio
2313 2431 2619 2504 potestatis
2677 2431 3028 2487 insanientis
3086 2432 3294 2504 populi
3341 2447 3618 2488 murmur

1963 2520 2350 2592 compescuit,
2395 2524 2532 2577 tunc
2567 2520 2696 2591 jam
2747 2520 2878 2576 vitae
2944 2520 3374 2592 spiraminibus
3419 2521 3615 2594 priva-

1963 2614 2186 2664 rentur.
2218 2611 2376 2674 Quos
2405 2611 2642 2681 ereptos
2667 2608 3024 2664 caedentium
3050 2609 3351 2673 manibus,
3397 2609 3619 2665 carceri

1963 2697 2280 2770 deputans,
2304 2697 2549 2767 astringi
2592 2698 2747 2754 ferro
2774 2698 3017 2763 gravius
3044 2698 3231 2769 jubet,
3266 2698 3618 2772 furibusque

1963 2787 2271 2843 admiscet.
2302 2786 2386 2843 lbi
2416 2785 2595 2843 etiam
2625 2787 2781 2842 aduc
2807 2787 3159 2859 praedicant,
3182 2789 3614 2860 prophetizant,

1964 2874 2184 2930 instare
2209 2881 2463 2931 mortem
2510 2879 2766 2946 tyranno
2798 2877 3176 2943 annuntiant,
3209 2875 3458 2932 laudant
3488 2876 3616 2932 reli-

2261 2964 2592 3020 vanitatem
2637 2963 2932 3020 refellunt.
2968 2967 3035 3020 Et
3084 2981 3222 3021 cum
3253 2965 3488 3037 penitus
3537 2966 3620 3020 vi-

1969 3068 2078 3124 gor
2114 3053 2401 3109 membris
2429 3053 2684 3123 deesset,
2722 3053 2827 3125 qui
2878 3053 3054 3109 ferret
3087 3053 3466 3125 supplicium,
3495 3069 3619 3110 non
3681 3113 3688 3120 ,

1966 3145 2168 3199 tamen
2191 3143 2410 3198 destitit
2459 3141 2666 3212 lingua
2701 3157 2890 3214 usque
2920 3141 2998 3197 ad
3028 3147 3282 3197 mortem
3323 3157 3358 3198 a
3399 3157 3622 3214 prisco-

1967 3231 2170 3288 nando
2202 3231 2458 3287 veritatis
2487 3230 2751 3286 oraculo.
2778 3233 2852 3286 At
2879 3246 3021 3286 vero
3049 3245 3161 3303 pro
3188 3247 3258 3286 eo
3289 3231 3453 3303 quod
3476 3237 3618 3287 tem-

1966 3319 2137 3392 plum
2170 3336 2348 3374 suum
2381 3318 2848 3389 evangelizando
2906 3319 3243 3386 intrassent,
3295 3319 3623 3376 decernunt
3673 3359 3676 3364 -

1969 3425 2069 3464 eos
2102 3408 2342 3480 tyranni
2371 3413 2428 3464 et
2455 3410 2479 3446 ιι
2511 3407 2808 3476 consules,
2839 3408 3006 3481 prius
3027 3408 3310 3464 manibus
3338 3409 3620 3481 pedibus-

1968 3513 2086 3570 que
2120 3497 2422 3565 abscissis,
2457 3497 2736 3554 decollari
2759 3498 3363 3570 postremo.Gaudent
3390 3498 3492 3556 tali
3524 3499 3621 3554 de-

1969 3591 2128 3642 creto
2164 3586 2374 3643 famuli
2401 3587 2610 3644 Christi
2639 3605 2650 3642 :
2683 3587 3091 3643 exhilarantnr
3121 3586 3348 3660 oppido
3370 3587 3621 3658 hujusce

1969 3675 2176 3732 mortis
2205 3676 2557 3732 sententiam
2610 3676 2933 3748 exceptm'i.
2981 3680 3166 3732 instat
3217 3676 3622 3732 ferocissimus

1969 3765 2251 3832 carnifex,
2285 3764 2524 3832 clamat,
2582 3763 2832 3832 frendet,
2900 3764 3172 3833 miratur,
3223 3764 3499 3819 festinare
3543 3765 3623 3821 ad

1968 3870 2214 3928 pinnam
2237 3853 2410 3924 jubet
2438 3853 2676 3918 electos,
2709 3868 2864 3924 quos
2899 3854 3100 3924 utique
3126 3851 3409 3907 cernebat
3434 3852 3624 3921 majo-

1968 3958 2096 3999 rem
2127 3940 2426 4011 migrandi
2477 3939 2698 3995 habere
2751 3939 3052 4005 affectum,
3083 3955 3269 4012 quam
3296 3939 3454 3994 idem
3482 3939 3624 3994 infe-

1968 4030 2139 4088 rendi
2166 4030 2464 4086 interitum
2497 4027 2759 4098 gerebat.
2811 4028 2953 4093 Quis
3001 4027 3159 4083 illius
3194 4029 3376 4098 horae,
3407 4029 3619 4086 fratres

1969 4120 2324 4192 charissimi,
2381 4117 2789 4175 crudelitatem
2839 4120 3164 4190 exponat?
3224 4119 3359 4191 quis
3407 4119 3622 4176 referat

1970 4210 2210 4267 clades?
2243 4210 2379 4282 quis
2410 4223 2615 4264 cruces
2654 4207 2967 4264 annuntiat
2987 4208 3014 4263 ?
3044 4207 3179 4280 quis
3211 4207 3470 4281 denique
3521 4209 3622 4264 ad-

1891 4311 1934 4364 D
1971 4299 2307 4356 mirabilem
2349 4303 2694 4354 sanctorum
2737 4299 2971 4353 enarret
3001 4297 3438 4352 constantiam?
3474 4299 3621 4351 Cum

1971 4395 2028 4445 et
2055 4388 2188 4461 ipsa
2209 4387 2504 4458 gentilitas
2530 4386 2632 4442 tali
2677 4384 3018 4460 spectaculo
3035 4386 3387 4457 stupefacta,
3419 4385 3620 4440 nescio

1968 4478 2116 4551 quid
2142 4478 2217 4534 de
2247 4475 2699 4533 Christianismo
2727 4474 3136 4544 indulgentius
3166 4473 3476 4529 sentiebat.

2038 4626 2090 4678 3.
2143 4621 2322 4691 Igitur
2363 4619 2562 4676 statuti
2605 4619 2667 4674 in
2712 4619 2844 4674 loco
2885 4615 3298 4673 decollationis
3328 4618 3622 4686 martyres

1967 4711 2176 4778 sancti,
2207 4713 2537 4780 antequam
2554 4707 2725 4763 lictor
2749 4706 3120 4773 admoneret,
3151 4703 3390 4777 palmas
3416 4706 3620 4758 exten-

1965 4799 2136 4864 dunt,
2167 4797 2420 4852 lacertos
2435 4799 2672 4869 parant,
2695 4795 3101 4865 injectumque
3126 4807 3147 4831 ο
3157 4793 3438 4865 jugulum
3463 4792 3621 4848 ulnis

1965 4885 2348 4958 excipientes,
2379 4885 2438 4939 in
2467 4883 2704 4938 diversa
2763 4898 2983 4937 manus
3030 4881 3345 4938 dissiliunt.
3405 4882 3624 4938 Deinde

1964 4975 2237 5033 cruribus
2259 4972 2604 5045 amputatis,
2637 4971 2800 5027 nulla
2823 4973 3164 5044 compuncti
3195 4972 3446 5042 tristitia,
3491 4972 3625 5028 abs-

1963 5065 2132 5123 cissis
2162 5064 2362 5120 denuo
2409 5060 2573 5117 collis
2606 5065 2973 5117 corruerunt.
3009 5062 3276 5127 Quorum
3305 5061 3624 5118 cadavera.

1964 5161 2028 5212 ut
2073 5160 2242 5211 erant
2267 5157 2558 5218 truncata,
2593 5151 2877 5224 patibulis
2923 5150 3253 5222 afﬁgentes,
3314 5152 3465 5208 ultra
3511 5151 3624 5206 ﬂu-

1969 5317 2251 5370 Henricus
2307 5315 2523 5383 Florez,
2557 5315 2699 5367 tom.
2733 5313 2832 5367 XII
2883 5313 3055 5380 Hisp.
3100 5315 3273 5368 Sacr.
3331 5314 3494 5366 tract.
3534 5314 3621 5370 37,

1968 5403 2099 5458 cap.
2131 5394 2182 5452 6,
2218 5389 2527 5441 ιιιιω.247.
2556 5385 2932 5458 Parapanda
2965 5386 3163 5458 Graeca
3206 5399 3321 5438 vox
3345 5387 3451 5449 est,
3484 5395 3623 5450 quae

1972 5455 2172 5513 Latine
2203 5459 2283 5513 ad
2305 5458 2505 5512 munia
2536 5462 2730 5521 sonat,
2758 5455 2950 5526 inquit
2979 5455 3160 5509 idem.
3513 5521 3524 5526 _
3586 5515 3596 5526 .

2042 5529 2066 5563 ἀ
2094 5528 2157 5582 Id
2190 5533 2277 5582 est
2302 5529 2715 5597 magistratus.
2744 5521 3018 5581 BoiLANni
3051 5526 3133 5580 ad
3164 5530 3230 5581 t6
3262 5521 3622 5592 Septembris

2042 5607 2062 5631 ο
2095 5599 2157 5653 ld
2187 5603 2272 5652 est
2301 5596 2594 5666 gladium,
2632 5596 2722 5652 vel
2745 5599 3019 5652 securim.
3055 5600 3129 5650 in.
