4110 6190
489 178 593 232 795

487 296 655 357 vium
685 296 963 353 crucibus
1008 299 1359 363 caeterorum
1400 296 1765 363 adsciscunt,
1804 311 1902 352 im
1930 295 2148 353 Kalen-

488 388 600 447 das
628 394 646 417 '
674 384 964 451 Octobris,
986 400 1108 441 aera
1134 384 1482 458 qua‘supra.

984 508 1227 565 CAPUT
1272 511 1400 565 XIV.

490 598 814 654 Consilium
846 597 1221 655 Christianos
1249 597 1651 672 disperdendi,
1686 601 1845 672 quod
1871 615 1980 657 rex
2016 615 2148 655 cum

1051 670 1401 739 proceribus
1430 671 1585 727 iniit.

559 777 840 830 Praeterea
875 791 1188 847 maryrum
1237 791 1421 833 causa
1492 776 1709 834 ethnici
1790 777 2147 845 conturbati,

489 849 737 936 ipseque
761 879 866 918 rex
896 864 958 918 in
979 862 1241 920 furorem
1256 865 1587 921 maximum
1616 866 1950 923 concitatus
1982 865 2150 923 varia

489 951 666 1008 corde
723 952 1173 1025 praemeditatur
1230 954 1448 1025 quibus
1500 958 1701 1027 posset
1763 955 2149 1012 intentionem

488 1045 835 1098 sanctorum
858 1041 1201 1113 reprimere.
1234 1041 1575 1100 Sciscitatur
1602 1043 1780 1100 etiam
1827 1044 2150 1117 sapientes,

488 1131 758 1204 explorat
784 1130 1202 1203 philosophos,
1233 1131 1519 1205 regnique
1553 1134 1645 1190 sui
1673 1133 1949 1190 consules
1972 1148 2153 1208 super

487 1221 601 1276 hac
624 1235 687 1277 re
711 1224 1114 1292 percontatur.
1150 1221 1259 1287 Qui
1285 1237 1494 1278 omnes
1526 1222 1889 1279 unanimiter
1917 1223 1975 1279 in
2013 1238 2151 1296 per-

488 1310 703 1366 niciem
732 1309 1145 1382 conspirantes
1176 1309 1465 1381 ﬁdelium,
1496 1312 1926 1386 comprehendi
1956 1311 2150 1370 Chris-

488 1400 683 1455 tianos
714 1402 770 1454 et
799 1397 1091 1455 vinculari
1121 1399 1235 1455 sub
1265 1400 1633 1457 arctissimos
1658 1416 1926 1458 carceres
1946 1401 2151 1458 decre-

488 1491 702 1543 verunt
722 1488 814 1560 (1).
841 1486 1013 1543 Tunc
1035 1488 1163 1558 jam
1190 1488 1586 1563 proculdubio
1611 1490 1898 1546 enecandi
1916 1506 2018 1547 eos
2039 1490 2151 1546 dif-

489 1575 725 1630 ticultas
764 1573 874 1631 fuit
902 1575 1205 1649 adempta,
1239 1576 1290 1633 si
1321 1577 1646 1651 quisquam
1674 1578 1827 1634 vatis
1859 1578 1951 1635 sui
1966 1584 2149 1635 teme-

486 1666 681 1721 rarius
712 1666 1103 1739 exprobrator
1130 1667 1285 1723 ultra
1314 1672 1670 1725 occurreret.
1697 1671 1814 1725 Hac
1836 1684 1949 1725 nos
1980 1669 2152 1725 mise—
2175 1663 2220 1716 Β

489 1754 539 1810 ri
568 1754 851 1827 opinione
881 1760 1189 1828 comperta
1240 1756 1613 1826 diffugimus,
1645 1757 1905 1828 abimus,
1937 1773 2153 1827 evaga-

489 1859 645 1913 mur,
675 1843 1099 1909 delitescimus,
1142 1844 1473 1918 timidoque
1520 1845 1798 1902 discursu
1836 1849 1895 1903 et
1940 1846 2152 1903 habitu

487 1933 795 1991 demutato
840 1939 1136 1992 nocturna
1194 1934 1428 1992 silentia
1470 1936 1794 2009 carpimus.
1838 1937 2153 1994 Decidente

487 2021 629 2077 folio
654 2022 1066 2091 exturbamur,
1095 2023 1307 2081 crebro
1339 2025 1687 2081 mansiones
1712 2030 2041 2093 mutamus,
2064 2031 2155 2082 tn-

486 2110 638 2167 tiora
665 2110 800 2168 loca
828 2111 1210 2185 requirimus,
1239 2129 1310 2170 ac
1338 2113 1715 2171 tremebundi
1744 2114 2154 2188 undequaque

484 2198 985 2267 dilabimur,mori
1010 2199 1402 2259 formidantes
1432 2217 1539 2275 per
1567 2202 1858 2273 gladium,
1876 2207 2153 2277 quando-

485 2304 605 2360 que
658 2288 929 2348 morituri
977 2306 1085 2364 per
1112 2290 1405 2347 debitum.
1439 2292 1549 2357 Qui
1578 2290 1714 2348 ideo
1752 2291 1902 2349 forte
1931 2298 2152 2365 marty-

485 2376 642 2433 rium
693 2377 980 2447 fugimus,
1011 2380 1309 2452 nonquia
1359 2379 1641 2437 timemus
1686 2386 1965 2452 mortem,
2018 2397 2152 2451 quas

486 2465 856 2538 quandoque
885 2472 1267 2535 venturaest;
1327 2468 1435 2524 sed
1482 2468 1629 2541 quia
1658 2469 1893 2540 indigni
1939 2485 2152 2525 sumus

488 2554 776 2623 martyrio
815 2554 911 2625 (2),
944 2555 1111 2626 quod
1154 2556 1548 2628 quibusdam,
1597 2561 1655 2613 et
1694 2572 1818 2614 non
1862 2558 2151 2614 omnibus

487 2638 699 2696 datum
723 2644 832 2697 est.
852 2641 964 2706 Qui
992 2643 1153 2698 enim
1173 2659 1336 2699 nunc
1362 2646 1825 2717 martyrizantur
1847 2651 1906 2705 et
1930 2651 2152 2719 marty-

488 2726 714 2785 rizandi
744 2732 901 2795 sunt,
935 2729 1015 2785 ab
1061 2730 1228 2788 initio
1259 2732 1472 2788 mundi
1496 2734 1823 2807 prmseripti
1868 2740 2028 2803 sunt,
2060 2735 2152 2792 di-

488 2818 657 2873 cente
699 2817 1011 2887 Apostolo:
1064 2820 1221 2887 Quos
1244 2823 1571 2890 praesciuit,
1622 2829 1679 2879 et
1715 2824 2152 2893 predesiinavit

488 2904 824 2974 con/“armes
850 2908 988 2975 ﬁeri
1014 2909 1295 2980 imaginis
1323 2911 1473 2967 Filii
1511 2913 1627 2980 sui,
1658 2918 1724 2968 ut
1755 2914 1830 2968 sit
1859 2914 1985 2983 ipse
2026 2916 2153 2984 pri-

488 2994 820 3062 mogenita:
847 2997 912 3052 in
964 2998 1170 3054 multis
1199 2999 1515 3057 fratribus.
1549 3001 1704 3069 Quos
1759 3008 1956 3060 autem
1993 3018 2150 3073 prai-
2176 3014 2220 3070 ο

487 3080 829 3153 destinavit,
863 3084 968 3143 hos
1001 3092 1057 3144 et
1079 3089 1335 3155 vocavit,
1360 3095 1415 3147 et
1454 3105 1598 3162 quos
1630 3092 1883 3162 vocavit,
1927 3094 2065 3149 illos
2095 3099 2151 3150 et

483 3171 850 3241 giariﬁeavit
880 3174 1067 3245 (Rom.
1098 3192 1224 3248 vui,
1251 3181 1343 3247 29,
1372 3180 1486 3251 30).

1125 3305 1348 3361 CAPUT
1399 3306 1504 3362 XV.

488 3384 971 3465 Christianorum
1010 3394 1409 3465 perturbatio,
1458 3401 1511 3451 et
1572 3398 1907 3452 earumdem
1962 3398 2147 3453 varia:

556 3462 861 3586 seztenttize
882 3462 943 3515 in
969 3464 1222 3518 concilio
1243 3462 1655 3534 episcoporum
1688 3467 1980 3524 Corduba!
2002 3485 2142 3526 con-

557 3545 635 3598 gr
664 3545 744 3600 aa
772 3547 824 3587 0.

560 3640 611 3690 1.
642 3635 799 3693 Multi
826 3636 1005 3707 igitur
1049 3638 1265 3694 horreo
1317 3640 1554 3697 inutiles
1601 3643 1931 3715 Dominico,
1973 3646 2144 3717 ejecti

486 3723 645 3778 foras
669 3727 745 3781 de
787 3729 909 3781 rete
958 3726 1288 3797 apostolica
1316 3728 1394 3785 ab
1423 3745 1514 3796 eo,
1548 3730 1651 3804 qui
1688 3747 1810 3788 non
1838 3736 1904 3789 ut
1942 3733 2140 3791 bonos

486 3812 645 3868 vasis
676 3813 1018 3882 recondere,
1051 3816 1155 3872 sed
1174 3817 1372 3890 potius
1401 3823 1468 3877 ut
1497 3820 1715 3895 stipula
1743 3824 2143 3895 exstinguibili

485 3905 833 3958 meruerunt
871 3901 1151 3961 incendio
1179 3905 1454 3980 deputari
1480 3925 1495 3977 ς
1528 3911 1849 3969 nobiscum
1879 3913 1973 3970 vel
1996 3914 2025 3954 ι)
2051 3913 2143 3971 fu-

485 4004 644 4061 gere,
700 3989 794 4046 vel
848 3994 1129 4066 compati,
1182 3995 1277 4052 vel
1332 3998 1512 4056 etiam
1565 4000 1909 4060 delitescere
1976 4018 2143 4060 recu-

484 4082 704 4166 santes,
737 4080 1016 4153 pietatem
1058 4084 1420 4159 relinquunt,
1446 4088 1622 4146 ﬁdem
1654 4091 2139 4166 prievaricantur,

486 4165 773 4225 abdicant
798 4170 1166 4244 religionem,
1197 4175 1558 4234 Cruciﬁxum
1588 4179 1971 4238 detestantur.
2005 4165 2141 4239 Sese

484 4256 660 4329 (proh
689 4257 917 4333 dolori)
944 4261 1232 4336 impietati
1262 4266 1584 4335 tradentes,
1606 4268 1962 4327 submittunt
1989 4270 2143 4329 colla

482 4343 885 4419 daemonibus,
912 4348 1361 4425 blasphemant,
1392 4354 1734 4425 detrahunt,
1761 4358 2141 4415 subvertunt—
2178 4368 2223 4425 Ι)

481 4448 600 4507 que
640 4435 1034 4495 Christicolas.
1067 4439 1312 4497 Plurimi
1337 4453 1359 4483 ο
1392 4443 1592 4512 etiam,
1632 4445 1736 4517 qui
1767 4445 2001 4518 pridem
2039 4462 2144 4503 no-

479 4522 715 4581 biscum
751 4541 901 4583 sano
946 4544 1132 4585 sensu
1184 4529 1459 4587 victorias
1487 4536 1823 4606 martyrum
1862 4535 2146 4607 praedica-

479 4611 647 4687 bant,
703 4617 1103 4676 constantiam
1133 4618 1480 4688 efferebant,
1511 4620 1847 4681 laudabant
1896 4628 2146 4698 tropaea,

480 4703 842 4765 extollebant
863 4722 1146 4779 agonem,
1176 4713 1299 4766 tam
1320 4725 1394 4766 ex
1421 4711 1833 4771 sacerdotibus
1853 4729 2038 4788 quam
2078 4732 2148 4774 ex

479 4792 678 4865 laicis;
712 4797 1034 4857 sententias
1062 4804 1318 4872 mutant,
1348 4799 1515 4858 aliter
1563 4802 1844 4874 sentiunt,
1870 4804 2147 4877 judicent

480 4883 830 4941 indiscretos
859 4903 1014 4959 quos
1055 4889 1345 4948 hactenus
1371 4891 1745 4952 felicissimos
1775 4895 2141 4966 asserebant,

480 4987 591 5042 pro
609 4988 679 5027 eo
695 4974 861 5047 quod
880 4977 995 5047 ipsi
1011 4981 1201 5039 sancti
1229 4981 1661 5041 inﬁrmioribus
1692 4986 1959 5044 nolentes
1976 5003 2141 5044 com-

480 5061 625 5133 pati,
674 5078 795 5117 suae
826 5065 1025 5136 potius
1052 5070 1492 5143 tranquillitatis
1516 5079 1574 5131 et
1607 5075 1772 5147 pacis
1795 5077 2139 5146 commoda,

480 5166 616 5223 quae
642 5150 703 5208 in
724 5152 1061 5210 ccelestibus
1079 5158 1373 5228 sanguine
1395 5162 1646 5219 mercari
1660 5162 2142 5236 ﬁdebant,quam

480 5239 712 5295 nutanti
743 5240 1013 5299 Ecclesiae
1037 5245 1189 5302 inter
1210 5248 1489 5319 scopulos
1526 5250 1895 5322 perﬁdorum
1927 5269 2139 5311 consu-

549 5425 573 5451 ι
597 5416 662 5494 In
693 5421 964 5491 sequenti
988 5425 1126 5494 post
1154 5423 1403 5480 Emilam
1453 5430 1509 5482 et
1537 5426 1893 5485 Hieremiam
1939 5430 2033 5488 die
2075 5434 2135 5488 hi

478 5492 772 5561 martyres
829 5492 1222 5568 perimuntur,
1277 5510 1431 5568 quos
1488 5498 1718 5555 nullum
1775 5504 2134 5560 Breviarium

478 5568 930 5620 commemorat.
962 5567 1179 5623 MOBAL.

546 5633 574 5673 ι»
604 5632 725 5688 Hoc
739 5649 1002 5711 namque
1027 5642 1155 5696 erat
1174 5638 1677 5713 imbecillioribus,
1708 5648 1764 5702 et
1789 5646 1895 5718 qui
1908 5652 2131 5720 marty-

1674 175 1729 229 S.
1776 171 2056 229 EULOGll
2093 171 2416 229 ARCHIEP.
2458 174 2700 230 TOLET.

3805 177 3910 232 790

2252 295 2372 352 lere
2412 297 2799 354 studuerunt:
2840 296 3213 369 quibusdam
3244 313 3317 353 ex
3353 298 3483 368 lege
3523 296 3919 367 sententiolis,

2252 384 2730 443 immutationem
2762 386 2884 443 oris
2924 386 3037 457 sui,
3080 403 3150 443 ac
3204 387 3421 457 linguae
3472 387 3920 446 versibilitatem

2253 474 2430 545 quasi
2479 475 2767 532 roborare
2795 475 3067 532 nitentes.
3112 480 3240 533 Non
3274 477 3728 551 perpendentes
3766 480 3922 551 quod

2252 562 2454 619 nullus
2478 568 2655 621 tanta:
2701 566 3053 638 prmeriptus
3096 565 3343 638 militiai,
3376 570 3434 623 et
3473 565 3712 623 cmlesti
3753 566 3920 623 curiis

2255 654 2769 723 annumerandus,
2798 654 3056 711 instante
3100 654 3251 711 hora
3280 655 3638 726 vocationis,
3674 656 3920 711 nexibus

2254 741 2489 798 retineri
2515 747 2721 815 posset
2759 743 3148 801 mortalibus:
3181 760 3321 800 cum
3350 744 3628 817 quotidie
3649 745 3717 800 in
3745 746 3920 818 Scrip-

2256 831 2401 886 turis
2450 832 2634 888 sacris
2681 832 2995 889 nobiscum
3049 834 3375 906 perlegam,
3409 833 3578 907 quod
3633 850 3755 893 nec
3792 835 3917 905 vita,

2255 935 2365 976 nec
2391 937 2551 976 saeva
2579 922 2865 994 pericula,
2897 938 3006 978 nec
3034 923 3166 996 ipsa
3203 923 3383 980 etiam
3417 939 3587 980 mors
3618 928 3865 981 sanctos
3889 940 3919 980 ιι

2255 1010 2542 1069 charitate
2572 1012 2804 1068 Domini
2832 1013 3020 1068 nostri
3062 1016 3201 1069 Jesu
3245 1013 3455 1070 Christi
3509 1014 3781 1071 avellere
3821 1031 3918 1071 un-

2256 1115 2443 1172 quam
2472 1101 2839 1174 praavaleant
2867 1103 3055 1174 (Rom.
3084 1118 3205 1170 vm,
3239 1107 3307 1161 35
3338 1110 3393 1160 et
3422 1106 3638 1177 seqq.).

2328 1193 2380 1245 2.
2413 1189 2499 1246 111i
2527 1194 2751 1263 autem,
2766 1192 2914 1264 quid
2939 1192 3203 1249 abinitio
3233 1198 3401 1249 actus
3417 1208 3541 1249 non
3570 1193 3920 1253 destiterunt

2258 1279 2550 1336 infamare
2579 1285 2947 1347 sanctorum,
2975 1282 3257 1355 fmdaque
3279 1283 3705 1341 susurratione
3721 1300 3921 1341 eorum

2259 1368 2455 1424 conati
2506 1374 2647 1426 sunt
2699 1371 3089 1427 intentionem
3139 1376 3431 1439 evertere;
3481 1373 3717 1430 bellum
3765 1372 3921 1446 quod

2259 1458 2546 1515 militibus
2576 1459 2852 1529 gloriosis
2880 1460 3279 1533 nequiverunt
3305 1460 3544 1529 inferre,
3568 1463 3635 1518 in
3656 1478 3771 1519 nos
3799 1477 3919 1518 cru-

2259 1546 2466 1604 deliter
2490 1550 2810 1621 vertuut(l)
2835 1566 2845 1603 :
2880 1565 3113 1622 nosque
3138 1554 3411 1607 auctores
3439 1551 3623 1622 hujus
3670 1551 3755 1608 rei
3775 1552 3917 1607 exis-

2261 1638 2378 1690 tere
2402 1641 2752 1704 asserentes,
2798 1640 3005 1694 nostro
3033 1637 3314 1694 instinctu
3343 1639 3445 1695 illa
3474 1640 3682 1699 omnia
3706 1656 3912 1713 perpe-

2258 1726 2413 1780 trata
2440 1724 2625 1780 fuisse
2654 1730 2960 1782 accusant.
3009 1727 3173 1783 Adeo
3206 1731 3268 1782 ut
3294 1727 3543 1800 quidam
3583 1726 3738 1784 illius
3771 1733 3910 1784 tem-

2257 1813 2419 1885 poris
2446 1814 2703 1887 publicai
2730 1817 2813 1871 rei
2843 1820 3144 1889 exceptor,
3173 1822 3508 1890 praepotens
3536 1817 3686 1874 vitiis
3730 1822 3788 1873 et
3813 1818 3904 1872 di-

2257 1901 2433 1973 vitiis,
2464 1902 2595 1959 solo
2633 1904 3066 1961 Christianismi
3122 1906 3369 1962 nomine
3401 1906 3721 1973 denotatus,
3752 1920 3896 1978 ope-

2258 1992 2425 2048 ribus
2455 1997 2659 2051 autem
2687 1994 2806 2050 Deo
2832 1999 2889 2051 et
2937 1993 3166 2065 angelis
3185 1996 3318 2067 ejus
3348 1997 3603 2065 ignotus,
3635 2011 3671 2052 a
3689 1993 3903 2067 princia

2258 2081 2360 2154 pio
2403 2083 2830 2141 certaminibus
2881 2084 3195 2141 beatorum
3248 2084 3545 2153 infensus,
3595 2084 3905 2152 detractor,

2258 2170 2578 2241 derogator
2605 2177 2663 2228 et
2689 2172 3012 2233 infamator
3046 2187 3277 2243 eorum,
3308 2174 3579 2247 iniquus,
3624 2174 3904 2244 tumidus,

2258 2259 2468 2328 elatus,
2517 2261 2814 2333 superbus
2865 2266 2924 2318 et
2974 2262 3327 2336 improbus;
3378 2263 3654 2337 quodam
3696 2263 3793 2320 die
3842 2264 3907 2334 (2)

2257 2349 2535 2422 presenti
2575 2350 2830 2408 consilio
2877 2351 3299 2425 episcoporum
3343 2352 3567 2410 multas
3596 2351 3905 2410 adversum

2258 2452 2377 2509 me,
2408 2438 2679 2508 linguam
2698 2455 3111 2513 commovens,
3140 2443 3589 2513 exaggeraverit
3610 2448 3906 2500 contume-

2256 2525 2389 2583 lias.
2420 2528 2936 2587 Anathematisare
2992 2536 3235 2588 sanctos
3271 2532 3539 2589 decernit
3566 2532 3711 2590 talia
3739 2532 3907 2589 medi-

2258 2619 2471 2683 tantes,
2520 2617 2878 2676 maledicere
2928 2619 3206 2694 imperat,
3236 2622 3520 2695 persequi
3576 2622 3735 2696 stylo
3753 2621 3909 2694 jubet

2259 2702 2495 2760 electos.
2511 2706 2728 2763 Verene
2748 2707 3187 2765 infelicissimus
3215 2710 3596 2780 omnium,ne
3619 2711 3906 2783 jacturam

2258 2791 2503 2849 honoris
2518 2796 2916 2867 patiatur.0ui
2926 2812 3049 2854 non
3060 2797 3258 2854 solum
3277 2797 3509 2855 nullam
3525 2799 3904 2857 reverentiam

2260 2880 2482 2936 sanctis
2518 2882 2799 2938 exhibere
2830 2884 3077 2957 studuit,
3117 2900 3326 2942 verum
3368 2886 3549 2943 etiam
3592 2886 3908 2960 praedicare

2260 2968 2565 3026 sinistrum
2593 2987 2746 3037 esse,
2776 2974 2944 3045 quod
2987 2978 3176 3045 agunt
3223 2975 3286 3031 in
3310 2976 3573 3049 populis,
3603 2975 3898 3048 prmeepit.

2328 3061 2381 3115 3.
2414 3061 2480 3115 Et
2505 3075 2863 3133 quanquam
2894 3067 3062 3120 metu
3091 3063 3407 3137 compulsi,
3439 3078 3539 3119 seu
3567 3060 3903 3135 metropoli-

2257 3150 2539 3204 tanorum
2563 3147 2811 3220 judicio,
2843 3151 2950 3223 qui
2978 3150 3059 3208 ob
3088 3152 3367 3209 eamdem
3406 3164 3645 3208 causam
3693 3155 3830 3206 tunc
3859 3163 3892 3205 e

2255 3235 2505 3293 diversis
2533 3237 2857 3310 provinciis
2881 3255 2919 3296 a
2950 3255 3090 3311 rege
3119 3240 3356 3299 merant
3380 3239 3637 3310 adunati,
3675 3237 3900 3311 aliquid

2255 3331 2826 3395 commentaremur,
2846 3328 3014 3401 quod
3058 3329 3248 3401 ipsius
3277 3328 3514 3412 tyranni
3559 3342 3630 3386 ac
3650 3327 3905 3403 populo.

2254 3430 2389 3473 rum
2419 3420 2681 3488 serperet
2708 3430 2887 3473 aures
2915 3419 2994 3490 (3)
3018 3437 3031 3487 ;
3055 3418 3375 3476 inhibitum
3398 3435 3531 3477 esse
3558 3418 3908 3492 martyrium

2252 3522 2364 3564 nec
2390 3507 2567 3563 licere
2594 3508 2879 3580 cuiquam
2909 3508 3194 3582 deinceps
3225 3510 3305 3566 ad
3324 3510 3653 3585 palastram
3685 3508 3909 3583 profes-

2252 3595 2435 3651 sionis
2463 3596 2817 3665 discurrere,
2848 3598 3164 3669 praemisso
3191 3599 3519 3671 pontiﬁcali
3547 3600 3813 3670 decreto,
3834 3599 3913 3672 ip-

2252 3700 2337 3738 sis
2364 3683 2568 3740 litterae
2596 3686 2984 3743 nuntiarunt:
3035 3687 3371 3761 eademque
3410 3688 3637 3746 scheda
3667 3689 3909 3745 minime

2250 3773 2668 3831 decedentium
2715 3790 2975 3846 agonem
3018 3777 3409 3850 impugnans,
3457 3778 3627 3852 quod
3686 3778 3910 3836 futuros

2248 3863 2629 3920 laudabiliter
2657 3865 2959 3923 extolleret
2987 3866 3202 3923 milites
3232 3868 3589 3941 percipitur:
3617 3873 3911 3925 verumta-

2249 3966 2389 4008 men
2440 3952 2754 4023 allegorice
2802 3954 2981 4019 edita,
3028 3956 3143 4013 nisi
3176 3972 3212 4014 a
3240 3957 3639 4030 prudentibus
3686 3958 3911 4014 adverti

2251 4057 2372 4098 non
2402 4047 2655 4115 poterat.
2675 4046 2802 4100 Non
2832 4048 3033 4101 tamen
3057 4046 3134 4117 (4»)
3160 4046 3526 4119 inculpabile
3554 4047 3707 4103 illud
3733 4047 3911 4103 fuisse

2248 4135 2536 4204 putamus
2575 4132 2947 4190 similationis
2986 4135 3348 4203 consultum,
3381 4135 3548 4209 quod
3584 4135 3753 4192 aliud
3785 4152 3909 4206 ges-

2250 4225 2385 4276 tans
2425 4226 2483 4277 et
2511 4220 2673 4277 aliud
2701 4237 2950 4289 sonans,
2976 4225 3153 4297 quasi
3194 4240 3232 4281 a
3263 4223 3540 4281 discursu
3560 4224 3912 4298 .martyriali

2250 4308 2489 4382 plebem
2545 4324 2927 4382 compescere
2981 4312 3300 4370 videbatur
3331 4313 3422 4386 (5).
3453 4314 3759 4382 Quinimo,
3805 4313 3913 4370 nisi

2250 4397 2517 4467 legitima
2543 4398 2962 4467 satisfactione,
2981 4400 3193 4457 saltem
3218 4417 3329 4476 pro
3348 4402 3523 4475 plebe
3569 4402 3914 4459 nullatenus

2252 4484 2676 4541 remittendum
2703 4501 2832 4543 esse
2853 4487 3232 4547 conﬁtemur.

2886 4632 3111 4688 CAPUT
3138 4632 3265 4689 XVI.

2251 4737 2805 4813 Habdarrahgpzon
2857 4754 2981 4813 re;
3015 4740 3209 4797 subito
3251 4742 3543 4813 moritur;
3588 4742 3751 4812 ﬁlius
3783 4743 3914 4811 ejus

2604 4810 2930 4869 Mahomad
2959 4812 3019 4868 in
3051 4828 3236 4884 regno
3266 4810 3552 4872 succedit.

2325 4916 2665 4989 t.Denique,
2684 4933 2824 4977 cum
2849 4934 2922 4975 ex
2951 4919 3117 4979 omni
3145 4925 3317 4993 parte
3347 4921 3694 4979 Christianis
3717 4921 3914 4979 immi-

2248 5010 2415 5062 neret
2435 5005 2725 5069 interitus.
2738 5006 3047 5080 adensque
3074 5009 3325 5067 immani
3353 5010 3553 5068 furore
3584 5011 3915 5071 commina-

2251 5094 2329 5151 tio
2364 5093 2646 5166 principis
2679 5095 2898 5152 multos
2931 5097 3255 5164 electorum
3284 5116 3484 5159 errare
3505 5099 3910 5174 compelleret.

2249 5182 2517 5255 plerique
2560 5182 2735 5239 nobis
2764 5184 2931 5243 illam
2976 5189 3473 5262 cxprobationem
3501 5190 3909 5256 Israeliticam,

2250 5288 2388 5328 cum
2419 5288 2480 5327 se
2508 5272 2747 5343 gravius
2785 5277 3046 5348 opprimi
3081 5285 3409 5345 cernerent,
3442 5279 3803 5344 inferebant,
3829 5279 3910 5336 di-

2247 5432 2334 5489 rio
2362 5435 2624 5517 impares
2651 5440 2838 5503 erant,
2867 5439 3234 5510 permissum
3285 5440 3504 5497 divinas
3532 5440 3681 5513 legis
3722 5441 3911 5498 indul-

2246 5509 2462 5576 gentia.
2495 5509 2709 5563 MORAL.
2878 5509 2883 5510 “
3602 5509 3619 5513 ⁷

2246 5647 2260 5658 _
2315 5584 2338 5611 °
2369 5579 2585 5658 Contra
2608 5579 2726 5658 bos
2745 5584 2872 5658 tum
2898 5582 3297 5658 primoplibro,
3320 5588 3449 5641 tum
3470 5586 3652 5642 etiam
3674 5585 3740 5642 in
3759 5589 3909 5658 Apo-

2246 5647 2500 5719 logetico
2521 5650 2805 5721 Eulogius
2833 5647 3025 5710 fusius
3052 5647 3337 5728 disputat.
3369 5659 3444 5713 In.
