4140 6188
303 190 411 243 797

307 313 505 366 cantas
560 323 573 361 :

304 399 507 455 {cetere
536 397 752 453 fecistis
783 397 1066 453 sudorem
1094 404 1369 455 nostrum
1394 414 1600 456 coram
1628 398 1743 453 hoc
1766 401 1961 468 tyran-

304 480 383 544 no
410 494 466 543 et
515 487 700 543 servis
746 487 897 557 ejus,
959 491 1015 542 et
1069 488 1406 560 prtebuistis
1456 488 1541 544 eis
1596 487 1863 558 gladium
1897 491 1962 542 ut

307 576 650 633 occiderent
677 591 808 631 nos.
849 596 868 628 ι
922 579 1230 635 Crescente
1275 577 1494 633 etenim
1526 592 1777 633 numero
1805 592 1962 631 mar-

304 672 528 736 tyrum,
560 663 865 721 crescebat
894 664 952 720 in
981 666 1180 736 majus
1199 666 1513 722 iracundia
1532 664 1960 739 principis,au-

304 755 675 826 gebaturque
708 752 983 809 ﬁdelibus
1026 755 1423 823 conturbatio,
1474 759 1539 811 ut
1585 769 1738 827 pene
1783 769 1960 809 casus

303 844 489 900 nostri
521 842 662 900 olim
690 843 1120 900 leraoniticis
1147 850 1355 902 contra
1400 845 1575 901 Israel
1602 844 1958 917 persecutio-

300 933 484 990 nibns
509 936 1019 1005 computarentur.
1077 934 1186 999 Qui
1233 935 1389 990 sicut
1433 934 1513 990 ob
1559 934 1957 993 interventum

300 1022 518 1095 lioysis
577 1021 656 1079 ad
707 1023 1079 1083 Pharaonem
1134 1039 1246 1096 pro
1306 1025 1532 1097 populo
1608 1024 1707 1079 Dei
1763 1021 1959 1078 acrius

300 1111 559 1184 Egyptii
588 1111 940 1179 desaeviunt,
973 1116 1031 1168 et
1059 1128 1312 1185 operum
1336 1112 1822 1183 gravissimorum
1850 1111 1957 1169 im-

302 1201 581 1274 portahili
604 1200 939 1257 calamitate
972 1201 1246 1281 subditos
1273 1203 1623 1275 opprimunt
1656 1220 1668 1269 ;
1694 1202 1774 1258 ita
1803 1216 1955 1272 quo-

305 1306 425 1362 que
456 1293 512 1345 et
530 1306 643 1346 nos
674 1306 744 1346 ex
778 1305 868 1356 eo,
904 1306 1025 1362 quo
1052 1291 1241 1348 sancti
1294 1291 1371 1347 ad
1407 1290 1679 1364 prtelium
1711 1290 1954 1345 descen-

299 1380 538 1447 derunt,
571 1385 635 1435 ut
681 1379 1069 1451 loquerentur
1105 1395 1175 1434 ex
1219 1380 1462 1436 nomine
1496 1379 1727 1436 Domini
1772 1379 1957 1435 nostri

295 1472 436 1525 Jesu
468 1468 679 1525 Christi
708 1484 913 1524 coram
967 1484 1126 1539 rege,
1172 1473 1230 1524 et
1256 1469 1676 1541 proﬁterentur
1703 1467 1958 1524 consuli-

300 1562 416 1615 bus
460 1564 517 1614 et
551 1557 854 1629 judicibus
903 1558 1317 1625 evangelicam
1371 1560 1693 1623 veritatem,
1746 1557 1958 1631 prode-

1414 183 1846 242 MEMORIALIS
1883 183 2323 242 SANCTORUI.
2356 217 2419 230 —-
2450 185 2583 242 LIB.
2623 186 2682 241 ΙΙ.

633 327 663 360 «ι
694 306 907 363 Videat
954 309 1239 364 Dominus
1292 314 1349 365 et
1394 309 1641 382 judicet,
1668 306 1957 381 quoniam
1994 310 2041 360 Δ
2085 306 2108 352 δ
2143 324 2488 366 caenosum
2532 326 2603 365 AD
2651 323 2932 365 CBRIBTUM
2977 324 3208 364 musaea
3253 326 3471 365 summ
3501 327 3551 366 in
3580 326 3720 366 cou-

3615 186 3718 241 798

2150 396 2471 441 PLEMENTUM
2526 397 2737 440 LIBELLI
2795 396 2918 437 SIVE
2958 396 3069 436 PBO
3117 396 3252 436 ωιτη
3302 397 3476 438 LAPBU
3523 398 3615 446 QUI
3665 398 3719 438 ια

2146 468 2252 507 HOC
2283 469 2454 513 OPBRE
2494 468 2807 511 COhiMlSSUS
2842 468 2962 510 EST.

2140 580 2305 635 Ecce.
2336 578 2585 635 Domine
2610 578 2765 633 Deus
2795 593 2986 644 meus,
3007 577 3202 649 Alpha
3230 583 3284 634 et
3311 578 3721 655 0mega,prin-

2068 666 2289 731 cipium
2318 671 2375 723 et
2394 667 2735 735 finis,verus
2768 666 3121 722 Emmanuel
3143 671 3363 733 noster,
3396 666 3720 723 initiumvi-

2070 758 2139 809 tae
2168 771 2337 819 meae,
2371 756 2680 828 plenitudo
2710 756 2928 813 animae
2969 772 3138 825 meae,
3178 755 3461 829 perfectio
3514 756 3720 812 salutis

2068 859 2237 914 meae,
2269 845 2390 899 zelo
2410 849 2509 901 tuo
2539 861 2848 911 accensus,
2882 860 3087 900 amore
3107 849 3447 900 sanctorum
3480 848 3719 900 tuorum

2066 933 2436 1005 compulsus,
2482 933 2729 989 fratrum
2780 934 3065 988 charitate
3107 937 3373 994 coactus,
3404 932 3719 1004 parvipen—

2065 1020 2334 1078 dentium
2363 1035 2386 1064 α
2418 1022 2712 1078 nutationi
2759 1037 3135 1094 compassus,
3168 1021 3308 1077 odio
3338 1021 3718 1077 inimicorum

2064 1114 2307 1166 tuorum
2341 1115 2699 1178 commotus,
2727 1109 2994 1167 tantillus
3025 1110 3289 1173 scientia,
3324 1110 3564 1180 ingenio
3580 1126 3719 1183 par-

2066 1214 2190 1266 cus,
2235 1200 2438 1255 exsilis
2464 1199 2783 1267 intellectu,
2817 1199 3183 1271 spectamine
3210 1198 3491 1255 bonitatis
3521 1215 3591 1255 ac
3616 1200 3722 1255 mi-

2067 1287 2403 1345 sericordiae
2458 1293 2570 1343 tuae
2622 1286 3069 1357 magnanimus,
3115 1287 3298 1342 fretus
3341 1286 3578 1361 pietate,
3610 1287 3719 1345 cle-

2065 1377 2290 1432 mentia
2318 1377 2657 1444 roboratus,
2692 1391 3051 1447 aggressum
3076 1392 3252 1448 opus,
3285 1381 3336 1432 te
3372 1376 3717 1447 adjuvante,

2065 1464 2283 1537 perfeci
2315 1470 2496 1538 atque
2518 1464 2805 1533 conclusi,
2839 1465 2992 1521 sicut
3014 1464 3333 1538 potui,non
3367 1465 3521 1523 sicut
3538 1465 3719 1522 debui

2064 1554 2187 1609 imo
2223 1554 2373 1610 sicut
2404 1559 2467 1610 tu
2504 1554 2650 1610 mihi
2678 1570 2855 1627 posse
2881 1554 3114 1610 dedisti.
3151 1554 3371 1627 Aperui
3391 1571 3460 1610 os
3493 1570 3717 1622 meum,

300 1652 556 1719 rentque
612 1645 929 1703 falsitatem
984 1646 1138 1702 vatis
1193 1646 1402 1719 iniqui,
1464 1646 1634 1703 solito
1684 1646 1957 1718 asperius
1983 1658 2031 1715 Β
2068 1642 2334 1711 Domine,
2368 1647 2425 1700 et
2451 1644 2684 1700 locutus
2715 1659 2872 1714 sum,
2904 1644 3048 1716 quia
3079 1648 3136 1699 tu
3159 1643 3390 1715 jussisti
3420 1662 3433 1710 ;
3460 1649 3517 1699 et
3536 1659 3722 1716 quan-

302 1736 645 1805 evertimur,
696 1738 753 1791 et
779 1734 1050 1791 funditus
1104 1751 1141 1792 a
1178 1735 1461 1792 ministris
1516 1735 1957 1791 daemoniorum

309 1823 604 1898 perdendi
621 1823 1016 1897 insequimur.

370 1917 429 1971 2.
460 1915 730 1985 Cumque
756 1918 921 1970 tanta
950 1914 1231 1970 coarctati
1254 1915 1537 1986 angustia
1565 1912 1831 1970 crebrius
1861 1928 1957 1983 ge-

298 2020 626 2076 meremus,
670 2008 725 2060 et
772 2003 1093 2060 latentibus
1126 2019 1197 2061 ac
1236 2004 1599 2075 vagantibus
1642 2003 1817 2059 nobis
1858 2003 1953 2075 (1),

305 2095 512 2150 denuo
540 2092 805 2166 pontifex
834 2092 1103 2149 horribili
1142 2109 1448 2153 carcerum
1474 2093 1675 2166 specui
1703 2092 1955 2149 tradere-

302 2189 420 2251 tur,
453 2182 774 2255 nullnsque
818 2181 1111 2239 nobilium
1152 2182 1441 2238 laicorum
1490 2182 1721 2252 ingredi
1749 2182 1905 2237 fores
1932 2195 1956 2221 ιι

299 2274 569 2343 auderet,
600 2272 867 2329 futurum
886 2272 948 2328 in
975 2272 1257 2345 perendie
1285 2273 1656 2343 ergastulum
1686 2278 1956 2335 metuen-

299 2367 389 2419 tes
425 2382 437 2429 ;
469 2362 647 2436 cmpit
687 2378 789 2418 rex
829 2361 950 2417 alta
980 2361 1198 2418 aedium
1221 2367 1437 2435 petere,
1473 2360 1825 2435 scanditque
1857 2377 1957 2416 su-

299 2453 484 2509 blime
518 2452 827 2517 solarium,
856 2451 1085 2523 oppida
1108 2450 1490 2514 lustraturus,
1522 2450 1958 2523 confestimque

299 2558 333 2598 e
363 2541 605 2611 regione
652 2541 731 2611 (2)
765 2539 1089 2613 pendentia
1134 2539 1432 2613 stipitibus
1458 2545 1804 2595 sanctorum
1833 2554 1958 2595 cor-

298 2647 451 2705 pora
474 2631 754 2687 intuetur.
788 2630 1083 2687 Continuo
1109 2629 1437 2702 suppositis
1466 2629 1706 2701 ignibus
1732 2644 1957 2685 crema-

296 2720 351 2777 ri
378 2736 449 2776 ea
480 2720 782 2793 praecepit.
825 2720 1093 2785 Quorum
1139 2719 1387 2789 cineres,
1423 2721 1541 2775 Deo
1566 2718 1818 2783 fautore,
1848 2732 1956 2791 per

299 2810 437 2866 loca
460 2814 666 2866 saneta
694 2808 936 2881 repositi
967 2812 1126 2864 sunt.
1158 2811 1243 2877 Et,
1293 2824 1331 2863 o
1360 2807 1722 2864 admiranda
1741 2811 1953 2881 poten-

300 2900 383 2956 tia
414 2898 757 2965 Salvatoris,
797 2902 857 2953 et
908 2897 1208 2970 stupenda
1247 2902 1433 2955 virtus
1482 2895 1716 2953 Domini
1766 2894 1954 2952 nostri

294 2991 436 3045 Jesu
460 2987 711 3044 Christi!
745 2986 851 3060 qui
881 3001 1120 3059 semper
1147 2986 1431 3059 quaesitus
1465 2986 1526 3042 in
1576 2984 1952 3041 tribulatione
1983 3012 2022 3068 ο

299 3076 539 3142 assistit,
566 3076 838 3150 pulsatus
868 3076 1077 3149 aperit,
1106 3074 1418 3132 invocatus
1449 3074 1865 3131 exaudit.Nam
1885 3089 1952 3130 os

300 3165 471 3232 illud,
494 3164 660 3238 quod
692 3168 935 3221 sanctos
957 3163 1060 3220 Dei
1088 3163 1361 3219 comburi
1381 3162 1680 3236 praecepit,
1711 3166 1953 3235 repente

303 3253 522 3310 eadem
546 3254 694 3311 hora
737 3253 1024 3310 divinitus
1047 3252 1392 3322 obstruitur,
1425 3250 1632 3320 lingua
1658 3266 1822 3316 vero,
1846 3265 1952 3305 an-

309 3341 448 3411 gelo
470 3342 844 3414 percutiente,
875 3357 1171 3415 repressa,-
1208 3355 1320 3397 suo
1347 3340 1583 3396 berans
1613 3338 1835 3410 palato,
1870 3338 1953 3393 ui-

304 3434 397 3487 tra
423 3429 532 3486 fari
558 3445 675 3487 non
704 3431 910 3503 potuit.
943 3432 1155 3503 Sicque
1183 3429 1552 3503 portantium
1583 3428 1864 3485 manibus
1892 3426 1954 3483 in

297 3524 560 3576 stratum
588 3520 884 3588 reductus,
913 3519 1181 3593 quadam
1226 3519 1417 3575 noctis
1455 3518 1643 3592 ipsius
1668 3519 1818 3574 hora
1840 3518 1957 3590 spi-

292 3611 480 3666 ritum
511 3608 791 3675 reddens,
821 3608 1177 3682 priusquam
1207 3623 1392 3678 rogus
1412 3612 1760 3664 sanctorum
1780 3607 1955 3663 cada-

295 3715 509 3755 verum
536 3698 1028 3768 exstingueretur,
1050 3697 1211 3754 idem
1236 3698 1355 3754 vita
1378 3702 1711 3771 exemptus,
1733 3702 1955 3753 aeterno

298 3787 534 3843 clibano
559 3787 884 3861 deputatus
908 3792 1019 3856 est,
1040 3787 1388 3858 relinquens
1410 3801 1821 3843 successorem
1849 3786 1957 3841 im-

300 3876 450 3948 perii
496 3876 812 3933 Mahomad
858 3876 1352 3949 primogenitum,
1406 3875 1641 3930 hostem
1684 3874 1954 3930 Ecclesiae

300 3965 421 4032 Dei,
473 3970 529 4022 et
578 3966 1050 4023 Christianorum
1082 3964 1437 4020 malivolum
1485 3967 1949 4035 persecutorem.

295 4055 409 4120 Qui
434 4055 699 4126 ingenito
727 4055 999 4128 quodam
1024 4054 1163 4110 odio
1196 4053 1413 4126 saepius
1435 4053 1830 4125 quaestionem
1852 4053 1954 4108 ad-

292 4160 507 4201 versus
560 4144 768 4201 fideles
822 4159 1189 4218 proponens,
1235 4157 1359 4198 non
1407 4141 1509 4198 illo
1539 4140 1780 4197 inferior
1823 4157 1952 4197 esse

290 4234 522 4290 meritis
554 4234 851 4307 apparuit,
883 4234 1056 4305 cujus
1084 4232 1330 4289 nomine
1348 4231 1668 4302 insignitus
1687 4231 1951 4286 ostendi-

2070 1736 2195 1787 tum
2228 1731 2487 1800 voluisti,
2520 1732 2798 1805 implesti,
2833 1736 3013 1805 atque
3062 1732 3141 1787 ad
3168 1732 3575 1788 enarrandum
3596 1733 3721 1803 jus-

2064 1825 2264 1877 torum
2290 1826 2533 1877 tuorum
2563 1828 2731 1877 actus
2756 1821 3127 1892 justissimos
3156 1836 3259 1877 cor
3284 1820 3591 1897 iniquitate
3620 1820 3720 1877 de-

2059 1909 2288 1980 jectum
2317 1909 2579 1979 coegisti.
2618 1909 2874 1966 Armasti
2906 1909 2985 1965 ad
3014 1909 3487 1982 praeconandum
3510 1909 3721 1965 laudes

2063 2001 2199 2055 tuas
2224 1998 2579 2070 impeditam
2611 1998 2934 2055 sceleribus
2963 1998 3235 2070 linguam
3272 2016 3284 2067 ;
3319 2004 3376 2053 et
3400 2013 3467 2053 os
3488 2013 3715 2065 meum,

2064 2086 2230 2160 quod
2260 2102 2394 2145 sera
2423 2086 2702 2145 vitiorum
2747 2086 2852 2143 diu
2901 2086 3302 2154 obstruxerat,
3339 2085 3537 2142 subito
3574 2101 3719 2157 qua-

2064 2175 2207 2231 dam
2237 2174 2551 2247 praeditum
2582 2175 2821 2245 agonia,
2854 2175 2931 2232 ad
2959 2180 3062 2232 tua
3087 2173 3499 2231 elucubranda
3518 2172 3719 2229 ﬁdelia

2065 2268 2421 2329 testamenta.
2444 2264 3032 2333 reserasti.Verebar,
3068 2264 3316 2321 Domine
3344 2265 3495 2319 Deus
3518 2278 3714 2333 meus,

2064 2369 2250 2426 opera
2299 2368 2458 2424 mea,
2490 2357 2547 2410 et
2577 2353 2861 2409 sollicitus
2911 2353 2986 2409 de
3017 2352 3265 2426 proprio
3296 2367 3551 2408 manens
3579 2351 3718 2407 faci-

2065 2458 2233 2515 nore,
2258 2440 2859 2510 licetemendationis
2889 2440 3192 2496 differrem
3216 2441 3573 2507 remedium,
3596 2454 3718 2496 me-

2064 2530 2300 2587 ditabar
2325 2535 2525 2587 tamen
2552 2530 2627 2585 de
2659 2529 3072 2603 iniquitatibus
3110 2528 3259 2584 meis
3286 2543 3472 2601 penes
3501 2543 3721 2584 meme—

2065 2621 2290 2695 tipsum
2315 2620 2640 2693 probatum
2661 2618 2880 2691 saepius
2904 2617 3312 2675 testimonium
3338 2635 3350 2672 :
3382 2616 3719 2691 perpende-

2061 2710 2206 2767 bam
2237 2708 2552 2781 judicium,
2577 2707 2848 2765 debitum
2875 2706 2993 2763 mei
3014 2711 3216 2763 reatus
3240 2705 3579 2777 cogitabam
3596 2705 3721 2761 vin-

2062 2799 2306 2855 dicium.
2341 2801 2571 2854 Etcum
2603 2797 2767 2870 apud
2814 2802 2869 2852 te
2919 2796 3195 2853 notitiam
3245 2795 3382 2852 facti
3410 2796 3498 2851 sui
3548 2810 3720 2850 mens

2063 2891 2443 2944 consternata
2470 2887 2747 2960 deliquiis
2776 2901 3020 2943 manere
3042 2890 3446 2957 cognosceret,
3478 2883 3579 2939 vix
3608 2898 3721 2938 cce-

2060 2974 2188 3029 lum
2216 2973 2480 3031 audebat
2515 2973 2843 3030 intendere.
2896 2976 2982 3031 'l‘u
3019 2990 3162 3029 vero
3211 2972 3483 3042 linguam
3517 2984 3717 3025 meam

2060 3062 2239 3135 quasi
2313 3062 2653 3118 ministeriis
2731 3061 2846 3118 tuis
2914 3065 3119 3135 aptam
3202 3060 3281 3117 ad
3338 3062 3719 3116 sacramenta

2061 3150 2324 3207 caelestia
2401 3150 2740 3208 ordinanda
2817 3150 3085 3221 dignaris
3161 3148 3481 3223 impellere.
3568 3150 3718 3203 Nam

2058 3239 2224 3313 quod
2268 3238 2495 3311 exiguis
2536 3241 2685 3295 meis
2740 3239 2962 3295 meritis
3013 3238 3325 3295 materiam
3383 3235 3528 3292 tanti
3602 3249 3719 3290 me-

2059 3328 2153 3385 riti
2178 3333 2522 3385 construere
2552 3327 2859 3395 intentavi,
2894 3332 2950 3383 et
2970 3326 3137 3400 quod
3154 3324 3506 3382 immundus
3538 3337 3711 3379 mun-

2060 3415 2141 3473 da
2165 3417 2440 3486 disserui,
2500 3420 2556 3474 et
2604 3417 2771 3490 quod
2802 3415 3087 3472 sordidus
3132 3418 3340 3470 sancta
3366 3415 3713 3467 sanctorum

2060 3506 2332 3579 disposui
2361 3525 2375 3575 ;
2408 3522 2533 3563 non
2562 3506 2857 3579 superbiae
2881 3511 3112 3561 tumore
3140 3502 3455 3572 subnixus,
3473 3499 3577 3555 sed
3609 3499 3718 3555 hu-

2062 3595 2217 3652 milis
2246 3599 2302 3652 et
2341 3595 2632 3668 abjectus,
2688 3593 2877 3667 gratia
2906 3593 3411 3668 acquirendorum
3441 3589 3719 3665 praemio-

2061 3702 2218 3756 rum,
2247 3689 2303 3742 et
2348 3685 2686 3759 patrocinio
2730 3683 2995 3758 potiendi
3048 3686 3388 3739 sanctorum
3443 3680 3558 3736 hoc
3584 3678 3715 3749 egi:

2062 3774 2155 3831 vel
2185 3780 2339 3831 certe
2372 3779 2435 3831 ut
2466 3790 2653 3848 penes
2683 3778 2737 3829 te
2782 3773 3051 3843 ingratus
3091 3786 3214 3828 non
3272 3785 3470 3826 essem
3512 3768 3719 3825 talenti

2062 3863 2280 3933 collati,
2315 3868 2420 3920 aut
2448 3863 2631 3919 etiam
2661 3878 2736 3918 ne
2764 3876 2859 3916 res
2892 3860 3038 3916 coelo
3054 3859 3275 3935 dignae,
3295 3857 3461 3913 nullo
3494 3856 3719 3928 astipu-

2057 3953 2240 4019 lante,
2264 3951 2550 4008 oblivioni
2569 3950 2941 4007 traderentur
2967 3947 3233 4021 perenni.

2132 4039 2495 4111 'l‘u,Domine
2520 4042 2673 4095 Deus
2694 4034 3051 4101 meus,scisti
3076 4035 3358 4092 affectum
3382 4049 3719 4107 meum,pe-

2060 4128 2304 4186 netrasti
2336 4127 2750 4195 intentionem,
2783 4131 2992 4184 votum
3014 4123 3367 4192 intellexisti,
3397 4128 3719 4181 etcausam

2062 4218 2204 4275 talia
2234 4216 2685 4274 commentandi
2724 4231 2847 4271 non
2885 4213 3191 4286 ignorasti.
3215 4215 3300 4269 Tu
3340 4212 3594 4287 parvulo
3635 4213 3720 4268 in-

290 4326 568 4379 tur.Nam
594 4301 727 4395 ipso
757 4301 875 4389 die,
905 4301 1029 4396 quo
1056 4326 1357 4394 sceptrum
1376 4301 1545 4392 regni
1574 4319 1947 4391 adeptusest,
1980 4356 2026 4408 Ι)
2063 4309 2345 4408 εἰὶηιξῑυφ
2369 4307 2624 4408 μθάίδῑξῖ
2655 4304 3060 4408 Ψίεξπΐὶξιιιω
3099 4301 3380 4408 ξᾷὶυνξξξί
3410 4306 3718 4403 conatum.

288 4411 665 4466 Christianos
695 4410 959 4467 abdicari
1000 4410 1223 4483 palatio
1268 4408 1462 4483 jussit,
1523 4407 1809 4477 dignitate
1836 4407 1948 4480 pri-

286 4500 476 4570 vavit,
508 4500 735 4556 honore
765 4499 1029 4557 destituit
1056 4516 1068 4554 :
1102 4498 1293 4555 multa
1325 4497 1716 4571 postmodum
1745 4497 1805 4553 in
1837 4513 1949 4554 nos

290 4588 459 4645 mala
490 4588 741 4660 irrogari
760 4588 1112 4662 disponens,
1147 4588 1195 4644 si
1211 4588 1379 4659 regni
1408 4586 1686 4649 felicitate
1711 4592 1769 4643 et
1788 4603 1950 4659 pros-

293 4678 460 4750 peris
488 4678 777 4750 potiretur
803 4677 1115 4735 eventibus
1147 4679 1243 4747 (3).
1305 4680 1420 4732 Nos
1450 4679 1673 4737 autem,
1707 4675 1949 4732 instanti

295 4765 896 4840 ﬂneopusculi,spem
910 4772 1131 4823 nostrae
1156 4764 1580 4822 incolumitatis
1605 4765 1666 4819 in
1703 4764 1953 4820 Domino

296 4855 805 4925 collocantes,non
822 4856 1140 4912 timeamus
1164 4855 1311 4928 quid
1333 4854 1507 4911 nobis
1533 4854 1713 4911 faciat
1740 4853 1946 4910 homo.

292 4944 611 5001 Credentes
641 4961 753 5001 nos
782 4944 1009 5016 ubique
1039 4943 1311 5000 advocati
1340 4943 1525 4999 nostri
1554 4941 1786 4999 Domini
1817 4944 1954 4998 Jesu

289 5034 509 5090 Christi
556 5033 1029 5106 interpellatione
1066 5032 1303 5104 salvari,
1350 5033 1455 5106 qui
1511 5031 1660 5087 dixit
1715 5049 1727 5086 :
1802 5032 1956 5087 Ecce

285 5142 398 5197 ego
430 5125 729 5181 vobiscum
761 5140 891 5179 sum
928 5123 1199 5178 omnibus
1239 5123 1443 5179 diebus
1493 5138 1677 5193 usque
1710 5122 1791 5179 ad
1820 5138 1951 5178 con-

282 5215 741 5272 summationem
794 5213 1001 5269 saeculi
1051 5212 1289 5279 (Matth.
1337 5228 1533 5281 xxvm,
1594 5216 1707 5268 20).
1764 5215 1949 5266 Amen

988 5379 1232 5399 "-—

356 5542 379 5568 ο
422 5528 543 5581 Hoc
569 5530 658 5582 est
693 5544 704 5580 :
737 5526 902 5583 domi
926 5541 990 5581 se
1013 5525 1384 5581 continerent
1411 5520 1643 5578 nobiles
1676 5521 1947 5577 Christia-

274 5599 367 5666 ni,
399 5598 619 5671 pedem
645 5597 783 5654 inde
811 5598 1019 5654 eti‘erre
1042 5612 1167 5655 non
1198 5596 1504 5655 audentes,
1539 5596 1755 5650 Monac.

2063 4396 2300 4455 erexisli
2312 4396 2392 4455 ad
2409 4396 2662 4470 grandia
2681 4393 3124 4459 imbecillem,et
3143 4391 3477 4448 invalidum
3492 4390 3720 4446 animo-

2063 4505 2199 4545 sum
2229 4488 2640 4559 fccisti.Neque
2658 4482 3094 4550 enim,Domine
3120 4484 3271 4537 Deus
3292 4479 3568 4550 meus,ad
3588 4484 3717 4535 tan-

2065 4583 2124 4634 ta
2149 4594 2245 4634 me
2278 4575 2658 4651 praelectum
2688 4573 2818 4629 ﬁeri
2849 4572 3131 4644 opinatus
3167 4585 3323 4639 sum,
3357 4572 3422 4623 ut
3450 4581 3562 4636 ego
3591 4570 3719 4621 tan-

2062 4666 2199 4722 dem
2230 4680 2424 4722 essem
2451 4662 2834 4720 elucubrator
2864 4665 3166 4731 gestorum
3198 4659 3564 4722 sanctorum,
3613 4653 3717 4727 qui

2062 4771 2229 4811 eram
2268 4753 2544 4826 gravium
2577 4755 2856 4824 operator
2880 4747 3322 4823 peccaminum.
3344 4742 3623 4818 Nunquid
3668 4743 3717 4798 si

2062 4859 2173 4913 ego
2194 4843 2540 4909 mentior,tu
2558 4840 2723 4897 testis
2741 4854 2863 4895 non
2882 4838 2976 4894 es?
2992 4838 3039 4893 si
3052 4835 3268 4893 falsum
3287 4840 3717 4903 astruo,nonne

2064 4931 2229 4988 vides
2255 4932 2283 4987 ?
2312 4931 2358 4987 si
2385 4929 2552 4987 aliter
2576 4944 2764 5002 quam
2785 4927 2894 4984 fuit
2925 4926 3183 4989 afﬁrmo,
3212 4930 3276 4981 tu
3297 4922 3518 4997 poteris
3545 4921 3716 4992 igno-

2060 5022 2221 5078 rare?
2255 5019 2311 5077 Si
2340 5034 2455 5075 non
2481 5017 2721 5092 profero
2738 5016 3199 5081 veritatem,non
3227 5012 3408 5069 latere
3425 5015 3479 5067 te
3499 5015 3716 5085 potest,

2060 5109 2164 5183 qui
2193 5109 2397 5166 omnia
2426 5108 2600 5163 nosti.
2623 5110 2787 5165 Certe
2810 5109 2872 5162 tu
2902 5108 3121 5161 cuncta
3151 5102 3518 5159 consideras.
3536 5116 3716 5173 pene-

2060 5206 2182 5257 tras
2214 5199 2807 5266 universa,secretum
2827 5192 3295 5265 intelligis,vides
3322 5189 3714 5265 profundum,

2060 5305 2362 5361 omneque
2394 5287 2497 5343 tibi
2518 5289 2679 5360 patet
2710 5299 3024 5355 arcanum,
3056 5287 3113 5339 et
3144 5286 3334 5339 totum
3355 5281 3415 5337 in
3441 5275 3715 5352 praesenti

2060 5380 2164 5437 tibi
2188 5392 2467 5444 manens,
2499 5374 2844 5448 preteritum
2879 5377 2937 5429 et
2962 5372 3230 5429 futurum
3260 5370 3321 5426 in
3352 5374 3453 5426 tuo
3501 5369 3716 5422 cuncta

2128 5504 2153 5542 ι)
2184 5502 2275 5558 Sic
2298 5501 2405 5557 fuit
2419 5500 2479 5555 in
2494 5500 2818 5571 exemplari
2839 5498 2935 5571 hic
2961 5492 3452 5567 titulus,quemad
3464 5490 3714 5546 modum

2058 5574 2228 5631 etille
2254 5571 2561 5646 sequentis
2592 5569 2970 5646 praecationis
2996 5572 3216 5629 Momm.

2127 5659 2150 5685 ο
2184 5642 2403 5702 Schott.
2447 5642 2786 5698 mutationi.
