4140 6188
409 138 514 191 799

1622 131 1677 184 S.
1713 126 1992 183 EULOGII
2019 125 2355 181 ARCHIEP.
2384 126 2624 182 TDLET.

3717 123 3834 188 800

409 256 715 313 volumine
773 252 1162 308 ascribentur.
1215 254 1278 306 Et
1324 252 1488 322 quod
1542 251 1927 324 inspiratione
1966 253 2066 306 tua
2097 253 2144 304 A
2184 249 2278 305 cul
2308 253 2413 315 est,
2443 264 2622 304 omne
2650 247 2814 320 quod
2838 251 2890 303 te
2922 248 3394 317 ignorat,cuncta
3409 262 3542 318 quae
3571 245 3676 301 tibi
3702 245 3834 300 obs-

413 363 585 402 mens
625 347 953 416 provocata
992 341 1337 409 ruminavit,
1389 348 1444 396 et
1481 342 1646 414 quod
1673 340 1927 414 praedita
1953 357 2065 396 cce-

413 435 649 490 lestium
700 430 1030 499 gratiarum
1077 430 1286 485 virtute
1343 429 1559 498 elicuit,
1615 435 1671 485 et
1700 429 1864 501 quod
1895 445 2068 485 vanae

412 520 608 577 laudis
662 519 966 574 stimulata
1021 518 1587 590 compunctionibus
1635 518 1953 591 affectavit,
2013 521 2071 574 et

413 606 580 681 quod
606 605 831 662 ibidem
863 603 1040 676 lapsu
1079 605 1294 675 linguae
1334 605 1544 661 nolens
1596 605 1862 673 incurrit,
1903 605 2070 678 apud

413 702 468 754 te
498 695 762 768 reposita
810 698 1077 765 manent,
1111 695 1513 768 universaque
1543 695 1658 752 tuis
1683 694 2072 752 examinatio-

413 801 562 841 num
591 783 758 839 libris
779 787 1025 840 exarata
1054 788 1211 840 sunt.

486 873 633 928 Hinc
664 871 742 928 ad
773 879 848 939 te,
879 871 1123 927 Domine
1155 872 1310 927 Deus
1335 887 1530 936 meus,
1559 872 1725 928 vario
1753 876 2070 945 corruptus

415 961 678 1017 facinore
726 959 986 1028 rediens,
1044 960 1412 1033 multiplicns
1468 960 1705 1024 scelere,
1760 961 2071 1033 iniquitate

417 1050 768 1123 praelargus,
802 1066 1030 1121 quaeso,
1054 1055 1214 1123 peto,
1245 1050 1523 1122 imploro,
1553 1054 1618 1105 ut
1645 1049 1721 1106 de
1746 1049 1846 1106 illa
1866 1049 2073 1105 ineffa-

417 1139 628 1195 bilium
662 1137 1120 1194 clementiarum
1147 1138 1287 1194 sede
1318 1139 1496 1194 beata
1523 1139 1939 1194 obsecrantem
1980 1138 2072 1193 in-

418 1229 652 1295 tendas,
680 1227 940 1298 aspicias
979 1231 1453 1296 consternatum,
1507 1228 1668 1284 adsis
1724 1227 1978 1298 roganti,
2013 1231 2078 1283 ut

419 1317 584 1389 prius
633 1316 837 1372 abdita
896 1317 1092 1371 cordis
1143 1317 1261 1372 mei
1316 1317 1680 1388 emundans,
1727 1316 1985 1372 liberum
2013 1315 2076 1372 in

420 1405 765 1460 conﬁtendo
797 1410 850 1460 te
895 1421 1136 1477 semper
1165 1410 1409 1462 statuas.
1467 1407 1811 1477 Purgesque
1859 1404 2075 1460 deinde

422 1497 618 1548 satum
649 1492 922 1564 opusculi
969 1493 1173 1564 hujus,
1207 1493 1255 1548 si
1302 1493 1449 1565 quid
1480 1493 1715 1550 zizaniae
1745 1493 1916 1566 pravi
1945 1509 2076 1548 sen-

2183 342 2330 402 tant,
2386 343 2673 409 tuamque
2705 337 3075 392 voluntatem
3129 336 3422 405 refellunt,
3477 341 3534 391 et
3563 335 3836 390 nesciunt

2183 426 2488 500 pietatem;
2514 431 2577 482 tu
2608 431 2843 495 cuncta,
2877 427 3258 498 omnipotens
3292 428 3446 481 Deus
3479 440 3670 491 meus,
3701 440 3833 479 eru-

2177 516 2345 586 dera,
2371 516 2550 571 ablue
2581 515 2879 583 universa,
2915 519 3155 587 totaque
3178 513 3555 586 puriticando
3573 513 3836 569 sanctifi-

2178 620 2250 661 ca
2285 622 2298 673 ;
2331 609 2397 662 ut
2418 609 2540 661 tam
2570 604 2643 660 sit
2674 604 2925 660 Domino
2959 604 3079 659 Deo
3108 620 3244 660 meo
3291 603 3407 660 hoc
3437 620 3593 676 opus
3624 619 3838 676 accep-

2178 697 2327 766 tum,
2354 709 2541 766 quam
2559 693 2781 750 sanctis
2810 692 3038 763 angelis
3060 692 3174 748 tuis
3187 691 3839 763 gratiosissimume-

2177 787 2365 856 petret
2395 781 2540 838 mihi
2563 781 2813 853 gratiam
2832 786 3374 850 tuam,sanctorum
3394 780 3636 837 hauriat
3654 779 3841 836 bene-

2179 870 2523 941 dictionem,
2555 870 2822 927 obtineat
2873 886 3086 944 pacem
3132 869 3549 926 Ecclesiarum.
3605 869 3844 926 Deferat

2179 959 2286 1015 tibi
2312 959 2628 1015 articulum
2669 959 2955 1032 temporis
2979 958 3180 1030 hujus,
3212 962 3520 1014 recenseat
3549 974 3754 1015 coram
3786 962 3843 1013 te

2180 1048 2388 1121 populi
2442 1049 2526 1104 tui
2578 1047 2967 1117 calamitates,
3051 1053 3224 1120 teque
3287 1064 3468 1120 super
3522 1047 3846 1103 latibulum

2183 1155 2408 1208 meum,
2441 1154 2564 1211 quo
2593 1138 2708 1194 ista
2737 1138 2918 1202 dicto,
2939 1143 3213 1210 respectu
3233 1137 3560 1194 miserandi
3591 1153 3847 1193 conver—

2183 1232 2333 1296 tens,
2365 1226 2552 1282 diluat
2577 1243 2755 1284 omne
2786 1227 3039 1298 facinus,
3105 1225 3184 1281 ad
3211 1227 3376 1300 quod
3407 1243 3505 1282 me
3535 1225 3846 1281 tentatoris

2181 1313 2444 1370 versutia
2471 1315 2586 1370 ritu
2614 1313 2816 1386 priori,
2875 1315 3120 1371 cedente
3168 1315 3504 1386 fragilitate,
3531 1315 3729 1370 illexit.
3761 1314 3856 1370 Sit

2184 1407 2383 1458 custos
2412 1418 2647 1459 coronae
2671 1404 2927 1472 meae,sit
2957 1409 3112 1460 tutor
3137 1405 3268 1459 vitae
3296 1419 3464 1472 mete,
3481 1403 3555 1460 sit
3569 1404 3687 1459 mei
3703 1419 3852 1476 pro-

2184 1495 2384 1547 vector
2413 1492 2490 1548 ad
2508 1492 2754 1564 praemia
2772 1493 3152 1566 sempiterna,
3185 1498 3249 1549 ut
3275 1493 3435 1549 idem
3457 1509 3561 1566 per
3583 1497 3638 1548 te
3668 1509 3851 1548 sanc-

423 1597 528 1635 sus
557 1580 787 1636 subtilis
814 1581 1236 1637 circumventio
1269 1581 1574 1638 tentatoris
1600 1582 1664 1638 in
1692 1597 1784 1652 ea,
1825 1597 1922 1637 me
1953 1597 2076 1638 non
2107 1611 2148 1665 B
2185 1581 2463 1649 titicatus,
2495 1582 2842 1638 Memoriale
2864 1588 3206 1639 sanctorum
3229 1581 3545 1652 dicatur,et
3567 1597 3664 1637 me
3693 1581 3855 1637 inter

421 1669 677 1737 volente,
709 1669 962 1742 aspersit
997 1689 1009 1738 ;
1045 1670 1091 1726 si
1121 1670 1286 1742 quod
1323 1671 1601 1727 loliorum
1646 1671 1833 1727 deviae
1871 1686 2076 1742 prose-

425 1759 703 1824 cutionis,
750 1759 1062 1830 ignorante
1089 1776 1208 1823 me,
1247 1761 1583 1816 seminavit.
1637 1760 1942 1833 Quidquid
1970 1760 2082 1816 ibi-

423 1847 563 1902 dem
588 1848 801 1904 erroris
832 1865 978 1904 casu
1008 1848 1276 1921 respirat,
1298 1849 1596 1922 quidquid
1625 1852 1865 1904 resonat
1892 1848 2085 1920 impo-

421 1934 616 2006 litum,
638 1935 933 2009 quidquid
962 1955 998 1992 a
1022 1940 1076 1992 te
1098 1936 1361 1992 alienum
1381 1936 1791 2009 est,quidquid
1817 1952 1854 1992 a
1877 1941 1930 1992 te
1949 1951 2085 2008 pro-

2191 1671 2514 1726 memorias
2546 1670 2870 1728 electorum
2899 1676 3138 1728 tuorum
3171 1688 3280 1727 sua
3296 1672 3644 1728 conscribas
3669 1671 3841 1727 obse-

2191 1759 2474 1815 cratione.
2508 1762 2612 1815 Per
2640 1765 2692 1816 te
2729 1760 3045 1816 Dominum
3063 1764 3355 1821 nostrum,
3383 1760 3487 1833 qui
3514 1775 3654 1814 cum
3681 1762 3853 1816 Patre

2192 1851 2250 1903 et
2273 1847 2490 1919 Spiritu
2521 1853 2726 1905 sancto
2748 1865 2924 1914 unus,
2955 1849 3370 1922 sempiternus,
3404 1853 3462 1904 et
3489 1848 3852 1905 immortalis

2191 1952 2256 1993 es
2285 1937 2441 1992 Deus
2470 1937 2531 1993 in
2561 1938 2780 1995 saecula
2811 1938 3188 1996 saeculorum.
3219 1943 3425 1994 Amen.

1615 2227 1982 2322 LIBER
2076 2228 2654 2327 TERTIUS.

1073 2545 1459 2602 PR/EFATIO.

508 2635 656 2689 Cum
689 2633 867 2703 igitur
897 2633 1363 2705 praecedentium
1389 2633 1768 2690 voluminum
1786 2633 1968 2689 series
1999 2633 2090 2690 af-

2196 2549 2512 2610 locutionis
2550 2556 2904 2630 residemus,
2957 2557 3245 2631 pigreque
3314 2560 3403 2625 (ut
3443 2556 3519 2613 ita
3563 2553 3832 2623 dixerim)

2198 2654 2408 2710 gressu
2429 2643 2522 2698 vix
2544 2647 2973 2718 opusculorum
2998 2648 3246 2704 limitem
3264 2646 3691 2716 contingentes,
3712 2642 3848 2698 ubi-

433 2721 599 2834 £atim
622 2722 946 2794 impiorum
977 2721 1559 2796 crudelitatem,qnse
1579 2723 1682 2778 diu
1705 2722 2088 2834 inexpugna-
2120 2778 2161 2834 Ο
2199 2747 2315 2802 que
2343 2732 2528 2790 finem
2556 2735 2843 2809 loquendi
2872 2743 3175 2812 optamus.
3210 2741 3278 2794 Et
3303 2743 3442 2792 tunc
3486 2734 3677 2805 magis
3723 2748 3852 2788 ma-

479 2811 492 2834 :
524 2811 639 2834 2..“
666 2811 924 2834 --ἒ..Α-..--..
968 2811 1351 2834 -Α...-ι-..ιῖ--...,
1393 2812 1544 2834 __-I_-
1597 2817 1678 2834 --ι
1732 2812 1947 2834 .-ιε,......-
2012 2812 2062 2834 -1:
2245 2821 2254 2831 ο
2450 2824 2466 2834 ψ
2511 2824 2524 2834 ε
2558 2825 2608 2834 η.
2711 2827 2721 2834 .
2775 2832 2781 2834 .
3491 2827 3501 2834 .
3652 2824 3667 2834 ι

433 2811 646 2867 bilium
666 2811 931 2866 virorum
961 2811 1360 2868 constantiam
1386 2812 1554 2868 enisa
1592 2817 1681 2869 est
1704 2811 1972 2882 fatigare,
2005 2812 2092 2868 di-

437 2900 705 2972 gesserit,
732 2916 992 2974 veroque
1021 2899 1365 2958 assertionis
1405 2917 1618 2972 gressu
1639 2908 1827 2971 ortus,
1861 2905 2088 2972 aetates,

437 2994 726 3063 actusque
749 2990 1066 3060 belligeros
1090 2997 1399 3064 percurrat
1423 2996 1804 3060 sanctorum;
1828 2991 1965 3065 plus
1995 2991 2090 3048 ali-

438 3078 586 3152 quid
613 3095 766 3147 reor,
811 3080 1046 3135 saevitiae
1076 3080 1136 3134 in
1168 3095 1280 3135 nos
1321 3080 1714 3136 commissum
1759 3081 1964 3136 tertius
1995 3079 2090 3136 hic

436 3167 587 3224 liber
611 3183 734 3224 non
757 3167 885 3224 sine
912 3167 1136 3238 ingenti
1165 3168 1411 3225 vulnere
1441 3169 1686 3242 pandet.
1709 3172 1823 3225 Nec
1841 3184 1937 3224 me
1963 3168 2095 3241 qui-

439 3257 580 3313 dem
611 3258 930 3330 supercilio
955 3258 1279 3328 arrogandi
1309 3259 1422 3314 hac
1451 3259 1770 3315 occasione
1802 3259 1885 3314 uti
1905 3258 2094 3314 inten-

440 3344 605 3413 dant,
638 3346 802 3418 quod
835 3351 1012 3402 tantae
1044 3347 1306 3402 materia:
1331 3346 1503 3418 parvi
1533 3346 1890 3416 admodum,
1921 3350 1978 3402 et
2004 3345 2021 3417 (
2033 3349 2096 3401 ut

439 3433 520 3489 ita
545 3434 816 3506 dixerim)
849 3434 1116 3489 vilissimi
1153 3433 1438 3502 ingenioli
1481 3434 1760 3490 fulcimen
1807 3434 2096 3490 adhibue-

440 3519 554 3574 rim
583 3539 596 3589 ;
629 3525 733 3577 aut
752 3522 900 3578 forte
927 3536 1050 3576 non
1079 3535 1172 3574 res
1194 3535 1368 3574 veras
1397 3535 1510 3575 nos
1542 3520 1928 3576 elucubrasse
1955 3535 2095 3576 con—

442 3607 744 3680 demnent,
775 3609 880 3682 qui
909 3624 981 3664 eo
1007 3608 1226 3664 intuitu
1255 3607 1452 3680 Operis
1491 3609 1672 3679 hujus
1715 3609 2096 3665 concinnavi-

441 3714 578 3753 mus
607 3704 988 3767 structuram,
1006 3713 1128 3769 quo
1150 3697 1436 3752 nimirum
1460 3697 1664 3754 omnia
1680 3697 1957 3770 aequitate
1977 3697 2095 3752 dis-

441 3787 590 3843 tricti
613 3787 832 3860 judicis
862 3787 924 3840 in
953 3785 1154 3842 futuro
1183 3786 1461 3842 novimus
1477 3786 1892 3858 dijudicanda,
1910 3802 2094 3859 quem

440 3891 552 3932 nec
581 3877 782 3932 fallere
807 3874 1011 3931 abdita
1041 3876 1494 3947 cogitationum,
1521 3892 1633 3932 nec
1662 3877 1920 3948 qualitas
1950 3892 2095 3950 ope-

440 3979 577 4019 rum
608 3968 820 4036 potest.
855 3967 1003 4020 Nam
1033 3979 1168 4036 ego,
1199 3965 1303 4037 qui
1332 3966 1455 4022 scio
1487 3982 1596 4021 suo
1624 3981 1928 4039 quemque
1958 3981 2093 4022 one~

441 4051 492 4107 ri
522 4067 727 4107 coram
759 4052 1011 4109 Domino
1042 4053 1374 4124 subjacere,
1414 4071 1520 4110 cur
1539 4055 1799 4128 propriis
1829 4055 1934 4110 diu
1962 4070 2096 4124 gra-

441 4144 640 4196 vatam
671 4141 1068 4198 substantiam
1088 4122 1288 4200 meam
1309 4122 1570 4200 molibus
1595 4122 1838 4200 externo
1867 4122 2090 4216 ponde-
2123 4122 2166 4174 D

441 4244 504 4285 re
525 4229 857 4302 deprimere
888 4231 1103 4288 vellem
1132 4233 1160 4288 ?
1185 4237 1300 4288 Aut
1323 4233 1470 4306 quid
1501 4233 1805 4289 commodi
1831 4233 2091 4305 compic-

442 4321 503 4375 to
548 4319 865 4376 mendacio
921 4320 1067 4376 mihi
1120 4321 1371 4378 conferri
1431 4337 1758 4394 sperarem,
1801 4338 1875 4378 ex
1925 4321 2092 4378 omni

442 4409 832 4481 postmodum
869 4411 1054 4467 verbo
1083 4411 1376 4468 rationem
1401 4427 1699 4484 pensurus
1729 4413 1757 4468 ἱ)
1811 4411 1925 4469 Sed
1952 4411 2092 4467 hinc

444 4497 702 4568 agitatur
719 4500 908 4556 tenuis
925 4501 1084 4556 scien
1094 4500 1180 4555 tiae
1195 4501 1422 4556 venulis
1433 4516 1604 4556 mens
1624 4499 2094 4573 contenta,quod

443 4603 591 4656 rem,
620 4604 744 4646 non
773 4589 970 4645 dicam
1005 4590 1210 4659 magni
1239 4588 1504 4644 ﬂuminis
1530 4589 1971 4658 tantummodo,
2001 4605 2096 4645 ve-

445 4695 580 4734 rum
620 4680 798 4735 etiam
842 4679 1121 4736 immensi
1151 4679 1410 4752 aequoris
1435 4679 1722 4736 affuentia
1753 4679 2096 4736 necessario

351 4816 358 4820 .
445 4766 814 4837 irrigandam
855 4774 1121 4835 attentat,
1153 4784 1288 4840 qua:
1321 4769 1417 4824 vix
1449 4769 1791 4840 parvissimi
1822 4769 2097 4825 stillicidii

448 4861 729 4909 sudorem
767 4855 1050 4925 irrorans,
1100 4857 1276 4928 quasi
1306 4857 1606 4931 quasdam
1632 4859 1885 4915 coactitii
1919 4863 1974 4914 et
2001 4874 2099 4914 ex-

448 4943 582 4998 torti
638 4943 886 5015 liquoris
946 4945 1207 5013 guttulas
1257 4948 1518 5019 profluit.
1577 4950 1692 5004 Nec
1743 4949 1822 5005 ab
1872 4965 1936 5005 re
1988 4951 2100 5003 tes-

447 5031 497 5086 si
524 5031 766 5088 viatoris
810 5033 1262 5106 comparatione
1301 5035 1594 5108 impetiar,
1646 5037 1751 5109 qui
1792 5037 1996 5106 vigore
2023 5037 2100 5091 vi-

446 5121 604 5178 rium
633 5128 968 5190 enervatus,
1029 5123 1247 5196 saepius
1289 5124 1350 5180 in
1393 5126 1597 5182 itinere
1637 5125 1870 5193 sedens,
1902 5141 1972 5180 eo
2007 5141 2102 5181 ve-

447 5211 782 5266 hementius
836 5211 1232 5283 conlassatur,
1301 5230 1423 5286 quo
1485 5215 1748 5270 crebrius
1816 5229 1923 5286 per
1968 5212 2102 5270 loca

451 5301 614 5355 varia
645 5308 1091 5373 compausatur.
1135 5305 1218 5358 lta
1261 5311 1317 5359 ct
1348 5320 1458 5360 nos
1487 5303 1660 5358 totius
1695 5303 1975 5357 ubertatis
2006 5319 2102 5357 ex-

451 5396 643 5462 pertes
693 5391 972 5455 scientiae,
1018 5393 1192 5464 quasi
1246 5393 1552 5448 debilitato
1583 5391 1776 5460 gradu
1809 5407 1911 5463 per
1939 5393 2103 5449 invia

2201 2821 2409 2895 gisque
2432 2824 2645 2881 debilis
2667 2827 2858 2884 viator
2878 2834 3219 2902 quassatur,
3240 2845 3376 2884 cum
3400 2843 3460 2882 se
3480 2827 3611 2898 jam
3633 2824 3858 2896 deper-

2199 2913 2476 2970 ventione
2501 2915 2722 2972 itineris
2748 2918 3009 2986 gaudere
3022 2933 3290 2990 sperans,
3319 2915 3520 2972 denuo
3541 2930 3614 2970 ex
3628 2913 3855 2985 impro-

2199 3000 2328 3058 viso
2345 3019 2646 3075 emergere
2663 3006 2774 3062 sibi
2795 3007 2994 3064 adhuc
3008 3008 3385 3081 inopinatum
3409 3002 3858 3061 conﬁciendum

2200 3093 2386 3148 cernit
2417 3095 2696 3166 spatium.
2723 3097 2892 3152 Unde
2917 3102 2973 3154 et
2998 3113 3130 3167 nos,
3156 3097 3259 3169 qui
3273 3097 3399 3166 jam
3428 3094 3633 3150 ﬁnisse
3669 3106 3859 3164 opus-

2203 3180 2405 3237 culum
2431 3183 2852 3255 credebamus,
2877 3202 2948 3242 ac
2973 3186 3149 3242 veluti
3177 3184 3579 3258 procellosum
3611 3197 3776 3237 mare
3793 3180 3858 3234 in

2202 3271 2518 3342 naufragio
2565 3275 2989 3333 transmissum
3040 3276 3288 3347 remigio
3356 3273 3733 3338 laetabamur,
3798 3274 3860 3327 et

2203 3362 2390 3433 optati
2412 3368 2617 3435 portus
2643 3365 2792 3422 salvi
2819 3365 3169 3422 fruebamur
3209 3365 3443 3438 quiete;
3498 3379 3661 3420 nunc
3690 3359 3862 3418 aliud

2204 3449 2442 3507 fortuito
2463 3457 2816 3509 contuemur
2845 3455 3282 3527 supervenisse,
3315 3453 3475 3526 quod
3502 3468 3700 3524 operae
3729 3465 3864 3523 pre-

2204 3540 2350 3595 tium
2374 3542 2698 3612 praemissis
2719 3544 3025 3616 opusculis
3044 3544 3115 3600 sit
3147 3543 3516 3600 addendum.
3531 3541 3861 3598 Tendimus

2203 3629 2382 3700 igitur
2396 3631 2679 3702 parcitate
2702 3631 2998 3689 facundiae
3019 3634 3317 3698 coarctati,
3342 3633 3644 3688 tendimus
3665 3629 3867 3686 immi-

2203 3718 2471 3775 nentium
2485 3722 2972 3791 persecutionum
2989 3723 3247 3780 casibus.
3273 3721 3548 3795 occupati
3567 3739 3580 3778 :
3605 3728 3663 3776 et
3681 3715 3863 3792 quasi

2205 3808 2264 3864 in
2284 3810 2648 3866 contrarium
2663 3817 2842 3867 vento
2865 3818 3166 3883 surgente,
3185 3813 3244 3867 in
3267 3812 3455 3868 altum
3472 3827 3585 3866 nos
3607 3811 3858 3866 demum

2205 3897 2519 3954 devolutos
2550 3899 2803 3972 pelagus
2832 3900 3316 3957 inhorrescimus.
3347 3900 3714 3956 Conﬁdimus
3743 3914 3854 3953 au-

2209 3990 2325 4042 tem
2356 3988 2485 4058 ejus
2502 4004 2622 4044 non
2641 3989 3056 4048 incunctanter
3076 3989 3356 4045 bonitatis
3385 3987 3689 4061 juvamine
3710 4001 3850 4058 pro-

2207 4077 2453 4148 sperari,
2487 4077 2592 4149 qui
2625 4077 2842 4147 dignos
2864 4093 2975 4134 nos
3001 4095 3210 4135 eorum
3239 4078 3376 4134 visu
3405 4082 3463 4134 et
3481 4077 3738 4134 amicitia
3761 4075 3849 4130 di-

2200 4165 2510 4235 judicavit,
2545 4170 2891 4238 utquorum
2920 4167 3272 4226 fruebamur
3300 4166 3639 4233 dulcedine,
3681 4165 3861 4221 etiam

2199 4255 2436 4325 tropaeis
2466 4253 2898 4311 imbueremur.

2755 4415 2984 4470 CAPUT
3021 4416 3309 4471 PRlMUM.

2523 4541 2768 4596 Initium
2797 4541 2970 4612 regni
3003 4541 3331 4597 Mahomad
3361 4541 3538 4610 regis.

2277 4688 2585 4749 Caeterum,
2617 4688 2683 4740 ut
2710 4684 2771 4740 in
2795 4685 2914 4740 fine
2943 4685 3190 4741 secundi
3249 4684 3446 4756 operis
3500 4687 3869 4738 annotatum

2205 4781 2312 4842 est,
2341 4775 2559 4848 adepto
2587 4774 2903 4832 Mahomad
2932 4774 3117 4848 patris
3144 4773 3415 4846 imperio,
3450 4773 3767 4830 confestim
3802 4773 3872 4828 in

2205 4870 2554 4936 promptum
2567 4863 2774 4919 odium
2791 4869 2999 4919 contra
3019 4879 3134 4919 nos
3150 4877 3576 4936 prorumpens,
3592 4862 3731 4934 ipso
3747 4861 3871 4928 die,

2206 4969 2329 5026 quo
2358 4952 2620 5008 fascibus
2640 4950 2944 5021 infulatus,
2965 4951 3180 5006 solium
3201 4955 3558 5020 regnaturus
3576 4963 3875 5005 conscen-

2208 5040 2312 5108 dit,
2345 5039 2709 5095 Christianos
2735 5055 2946 5095 omnes
2967 5038 3186 5111 palatio
3214 5038 3527 5105 abdicans,
3581 5037 3876 5106 indignos

2209 5131 2360 5188 aulae
2372 5129 2684 5204 principali
2698 5130 3024 5186 ministerio
3037 5129 3456 5202 promulgavit.
3475 5131 3636 5194 Quos
3649 5128 3873 5184 iterum

2208 5224 2345 5291 post
2373 5235 2494 5274 non
2520 5218 2701 5288 longo
2732 5217 3042 5274 intervallo
3061 5218 3176 5273 sub
3193 5217 3500 5274 tributario
3516 5232 3704 5272 censu
3722 5232 3876 5288 prae-

2213 5309 2500 5377 scribens,
2534 5307 2734 5380 plures
2757 5308 3003 5379 prremio
3021 5306 3492 5379 regaliprivavit,
3512 5307 3616 5377 qui
3631 5304 3873 5359 dudum

2212 5398 2615 5454 militaribusa
2646 5395 3042 5452 vescebantur
3073 5398 3347 5452 annonis.
3407 5399 3469 5450 Et
3525 5394 3670 5466 quia
3723 5392 3872 5448 scri-

517 5529 541 5555 ιι
573 5517 638 5571 In
673 5519 908 5574 Sanctio
961 5524 1226 5588 martyre
1273 5518 1349 5574 de
1401 5517 1492 5572 his
1555 5517 1911 5575 Christianis
1960 5521 2286 5590 nobilibus,
2349 5521 2660 5579 Sarraceni
2714 5520 2870 5591 regis
2917 5521 3251 5593 tyronibus,
3302 5521 3430 5590 jam
3477 5519 3704 5576 dictum
3753 5523 3868 5574 est.

455 5591 672 5646 MOIAL.
