4110 6190
234 102 334 153 801

1278 93 1702 152 maneamus
1743 90 2188 154 SANCTORUM.
2229 129 2298 140 -
2339 86 2465 157 LIB.
2510 105 2608 160 ni.

3545 109 3650 165 802

235 226 407 294 ptum
429 225 546 276 est:
581 219 925 275 Secundum
947 219 1212 287 judicem
1234 219 1468 289 populi,
1493 219 1576 274 sic
1600 223 1656 272 et
1690 217 1891 272 minis-
1921 223 1968 275 Α
2002 222 2147 288 tum,
2177 221 2411 282 elidere.
2440 227 2568 291 Qua
2615 225 2928 282 occasione
2980 231 3234 299 satrapae
3267 227 3648 286 tenebrarum

235 311 464 379 tm'ejus
486 310 700 377 (Eccli.
732 325 784 376 χ,
811 307 866 377 ‘2)
893 326 905 368 ς
941 306 1085 378 ipsis
1115 324 1221 380 per
1242 308 1398 362 idem
1422 314 1661 378 tempus
1682 306 1896 376 guber-

231 397 455 454 nacula
481 397 651 453 urbis
677 396 1008 460 committit,
1043 397 1145 468 qui
1177 396 1469 452 consimili
1503 399 1624 450 zelo
1657 400 1893 451 contro-

232 487 442 542 versiae
472 485 794 543 adversum
839 484 936 540 Dei
995 485 1288 558 populum
1341 485 1706 551 laborantes,
1753 499 1890 539 eum

234 574 468 647 ubique
507 572 859 642 afﬂigerent,
899 577 1249 642 everterent,
1277 578 1333 628 et
1356 572 1797 646 opprimerent;
1831 574 1895 627 ut

237 679 368 719 non
395 662 588 719 solum
620 667 818 718 vatem
842 677 1018 716 suum
1051 661 1394 717 nullatenus
1441 661 1713 716 infamari
1745 677 1892 734 prae-

242 756 569 819 sumerent,
597 767 804 807 verum
836 750 1010 805 etiam
1044 750 1367 806 terroribus
1412 749 1706 822 compulsi
1754 749 1895 806 abo-

243 840 594 897 minabilem
642 838 1062 896 confiterentur
1123 840 1440 895 culturam.
1503 839 1594 894 Sic
1649 853 1892 910 quoque

240 946 468 986 maeror
495 927 884 1001 importabilis
932 933 989 983 et
1031 928 1362 1000 persecutio
1407 926 1742 983 truculenta
1789 942 1894 982 un-

239 1017 426 1090 dique
471 1017 642 1073 nobis
694 1016 973 1082 obvians,
1021 1016 1339 1089 plerosque
1385 1014 1891 1088 praevaricationis

233 1105 457 1178 laqueo
485 1105 900 1174 immergebat.

910 1227 1142 1284 CAPUT
1185 1230 1227 1284 ΙΙ

233 1335 670 1393 Prwvaricatio
699 1335 870 1390 illius
913 1335 1267 1404 exceptoris,
1299 1335 1402 1405 qui
1439 1334 1672 1403 pridem
1725 1349 1893 1390 sanc-

525 1429 613 1479 tos
664 1423 1173 1480 anathematizart
1214 1423 1604 1492 compulerat.

2001 308 2139 364 inde
2165 318 2361 385 capta,
2396 315 2572 370 etiam
2622 330 2692 370 ea
2735 314 3094 386 templorum
3141 315 3405 373 culmina
3435 317 3650 373 subru-

2001 404 2127 468 unt,
2158 417 2293 472 quae
2333 419 2369 458 a
2402 409 2667 476 tempore
2697 403 2866 475 pacis
2896 404 3094 459 studio
3123 408 3179 460 et
3223 405 3524 461 industria
3543 423 3650 478 pa-

2002 489 2160 543 trum
2189 496 2402 557 erecta,
2435 507 2586 564 pene
2609 496 3008 548 trecentorum
3043 509 3078 548 a
3111 492 3326 549 diebus
3363 493 3655 550 conditio-

2000 576 2093 630 nis
2119 593 2242 634 suaa
2271 595 2593 636 numerum
2620 580 2992 636 excedebant
3013 597 3334 638 annorum.

2640 669 2870 726 CAPUT
2923 672 3014 725 lV.

2367 757 2454 812 De
2489 758 2777 814 seditione
2796 760 3275 828 provinciarum.

2071 846 2149 913 (1)
2175 845 2239 898 Et
2268 843 2410 914 quia
2438 845 2704 917 undique
2730 845 3121 903 dibellionum
3142 848 3512 918 insurgentia
3526 849 3651 906 bel-

2000 929 2057 986 la
2081 946 2368 1000 magnam
2399 932 2450 987 ei
2488 933 2823 989 molestiam
2849 934 3183 991 inferebant
3204 938 3367 1007 (nam
3381 936 3565 994 libere
3589 938 3653 994 in

1999 1021 2228 1075 cunctis
2262 1021 2555 1093 Hispaniae
2587 1021 2861 1093 urbibus,
2893 1040 3046 1096 quas
3087 1025 3286 1094 vigore
3345 1027 3652 1099 potestatis

1999 1115 2057 1165 et
2093 1111 2312 1180 egregii
2360 1111 2627 1183 potentia
2669 1111 3023 1183 intellectus,
3064 1113 3352 1187 largoque
3404 1132 3653 1173 munere

1999 1200 2385 1272 praemiorum
2414 1205 2584 1273 pater
2609 1218 2752 1257 suus
2801 1201 3168 1275 acquirendo
3194 1204 3564 1277 domaverat,
3597 1211 3655 1263 et

2000 1288 2334 1352 obsederat,
2404 1290 2499 1346 hic
2546 1291 2922 1364 privilegium
2964 1293 3319 1350 dominandi
3374 1296 3650 1364 gerebat:

2001 1379 2328 1450 praesertim
2361 1395 2499 1435 cum
2532 1383 2588 1436 et
2617 1397 2688 1436 ex
2729 1380 3033 1454 aliquibus
3063 1381 3209 1438 locis
3239 1384 3318 1454 ('2)
3349 1399 3572 1439 caesum
3598 1389 3658 1440 et

2003 1467 2275 1537 fugatum
2299 1467 2620 1524 exercitum
2654 1485 2830 1524 suum
2881 1485 3132 1525 cernens
3185 1469 3410 1542 ubique
3464 1471 3658 1527 immi-

311 1548 466 1606 Multi
500 1552 702 1605 autem
727 1564 839 1604 sua
873 1563 934 1604 se
961 1552 1172 1621 sponte
1207 1564 1242 1605 a
1273 1548 1501 1605 Christo
1530 1547 1891 1603 divertentes
1925 1572 1963 1625 Β
2003 1557 2120 1629 nui,
2150 1555 2373 1629 ubiun
2405 1573 2466 1612 se
2489 1563 2750 1628 gemeret
2798 1559 2858 1614 in
2899 1559 3195 1616 deteriora
3215 1560 3540 1629 converti);
3570 1561 3656 1617 id.

237 1637 631 1694 adhaerebant
671 1636 924 1710 iniquis,
977 1641 1322 1710 sectamque
1375 1634 1598 1693 diaboli
1652 1650 1893 1690 summo

237 1727 519 1784 colebant
567 1726 804 1798 affectu,
837 1727 1009 1784 sicuti
1048 1727 1142 1783 ille
1171 1725 1430 1800 spurius,
1462 1731 1520 1783 et
1546 1729 1892 1781 sanctorum

235 1816 654 1873 benedictione
681 1816 988 1887 indignus,
1031 1815 1106 1871 de
1135 1832 1258 1888 quo
1311 1815 1372 1870 in
1428 1815 1580 1870 libro
1626 1812 1893 1870 secundo

237 1906 646 1973 meminimus,
676 1905 816 1976 agit.
865 1905 976 1971 Qui
1005 1904 1306 1961 saecularis
1333 1905 1674 1960 reverentia:
1720 1918 1894 1975 pom-

236 2012 381 2069 pam
429 1995 613 2051 rebus
666 2010 1028 2067 praeponens
1085 1993 1445 2056 coelestibus,
1503 1992 1894 2064 inauditaque

235 2085 485 2142 libidine
517 2100 628 2156 pro
656 2084 776 2139 Deo
807 2082 1074 2139 ofﬁcium
1104 2097 1417 2146 venerans,
1463 2087 1599 2154 post
1650 2082 1894 2138 bisseno

239 2189 472 2240 mense,
518 2189 642 2244 quo
693 2176 933 2228 sanctos
992 2171 1484 2227 anathematizari
1531 2170 1894 2239 decreverat,

243 2278 484 2334 nosque
516 2260 691 2316 foedis
717 2261 1002 2318 conviciis
1031 2261 1384 2333 impetierat,
1415 2261 1644 2316 honore
1695 2260 1893 2330 dejec-

245 2355 343 2407 tus
368 2355 479 2406 est.
505 2349 702 2406 Gratia
725 2349 924 2422 itaque
965 2349 1378 2405 dissertudinis
1420 2349 1638 2419 linguae
1692 2348 1896 2404 Arabi-

243 2455 349 2507 cae,
374 2455 501 2511 qua
526 2438 779 2494 nimium
809 2438 1095 2510 praeditus
1124 2442 1270 2503 erat,
1301 2437 1461 2493 solus
1491 2453 1522 2493 e
1549 2436 1896 2493 Christianis

244 2545 286 2584 a
311 2526 664 2584 consulibus
698 2527 756 2582 in
806 2526 1002 2582 ofﬁcio
1047 2526 1373 2600 exeeptoris
1425 2527 1722 2595 detentus,
1756 2530 1898 2599 post

238 2617 479 2688 aliquos
513 2631 751 2671 menses
781 2619 836 2670 et
864 2615 1090 2688 palatio
1121 2620 1176 2670 et
1204 2615 1530 2671 ministerio
1585 2620 1674 2672 est
1728 2614 1897 2671 abdi-

235 2711 427 2763 catus.
453 2705 624 2772 Quod
654 2705 878 2762 factum
900 2721 1022 2760 non
1049 2704 1250 2761 leviter
1279 2705 1495 2773 ferens,
1529 2720 1668 2761 cum
1703 2721 1767 2760 se
1793 2703 1894 2760 de-

227 2798 460 2869 jectum
482 2796 792 2868 aspiceret,
828 2795 1251 2868 privatumque
1295 2799 1462 2852 tanta
1488 2794 1776 2865 dignitate
1806 2793 1891 2850 a1-

2002 1645 2158 1700 circo
2180 1651 2387 1702 contra
2425 1663 2536 1702 nos
2564 1647 2670 1704 diu
2718 1647 3072 1705 meditatum
3101 1649 3162 1704 in
3195 1650 3459 1704 futurum
3492 1649 3658 1706 diffe-

2001 1734 2170 1791 rebat
2190 1735 2540 1807 perditionis
2570 1737 2892 1808 interitum,
2926 1738 3219 1811 tardaque
3249 1755 3320 1795 ac
3347 1739 3520 1812 pigro
3547 1739 3655 1795 im-

2000 1828 2144 1897 petu
2169 1824 2555 1882 ecclesiarum
2587 1827 2955 1900 operabatur
2983 1828 3211 1884 ruinas.
3265 1832 3417 1885 Nam
3457 1829 3654 1885 nullos

2002 1911 2180 1968 credo
2208 1913 2675 1971 Christianorum
2705 1915 2841 1987 (nisi
2893 1917 3007 1973 ista
3034 1916 3397 1973 difﬁcultatis
3451 1917 3654 1974 obsta-

2003 2005 2134 2057 rent
2160 2001 2465 2074 repagula)
2493 2020 2698 2060 secum
2743 2009 3042 2077 pateretur
3072 2006 3316 2074 morari,
3350 2006 3650 2080 Quinimo,

2002 2093 2068 2145 ut
2090 2090 2220 2161 jam
2247 2090 2389 2146 alibi
2418 2090 2801 2163 praemissum
2848 2098 2958 2162 est,
3017 2094 3064 2148 si
3121 2095 3511 2151 commodam
3562 2111 3654 2151 re-

2004 2178 2230 2249 gnandi
2266 2179 2512 2235 haberet
2559 2179 2880 2249 licentiam,
2908 2181 3145 2238 Judaeos
3168 2183 3347 2240 etiam
3378 2199 3414 2240 a
3476 2200 3537 2239 se
3566 2200 3652 2240 re-

2002 2269 2142 2342 pelli
2173 2269 2570 2340 compelleret.
2600 2271 2728 2336 Quo
2751 2271 2934 2327 solius
2955 2272 3148 2343 gentis
3194 2290 3317 2329 suae
3367 2274 3652 2330 comitatu

2002 2357 2280 2423 vallatus,
2313 2357 2405 2412 his
2433 2373 2690 2429 praeesse
2726 2359 3106 2417 solummodo
3136 2368 3478 2432 mereretur,
3511 2379 3651 2419 cum

2001 2445 2224 2518 quibus
2269 2446 2701 2503 inextricabilia
2748 2449 2954 2504 aeterni
3000 2449 3268 2507 barathri
3321 2451 3510 2508 lueret
3536 2456 3655 2507 tor-

2003 2540 2227 2603 menta,
2279 2551 2390 2591 nec
2434 2535 2679 2591 alterius
2724 2537 3063 2594 diversitate
3106 2539 3408 2610 religionis
3457 2541 3654 2596 unitas

2001 2621 2368 2679 damnabilis
2394 2623 2640 2680 culturae
2674 2625 3057 2682 scinderetur.
3092 2630 3172 2683 Ex
3201 2644 3344 2701 qua,
3385 2630 3506 2684 Deo
3555 2644 3656 2684 vo-

2003 2716 2196 2780 cante,
2227 2716 2284 2768 et
2328 2728 2437 2785 per
2491 2712 2871 2785 splendentia
2911 2715 3049 2772 ﬁdei
3103 2723 3323 2773 sanctae
3367 2717 3657 2791 mysteria

2003 2803 2466 2872 compungente,
2526 2800 2726 2873 plures
2784 2802 3118 2859 admodum
3176 2805 3541 2876 recedentes,
3601 2809 3658 2862 et

233 2887 353 2944 tius
379 2885 724 2980 suspiraret.
750 2885 1152 2980 praestantius
1184 2889 1302 2941 Deo
1340 2885 1514 2953 mori,
1547 2901 1736 2956 quam
1767 2900 1892 2980 non
1923 2924 1963 2980 Ο
2001 2888 2203 2961 pietati
2229 2889 2620 2957 adhaerentes,
2644 2896 3020 2964 mortemque
3057 2909 3161 2964 spe
3204 2893 3449 2949 ﬁrmiori
3479 2909 3658 2966 prop-

233 2975 436 3032 vivere
469 2974 684 3031 saeculo
716 2974 960 3046 eligens,
994 2975 1280 3030 continuo
1309 2975 1494 3030 ﬁdem
1521 2977 1741 3029 sanctae
1770 2973 1891 3029 Tri-

229 3063 434 3121 nitatis
466 3078 775 3137 spernens,
825 3063 979 3120 cedit
1008 3067 1182 3119 sectae
1233 3062 1656 3135 perversitatis,
1711 3067 1767 3118 et
1792 3077 1895 3118 ne-

230 3169 548 3227 quaquam
588 3169 650 3208 se
697 3151 1101 3208 Christianum
1149 3151 1277 3207 vult
1316 3152 1444 3222 jam
1476 3150 1633 3207 ultra
1680 3149 1888 3207 videri.

232 3246 614 3317 Quapropter
638 3243 701 3300 in
723 3243 1019 3300 deteriora
1051 3258 1401 3310 conversus,
1432 3242 1538 3314 qui
1584 3257 1890 3315 nusquam

233 3333 532 3406 simplicia
553 3333 876 3389 meditatus
905 3332 1116 3396 fuerat,
1137 3330 1304 3387 exsul
1338 3330 1684 3388 Christianis
1715 3329 1890 3387 effec-

233 3429 351 3496 tus,
392 3423 697 3479 adunatus
730 3422 1070 3493 gentilibus,
1095 3421 1422 3494 crebroque
1444 3421 1722 3477 discursu
1742 3420 1887 3477 illud

232 3512 558 3586 impietatis
597 3511 940 3579 delubrum,
973 3511 1148 3583 quasi
1179 3526 1336 3566 unus
1367 3527 1398 3567 e
1429 3510 1714 3567 ministris
1768 3511 1891 3568 dia-

235 3602 361 3658 boli
413 3603 754 3675 frequenter
801 3601 1148 3680 ingreditur,
1197 3600 1484 3673 expulsus
1532 3600 1606 3657 de
1665 3601 1888 3674 templo

237 3691 498 3761 Domini,
523 3692 688 3764 quod
707 3691 855 3747 dum
877 3691 1074 3746 adhuc
1121 3691 1312 3746 ﬁdelis
1333 3692 1623 3760 existeret,
1659 3708 1792 3748 sera
1817 3707 1889 3748 ac

236 3780 416 3854 pigra
445 3780 768 3838 visitatione
799 3780 1062 3837 incoluit.
1091 3781 1386 3853 Scriptum
1415 3786 1501 3837 est
1526 3781 1688 3837 enim
1712 3800 1725 3837 :
1748 3783 1886 3837 Non

244 3869 538 3926 habitabit
560 3872 620 3925 in
641 3872 828 3928 medio
859 3871 1067 3927 domus
1095 3871 1497 3940 meae,faciens
1524 3871 1884 3941 superbiam:

239 3965 297 4016 et
327 3960 433 4032 qui
451 3960 655 4032 iniqua
689 3960 971 4032 loquitur,
1034 3975 1154 4015 non
1196 3959 1417 4016 direxit
1464 3960 1528 4014 in
1573 3965 1888 4028 conspectu

233 4049 548 4105 oculorum
574 4064 837 4105 meorum
859 4049 1038 4119 (Psal.
1073 4066 1121 4103 (τ.
1156 4050 1231 4121 7).
1270 4049 1430 4104 Idem
1455 4064 1598 4104 vero
1618 4050 1755 4120 post
1791 4062 1891 4102 ne-

228 4138 541 4208 gationem
562 4137 623 4192 in
648 4138 939 4194 honorem
973 4137 1285 4209 pristinum
1318 4137 1644 4202 restitutus,
1668 4135 1889 4208 palatio

226 4227 617 4294 reformatur,
658 4243 782 4300 quo
813 4226 1028 4300 pedica
1048 4232 1104 4282 et
1123 4227 1342 4282 hamus
1371 4229 1617 4282 caeteros
1650 4225 1889 4282 illicien-

227 4317 295 4374 di
325 4317 610 4384 existens,
644 4315 792 4372 foret
823 4315 951 4372 aliis
999 4316 1060 4371 in
1090 4315 1596 4388 praevaricationis
1642 4315 1892 4372 scanda-

227 4405 512 4478 lum,qui
558 4421 745 4462 causa
773 4405 972 4475 gloriae
1004 4405 1348 4477 temporalis
1393 4405 1506 4460 sibi
1557 4404 1751 4461 fuerat
1803 4405 1889 4462 la-

228 4511 448 4568 queus.

880 4620 1104 4674 CAPUT
1155 4623 1244 4674 lll.

664 4727 1003 4782 Destructio
1049 4726 1462 4782 basilicarum.

313 4851 536 4904 Interea
560 4865 701 4905 cum
732 4848 950 4922 saepius
997 4853 1207 4905 contra
1248 4850 1349 4906 Dei
1378 4854 1679 4906 catervam
1728 4866 1891 4908 saeva

228 4936 522 5011 principis
599 4938 962 5011 conspiratio
1028 4937 1396 5010 inolesceret,
1481 4939 1888 5012 aﬂligeretque

226 5027 459 5100 ubique
493 5027 890 5092 Christicolas,
935 5032 991 5084 et
1015 5043 1126 5084 nec
1161 5028 1247 5083 sic
1287 5043 1497 5084 omnes
1520 5029 1782 5099 generali
1801 5028 1887 5084 di-

225 5119 430 5190 lapsu,
463 5122 530 5173 ut
557 5117 802 5189 ﬁdebat,
839 5117 919 5174 ad
949 5117 1126 5173 ritum
1160 5134 1339 5173 suum
1393 5123 1770 5190 proruerunt,
1795 5119 1889 5190 ju-

226 5206 337 5262 bet
363 5206 647 5262 ecclesias
668 5222 862 5279 nuper
891 5210 1144 5262 structas
1171 5206 1428 5275 diruere,
1477 5211 1534 5263 et
1589 5206 1887 5279 quidquid

228 5311 395 5351 novo
415 5295 581 5351 cultu
609 5296 668 5351 in
697 5295 957 5368 antiquis
987 5295 1251 5352 basilicis
1272 5295 1643 5369 splendebat,
1672 5295 1886 5350 fuerat-

227 5401 350 5456 que
379 5385 751 5456 temporibus
781 5385 1040 5439 Arabum
1092 5386 1224 5440 rudi
1277 5385 1627 5439 formatione
1688 5382 1881 5452 adjec-

2001 2984 2088 3035 ter
2104 2978 2400 3034 Christum
2431 2978 2808 3051 excipientes,
2840 2980 3001 3036 idem
3031 2981 3656 3054 ingemiscebat;prae-

2001 3071 2088 3125 ter
2126 3083 2248 3136 eos,
2280 3068 2385 3141 qui
2414 3067 2604 3124 nimia
2627 3067 2822 3124 carnis
2878 3069 3152 3141 impediti
3179 3069 3514 3138 formidine,
3558 3086 3654 3126 ar-

1999 3155 2122 3213 dua
2151 3157 2348 3213 cordis
2379 3156 2729 3213 contritione
2760 3157 2989 3213 Christo
3018 3157 3141 3228 regi
3195 3159 3307 3215 sub
3335 3158 3655 3231 chlamyde

1999 3245 2199 3302 adhuc
2227 3246 2500 3302 militant.

2672 3372 2896 3428 CAPUT
2956 3373 2998 3427 V

1999 3478 2084 3535 De
2099 3477 2232 3534 odio
2262 3494 2501 3535 suorum
2534 3479 2852 3536 adversum
2871 3495 3087 3552 regem,
3120 3487 3173 3538 et
3205 3481 3277 3538 (te
3301 3483 3486 3552 ipsius
3513 3497 3652 3540 ava-

2151 3569 2316 3637 ritia,
2345 3573 2398 3623 et
2427 3569 2498 3625 de
2527 3569 2763 3624 tributis
2795 3569 3156 3626 Christianis
3185 3573 3490 3642 impositis.

2073 3695 2341 3764 Cumque
2373 3692 2686 3747 ecclesiam
2718 3693 2818 3748 Dei
2846 3692 3109 3748 ﬂammis
3129 3695 3368 3750 invidiae
3410 3697 3654 3752 inuren-

2000 3779 2100 3848 do,
2166 3780 2400 3836 interno
2457 3781 2818 3850 cogitamine
2869 3795 3147 3836 corrosus
3187 3783 3535 3848 tabesceret,
3597 3787 3656 3839 et

2001 3884 2246 3924 suorum
2267 3883 2480 3940 pacem
2501 3868 2824 3938 aft‘ectaret,
2848 3867 2974 3922 haac
2997 3874 3054 3923 et
3072 3870 3150 3923 hu
3153 3869 3422 3940 jusmodi
3447 3875 3654 3927 contra

1999 3972 2110 4012 nos
2136 3971 2408 4012 exercere
2437 3955 2780 4026 disponeret
2800 3973 2812 4024 ;
2832 3955 2894 4010 in
2912 3955 3075 4012 nullo
3095 3962 3358 4014 attamen
3384 3957 3653 4016 divinam

2000 4044 2508 4118 dispensationem
2554 4045 2825 4100 humana
2853 4045 3186 4116 procacitas
3235 4048 3518 4118 praavalet
3547 4048 3654 4104 im-

1999 4138 2253 4191 mutare.
2282 4135 2421 4200 Quae
2454 4150 2592 4190 cum
2616 4133 2842 4190 cunctis
2873 4132 3178 4200 odibilem,
3205 4136 3496 4192 universis
3517 4154 3654 4195 exo-

2001 4240 2156 4292 sum,
2190 4223 2596 4296 omnibusque
2621 4222 3018 4280 execrabilem
3047 4224 3326 4296 reddens,
3350 4226 3529 4282 etiam
3549 4226 3654 4283 do-

1999 4313 2265 4381 mestico,
2299 4318 2356 4368 et
2413 4317 2476 4368 ut
2505 4313 2720 4384 ferunt,
2752 4311 3033 4385 pellicum
3082 4328 3330 4370 suarum
3364 4314 3525 4387 odio,
3557 4314 3654 4370 vel

1999 4401 2316 4458 maledicto
2343 4401 2666 4474 impetitur.
2700 4404 2912 4456 Verum
2948 4405 3009 4457 ut
3032 4400 3321 4474 scriptum
3349 4409 3473 4458 est:
3524 4405 3653 4458 Rea:

1989 4495 2192 4563 justus
2231 4493 2406 4562 erigit
2440 4496 2683 4558 terram,
2737 4493 2831 4548 vir
2871 4498 3069 4549 autem
3121 4507 3342 4548 avarus
3395 4493 3648 4548 destruit

1999 4598 2128 4638 eam
2159 4582 2363 4652 (Prov.
2392 4597 2539 4646 XXIX,
2572 4581 2656 4651 li);
2695 4579 2790 4636 hic
2829 4580 2991 4636 idem
3032 4580 3318 4637 inauditis
3360 4579 3650 4652 cupidita-

1999 4676 2124 4728 tum
2157 4669 2417 4725 fascibus
2453 4669 2692 4739 ardens,
2724 4669 2978 4724 militum
3010 4685 3284 4726 annonas
3314 4668 3646 4739 demutilat,

1999 4759 2375 4817 tribunorum
2407 4761 2671 4813 coarctat
2718 4757 2992 4828 donaria,
3050 4759 3447 4832 lunaremque
3505 4775 3650 4832 pree-

1997 4845 2655 4905 miorum'discursum
2707 4845 3027 4904 imminuit.
3062 4850 3128 4903 Et
3179 4863 3316 4904 cum
3368 4847 3481 4904 sibi
3509 4848 3652 4907 vilia

1997 4934 2330 4994 admodum
2361 4939 2418 4990 et
2440 4949 2592 5007 pene
2613 4934 2828 5006 exigua
2858 4951 2895 4992 a
2918 4935 3300 4993 vicinioribus
3329 4938 3475 4994 locis
3519 4939 3649 4995 red-

1997 5026 2058 5082 di
2085 5024 2398 5096 vectigalia
2417 5027 2682 5080 cerneret
2699 5025 2864 5097 (llUia
2890 5025 3162 5083 videlicet
3198 5027 3246 5082 si
3276 5028 3455 5100 culpa
3483 5027 3646 5099 vulgi

1996 5115 2046 5171 is
2128 5114 2208 5171 ad
2293 5117 2596 5187 sceptrum
2686 5117 2806 5170 Deo
2885 5115 3270 5188 dispensante
3366 5117 3648 5174 admotus

1997 5209 2102 5274 est,
2160 5210 2362 5262 tamen
2414 5204 2596 5276 hujus
2639 5205 2987 5262 meritorum
3044 5207 3426 5280 improbitate
3467 5206 3647 5262 urbes

1998 5311 2068 5352 ac
2114 5295 2384 5352 nationes
2439 5293 2502 5349 in
2552 5295 2860 5351 stimulum
2916 5296 3397 5353 recalcitrationis
3443 5295 3648 5351 induc-

1998 5389 2092 5451 tte,
2117 5401 2236 5438 non
2269 5385 2342 5439 ad
2387 5385 2681 5453 integrum
2736 5385 2966 5440 tributis
3015 5387 3458 5456 provinciarum
3508 5399 3642 5440 cum

253 5467 264 5556 ί
302 5483 718 5556 'Stipcndium
742 5484 1003 5553 intelligo
1029 5485 1193 5556 quod
1225 5483 1472 5552 singulis
1505 5481 1810 5537 mensibus
1852 5481 2136 5538 militibus
2172 5482 2641 5554 persolvebalur.
2691 5486 2906 5539 Manu.
2956 5484 3101 5537 Hine
3153 5488 3348 5555 potest
3383 5477 3643 5554 suppleri

231 5555 608 5611 Glossarumi
644 5555 1052 5626 (‘angeanum
