4140 6188
488 122 592 184 10³

1699 124 1755 178 S.
1788 122 2067 179 EULOG’II
2092 114 2407 175 ARCﬁlEP.
2441 120 2683 179 TOLET.
3222 174 3239 182 ,,
3791 119 3882 177 ωδ

492 249 716 322 perfrui
745 248 1090 322 patiuntur),
1120 246 1256 301 ideo
1280 247 1339 301 in
1370 261 1485 303 nos
1528 261 1700 303 arma
1749 244 2132 303 districtionis
2167 244 2215 298 Α
2243 240 2537 299 abduxit?
2555 245 2663 311 Qui
2685 242 2919 300 dudum
2933 244 3177 300 concitis
3196 242 3497 311 gressibus
3523 243 3794 299 certatim
3821 244 3892 299 ad

489 344 859 404 convertens,
884 340 942 390 et
967 339 1029 390 ut
1051 335 1245 391 lutum
1274 335 1607 407 platearum
1639 335 1891 391 dominii
1924 334 2134 407 planc-

490 431 553 483 tu
580 424 962 493 contribulat,
1012 424 1423 496 quorumdam
1478 425 1954 482 Christianorum
2008 425 2137 495 ejus

490 513 737 586 optioni,
766 512 1018 583 favente,
1052 512 1319 584 nequitia
1364 512 1433 584 (si
1466 518 1666 570 tamen
1697 512 2036 579 Christiani,
2083 516 2137 567 et

490 618 612 657 non
642 601 839 671 magis
867 601 1124 674 operarii
1155 601 1486 674 iniquitatis
1512 601 1858 675 appellandi
1881 600 2136 673 sint)qui

492 694 554 747 ut
580 689 956 763 privilegium
986 695 1004 718 '
1036 690 1439 763 chirographa
1469 691 1746 762 exigendi
1807 690 2132 756 obtineant,

487 783 706 835 sortem
738 779 973 835 Domini
1003 778 1395 853 fideliumque
1421 786 1783 837 conventum
1817 797 1928 836 suo
1978 778 2138 834 vadi-

487 866 693 923 monio
716 867 811 923 vel
858 867 1104 923 crimine
1127 883 1165 924 a
1190 882 1330 937 rege
1361 873 1719 939 mercantes,
1770 865 2138 941 importabili

486 972 704 1016 census
734 975 915 1017 onere
936 958 1089 1017 colla
1114 965 1446 1031 aggravant
1473 960 1855 1027 miserorum,
1872 959 2138 1033 quotidie

486 1048 725 1120 plebem
776 1049 1009 1106 Domini
1066 1050 1468 1121 pessimautes
1516 1067 1529 1106 :
1588 1049 1690 1106 illa
1735 1049 2137 1123 proculdubio

486 1137 784 1210 plecteudi
812 1138 872 1193 in
902 1137 1169 1194 futurum
1211 1138 1523 1208 sententia,
1563 1154 1699 1211 quas
1742 1138 1952 1194 talium
2001 1153 2139 1194 con-

486 1226 785 1283 demnans
808 1242 1113 1294 excessus,
1140 1227 1253 1284 ait:
1290 1228 1367 1282 Et
1398 1230 1505 1299 qui
1533 1229 1862 1297 pessimam
1902 1227 2137 1296 plebem

488 1322 672 1377 tuam.
704 1316 1010 1372 inveniant
1064 1317 1460 1385 perditionem
1512 1316 1721 1387 (Eccli.
1778 1332 1970 1385 xxxvr,
2030 1315 2135 1386 ll).

487 1403 715 1470 Quibus
738 1403 943 1476 utique
968 1405 1305 1460 secundum
1332 1405 1594 1462 veritatis
1632 1404 1893 1460 edictum
1913 1403 2138 1461 felicius

487 1497 614 1548 erat
641 1493 902 1564 gravatis
930 1494 1232 1549 molarum
1259 1493 1525 1567 pondere
1552 1493 1803 1550 collibus
1834 1492 2136 1566 profundo

2243 334 2718 404 expugnandum
2748 334 3170 404 dogmatistem
3196 338 3470 389 nostrum
3496 337 3893 395 occurrentes,

2245 420 2449 477 debita
2477 422 2697 479 ultione
2728 422 3023 496 perempti
3053 427 3227 490 sunt;
3265 437 3428 477 nunc
3470 421 3692 483 adsint,
3740 437 3895 477 nunc

2242 510 2504 577 veniant,
2528 511 2710 570 modo
2733 516 3069 584 properent.
3105 511 3152 567 si
3194 510 3476 567 divinitus
3514 510 3813 583 inspirati,
3834 511 3899 566 il~

2241 598 2347 655 lud
2373 599 2435 656 in
2466 600 2704 658 veritate
2732 605 3094 657 conservant
3139 604 3470 658 certamen.

2896 726 3127 785 CAPUT
3155 728 3244 783 VII

2742 836 2827 891 De
2852 835 3118 891 Fandila
3146 840 3435 904 martyre.

2321 943 2368 994 l.
2395 942 2545 995 Dum
2573 955 2622 996 ei
2640 956 2716 1009 go
2742 940 2803 996 in
2826 957 2938 997 nos
2965 941 3386 1013 hujuscemodi
3412 939 3788 997 irrisionibus
3817 939 3908 994 in-

2245 1028 2552 1097 sultarent,
2577 1034 2634 1085 ct
2676 1030 2790 1086 hoc
2819 1029 3062 1087 deludio
3100 1037 3367 1087 nostram
3419 1045 3572 1103 pene
3611 1043 3906 1085 consum-

2243 1120 2469 1173 matam
2501 1117 2775 1174 cladibus
2803 1119 3116 1190 fatigarent
3167 1119 3492 1189 miseriam,
3552 1116 3913 1174 adolescens

2244 1205 2497 1276 quidam
2528 1206 2789 1274 Fandila,
2814 1208 3083 1278 ephebus
3104 1213 3346 1280 aspectu
3379 1207 3652 1273 decorus,
3686 1206 3915 1261 hones-

2248 1297 2362 1349 tate
2394 1294 2523 1349 vita:
2550 1294 2903 1366 probabilis,
2950 1300 3193 1352 sanctus
3225 1300 3281 1351 et
3309 1296 3619 1352 timoratus
3650 1294 3912 1366 presby-

2248 1384 2334 1437 ter
2363 1382 2515 1439 inter
2556 1382 2667 1438 has
2718 1385 2912 1439 caedes
2964 1398 3240 1457 saevaque
3280 1380 3627 1440 discrimina
3674 1382 3910 1438 ostium

2247 1471 2598 1544 aditumque
2628 1472 2859 1545 primus
2892 1472 3203 1529 exercendi
3234 1473 3590 1545 martyrium
3638 1473 3752 1527 sub
3795 1472 3917 1526 hu-

487 1560 696 1651 mergi,
727 1598 912 1654 quam
948 1586 1110 1638 tanto
1131 1560 1546 1654 pusillanimes
1574 1560 1907 1655 perturbari
1966 1596 2137 1637 scan-
2169 1591 2213 1644 Β
2242 1560 2345 1655 lu?
2372 1561 2611 1655 ίΥΓεΠΨί
2635 1567 2651 1590 ⁶
2683 1562 2990 1655 ΡπίνίῙθΒίφ
3020 1561 3327 1655 Ρδιίξέῖθοξη-
3357 1561 3457 1616 Ηίο
3493 1560 3800 1655 ξξᾶίῐυθμζί)
3832 1577 3912 1616 ex

487 1669 626 1726 dalo
647 1671 888 1741 (Matth.
923 1686 1099 1741 xvm,
1132 1674 1208 1742 6),
1242 1675 1347 1728 aut
1394 1675 1627 1728 tantam
1660 1672 1779 1728 vim
1810 1670 1975 1741 gregi
2003 1686 2137 1743 par-

486 1774 564 1814 vo
593 1758 931 1831 inferre,cui
952 1760 1107 1816 Patri
1130 1759 1275 1816 dare
1296 1775 1551 1828 regnum
1581 1759 1944 1832 complacuit
1970 1760 2135 1830 (Luc.

487 1863 583 1916 xu,
616 1850 736 1919 32):
768 1848 833 1904 in
861 1864 1120 1921 quorum
1165 1854 1494 1922 conspectu
1535 1852 1687 1906 Deus
1731 1862 1854 1906 non
1884 1852 1992 1919 est,
2023 1852 2080 1904 et
2103 1864 2139 1904 a

485 1952 749 2009 quorum
775 1937 992 1994 intuitu
1016 1937 1246 2010 judicia
1276 1938 1379 1995 Dei
1430 1938 1669 1995 sublata
1698 1943 1857 1994 sunt.
1892 1939 2138 2009 Semper

486 2026 694 2096 invidi,
718 2041 956 2100 semper
984 2028 1428 2101 iniqui,ubique
1483 2028 1795 2096 malitiosi;
1828 2028 1892 2085 in
1919 2027 2137 2085 altern-

486 2117 645 2170 trum
673 2114 968 2182 iracundi,
1003 2115 1064 2171 in
1106 2115 1363 2172 aliorum
1411 2116 1722 2174 eversione
1762 2114 2019 2190 paciﬁci,
2076 2116 2138 2171 in

486 2202 1099 2261 confaaderationibus
1127 2203 1391 2272 inﬁdi,in
1417 2205 1970 2277 conspirationibus
1999 2220 2139 2260 con-

484 2292 603 2360 citi,
634 2291 697 2348 in
726 2292 1230 2351 circumventione
1257 2294 1495 2364 versuti,
1519 2293 1582 2350 in
1617 2298 1915 2366 apparatu
1940 2292 2142 2350 noxie-

486 2382 622 2440 tatis
655 2383 951 2456 aptissimi
989 2399 1102 2457 pro
1130 2401 1193 2441 se
1236 2385 1496 2442 invicem
1552 2385 1866 2458 disparati,
1899 2384 1973 2441 ad
2007 2399 2141 2457 per-

488 2471 759 2529 dendum
783 2478 1030 2530 caeteros
1053 2473 1324 2541 adunati,
1341 2473 1855 2546 addecipiendum
1883 2472 2139 2540 excitati,

485 2560 567 2617 ad
592 2560 1003 2619 miserandum
1035 2563 1189 2635 pigri
1214 2581 1228 2631 ;
1250 2562 1312 2619 in
1342 2563 1576 2620 incessu
1603 2563 1835 2633 tumidi,
1857 2562 1917 2618 in
1944 2578 2139 2618 asser-

486 2649 646 2706 tione
674 2651 939 2724 superbi,
984 2652 1069 2708 im
1117 2652 1519 2725 promissione
1570 2651 1757 2718 dubii,
1791 2651 1853 2706 in
1894 2651 2138 2708 datione

485 2740 675 2811 avari,
703 2740 765 2798 in
791 2741 1107 2811 largitione
1128 2742 1318 2814 parci,
1357 2742 1421 2798 in
1470 2741 1819 2813 acceptione
1849 2740 2032 2797 avidi.
2075 2740 2137 2798 ld

484 2829 898 2902 promittentes
940 2829 1109 2902 quod
1147 2830 1281 2887 dari
1322 2833 1609 2903 nequeat:
1661 2829 1723 2886 id
1766 2829 2137 2887 conferentes

483 2934 609 2991 quo
634 2918 876 2976 fruinon
898 2918 1090 2989 liceat;
1117 2918 1225 2992 qui
1238 2935 1362 2976 non
1390 2918 1715 2986 dormiunt,
1756 2918 1874 2975 nisi
1897 2918 2140 2975 malefe-
2168 2946 2209 2998 ο

484 3007 891 3080 cerint(Prov.
920 3024 998 3077 IV,
1033 3009 1143 3081 16),
1164 3012 1223 3066 et
1245 3022 1611 3079 consurgere
1642 3007 1722 3064 ad
1758 3007 2136 3081 iniquitatem

483 3096 800 3165 festinant;
837 3096 941 3170 qui
970 3096 1246 3154 laetantur
1265 3114 1405 3155 cum
1433 3097 1590 3154 male
1618 3097 1882 3168 fecerint,
1905 3102 1964 3153 et
1978 3097 2135 3154 exul-

484 3188 612 3242 tant
635 3186 699 3243 in
727 3186 909 3244 rebus
955 3188 1234 3259 pessimis
1273 3188 1447 3255 Ubid.
1488 3203 1547 3254 ιι,
1600 3188 1716 3259 lt);
1774 3190 1832 3244 et
1886 3204 2028 3244 cum
2073 3202 2137 3243 se

482 3274 846 3332 Christianos
875 3291 1003 3331 esse
1032 3278 1437 3348 pronuntient,
1470 3277 1771 3333 Christum
1793 3277 2058 3349 quotidie
2072 3276 2135 3333 in

481 3362 769 3418 membris
794 3364 924 3433 ejus
980 3365 1357 3434 crucifigunt,
1387 3363 1553 3421 Iudae
1598 3365 1918 3437 proditoris
1947 3366 2132 3423 docu-

481 3455 685 3504 menta
712 3455 1029 3519 sectantes,
1076 3452 1179 3523 qui
1214 3457 1667 3523 praeceptorem,
1698 3454 1987 3510 venaliter
2016 3455 2128 3510 dis-

483 3535 774 3591 trahendo
806 3537 1113 3609 pecunias,
1159 3538 1539 3609 cruciﬂgens,
1589 3540 1703 3596 sibi
1749 3542 1997 3614 quidem
2048 3538 2126 3598 la-

478 3638 706 3696 queum
736 3622 1087 3696 perditionis
1110 3624 1333 3697 eﬂodit,
1384 3627 1618 3683 mundo
1647 3632 1851 3685 autem
1887 3629 2129 3687 liberta-

477 3718 599 3770 tem
620 3712 886 3772 debitam
915 3716 1182 3773 contulit.
1226 3716 1292 3773 Hi
1330 3732 1476 3776 vero
1502 3734 1565 3774 se
1613 3718 1809 3776 eidem
1850 3720 2127 3795 incorpo-

477 3806 699 3875 rantes,
747 3819 888 3861 cum
912 3804 1255 3878 redemptos
1286 3807 1419 3878 ejus
1469 3808 1694 3865 crudeli
1745 3811 2130 3868 accusatione

478 3892 773 3964 afﬂigunt,
799 3897 857 3950 et
884 3894 1075 3967 iquod
1103 3911 1227 3952 non
1257 3895 1385 3953 sine
1409 3898 1577 3967 gravi
1620 3898 1820 3955 cordis
1850 3900 1970 3955 mei
1996 3900 2127 3957 vul-

476 3996 619 4037 nere
647 3981 908 4053 profero)
957 3998 1111 4056 quos
1140 3984 1293 4041 tueri
1341 3985 1695 4055 debuerant,
1740 3988 1885 4061 quia
1915 4006 2128 4046 sumus

476 4071 732 4128 invicem
751 4072 1031 4131 membra
1057 4074 1265 4131 Christi
1285 4076 1522 4146 (Ephes.
1559 4093 1639 4147 IV,
1661 4078 1774 4150 25),
1797 4080 2127 4153 eum(proh

477 4158 650 4216 dolor
674 4160 715 4231 ι)
743 4175 965 4233 negare
987 4163 1375 4236 compellunt.
1620 4157 1626 4163 ’

1118 4288 1345 4346 CAPUT
1396 4291 1463 4346 Vl
1471 4334 1482 4346 .

508 4454 513 4455 ί
574 4392 660 4449 De
688 4392 1078 4453 insultatione
1090 4410 1416 4466 procerum
1459 4404 1672 4457 contra
1696 4408 2017 4472 martyres.

546 4499 646 4555 His
676 4498 912 4557 interim
940 4500 1393 4559 imminentibus
1410 4504 1601 4573 malis,
1627 4511 1686 4561 et
1704 4506 2125 4578 hujuscemodi

474 4588 762 4645 aerumnis
787 4590 1050 4648 Ecclesia
1079 4592 1420 4665 vapulante,
1446 4593 1645 4650 ferunt
1665 4595 1745 4652 ob
1777 4596 1893 4652 hoc
1921 4613 2125 4669 regem

472 4676 700 4748 ingenti
716 4679 1094 4752 crapulatum
1112 4679 1333 4750 laetitia,
1348 4681 1645 4755 ampliora
1662 4684 1941 4742 ﬁdelibus
1956 4703 2126 4744 scan-

473 4765 615 4823 dala
641 4766 1046 4838 irrogaturum
1075 4785 1136 4825 se
1165 4770 1528 4843 promittere,
1561 4777 1638 4841 et,
1662 4776 1727 4831 ut
1753 4774 1938 4831 alibih
1956 4779 2123 4833 taxa-

473 4858 602 4910 tum
632 4858 748 4924 est,
775 4855 910 4912 dira
935 4856 1362 4931 incursatione,
1402 4860 1800 4937 molestiaque
1841 4866 2124 4923 contritu-

473 4955 632 5011 rum,
662 4941 713 4996 si
734 4944 1130 5002 commodum
1162 4948 1458 5018 regnandi
1507 4967 1855 5010 successum
1901 4954 2127 5012 diutius

473 5027 803 5097 obtineret;
828 5029 982 5087 adeo
1010 5036 1077 5089 ut
1096 5032 1365 5108 plerique
1392 5054 1713 5110 procerum
1763 5042 1909 5097 olim
1957 5043 2126 5100 dece-

472 5114 743 5172 dentium
764 5122 1102 5191 martyrum
1123 5121 1566 5183 subsannantcs
1586 5128 2122 5199 constantiam,no-

471 5205 565 5261 bis
590 5204 894 5263 referrent:
922 5209 1051 5274 Quo
1080 5227 1243 5268 nunc
1277 5213 1423 5272 abiit
1444 5215 1549 5273 illa
1575 5221 1908 5272 vestrorum
1938 5217 2124 5277 virtus

472 5295 888 5365 agonistarum
908 5298 935 5354 ?
952 5313 1076 5371 quo
1097 5301 1329 5373 aufugit
1349 5303 1819 5376 magnanimitas
1838 5306 1866 5361 ‘I
1884 5322 2009 5378 qua
2019 5308 2125 5365 ab-

472 5387 633 5440 sorta
662 5385 964 5441 temeritas
983 5386 1302 5472 delitescit?
1318 5390 1423 5446 ubi
1444 5407 1507 5446 se
1531 5395 1813 5447 enervata
1838 5392 2121 5453 fortitudo

541 5495 561 5517 '
592 5490 713 5571 ljoc
740 5496 849 5571 est,
882 5494 1207 5571 ut‘tributis
1233 5513 1339 5569 per
1368 5496 1775 5569 chirographa
1808 5500 2118 5571 exigendis

468 5560 929 5635 praeﬁcerentur.
964 5566 1183 5623 Mean.

2250 1648 2398 1706 urbe
2426 1650 2710 1707 Accitano
2740 1652 3087 1724 progenitus
3114 1652 3458 1709 Cordubam
3473 1650 3747 1708 discendi
3769 1665 3914 1720 gra-

2248 1738 2330 1795 tia
2355 1739 2622 1810 veniens,
2654 1744 2843 1797 totam
2883 1756 3037 1813 pene
3082 1741 3461 1814 pubertatem
3508 1740 3735 1797 ibidem
3785 1742 3912 1797 sub

2247 1828 2565 1900 paedagogi
2596 1828 2914 1887 traditione
2944 1846 3262 1903 peragens,
3294 1830 3607 1887 confestim
3637 1835 3706 1886 ut
3763 1831 3916 1886 ado-

2245 1915 2592 1973 lescentiam
2623 1918 2791 1989 adiit,
2834 1920 3171 1978 monastica
3213 1919 3546 1999 oblectatus
3582 1935 3911 1977 conversa-

2246 2006 2428 2077 tione,
2458 2006 2614 2063 illico
2646 2008 2960 2064 monachis
2991 2026 3056 2065 se
3114 2009 3233 2065 Deo
3270 2009 3491 2081 iugiter
3541 2009 3912 2066 militaturus

2246 2095 2582 2152 admiscuit.
2618 2097 2728 2162 Qui
2758 2097 3058 2171 aliquibus
3074 2097 3219 2154 locis
3237 2098 3570 2171 peragratis
3587 2114 3661 2154 ac
3687 2099 3909 2155 demu-

2248 2186 2404 2253 tatis,
2432 2187 2492 2242 in
2521 2187 2743 2259 quibus
2781 2187 2999 2245 ardens
3039 2188 3259 2244 devota
3313 2204 3483 2245 mens
3528 2189 3908 2261 requiescere

2247 2291 2371 2331 non
2400 2280 2653 2348 poterat,
2682 2276 2889 2333 ultimo
2918 2278 2989 2348 (2)
3008 2294 3070 2334 se
3098 2277 3160 2333 in
3189 2276 3538 2334 Tabanense
3554 2277 3906 2334 coenobium

2248 2364 2516 2420 contulit.
2548 2364 2633 2420 lbi
2653 2363 3009 2437 aliquandiu
3031 2365 3145 2422 sub
3173 2364 3434 2436 regulari
3458 2364 3767 2439 disciplina
3800 2366 3905 2422 vel

2248 2452 2539 2521 regimine
2564 2452 2804 2510 abbatis
2834 2454 3060 2511 Martini
3088 2454 3438 2523 demorans,
3481 2453 3783 2527 perfectius
3822 2455 3895 2509 in

2248 2541 2458 2598 timore
2484 2542 2720 2598 Domini
2742 2542 2973 2599 claruit.

2318 2634 2371 2688 2.
2406 2633 2473 2686 Et
2521 2631 2813 2703 quoniam
2843 2649 3097 2689 summas
3135 2632 3484 2690 humilitatis
3533 2646 3900 2703 magnasque

2246 2718 2603 2776 obedientia:
2632 2725 2777 2784 erat,
2799 2721 3022 2779 idcirco
3043 2722 3233 2792 gratia
3263 2723 3606 2793 sanctitatis,
3633 2736 3755 2794 qua
3771 2737 3909 2777 cm-

2245 2809 2385 2866 litus
2411 2810 2763 2881 refulgebat,
2794 2811 2899 2867 diu
2922 2811 3387 2886 implorantibus
3430 2829 3501 2869 ao
3546 2810 3911 2882 rogantibus

2247 2900 2562 2957 monachis
2589 2900 2845 2958 coenobii
2891 2902 3083 2959 sancti
3131 2902 3474 2971 Salvatoris,
3517 2901 3681 2975 quod
3726 2899 3913 2957 haud

2245 2988 2457 3061 procul
2513 3006 2552 3045 a
2580 2989 2815 3047 civitate
2844 2990 3137 3048 Cordubae
3181 2991 3243 3048 in
3271 2995 3440 3064 parte
3483 2989 3916 3065 septentrionis

2244 3078 2325 3135 ad
2354 3078 2618 3136 radicem
2649 3078 2895 3136 Hellaris
2923 3079 3231 3153 pinnaculi
3271 3080 3450 3137 situm
3497 3086 3603 3146 est,
3650 3078 3729 3135 ad
3764 3078 3917 3135 ofﬁ-

2243 3167 2405 3224 cium
2436 3168 2806 3225 sacerdotale
2834 3168 3180 3241 prmelectus
3206 3169 3387 3225 invite
3424 3173 3480 3225 et
3510 3172 3598 3237 (ut
3622 3169 3702 3225 ita
3729 3167 3914 3224 dixe-

2241 3257 2382 3329 rim)
2411 3257 2697 3316 violenter
2723 3258 3014 3315 instantia
3044 3258 3133 3316 vel
3150 3258 3504 3331 praejudicio
3534 3257 3766 3315 abbatis
3802 3259 3915 3314 sui

2242 3350 2518 3403 sanctum
2540 3344 2934 3404 ministerium
2956 3348 3226 3421 suscipit,
3250 3353 3305 3405 et
3336 3347 3722 3404 nihilominus
3732 3346 3823 3416 jej
3838 3364 3909 3403 u-

2239 3435 2500 3506 niorum,
2528 3436 2891 3508 vigiliarum,
2922 3437 3387 3509 orationumque
3425 3436 3599 3494 solito
3633 3450 3915 3508 propen-

2241 3524 2365 3580 sius
2404 3524 2642 3582 labores
2683 3526 3018 3596 adaugens,
3050 3525 3326 3582 ambulat
3347 3524 3424 3581 de
3451 3525 3659 3582 virtute
3686 3525 3747 3580 in
3777 3525 3915 3582 vir-

2237 3616 2427 3670 tutem
2446 3613 2686 3670 visurus
2710 3614 3032 3671 Dominum
3061 3614 3123 3671 in
3142 3615 3304 3682 Sion,
3329 3614 3504 3671 scalis
3539 3612 3911 3672 meritorum

2237 3704 2604 3775 evectus.Cuj
2615 3720 2683 3759 us
2702 3703 3109 3760 venerabilem
3126 3704 3314 3761 vitam
3329 3703 3670 3776 cunctisque
3686 3718 3911 3760 neces-

2236 3792 2394 3850 sario
2405 3791 2753 3849 imitabilem
2768 3792 3452 3865 conversationem,cum
3467 3791 3690 3849 affatim
3700 3790 3909 3862 digno

2234 3879 2488 3937 laudum
2532 3882 2836 3955 praeconio
2859 3882 3214 3939 eorumdem
3235 3881 3485 3939 fratrum
3523 3885 3699 3954 atque
3723 3896 3908 3939 soro-

2234 3987 2391 4039 rum,
2409 3969 2630 4044 quibus
2649 3970 3214 4044 praserat,relatione
3235 3970 3569 4044 pandatur;
3592 3984 3657 4025 eo
3678 3972 3906 4027 tamen

2234 4060 2718 4131 magniﬁcentius
2753 4059 3110 4132 declaratur,
3132 4076 3255 4133 quo
3290 4058 3756 4117 ﬂorentissimam
3781 4057 3903 4127 ju-

2236 4153 2536 4205 ventutem
2582 4148 2786 4205 animo
2821 4148 3156 4206 robustiore
3185 4148 3648 4221 transgrediens,
3676 4145 3899 4217 gladio

2234 4236 2564 4309 martyriali
2592 4252 2715 4293 non
2741 4241 3053 4295 cunctatus
3082 4238 3257 4296 fuerit
3285 4237 3565 4296 subdere.

2158 4301 2204 4355 D
2305 4330 2360 4384 3.
2391 4301 2601 4397 igitur,
2632 4327 2954 4384 comitante
3007 4328 3207 4402 ipsum
3253 4327 3613 4401 perfectione
3652 4326 3907 4384 timoris

2235 4415 2492 4488 Domini,
2524 4432 2663 4473 cum
2692 4416 2900 4473 omnia
2947 4421 3180 4475 terrena
3233 4418 3569 4491 despiciens
3618 4420 3905 4473 mentem

2233 4505 2383 4561 caelo
2423 4506 2833 4578 suspenderet,
2885 4512 3248 4580 cuperetque
3301 4506 3549 4563 dissolvi
3580 4503 3797 4561 melius
3845 4513 3910 4564 et

2233 4610 2371 4650 cum
2402 4595 2630 4651 Christo
2652 4611 2919 4666 manere,
2943 4612 3130 4669 quam
3158 4596 3341 4653 rebus
3366 4597 3589 4653 haerere
3617 4594 3905 4663 caducis;

2231 4685 2394 4758 quod
2402 4701 2503 4741 am
2519 4684 2617 4741 die
2630 4684 2950 4741 obﬁrmato
2970 4684 3140 4742 vultu
3150 4682 3339 4757 judici
3359 4690 3584 4751 astans,
3602 4682 3913 4759 praedicat

2233 4774 2639 4846 Evangelium,
2692 4774 3067 4847 impudicum
3116 4774 3437 4847 exprobrat
3484 4778 3703 4840 vatem,
3764 4789 3909 4831 coe-

2232 4869 2484 4939 tumque
2552 4865 2748 4923 noxias
2822 4865 3236 4922 combinatum
3310 4866 3558 4923 culturas
3632 4864 3911 4937 pallori-

2231 4953 2347 5010 bus
2403 4954 2542 5022 (nisi
2570 4954 2927 5027 resipiscens
2969 4955 3202 5027 pietatis
3230 4954 3414 5012 ﬁdem
3449 4954 3913 5029 apprehendat)

2231 5042 2540 5099 ultricibus
2570 5043 2856 5100 luiturum
2896 5059 3208 5117 paenarum
3255 5044 3550 5101 incendiis
3598 5046 3915 5117 protesta-

2230 5134 2345 5187 tur.
2374 5130 2519 5187 Hinc
2546 5148 2781 5189 carcere
2824 5136 3049 5201 trusus,
3099 5138 3159 5190 et
3213 5133 3470 5189 vinculis
3525 5135 3908 5203 coarctatus,

2228 5218 2533 5276 latronum
2582 5221 3000 5279 mansionibus
3028 5221 3329 5292 alligatur,
3359 5221 3675 5296 principali
3726 5228 3909 5295 post-

2229 5306 2481 5366 modum
2514 5313 2805 5367 sententia
2827 5311 3241 5368 decollandus.

2299 5402 2352 5454 4.
2378 5399 2550 5464 Quod
2571 5399 2793 5456 factum
2811 5399 2997 5469 judex
3027 5401 3191 5471 regio
3217 5400 3479 5457 iutimari
3502 5400 3739 5456 auditui
3760 5417 3903 5460 non

2300 5506 2564 5580 {Supra
2595 5523 2727 5580 ϐαρ.
2765 5511 2814 5563 i-

2302 5573 2319 5595 °
2341 5573 2561 5635 Videsis
2580 5573 2709 5670 not.
2740 5578 2851 5636 sub
2880 5593 3049 5637 num.
3084 5586 3139 5650 7,
3164 5579 3268 5637 lib.
3302 5597 3341 5637 ι.
