4140 6188
1263 141 1693 221 maneamus
1735 158 2171 222 SANOI‘ORUM.
2216 193 2283 204 -
2327 163 2457 220 us.
2500 164 2590 220 ιιι.

3538 167 3641 221 sos
3695 239 3702 244 .

213 290 519 354 differens,
549 288 894 344 accenditur
922 289 1056 357 igne
1088 287 1303 344 furoris
1327 289 1624 350 immensi.
1651 293 1707 344 et
1727 303 1874 360 quo-
1906 285 1954 342 Α
1987 287 2310 360 suppliciis,
2339 291 2395 344 et
2424 301 2584 343 nunc
2615 287 2746 343 veni
2777 289 3008 358 partem
3049 285 3155 342 tibi
3191 287 3482 358 purpurei
3515 301 3643 344 mu-

209 379 358 434 dam
383 377 693 432 hebetatus
718 379 963 432 horrore
985 377 1234 432 miratur
1256 377 1698 449 stupidus,qu
1721 381 1880 431 esset

211 467 316 522 illa
331 465 540 522 victrix
562 465 836 534 audacia,
855 480 991 537 quas
1009 471 1106 521 tan
1117 471 1185 521 tte
1211 465 1414 535 glorise
1435 479 1553 522 non
1573 465 1880 538 expaverit

210 571 440 626 regem,
460 560 702 628 tamque
726 554 980 611 sublime
996 555 1258 611 vanitate
1281 559 1336 611 et
1363 556 1648 628 superbia
1677 557 1878 627 caput,

212 651 398 717 atque
425 646 508 714 (ut
531 659 594 698 se
619 643 894 716 putabat)
918 658 1097 716 super
1113 644 1319 700 omnia
1343 643 1640 700 excellens
1664 644 1881 700 talibus

213 749 341 791 non
366 733 712 790 reverentiae
755 733 1002 790 ausibus
1043 733 1439 806 propulsaret.
1476 733 1882 799 Quamobrem

213 823 433 881 eodem
494 827 804 878 momento
863 823 978 878 sub
1037 837 1182 879 voce
1236 822 1477 879 terribili
1531 823 1882 896 episcopum

211 911 981 995 comprehendbdecernit;
1016 912 1120 967 sed
1158 912 1310 984 ipse,
1353 911 1510 981 fuga;
1542 915 1882 986 praeventus

211 1002 486 1060 remedio
513 1001 798 1057 salvetur.
835 1004 982 1057 Nam
1011 1001 1205 1057 ferunt
1229 1001 1358 1072 jam
1394 1006 1532 1056 tunc
1554 1018 1692 1057 eum
1722 1000 1886 1056 nulla

211 1090 620 1147 intercedente
648 1089 935 1145 dilatione
967 1090 1179 1162 punire
1210 1089 1577 1146 decreverat.
1619 1090 1888 1145 Jusserat

218 1182 400 1237 etiam
442 1195 653 1236 omnes
683 1179 1052 1236 Christianos
1107 1179 1366 1249 generali
1419 1179 1709 1235 sententia
1753 1195 1885 1252 per-

221 1271 385 1334 dere,
453 1268 825 1340 feminasque
877 1268 1122 1340 publico
1180 1269 1464 1324 distractu
1522 1268 1884 1340 disperdere,

228 1363 446 1430 praeter
475 1371 579 1413 eos
608 1357 711 1429 qui
745 1362 946 1430 spreta
994 1356 1277 1427 religione
1317 1357 1392 1413 ad
1439 1357 1663 1412 cultum
1711 1371 1889 1411 suum

219 1447 602 1502 diverterent.
641 1449 705 1500 Et
728 1446 839 1501 nisi
861 1445 974 1501 hoc
996 1445 1258 1501 edictum
1279 1446 1554 1500 consultu
1579 1449 1888 1517 satrapum

222 1539 616 1607 quassaretur
639 1534 763 1605 (qui
786 1549 896 1606 pro
921 1549 993 1590 eo
1016 1533 1180 1605 quod
1205 1533 1403 1588 nullus
1427 1533 1687 1606 sapiens,
1710 1545 1888 1587 nemo

1987 378 2143 433 neris
2173 378 2350 447 hujus
2391 378 2677 433 conferre.
2721 377 2934 449 Accipe
2965 375 3156 431 libens
3201 376 3542 446 donarium,
3588 386 3646 433 et

1987 465 2227 522 viriliter
2256 482 2366 536 age
2391 466 2451 522 in
2484 466 2736 522 Domino
2765 485 2776 534 ;
2805 480 2947 522 nam
2975 464 3255 537 reliquias
3284 481 3558 522 rosarum
3590 471 3646 522 et

1988 554 2265 622 liliorum,
2302 572 2456 628 quas
2492 557 2549 611 in
2602 555 2884 612 manibus
2933 569 3129 624 servo,
3182 559 3318 623 post
3347 560 3400 612 te
3429 572 3502 611 ex
3531 557 3644 612 hoc

1988 644 2122 700 loco
2149 644 2364 700 datura
2391 659 2522 700 sum
2557 644 2918 715 migraturis.
2965 662 2993 695 s
3035 643 3158 700 Tali
3187 643 3446 717 denique
3478 641 3645 715 virgo

1991 733 2395 789 sacratissima
2449 734 2576 789 visu
2634 749 2703 790 ac
2760 747 3006 789 munere
3059 732 3374 803 illustrata,
3430 750 3566 790 cum
3615 749 3646 790 e

1990 822 2233 878 dextera
2271 821 2664 894 colloquentls
2707 835 2909 878 rosam
2955 820 3298 894 susciperet,
3346 821 3499 878 ruris
3538 821 3645 879 ad-

1992 912 2168 967 mista
2197 910 2538 967 caelestibus
2561 911 2638 966 ab
2665 910 2852 966 oculis
2883 911 3164 967 intuentis
3195 911 3552 968 elevabatur.

2064 1005 2114 1056 3.
2146 999 2281 1055 Haec
2310 1004 2512 1056 autem
2545 999 2765 1072 puella,
2797 1014 2936 1055 cum
2974 1015 3084 1072 pro
3126 1016 3368 1057 summa
3407 1001 3646 1058 humili-

1993 1092 2110 1145 tate
2141 1093 2319 1162 atque
2348 1088 2690 1144 Obedientia
2719 1089 2869 1144 inter
2885 1088 3315 1158 convirginales
3346 1090 3555 1147 ultima
3585 1107 3647 1147 se

1991 1179 2304 1249 judicaret,
2341 1183 2618 1250 essetque
2658 1177 3115 1250 incomparabili
3145 1184 3442 1251 apparatu
3473 1179 3647 1236 obse-

1996 1267 2332 1333 cundatrix,
2365 1279 2703 1339 numquam
2747 1270 2944 1322 tamen
2979 1266 3267 1339 appellari
3295 1284 3356 1322 sc
3395 1267 3648 1338 Dignam

1995 1355 2353 1428 patiebatur,
2380 1355 2738 1427 dicebatque
2768 1370 2906 1410 cum
2937 1354 3219 1426 lacrymis
3249 1357 3327 1423 (5)
3362 1373 3373 1410 :
3406 1378 3433 1405 ιι
3467 1355 3650 1412 Nolite

1997 1461 2093 1500 me
2138 1445 2384 1515 Dignan:
2437 1459 2670 1511 vocare,
2718 1443 2822 1498 sed
2873 1443 3066 1514 magis
3108 1440 3462 1516 Indignam;
3507 1443 3652 1518 quia

1997 1535 2168 1606 cujus
2199 1534 2391 1589 meriti
2420 1549 2555 1588 sum
2586 1533 2764 1589 etiam
2797 1533 3040 1588 nomine
3069 1532 3260 1589 debeo
3290 1533 3578 1604 insigniri.
3624 1553 3650 1584 ν»

231 1624 529 1692 urbana,
561 1622 882 1695 nullusque
911 1637 1230 1695 procerum
1273 1621 1743 1677 Christianorum
1782 1620 1889 1674 hu-
1922 1639 1961 1697 Β
1999 1626 2065 1679 Et
2095 1637 2234 1678 cum
2265 1637 2301 1678 a
2339 1622 2436 1679 die
2469 1622 2847 1679 revelationis
2880 1635 3025 1691 sure,
3058 1638 3263 1678 amore
3293 1627 3656 1695 compuncta

223 1713 567 1786 juscemodi
606 1727 734 1768 rem
780 1715 1198 1786 perpetrasset,
1239 1711 1460 1768 idcirco
1503 1727 1625 1768 non
1672 1710 1890 1767 debere

229 1804 545 1859 universos
591 1802 883 1874 perimere
933 1801 1300 1867 asserebant,
1347 1817 1502 1874 quos
1546 1817 1668 1857 non
1722 1801 1891 1874 praeit

227 1892 564 1965 personalis
591 1892 714 1947 dux
754 1891 832 1947 ad
866 1891 1197 1964 praelium);
1229 1900 1253 1926 ι
1284 1891 1497 1947 exhinc
1537 1891 1715 1946 credo
1761 1892 1890 1962 jam

230 1983 502 2038 funditus
539 1981 1056 2037 Christianismum
1097 1985 1368 2036 nostrum
1407 1980 1624 2052 partim
1665 1979 1888 2048 gladio,

225 2074 448 2144 partim
499 2071 993 2144 prtevaricatione
1033 2069 1437 2140 exstingueret
1483 2070 1581 2140 (3).
1637 2068 1892 2124 Fortissi-

228 2178 400 2218 mum
443 2177 586 2217 vero
630 2160 910 2216 athletam
952 2159 1150 2228 gladio
1197 2159 1577 2225 interﬁciens,
1624 2157 1892 2230 patibulo

229 2251 387 2307 ultra
416 2266 657 2307 amnem
691 2247 976 2321 suspendi
1009 2248 1307 2321 praecepit.

857 2409 1085 2464 CAPUT
1123 2411 1260 2464 Vlll.

311 2541 483 2596 Gesta
513 2537 840 2603 Anastasii,
881 2537 1097 2593 Felicis
1132 2540 1186 2592 et
1216 2535 1429 2607 Digna?
1459 2540 1816 2604 martyrum.

315 2684 361 2738 ι.
396 2685 585 2748 Quem
623 2695 881 2752 sequens
929 2680 1006 2750 (t)
1047 2679 1164 2736 alio
1208 2678 1302 2734 die
1341 2677 1694 2734 Anastasius
1731 2692 1895 2749 pres-

235 2775 428 2845 byter,
461 2771 565 2844 qui
596 2770 674 2826 ab
705 2770 946 2825 ineunte
974 2773 1146 2825 {etate
1177 2767 1342 2840 apud
1361 2767 1676 2824 basilicam
1704 2767 1896 2823 sancti

237 2863 452 2920 Aciscli
483 2859 888 2920 Cordubensis
915 2857 1246 2932 disciplinis
1277 2862 1334 2914 et
1361 2857 1566 2913 litteris
1602 2858 1892 2926 eruditus,

239 2967 430 3025 usque
459 2951 537 3008 ad
566 2949 812 3023 plenam
837 2949 1212 3018 juventutem
1247 2946 1474 3002 ibidem
1513 2946 1573 3001 in
1615 2945 1897 3002 Diacona—

240 3049 336 3100 tus
367 3041 564 3097 ofﬁcio
584 3040 813 3109 degens
845 3038 890 3104 δ,
922 3039 1247 3110 postquam
1269 3035 1668 3092 monasticam
1687 3034 1894 3106 vitam,

236 3147 367 3204 qua
403 3129 635 3185 dudum
687 3127 882 3183 fuerat
927 3129 1160 3198 spreto°
1189 3124 1518 3180 ministerio
1565 3123 1897 3179 oblectatus

241 3221 343 3290 (2),
386 3218 448 3273 in
493 3217 738 3274 senibus
787 3219 1010 3285 egerat,
1052 3213 1303 3269 demum
1342 3211 1673 3268 sacerdotio
1712 3211 1899 3283 appli-

249 3313 440 3364 catur.
473 3307 708 3362 Concito
741 3320 976 3375 gressu,
1004 3303 1298 3376 palatium
1318 3307 1527 3375 petens
1549 3301 1746 3357 adstat
1765 3315 1902 3356 con-

253 3396 511 3464 sulibus,
569 3396 917 3467 hostemque
969 3393 1110 3448 ﬁdei
1173 3391 1449 3448 veridicis
1506 3390 1903 3447 assertionum

248 3485 513 3542 stimulis
548 3484 778 3545 feriens,
819 3483 1021 3553 gladio
1061 3482 1371 3537 confestim
1413 3480 1736 3546 abscissus,
1779 3495 1905 3534 sus-

243 3573 550 3650 penditur.
576 3573 723 3628 Cum
755 3587 877 3644 quo
905 3576 963 3627 et
989 3570 1151 3626 Felix
1182 3570 1544 3637 monachus,
1577 3585 1649 3623 ex
1679 3567 1904 3640 oppido

245 3662 656 3736 Complutensi
699 3661 1049 3734 progenitus
1088 3660 1189 3731 (3),
1239 3659 1484 3716 natione
1537 3656 1801 3724 Getulus,
1851 3660 1908 3713 et

244 3754 520 3829 quadam
558 3751 882 3809 occasione
912 3751 1016 3806 ind
1046 3748 1314 3806 Asturias
1343 3747 1680 3817 devolutus,
1720 3745 1825 3801 ubi
1852 3750 1910 3802 et

246 3845 436 3901 ﬁdem
499 3841 892 3903 catholicam,
970 3842 1027 3896 et
1099 3837 1450 3907 religionem
1513 3835 1908 3892 monasticam

249 3933 476 4001 didicit,
522 3931 741 3990 eodem
783 3930 884 3987 die
925 3930 1042 3986 hac
1081 3927 1456 4002 professione
1500 3925 1741 3981 decisus
1782 3923 1907 3981 atil-

251 4024 428 4094 gitur.

318 4118 372 4169 2.
443 4115 713 4184 Cumque
779 4109 906 4166 dies
967 4108 1069 4165 illa
1142 4106 1476 4163 maximum
1541 4119 1754 4160 cursus
1819 4103 1911 4160 sui

246 4203 499 4276 expiens
533 4200 931 4266 metabulum,
972 4199 1095 4270 jam
1132 4212 1287 4270 pene
1326 4196 1406 4266 (4)
1454 4193 1514 4249 in
1551 4193 1765 4250 horam
1799 4208 1909 4249 no-

247 4309 396 4348 nam
455 4291 807 4359 divcrgeret,
875 4289 1043 4357 virgo
1105 4285 1389 4359 quaedam
1443 4281 1908 4349 adolescentula,

246 4382 463 4438 merito
511 4384 568 4436 et
608 4378 851 4434 nomine
901 4377 1110 4446 Digna,
1155 4391 1227 4430 ex
1270 4373 1520 4443 collegio
1555 4371 1911 4429 venerabilis
1942 4348 1986 4405 Ῐ)

250 4470 578 4538 Elisabeth,
631 4469 806 4539 cujus
858 4466 1155 4522 rationem
1211 4463 1360 4519 liber
1413 4461 1714 4519 secundus
1761 4460 1913 4516 edis-

252 4561 416 4628 serit,
463 4561 585 4614 Deo
639 4555 939 4613 revelante
985 4559 1043 4611 et
1082 4553 1473 4619 confortante,
1519 4550 1598 4608 ad
1644 4550 1912 4623 palmam

252 4649 570 4722 processit.
610 4646 792 4703 Paulo
830 4659 1095 4717 namque
1139 4647 1276 4699 ante
1317 4641 1673 4712 martyrium
1712 4655 1911 4707 suum,

255 4738 533 4796 assistere
590 4736 703 4793 sibi
757 4750 866 4808 per
914 4733 1222 4789 somnium
1271 4730 1433 4787 videt
1476 4729 1762 4802 puellam,
1815 4729 1917 4784 ba-

258 4827 398 4883 bitu
450 4831 504 4882 et
550 4826 748 4900 specie
795 4826 1212 4896 percomptam
1276 4819 1570 4890 angelico,
1627 4833 1799 4876 rosas
1846 4834 1915 4874 ac

257 4915 388 4972 lilia
415 4931 599 4971 manu
631 4917 988 4986 gestantem.
1021 4915 1216 4977 Quam
1237 4925 1374 4965 cum
1403 4909 1476 4963 :le
1501 4907 1744 4964 nomine
1774 4921 1915 4962 cau-

255 5019 448 5078 saque
478 5005 569 5060 sui
615 5003 952 5076 exploraret
987 4999 1278 5057 adventus
1323 5014 1334 5052 :
1384 5018 1410 5045 «
1465 4999 1585 5066 Ego
1635 5010 1794 5062 sum,
1833 4992 1919 5048 in-

255 5095 406 5167 quit,
455 5093 708 5164 Agatha,
749 5091 892 5148 olim
929 5103 1151 5162 proper
1198 5085 1495 5144 Christum
1533 5084 1677 5140 diris
1725 5082 1921 5139 attrita

333 5248 356 5272 ⁸
387 5238 631 5294 Exhinc
651 5234 950 5309 ponimus
973 5248 1112 5309 cum
1145 5228 1516 5309 tlen‘schenio
1664 5225 1822 5309 diem

259 5309 441 5378 Junii,
473 5297 750 5381 quam‘vis
778 5304 1042 5371 Moralcs,
1078 5302 1470 5366 Schottusque
1506 5297 1841 5366 ediderunt,
1869 5301 1921 5351 et

261 5382 563 5505 l"gallum
602 5449 801 5504 locum
835 5451 1152 5518 sequentes
1183 5441 1628 5518 Henschenium
1653 5439 1736 5518 ad
1765 5437 1923 5518 diem

265 5527 332 5578 14
370 5522 530 5578 Junii
571 5520 653 5575 sic
684 5510 1072 5585 restituimus,
1113 5533 1253 5571 cum
1285 5514 1528 5571 Morales
1553 5516 1609 5566 et
1650 5510 1924 5585 Schottus

262 5593 811 5666 corruptelegant:
843 5593 987 5647 Post
1007 5581 1340 5646 nta-nastzca
1359 5586 1482 5642 vita
1621 5581 1926 5639 iucenibus

263 5663 498 5739 egerat.
534 5663 662 5721 Viti.
696 5663 826 5720 Sch.

1998 1712 2290 1786 martyrii,
2334 1712 2510 1769 tacito
2548 1712 2927 1782 cogitamine,
2967 1711 3190 1784 quibus
3235 1712 3313 1768 ad
3350 1710 3411 1768 id
3455 1717 3658 1784 posset

1998 1802 2232 1858 indiciis
2275 1801 2565 1874 aspirare,
2618 1801 2834 1874 saepius
2887 1801 3192 1858 ruminare
3240 1801 3537 1874 cmpisset,
3590 1800 3658 1858 fit

1999 1891 2228 1948 affatim
2310 1890 2495 1946 laetior
2550 1894 2765 1945 horum
2823 1888 3112 1946 instructa
3171 1891 3482 1961 martyrio,
3533 1905 3655 1963 quo

1998 1980 2172 2053 quasi
2200 1979 2290 2035 his
2315 1978 2792 2053 praecedentibus
2819 1978 2946 2034 haec
2967 1979 3215 2034 iirmiori
3246 1994 3489 2048 gressus
3525 1991 3658 2033 suc-

2001 2069 2236 2125 cederet
2260 2070 2335 2124 ad
2369 2084 2679 2124 coronam.
2717 2067 2977 2139 Ideoque
3009 2068 3227 2140 apertis
3260 2067 3498 2122 silenter
3536 2083 3654 2122 caa-

2001 2159 2165 2215 nobii
2204 2158 2495 2225 claustris,
2531 2175 2669 2214 cum
2709 2159 2839 2229 jam
2883 2157 3091 2214 beatos
3119 2157 3381 2230 pendere
3411 2169 3654 2229 compc-

2001 2247 2172 2304 risset
2196 2253 2506 2320 martyres,
2540 2246 2773 2303 concito
2801 2244 2994 2316 gradu
3010 2245 3275 2317 judicent
3299 2251 3526 2320 petens,
3551 2261 3658 2302 cur

2003 2338 2210 2394 fratres
2243 2353 2384 2393 suos
2414 2351 2721 2410 praecones
2755 2335 2996 2407 justitiaa
3028 2335 3429 2406 trucidaverit,
3461 2351 3656 2392 asser-

2001 2425 2160 2482 tione
2191 2425 2488 2498 intrepida
2515 2429 2921 2498 percontatur.
2959 2446 2985 2474 ‹‹
3011 2427 3098 2480 An
3120 2425 3287 2496 quia,
3309 2423 3522 2496 inquit,
3559 2424 3660 2479 Dei

2002 2513 2257 2570 cultores
2303 2514 2640 2584 existimus,
2687 2517 3082 2585 sanctamque
3123 2511 3375 2568 ﬁdeliter
3403 2511 3658 2568 colimus

2000 2603 2363 2666 Trinitatem,
2386 2603 2643 2669 Patrem,
2663 2605 2719 2658 et
2735 2601 2967 2668 Filium,
2985 2605 3040 2656 ct
3059 2601 3339 2672 Spiritum
3356 2604 3656 2670 sanctum,

2005 2707 2192 2748 unum
2219 2695 2277 2746 et
2297 2705 2505 2746 verum
2533 2692 2720 2745 Deum
2752 2690 3020 2757 fatentes,
3063 2693 3120 2745 et
3149 2703 3330 2745 omne
3373 2688 3540 2762 quod
3581 2686 3659 2744 ab

2001 2782 2116 2838 hac
2145 2779 2489 2837 credulitate
2517 2779 2803 2846 dissentit,
2832 2795 2954 2834 non
2987 2777 3183 2834 solum
3209 2793 3528 2848 negamus,
3561 2792 3658 2832 ve-

2003 2885 2139 2926 rum
2167 2870 2346 2926 etiam
2377 2869 2762 2934 detestamur,
2795 2865 3235 2935 maledicimus,
3263 2871 3319 2922 et
3350 2865 3662 2922 confundi-

2006 2974 2142 3015 mus
2169 2976 2181 3026 ;
2215 2958 2435 3014 idcirco
2462 2956 2844 3012 eonfodimur
2864 2957 2892 3011 ?
2919 2973 2949 3007 ›

2077 3051 2130 3103 4.
2165 3047 2300 3101 Haec
2331 3049 2387 3101 et
2414 3045 2506 3099 his
2537 3043 2754 3099 similia
2793 3047 2997 3099 sancto
3045 3045 3101 3098 et
3140 3040 3528 3098 immaculato
3560 3055 3662 3096 ore

2008 3135 2335 3191 disserente
2373 3132 2594 3205 puella,
2634 3131 2778 3187 nihil
2811 3135 3124 3187 cunctatus
3165 3129 3404 3200 arbiter,
3443 3129 3661 3184 lictori-

2009 3224 2124 3280 bus
2171 3221 2593 3278 decollandam
2641 3219 2972 3287 committit,
3018 3218 3119 3292 qui
3176 3225 3350 3273 mox'
3397 3216 3664 3273 delicatis

2010 3313 2271 3369 inferunt
2297 3309 2578 3381 jugulum
2621 3308 2894 3366 collibus.
2928 3311 3042 3365 Nec
3074 3324 3244 3364 mora
3272 3306 3665 3364 consternatis

2011 3415 2297 3458 corruens
2344 3398 2652 3468 membris,
2693 3397 2949 3470 equuleo
2987 3397 3272 3452 deorsum
3316 3412 3492 3452 versa
3540 3410 3666 3450 sus-

2011 3489 2309 3564 penditur,
2350 3486 2695 3558 caeterisque
2719 3490 2882 3540 trans
2900 3483 3124 3540 ﬂumen
3149 3484 3516 3540 adsciscitur.
3546 3484 3666 3538 Hoc

2013 3593 2280 3650 namque
2311 3575 2520 3632 ordine
2546 3575 2606 3630 hi
2632 3578 2749 3630 tres
2777 3573 2996 3639 vocati,
3033 3571 3405 3640 Anastasius,
3452 3571 3671 3627 scilicet

2013 3667 2346 3742 presbyter,
2379 3663 2535 3720 Felix
2566 3663 2924 3728 monachus,
2967 3665 3025 3718 et
3069 3661 3254 3731 Digna
3289 3660 3457 3731 virgo
3493 3659 3672 3716 beata

2015 3757 2230 3813 eodem
2275 3754 2371 3809 die
2424 3751 2743 3824 dispariter
2807 3748 3166 3815 ceciderunt,
3228 3763 3366 3804 xvm
3422 3747 3668 3804 Kalend.

2015 3844 2172 3913 Julii,
2201 3859 2324 3898 aera
2354 3857 2598 3897 ncccxm.

2675 3966 2896 4022 CAPUT
2937 3966 3020 4019 IX.

2415 4072 2686 4130 Benildis
2716 4077 2994 4128 matrona
3023 4076 3281 4140 martyr.

2089 4200 2356 4272 Denique
2386 4199 2497 4254 hos
2529 4212 2788 4270 sequens
2821 4193 3074 4251 Benildis
3104 4193 3330 4250 femina
3357 4196 3528 4250 mtate
3547 4192 3676 4265 jam

2022 4293 2325 4364 provecta,
2365 4292 2421 4344 et
2459 4291 2525 4343 ut
2562 4285 2779 4357 ferunt,
2819 4299 2943 4340 non
2975 4283 3170 4340 medie
3217 4283 3512 4351 timorata,
3564 4282 3678 4338 sub

2022 4379 2392 4452 professione
2441 4379 2794 4432 czeterorum
2857 4372 3138 4430 occubuit
3202 4385 3319 4428 xvu
3377 4369 3680 4427 Kalendas

2021 4470 2174 4537 Julii,
2208 4484 2324 4524 aera
2361 4481 2485 4541 qua
2529 4479 2712 4538 supra
2759 4465 2856 4537 (i).
2906 4467 3175 4530 Quorum
3213 4461 3507 4518 cadavera
3543 4461 3683 4531 post

2024 4559 2252 4631 aliquot
2281 4558 2408 4612 dies
2445 4555 2669 4626 ingenti
2699 4558 3081 4610 concremata
3113 4549 3411 4618 incendio,
3445 4547 3524 4603 ad
3557 4546 3682 4602 ulti-

2024 4665 2192 4704 mum
2222 4647 2384 4702 ﬂuvii
2413 4645 2700 4718 projects,
2731 4643 3006 4715 dispersa
3037 4646 3195 4698 sunt.

2688 4768 2925 4826 CAPUT
2966 4773 3026 4824 Χ.

2415 4879 2645 4934 Sancta
2694 4876 2989 4933 Columba
3028 4880 3294 4943 martyr.

2103 5013 2150 5064 t.
2185 5005 2466 5077 Cogimur
2495 5004 2587 5060 vel
2618 5001 3042 5059 numerositate
3068 5000 3442 5072 certantium,
3464 4999 3562 5056 vel
3591 4999 3689 5056 de-

2026 5099 2150 5156 bita
2167 5094 2489 5170 sponsione
2511 5096 2812 5160 votorum,
2830 5090 2891 5147 in
2911 5089 3158 5162 longam
3176 5089 3451 5147 dictionis
3471 5088 3686 5146 seriem

2101 5233 2121 5258 °
2155 5219 2397 5278 Diaconi
2426 5218 2664 5290 ordinis
2692 5219 2864 5290 cujus
2903 5221 2990 5290 est
3028 5216 3479 5290 praesentiunt
3509 5230 3687 5271 voca-

2030 5292 2243 5350 bulum
2266 5294 2466 5364 ipsum
2492 5289 2701 5346 Graecis
2730 5285 2921 5357 sonat,
2949 5289 3010 5343 in
3028 5285 3301 5343 Ecclesia
3329 5285 3686 5342 ministrare.

2034 5369 2249 5422 ΜοιιΑι.

2105 5437 2123 5464 “¹
2157 5437 2299 5490 Hinc
2340 5433 2590 5505 quidam
2633 5433 2793 5505 hunc
2833 5432 3076 5487 nomine
3108 5435 3164 5505 et
3192 5446 3252 5485 re
3282 5430 3413 5505 ipsa
3445 5429 3691 5484 Felicem

2036 5502 2378 5584 martyrem
2399 5505 2457 5559 in
2481 5504 2728 5584 asturiis
2760 5520 3007 5584 passum
3042 5502 3462 5584 scripseranln.

2109 5588 2130 5613 ο
2157 5570 2283 5633 Non
2304 5575 2398 5630 hic
2421 5570 2817 5646 astipulamur
2849 5570 3242 5641 chschenio,
3271 5572 3375 5644 qui
3401 5570 3686 5627 correxit:

2042 5650 2289 5707 delicati
2316 5649 2604 5717 impetum
2627 5647 2921 5716 jugulum
2949 5646 3110 5702 colli.
