4110 6190
509 173 608 228 807

1705 171 1760 225 S.
1805 165 2081 221 EULOGII
2123 161 2448 218 ARCHIEP.
2488 157 2736 216 TOLET.

3827 160 3937 216 808

508 293 730 367 stylum
760 292 1135 366 protendere.
1167 291 1308 345 Hinc
1338 294 1445 359 est,
1467 289 1635 362 quod
1663 289 1812 344 ultra
1839 303 2026 360 quam
2057 301 2163 357 pu-
2189 288 2236 339 Λ
2272 282 2596 337 serandum
2642 282 2924 350 clemens,
2967 281 3048 338 ad
3094 278 3531 349 indulgendum
3584 279 3822 350 facilis,
3876 284 3952 339 ad

508 381 874 439 tabamusin
898 395 1188 448 magnum
1207 377 1473 433 codicem
1494 377 1772 433 materies
1790 381 1965 432 aucta
1980 390 2162 446 opus-

509 471 645 540 culi,
687 485 838 541 pene
867 468 1120 522 modum
1151 466 1577 523 mediocritatis
1624 459 1961 521 excesserit.
2013 463 2162 527 Quia

507 563 642 630 post
663 561 741 612 tot
763 556 974 612 funera
985 554 1519 627 etimportabilinm
1539 569 1948 610 aerumnarum
1961 550 2161 607 discri-

505 647 671 702 mina
711 645 942 702 nultum
975 660 1226 717 prorsus
1257 643 1393 700 talia
1423 644 1810 717 opinaremur
1852 655 2164 711 aggressu-

505 752 660 792 rum.
688 738 801 790 Nos
823 739 1024 791 tamen
1047 732 1124 788 ab
1150 733 1443 789 inchoatis
1463 732 1804 788 nullatenus
1823 730 2158 790 reticemus,

506 841 628 898 quo
650 839 799 879 eunc
807 828 1000 880 torum
1013 823 1360 892 rationes,ut
1373 822 2156 895 promisimus,enarremus.

575 918 627 968 2.
673 917 898 968 Interea
929 913 1036 968 fuit
1066 912 1229 983 virgo
1259 911 1541 984 quaedam
1571 910 1789 966 nobilis
1825 915 1882 966 et
1919 909 2156 975 decora,

506 1003 799 1060 Columba
817 1004 1062 1057 nomine
1083 1018 1154 1056 ex
1175 1001 1422 1074 oppido,
1437 999 1806 1057 Cordubensi
1826 998 2157 1072 progenita,

503 1091 734 1166 praefati
766 1090 1003 1146 abbatis
1031 1089 1276 1155 Martini,
1317 1093 1374 1144 et
1399 1089 1716 1158 Elisabeth,
1747 1087 1822 1144 de
1845 1087 2068 1160 quibus
2097 1086 2160 1142 in

505 1180 982 1254 praecedentibus
1006 1177 1500 1244 memoravimus,
1525 1193 1712 1233 soror.
1731 1179 1893 1246 Quae,
1917 1192 2056 1231 cum
2076 1175 2161 1230 in-

506 1275 593 1325 ter
619 1269 783 1325 bona
813 1272 1131 1341 parentum
1165 1266 1476 1324 tenerrima
1501 1267 1561 1322 in
1591 1266 1763 1323 annis
1790 1264 2159 1338 puellaribus

507 1359 756 1428 degens,
799 1358 1174 1429 propositum
1225 1355 1521 1412 Elisabeth
1561 1355 1779 1412 sororis
1824 1369 1964 1422 sua,
1996 1351 2161 1426 quod

508 1463 646 1502 cum
668 1445 793 1501 viro
812 1455 958 1500 suoa
989 1444 1280 1500 Hieremia
1299 1444 1499 1500 adhuc
1523 1443 1707 1514 vulgo
1732 1443 1973 1499 admisti
2000 1457 2162 1512 gere-

506 1535 674 1604 bant,
715 1539 1066 1604 agnosceret
1101 1533 1228 1606 (qui
1267 1533 1444 1602 longe
1482 1537 1810 1605 antequam
1858 1536 2158 1588 monaste-

2270 369 2718 441 praedicandum
2761 371 3006 434 diserta,
3048 369 3127 426 ad
3165 368 3583 424 instruendum
3625 376 3949 444 prompta.

2271 458 2366 513 His
2404 475 2646 531 quoque
2686 459 3001 515 virtutibus
3046 458 3298 526 clarens,
3352 462 3722 514 cunctorum
3775 460 3840 515 in
3892 477 3951 517 se

2270 547 2638 619 provocabat
2658 549 2960 615 affectum,
2984 546 3268 603 omnibus
3288 562 3570 602 normam
3591 547 3951 620 speculum-

2268 651 2386 708 que
2417 637 2742 694 sanctitatis
2771 638 3048 694 existens.
3078 638 3146 692 Et
3182 636 3329 709 quia
3356 635 3570 693 crebro
3601 637 3947 696 adversarii

2267 725 2692 782 tentationibus
2722 725 3210 799 propulsabatur,
3251 724 3387 781 ideo
3425 724 3947 798 frequentioribus

2269 829 2330 868 se
2356 830 2564 870 coram
2592 815 2845 871 Domino
2870 814 3109 870 ﬂetibus
3141 817 3400 882 mactat;
3442 829 3687 880 verens,
3738 831 3822 873 ne
3846 817 3944 874 diu

2267 907 2553 972 congesta
2593 902 2876 960 laborum
2933 902 3204 958 vilissimi
3254 901 3558 977 praedonis
3605 902 3944 977 irruptione

2265 970 2543 1063 perirent.
2576 991 2720 1048 Hinc
2773 991 2854 1048 ad
2907 992 3204 1063 majorem
3249 970 3582 1047 sanctitatis
3637 970 3941 1051 cautelam

2267 1079 2527 1149 erigitur,
2550 1085 2835 1154 metuque
2863 1080 3052 1136 hostis
3084 1079 3301 1136 adacta
3330 1079 3610 1136 solertius
3653 1081 3741 1138 ad
3788 1099 3943 1140 sum-

2266 1185 2432 1225 mam
2459 1170 2743 1227 virtutum
2763 1169 3100 1226 districtiori
3131 1169 3251 1226 vita
3275 1170 3604 1226 contendit.

2340 1263 2392 1314 5.
2430 1261 2591 1315 Hanc
2621 1275 2781 1332 saepe
2823 1257 3184 1330 aegrimoniis
3215 1262 3470 1314 tentator
3498 1266 3803 1328 macerat,
3842 1262 3943 1318 im-

2268 1345 2445 1402 mittit
2474 1346 2799 1416 fastidium,
2833 1347 3094 1420 speciem
3134 1346 3399 1402 virorum
3439 1348 3788 1419 praatendit,
3821 1350 3939 1406 lon-

2269 1450 2414 1506 gum
2441 1437 2652 1493 astruit
2670 1437 2916 1503 victum,
2947 1436 3314 1508 diversisque
3340 1434 3551 1507 fatigat
3580 1437 3934 1510 phantasiis.

2271 1524 2498 1589 Quibus
2534 1525 2802 1581 horribili
2836 1529 3004 1581 metu
3028 1523 3342 1597 compulsa
3366 1523 3532 1596 luget
3568 1525 3930 1598 immaniter,

505 1624 661 1680 rium
693 1627 976 1696 peterent,
1012 1621 1210 1677 multis
1241 1639 1303 1678 se
1333 1621 1566 1677 Christo
1595 1621 1982 1692 religionibus
2010 1621 2162 1676 inter
2194 1639 2232 1691 η
2268 1629 2344 1669 ne
2368 1613 2545 1686 lapsu
2573 1614 2781 1671 mortis
2814 1630 2851 1670 a
2880 1614 3179 1671 consortio
3208 1613 3524 1670 dirimatur
3568 1617 3804 1687 sponsi,
3834 1633 3930 1673 cu-

508 1718 838 1768 conventus
879 1710 1086 1784 populi
1123 1711 1592 1782 consecrarunt),
1633 1725 1898 1782 persaape
1938 1709 2161 1779 genito-

507 1817 643 1856 rum
669 1799 869 1856 relicto
899 1798 1215 1867 consortio,
1248 1799 1500 1854 domum
1533 1797 1754 1855 sororis
1791 1797 2160 1871 frequentius

508 1887 778 1955 visitans,
814 1886 1035 1942 talibus
1083 1903 1144 1942 se
1193 1885 1673 1958 consignandam
1710 1885 1860 1942 votis
1897 1889 2160 1958 exoptat,

509 1975 844 2049 anhelaquc
888 1975 1069 2047 hujus
1107 1975 1433 2048 prOpositib
1462 1991 1647 2032 verna
1683 1974 1845 2047 cupit
1892 1973 2157 2030 existere.

506 2065 831 2122 Confestim
869 2065 1067 2132 itaque
1108 2069 1341 2121 terrena
1378 2065 1583 2121 omnia
1614 2079 1896 2136 spernere
1924 2063 2160 2119 deside-

507 2162 636 2225 rat;
688 2155 794 2212 sed
823 2157 1170 2211 adversatur
1201 2154 1412 2228 puella:
1445 2154 1748 2210 intentioni
1789 2153 2041 2222 genitrix
2077 2170 2162 2208 re-

507 2252 868 2320 pugnatura.
908 2247 1049 2311 Quae
1089 2245 1267 2301 etiam
1311 2249 1518 2300 contra
1557 2243 1825 2300 sobolem
1866 2242 2162 2298 Eiisabeth

506 2336 556 2407 ej
571 2351 758 2408 usque
801 2334 991 2390 virum
1032 2332 1202 2388 foedis
1242 2333 1565 2388 iracundiae
1595 2331 1858 2388 motibus
1888 2332 2158 2399 excitata,

507 2425 761 2494 graviter
782 2421 1184 2494 conqueritur,
1212 2421 1378 2495 quod
1408 2421 1490 2476 ita
1509 2421 1901 2476 adolescentis
1921 2419 2162 2476 illiceret

507 2512 802 2579 animum,
830 2511 996 2582 quod
1017 2510 1172 2565 sicut
1192 2525 1276 2578 se,
1301 2515 1358 2564 et
1375 2509 1553 2565 istam
1580 2507 1967 2582 disperderet,
1989 2523 2162 2563 mun-

506 2599 774 2670 dumque
795 2599 940 2653 ﬂore
961 2614 1070 2653 suo
1101 2603 1441 2653 vernantein
1465 2597 1758 2670 dissipato
1777 2597 2159 2653 matrimonio

505 2685 926 2758 relinquentes,
948 2685 1009 2740 in
1026 2684 1237 2742 solatio
1259 2690 1597 2741 exterorum
1616 2685 1680 2740 id
1709 2689 1997 2758 cuperent
2015 2701 2157 2742 con-

510 2791 735 2845 gerere.

577 2868 628 2919 3.
680 2863 836 2918 Inter
875 2862 1032 2918 hanc
1074 2866 1276 2918 autem
1319 2861 1822 2918 conflictationem
1867 2862 1955 2934 (ut
1995 2861 2156 2933 vulgi

503 2967 636 3046 mos
654 2952 783 3046 est),
806 2949 1154 3046 disquiritur
1173 2950 1251 3046 ad
1276 2950 1558 3046 copulam
1583 2950 1908 3046 nuptialem
1932 2951 2152 3024 puella,
2186 2992 2226 3046 Ο

502 3039 846 3112 crebrisque
867 3039 1438 3112 interpellationibus
1465 3039 1834 3096 secularitate
1853 3040 2154 3097 involvere

501 3133 786 3202 exoptant
827 3128 1157 3185 ccelestium
1190 3129 1589 3185 thalamorum
1622 3130 1844 3202 nuptiis
1871 3129 2156 3187 divinitus

500 3219 892 3289 assignatam.
916 3221 983 3274 Et
1001 3233 1141 3274 cum
1162 3234 1270 3273 nec
1299 3217 1400 3274 illa
1439 3222 1814 3289 consentiret,
1836 3234 1947 3275 nec
1965 3223 2158 3276 mater

497 3307 828 3377 desisteret,
846 3323 967 3379 quo
989 3306 1378 3362 nihilominus
1398 3306 1614 3380 nuptui
1641 3307 2000 3378 traderetur;
2023 3309 2158 3381 ipsa

498 3402 688 3454 mater
705 3397 826 3468 (Dei
845 3396 1239 3469 providentia)
1255 3412 1328 3452 ex
1350 3395 1678 3468 improviso
1698 3397 1973 3454 molestia
1994 3398 2158 3468 aegri-

499 3486 721 3544 tudinis
778 3490 1090 3559 occupata,
1161 3485 1273 3540 sub
1331 3485 1504 3541 celeri
1557 3487 1868 3543 vocatione
1924 3487 2156 3543 mundo

498 3580 775 3648 exempta
812 3574 1074 3644 recessit.
1120 3577 1405 3630 Remanet
1444 3574 1543 3630 Dei
1583 3574 1830 3644 famula,
1871 3591 1994 3631 non
2034 3580 2156 3632 tam

496 3665 706 3721 matris
749 3663 917 3720 obitu
959 3661 1327 3730 contristata,
1367 3678 1556 3734 quam
1592 3662 1782 3719 laetior
1810 3664 2001 3733 gratia
2030 3679 2154 3720 suae

494 3752 568 3809 de
578 3752 827 3809 votionis
840 3751 965 3807 sine
979 3752 1341 3823 cujusquam
1353 3751 1496 3824 praej
1506 3750 1703 3806 udicio
1726 3751 2152 3824 adimplendas.

565 3846 620 3900 4.
661 3845 876 3898 Verum
915 3839 1206 3896 nonnullo
1245 3845 1512 3913 tempore
1542 3840 1602 3896 in
1635 3846 1839 3897 sancta
1867 3841 2154 3912 religione

494 3932 660 4005 apud
689 3931 904 3987 urbem.
933 3929 1198 4003 utrisque
1229 3929 1534 3986 sororibus
1560 3931 1939 3987 versantibus
1965 3931 2151 3988 conti-

494 4036 618 4076 nuo
657 4019 890 4090 expleto
925 4020 1054 4090 jam
1095 4019 1351 4091 propriis
1377 4019 1464 4089 (ut
1493 4019 1776 4092 diximus)
1809 4021 2150 4094 sumptibus

494 4107 827 4164 Tahanensi
878 4107 1174 4178 coenobio,
1220 4123 1291 4163 eo
1341 4123 1402 4164 se
1446 4107 1553 4164 viri
1607 4125 1745 4164 cum
1801 4109 2150 4165 mulieribus

496 4195 724 4252 Christo
753 4195 1056 4252 militaturi
1098 4197 1431 4253 conferunt.
1465 4197 1550 4252 lbi
1581 4201 1787 4253 sancta
1823 4195 1992 4266 virgo
2037 4199 2148 4251 ter-

493 4283 654 4340 renis
685 4301 747 4340 se
777 4300 1021 4356 exuens,
1053 4285 1239 4341 hasret
1275 4284 1637 4358 coelestibus,
1677 4289 1734 4341 et
1767 4289 2032 4341 mentem
2071 4283 2149 4340 ad

495 4373 760 4430 studium
807 4374 1246 4448 Scripturarum
1287 4379 1661 4445 convertens,
1706 4374 1773 4430 ﬁt
1813 4373 2149 4430 admodum

493 4464 777 4521 eruditior
813 4465 1210 4535 investigandi
1248 4481 1317 4521 ac
1354 4463 1685 4521 disserendi
1724 4463 2151 4520 sententiarum

490 4555 766 4612 obscura.
793 4556 1012 4613 Crescit
1029 4555 1222 4612 beatas
1253 4554 1499 4626 virginis
1530 4553 2015 4623 sanctimonia,et
2033 4553 2149 4610 late

490 4645 716 4702 diffusa
745 4645 1003 4703 coenobii
1033 4644 1198 4701 fama
1225 4645 1405 4701 etiam
1435 4644 1645 4717 procul
1683 4644 1931 4701 sitarum
1969 4644 2048 4700 ad
2087 4660 2150 4700 se

492 4735 733 4792 urbium
759 4736 1067 4792 discursus
1091 4734 1322 4804 invitat,
1353 4749 1477 4807 quo
1508 4733 1712 4790 talium
1734 4733 2150 4807 exemplorum

490 4825 848 4893 magisteriis
905 4825 1333 4882 imbuerentur.
1397 4827 1529 4880 Htec
1575 4829 1776 4881 autem
1823 4824 1988 4895 virgo
2035 4822 2148 4880 sub

491 4911 686 4967 fratris
728 4914 820 4968 sui
851 4914 1074 4970 Martini
1115 4919 1172 4970 et
1201 4914 1499 4972 Elisabeth
1535 4915 1824 4986 regimine
1867 4929 2146 4982 manens,

489 4999 772 5071 praecellit
824 5002 1067 5069 meritis,
1128 5008 1184 5058 et
1239 5005 1430 5075 gratia
1481 5005 1808 5062 honestatis
1863 5005 2148 5060 omnibus

490 5088 678 5160 prasit.
732 5089 795 5144 In
839 5091 1285 5147 conversatione
1333 5092 1674 5163 laudabilis,
1714 5093 1777 5148 in
1816 5092 2148 5148 humilitate

492 5177 789 5250 sublimis,
831 5178 888 5234 in
923 5179 1186 5234 castitate
1225 5180 1505 5251 perfecta,
1545 5181 1607 5235 in
1639 5180 1922 5236 charitate
1947 5178 2144 5267 ﬁrma,

490 5269 550 5324 in
591 5267 898 5324 exorando
924 5271 1167 5330 attenta,
1197 5267 1276 5324 ad
1301 5268 1708 5324 obedienduin
1740 5271 1902 5340 apta,
1935 5267 2014 5324 ad
2035 5269 2145 5325 mi-

561 5456 584 5479 “
611 5446 730 5523 Lib.
755 5461 966 5523 11,eap.
995 5448 1046 5510 4,
1066 5449 1266 5523 aperte
1288 5443 1659 5497 ostendimus
1680 5443 1840 5523 hunc
1862 5446 2142 5500 eumdem

489 5533 616 5570 esse
634 5519 985 5573 Hieremiam
999 5559 1011 5574 .
1025 5516 1128 5587 qui
1147 5521 1453 5587 marlyrco
1467 5532 1598 5586 cap.
1617 5516 1909 5572 scribitur.
1927 5521 2140 5574 Μυκη.

559 5592 584 5630 b
617 5590 739 5646 Hoc
781 5595 868 5646 est
900 5607 911 5644 :
946 5589 1243 5660 cupiebat,
1283 5587 1498 5660 relictis
1531 5587 1896 5659 parentibus,
1929 5590 1989 5644 in
2019 5605 2144 5644 mos

488 5661 816 5719 nasterium
837 5658 1139 5718 Hieremiae
1161 5658 1582 5731 transmigrare
1605 5662 1661 5716 et
1683 5663 1992 5733 tamquam
2014 5678 2140 5718 ver-

2263 1707 2364 1774 jus
2394 1707 2559 1760 tanto
2593 1720 2654 1760 se
2708 1704 2923 1760 ardore
2975 1702 3281 1762 charitatis
3327 1703 3639 1761 asserebat
3689 1705 3926 1763 interius

2270 1807 2402 1848 esse
2440 1793 2896 1862 conflagratam,
2933 1797 2994 1849 ut
3019 1792 3195 1864 quasi
3228 1791 3440 1848 excisas
3483 1793 3681 1849 carnis
3709 1795 3924 1851 cicatri-

2271 1897 2337 1936 ce
2366 1897 2474 1953 pro
2506 1881 2636 1952 ejus
2691 1880 2990 1937 desiderio
3044 1885 3242 1936 mente
3296 1879 3601 1938 vulnerata
3642 1882 3908 1950 existens,

2271 1969 2387 2024 nisi
2415 1969 2543 2025 solo
2564 1970 2693 2040 ejus
2713 1969 2928 2024 intuitu
2950 1969 3012 2024 in
3033 1968 3216 2039 caelis,
3249 1968 3416 2026 nullo
3446 1968 3619 2026 modo
3643 1975 3660 1998 ‘
3687 1986 3748 2025 se
3778 1987 3913 2043 per-

2269 2058 2518 2114 hibebat
2541 2074 2722 2131 posse
2763 2074 2998 2115 sanare.
3044 2057 3284 2114 Nullum
3338 2074 3609 2132 unquam
3657 2063 3922 2132 peccato-

2268 2164 2397 2204 rem
2461 2148 2738 2221 quamvis
2797 2147 3175 2217 gravioribus
3252 2163 3611 2220 oppressum
3676 2148 3923 2222 peccatis

2272 2254 2548 2294 sermone
2577 2255 2687 2294 suo
2741 2238 2911 2305 laesit,
2945 2237 3020 2292 de
3059 2235 3280 2292 nullius
3335 2237 3568 2294 actibus
3622 2237 3921 2309 judicavit,

2269 2326 2344 2384 de
2382 2327 2604 2384 nullius
2629 2327 2969 2400 desperavit
2997 2326 3208 2397 salute,
3241 2342 3351 2382 nec
3395 2343 3772 2400 quemquam
3801 2327 3922 2384 licet

2269 2416 2444 2472 foedis
2492 2417 2853 2472 infamatum
2895 2415 3165 2488 despexit
3208 2415 3575 2472 rumoribus.
3614 2418 3746 2474 Scio
3771 2417 3922 2489 (refe-

2267 2506 2458 2578 rebat)
2488 2507 2774 2563 versutias
2801 2507 3173 2572 daemonum,
3199 2506 3322 2562 scio
3364 2505 3718 2564 insolentias
3746 2507 3915 2564 homi-

2267 2613 2439 2663 num,
2469 2597 2572 2670 qui
2619 2597 2919 2654 interdum
2974 2596 3177 2669 ipsum
3206 2596 3651 2654 maledictionis
3679 2599 3916 2655 subsan-

2267 2687 2508 2744 natione
2530 2688 2846 2760 impetunt,
2861 2703 3043 2760 quem
3059 2687 3382 2761 probatum
3407 2687 3784 2759 dignioribus
3807 2705 3915 2746 me

2265 2771 2388 2828 ritis
2440 2771 2625 2828 habet
2679 2771 3088 2844 Omnipotens.
3123 2771 3298 2828 Multa
3339 2776 3479 2828 sunt
3505 2772 3669 2830 enim
3701 2773 3916 2846 judicio

2266 2861 2690 2917 condemmata
2717 2861 3006 2928 humano,
3037 2877 3172 2934 quae
3196 2860 3400 2918 divino
3429 2867 3570 2918 sunt
3596 2863 3844 2936 probata
3863 2866 3916 2918 et

2265 2951 2632 3009 sanctiﬁcata
2661 2951 2912 3007 consilio
2937 2969 2951 3020 ;
2980 2956 3036 3007 et
3063 2950 3420 3024 plerumque
3471 2952 3910 3026 opinationibus

2265 3042 2389 3103 suis
2409 3041 2925 3113 transgrediuntur
2943 3041 3221 3097 homines
3249 3040 3510 3098 divinam
3533 3039 3901 3106 sententiam;

2263 3132 2412 3188 dum
2433 3132 2604 3204 cuius
2634 3131 2827 3188 meriti
2856 3130 3021 3204 apud
3049 3130 3219 3186 illum
3251 3132 3494 3204 quisque
3536 3133 3894 3202 permaneat,

2265 3221 2560 3289 nesciant;
2583 3225 2638 3277 et
2668 3226 2871 3277 tamen
2896 3221 3025 3291 jam
3055 3220 3230 3292 quasi
3250 3221 3495 3294 praesagi
3519 3218 3901 3281 occultorum,

2265 3309 2359 3366 vel
2404 3310 2657 3381 dignum
2699 3309 3044 3383 praedicent,
3084 3307 3179 3364 vel
3223 3308 3550 3382 reprobum
3605 3307 3907 3364 infament.

2265 3401 2416 3456 Cum
2447 3401 2649 3472 utique
2669 3398 3116 3472 inculpabilius,
3143 3399 3192 3454 si
3222 3399 3302 3456 ad
3331 3414 3394 3454 se
3428 3401 3801 3467 reverterent,
3819 3397 3912 3469 ju-

2264 3489 2550 3558 dicarent,
2587 3489 2696 3544 etsi
2724 3493 2951 3561 quanto
2997 3487 3088 3544 vel
3120 3487 3285 3561 quali
3313 3489 3482 3545 oneri
3507 3487 3913 3562 unusquisque

2265 3579 2591 3651 subjaceat,
2613 3577 2707 3635 vel
2736 3594 2858 3650 quo
2881 3578 2955 3634 sit
2981 3577 3181 3633 debito
3205 3593 3343 3634 reus
3364 3577 3715 3648 intenderet,
3730 3577 3915 3633 nulla-

2262 3683 2378 3725 nus
2433 3666 2804 3740 culpabiliter
2858 3665 2933 3723 de
2987 3666 3304 3738 incognitis
3363 3666 3760 3739 disputarent.
3811 3663 3918 3724 Sed

2263 3760 2451 3827 agunt
2478 3754 2751 3811 nonnulli
2787 3755 2934 3827 haec,
2961 3771 3087 3828 quo
3135 3755 3198 3810 in
3251 3754 3498 3811 veritate
3542 3753 3918 3828 exprobratio

2261 3845 2466 3902 divina
2491 3849 2699 3901 contra
2725 3860 2838 3901 nos
2858 3843 3002 3900 olim
3028 3843 3261 3917 prolata
3306 3843 3596 3913 ﬁrmetur,
3639 3859 3770 3917 qua
3802 3843 3878 3900 ait
3903 3857 3916 3897 :

2259 3935 2568 3991 Attendite
2595 3939 2649 3990 et
2671 3935 3028 3990 auscultate.
3057 3933 3244 3990 Nemo
3274 3933 3433 4006 quod
3464 3934 3682 3989 bonum
3712 3938 3802 3989 est
3849 3933 3921 3988 lo—

2259 4025 2506 4096 quitur:
2538 4023 2746 4080 nullus
2785 4027 2869 4080 est
2909 4023 3015 4094 qui
3059 4028 3202 4094 agat
3231 4023 3646 4093 paenitentiam
3674 4026 3923 4092 propter

2252 4122 2563 4183 peccatum
2595 4128 2787 4179 suum,
2820 4112 3058 4168 dicens:
3094 4112 3248 4179 Quid
3263 4112 3430 4182 feci?
3456 4112 3693 4178 (Jerem.
3725 4112 3922 4181 vui,6).

2260 4201 2369 4268 Qui
2409 4201 2633 4274 proprii
2681 4201 2961 4256 facinoris
3014 4200 3181 4258 trabe
3211 4200 3503 4272 neglecta,
3551 4200 3628 4257 de
3683 4199 3921 4258 festucis

2263 4290 2516 4347 aliorum
2566 4289 2794 4346 solliciti
2823 4294 3266 4362 permanentes,
3299 4290 3467 4363 quod
3493 4289 3604 4346 levi
3636 4305 3918 4347 susurra-

2261 4379 2508 4436 rationis
2554 4395 2698 4436 aure
2751 4379 3124 4451 captaverint
3174 4395 3384 4436 verum
3438 4378 3834 4436 nihilominus
3873 4380 3922 4433 et

2261 4467 2602 4525 nullatenus
2629 4467 2975 4524 incredibile
3002 4485 3131 4525 esse
3160 4468 3483 4526 afﬁrmant.

2318 4561 2419 4614 6.N
2428 4572 2699 4629 unquam
2717 4562 2918 4613 autem
2936 4556 3105 4629 virgo
3119 4557 3586 4613 clementissima
3597 4555 3726 4612 sine
3740 4571 3925 4614 causa

2259 4647 2412 4703 iram
2433 4644 2848 4718 admovit,nisi
2863 4662 3004 4702 cum
3031 4646 3179 4703 forte
3209 4650 3312 4702 aut
3339 4644 3663 4713 infantulis,
3687 4650 3798 4701 aut
3813 4643 3923 4702 alis

2259 4751 2446 4810 quam
2476 4751 2506 4792 e
2537 4735 2846 4792 sororibus
2867 4735 3268 4806 negligentem
3297 4734 3608 4808 aspiceret,
3619 4749 3780 4807 quas
3797 4732 3932 4790 solo

2259 4825 2474 4884 intuitu
2493 4824 2807 4882 oculorum
2827 4824 3232 4896 redarguebat
3250 4823 3570 4880 humiliter.
3589 4825 3921 4897 Nunquam

2259 4913 2585 4988 aliquando
2597 4914 2659 4970 in
2670 4913 2764 4986 cuj
2775 4929 3032 4987 usquam
3043 4911 3924 4986 prorupitcontumeliam,nun-

2257 5020 2445 5077 quam
2471 5019 2540 5059 os
2561 5003 2691 5075 ejus
2719 5002 3066 5074 vaniloquio
3104 5005 3192 5058 est
3219 5007 3581 5075 occupatum
3611 5015 3922 5076 nusquam

2258 5093 2446 5151 aniles
2458 5093 2752 5148 etotiosas
2765 5091 3000 5148 fabulas
3014 5091 3136 5147 suis
3150 5107 3334 5164 passa
3349 5096 3438 5147 est
3454 5091 3688 5148 admitti
3705 5088 3921 5148 auditi-

2258 5182 2391 5238 bus.
2412 5181 2707 5236 Christum
2721 5179 3228 5248 corde,Christum
3255 5195 3357 5236 ore
3379 5180 3598 5254 saepius
3616 5180 3918 5237 meditans

2256 5269 2422 5326 illam
2436 5269 2804 5342 frequentius
2817 5285 2955 5325 cum
2974 5269 3141 5326 omni
3155 5268 3377 5325 affectu
3390 5268 3649 5326 canebat
3660 5267 3915 5343 antipho

2255 5447 2472 5502 naeula
2502 5447 2716 5502 ancilla
2740 5446 2792 5501 ei
2819 5446 3249 5503 adhaerescere.
3283 5451 3359 5502 In.

2325 5530 2346 5549 θ
2382 5522 2547 5575 Recte
2587 5519 3006 5576 t’loustantinus
3047 5521 3397 5590 Suyskenus
3428 5519 3502 5573 ad
3543 5523 3603 5573 t7
3645 5521 3910 5590 Septem-

2252 5589 2378 5646 bris
2413 5592 2580 5668 :.Pro
2621 5590 2975 5662 perhibebat
3015 5589 3140 5661 tege
3177 5591 3532 5663 perhiberet,
3567 5591 3660 5646 uti
3686 5589 3740 5647 ei
3775 5602 3912 5646 mox

2255 5678 2455 5718 sanari
2477 5679 2592 5732 pro
2617 5678 2852 5719 sanare.
