4140 6188
1279 167 1703 225 ΜεκοιιιΑιιε
1744 163 2184 226 εΑΝστοιῑωι.
2223 201 2291 213 -—
2334 174 2465 231 LIB.
2504 177 2595 232 ῐῐῐ.

3543 185 3649 240 810

242 305 399 358 nam,
451 302 639 360 quam
682 287 745 344 in
783 287 1028 345 laudem
1084 293 1432 347 sanctorum
1479 290 1639 348 beati
1694 292 1890 346 Patres
1918 291 1967 344 A
1995 288 2212 349 lectam
2239 295 2371 351 urbi
2398 297 2764 366 admoveret,
2814 299 2876 355 in
2899 300 3276 372 praediolum,
3323 305 3490 376 quod
3534 306 3648 365 du-

241 377 403 434 suavi
428 382 607 432 cantu
641 382 1017 450 aptaverunt,
1046 400 1074 428 «
1107 380 1280 451 Aperi
1302 380 1470 450 mihi,
1498 379 1888 450 Domine,pa-

236 465 412 522 radisi
430 466 708 537 januam,
751 471 815 522 ut
862 466 940 522 ad
985 465 1150 523 illam
1187 467 1448 540 patriam
1478 471 1754 535 revertar,
1787 465 1892 522 ubi

236 571 416 625 mors,
449 570 570 610 non
602 559 712 623 est,
765 554 869 610 ubi
920 555 1094 612 dulce
1143 556 1434 626 gaudium
1464 560 1824 630 perseverat.
1861 575 1888 603 »

236 644 378 699 Cum
404 643 498 699 his
522 642 782 716 colloqui
807 643 1237 715 delectabatur,
1277 661 1539 718 quorum
1568 660 1739 702 mens
1769 643 1890 717 spi-

235 733 382 790 ritali
409 732 620 789 virtute
659 733 979 802 succincta,
1031 733 1387 791 mortiﬁcata
1439 750 1579 791 cum
1631 733 1787 790 vitiis
1835 746 1895 799 et

235 821 727 893 concupiscentiis
763 823 1042 879 membra
1089 823 1395 892 gerebant,
1440 839 1552 880 nec
1603 822 1886 895 cuiquam

236 928 318 981 se,
344 911 461 967 nisi
505 911 653 967 forte
703 911 1111 984 spiritualibus
1141 913 1298 980 viris,
1353 917 1411 970 et
1463 913 1522 970 id
1575 927 1888 986 perrarum

233 1017 300 1058 ac
325 999 535 1070 serius,
569 1000 804 1057 visendi
845 1001 1174 1073 praestabat
1202 1018 1534 1058 accessum.
1569 1001 1681 1068 Qui
1730 1001 1892 1058 clau-

231 1095 349 1147 stra
373 1090 735 1146 feminarum
765 1106 803 1146 a
831 1090 1056 1147 cellulis
1078 1092 1517 1148 monachorum
1547 1091 1680 1148 altis
1709 1091 1889 1148 inter-

223 1180 396 1253 jectis
424 1179 730 1253 disparata
754 1180 1050 1251 maceriis,
1074 1181 1208 1238 licet
1233 1182 1414 1238 unius
1451 1181 1638 1255 patris
1678 1180 1892 1251 guber-

230 1268 445 1327 naculo
475 1273 841 1342 regerentur,
871 1270 965 1327 has
993 1275 1195 1327 tamen
1225 1270 1617 1344 sequestratis
1645 1285 1711 1327 se
1740 1285 1886 1326 man

235 1359 519 1416 siunculis
547 1358 938 1427 retrudentes,
987 1359 1136 1416 nulli
1164 1359 1412 1416 omnino
1452 1358 1777 1416 contuendi
1825 1374 1888 1415 se

227 1448 572 1506 facultatem
605 1447 976 1520 praebebant.
1018 1448 1133 1504 Sed
1164 1447 1212 1504 si
1243 1448 1499 1504 subinde
1545 1454 1648 1504 aut
1694 1447 1888 1504 fratri-

228 1537 346 1594 bus
371 1552 638 1606 congrua
667 1537 911 1593 instaret
937 1537 1281 1605 necessitas,
1311 1542 1414 1594 aut
1439 1538 1748 1611 hospitum
1787 1537 1889 1610 pia

229 1637 254 1663 ⁸
275 1627 621 1701 impetraret
648 1626 1012 1691 humanitas,
1045 1626 1172 1683 sola
1200 1627 1556 1684 venerabilis
1589 1626 1888 1684 Elisabeth

228 1733 338 1791 per
361 1715 682 1772 fenestram
709 1731 772 1771 se
802 1715 1124 1774 exhibebat
1152 1716 1537 1786 cernendam,
1567 1733 1704 1790 quae
1724 1716 1888 1790 prior

229 1812 288 1864 et
313 1806 492 1864 totius
521 1811 650 1863 erat
677 1811 870 1863 mater
897 1822 1040 1863 vera
1066 1805 1434 1864 monasterii.

300 1903 355 1952 7.
388 1895 662 1961 Quodam
685 1896 865 1966 igitur
894 1900 1159 1968 tempore
1190 1896 1355 1970 petiit
1381 1913 1419 1953 a
1463 1896 1889 1954 consororibus

229 1983 546 2051 Columba,
573 1988 640 2039 ut
662 1982 814 2040 inter
839 1983 976 2057 ipsa
1004 1984 1264 2041 claustra
1293 1984 1353 2040 in
1374 1985 1644 2058 quodam
1666 1985 1888 2056 angulo

228 2072 442 2130 cellula
472 2071 584 2128 sibi
613 2071 875 2143 daretur,
908 2088 1031 2146 quo
1059 2089 1263 2130 secum
1290 2073 1420 2130 sola
1441 2074 1765 2130 demorans
1783 2074 1892 2130 im-

227 2162 431 2220 munis
461 2177 497 2219 a
525 2165 878 2219 caeterarum
925 2161 1172 2235 strepitu
1215 2163 1399 2219 ﬁeret.
1447 2167 1735 2220 Annuunt
1779 2178 1891 2236 pro

227 2255 446 2322 rogatu
477 2255 699 2308 sanctae
727 2267 988 2322 sorores,
1031 2251 1424 2325 praebentque
1453 2251 1890 2308 adminiculum

231 2358 345 2398 suo
384 2357 680 2398 consensu
710 2341 972 2411 augendi
1020 2341 1266 2413 virginis
1315 2342 1712 2413 sanctitatem,
1753 2357 1890 2415 quae

231 2431 500 2505 aliquam
529 2432 710 2488 etiam
738 2431 878 2488 inde
902 2431 1207 2506 percipere
1251 2431 1640 2489 conﬁdebant
1664 2448 1892 2489 merce-

232 2521 393 2578 dem.
426 2523 496 2578 Ut
517 2521 677 2578 enim
705 2521 954 2593 praemio
983 2521 1238 2592 dignum
1275 2525 1364 2578 est
1389 2525 1610 2578 sanctaa
1651 2537 1893 2578 conver-

234 2610 481 2668 sationis
515 2609 801 2678 studium,
823 2610 906 2666 ita
935 2615 991 2667 et
1035 2626 1177 2680 erga
1201 2611 1296 2684 pie
1344 2610 1605 2667 viventes
1655 2610 1892 2681 religio-

233 2715 334 2756 sus
364 2697 636 2756 affectus.
668 2702 784 2755 Nec
813 2698 998 2756 distat
1041 2716 1079 2756 a
1126 2699 1294 2756 factis
1340 2699 1505 2756 bona
1549 2699 1891 2770 consensio,

229 2804 366 2862 quae
395 2803 519 2844 non
549 2788 761 2844 virtute
790 2787 997 2855 animi,
1027 2788 1133 2844 sed
1173 2787 1391 2844 virium
1437 2792 1759 2861 quassatur
1788 2788 1893 2844 de-

230 2877 386 2934 fectu
410 2895 425 2946 ;
457 2881 523 2933 ut
553 2893 693 2933 cum
719 2876 867 2933 forte
895 2892 1018 2932 non
1048 2877 1222 2932 fuerit
1246 2877 1414 2947 vigor
1452 2877 1721 2950 corporis
1751 2876 1894 2934 talia

230 2965 567 3055 exercendi,
599 2966 674 3022 sit
700 2967 914 3055 mentis
941 2965 1188 3023 intentio
1217 2966 1512 3055 similibus
1533 2966 1889 3055 delectandi.
1927 2999 1969 3055 ρ

231 3054 591 3113 Communia
617 3059 759 3110 sunt
787 3054 946 3110 enim
975 3055 1174 3127 operis
1200 3054 1388 3111 sancti
1426 3054 1807 3122 commercia,
1838 3058 1900 3110 et

229 3159 302 3200 eo
332 3143 486 3199 ﬁunt
514 3142 744 3200 Christo
772 3141 1132 3214 gratissima,
1162 3159 1286 3216 quo
1312 3142 1657 3216 simpliciter
1674 3142 1735 3198 in
1757 3143 1896 3199 cha-

229 3232 399 3289 ritate
435 3231 697 3304 perfecta
724 3231 804 3288 ad
835 3235 1113 3288 nostrum
1143 3231 1453 3288 referimus
1498 3231 1895 3288 commodum

237 3319 510 3377 fraternae
529 3321 856 3378 sanctitatis
877 3321 1165 3377 studium.

317 3411 369 3465 8.
395 3409 653 3483 Denique
669 3409 915 3484 indepta
933 3410 1350 3468 benedictione
1374 3426 1671 3481 sororum,
1690 3425 1896 3468 exsors

237 3499 412 3558 omni
441 3499 860 3557 cmnobialium
886 3501 1118 3558 actione
1137 3517 1442 3569 curarum,
1465 3499 1635 3571 virgo
1649 3515 1896 3557 venera-

231 3588 374 3647 bilis
402 3588 464 3644 in
493 3589 990 3663 contemplatione
1012 3589 1114 3646 Dei
1147 3594 1205 3647 et
1227 3589 1610 3647 meditatione
1638 3589 1899 3663 Scriptu-

230 3694 442 3735 rarum
471 3677 731 3735 multum
759 3679 1046 3752 temporis
1070 3694 1476 3752 perseverans,
1507 3681 1645 3752 post
1685 3678 1898 3735 crebra

234 3767 497 3840 suspiria
511 3771 569 3824 et
589 3766 766 3823 ﬂetus
795 3767 1152 3839 immensos,
1171 3767 1236 3824 in
1260 3767 1482 3841 quibus
1503 3766 1746 3841 speciali
1765 3783 1898 3824 mu-

229 3871 373 3912 nere
400 3872 588 3930 supra
616 3856 908 3930 plurimos
939 3856 1169 3913 caelitus
1208 3855 1528 3919 eminebat,
1575 3856 1778 3913 denuo
1817 3855 1897 3912 ad

232 3944 620 4002 instruendos
651 3944 872 4002 divinis
918 3945 1192 4019 pestibus
1241 3944 1737 4015 convirginalium
1771 3945 1896 4002 ani-

232 4049 370 4090 mos
389 4035 703 4091 revertitur
717 4034 797 4091 ad
817 4039 1058 4091 emtum.
1075 4037 1291 4090 Ferunt
1307 4048 1573 4106 namque
1584 4033 1748 4090 illam
1767 4049 1900 4107 per-

231 4140 392 4198 saape
415 4130 616 4180 ternas
638 4128 695 4180 et
714 4126 1036 4196 quaternas
1078 4123 1280 4186 horas,
1329 4137 1567 4179 necnon
1615 4139 1807 4195 usque
1835 4121 1898 4178 in

229 4214 505 4270 medium
534 4212 700 4269 diem
714 4212 777 4268 in
801 4212 1070 4269 oratione
1085 4211 1476 4282 decumbere;
1499 4215 1711 4268 etcum
1731 4210 1899 4268 nulla

228 4307 588 4359 resonarent
615 4301 891 4375 suspiria,
912 4301 1200 4375 nulloque
1225 4301 1490 4372 singultu
1517 4303 1790 4358 membra
1809 4301 1897 4357 in-

229 4395 599 4457 cuterentur,
633 4389 696 4445 in
724 4405 947 4461 magno
987 4394 1190 4446 tamen
1233 4389 1464 4446 silentio
1511 4389 1716 4444 ﬂetum
1763 4403 1900 4462 pro-

232 4480 478 4536 mebat:
513 4477 670 4535 adeo
718 4484 780 4534 ut
820 4477 1082 4535 subtqu
1111 4482 1320 4548 matta,
1346 4477 1408 4534 in
1456 4493 1579 4550 qua
1607 4476 1709 4534 illa
1757 4491 1896 4550 pro-

232 4572 422 4625 strato
451 4583 707 4640 corpore
727 4567 1035 4635 exorabat,
1060 4566 1411 4623 humectum
1427 4564 1711 4638 lacrymis
1730 4563 1900 4637 pavi-

231 4661 512 4714 mentum
544 4655 976 4713 ostenderetur.
1017 4654 1340 4712 Maximum
1385 4654 1568 4712 etiam
1617 4654 1679 4711 in
1724 4653 1900 4710 obse-

230 4745 608 4802 crationibus
627 4745 842 4802 stando
856 4745 1160 4818 spendens
1177 4743 1563 4811 curriculum,
1590 4743 1652 4800 in
1672 4747 1903 4802 tantam

233 4834 446 4890 subito
461 4834 759 4893 ferebatur
781 4845 804 4871 °
827 4835 1144 4905 theoriam,
1174 4836 1242 4890 ut
1270 4833 1609 4905 geminatus
1636 4850 1710 4890 ex
1740 4839 1901 4890 utro-

229 4940 366 4998 que
397 4925 566 4982 oculo
584 4925 817 4982 rivulus
836 4925 1248 4997 lacrymarum
1275 4923 1355 4981 ad
1375 4928 1647 4980 mentum
1662 4922 1907 4980 descen-

226 5013 413 5082 dens,
444 5013 504 5070 in
533 5030 724 5071 unum
763 5029 1088 5072 conversus
1131 5016 1420 5082 meatum,
1464 5012 1674 5070 crebra
1723 5011 1906 5070 stilla-

228 5102 398 5160 tione
427 5102 702 5174 guttatim
733 5102 912 5175 quasi
937 5118 970 5159 e
999 5105 1152 5160 tecto
1202 5101 1266 5158 in
1311 5101 1570 5158 humum
1611 5101 1905 5159 inﬂueret.

303 5198 363 5250 9.
397 5197 627 5250 interea
651 5207 792 5248 cum
822 5191 990 5250 furor
1034 5191 1493 5266 persecutionis,
1523 5190 1715 5264 quiin
1758 5191 1911 5250 exci-

227 5280 411 5339 dium
443 5281 835 5339 ecclesiarum
864 5281 1180 5353 fremebat,
1210 5281 1371 5338 hanc
1396 5280 1759 5338 feminarum
1786 5281 1908 5338 col-

302 5434 333 5462 ι
357 5426 535 5482 Forte
561 5426 892 5496 imperaret
924 5424 1221 5496 Suysken.

303 5498 337 5538 δ
366 5491 664 5579 Intextuni
681 5514 754 5579 ex
768 5501 972 5579 sparhto
991 5491 1095 5579 seu
1118 5496 1743 5579 junco‘stramentum.
1768 5491 1911 5548 Inde

226 5569 409 5642 apud
431 5568 672 5626 0vid.in
696 5567 855 5624 Fas’t.
885 5568 1137 5637 Scripea
1165 5572 1379 5624 matta.
1403 5568 1623 5620 MORAL.

303 5649 331 5676 ο
347 5641 630 5698 Grmcum
651 5643 739 5696 est
765 5637 1159 5707 vocabulum,
1202 5635 1379 5712 quasi
1433 5639 1494 5692 tu
1540 5635 1733 5709 dicas,
1775 5650 1912 5692 noc-

689 5727 937 5785 PATROL.
979 5729 1131 5786 CXV.

1998 379 2148 437 dum
2179 383 2293 439 sibi
2316 385 2378 441 in
2409 388 2669 445 conﬁnio
2697 388 2958 445 basilicae
2997 389 3184 446 sancti
3205 391 3228 424 ά
3256 391 3535 464 Cypriani
3555 413 3653 454 ex-

1999 473 2353 538 struxerant,
2401 491 2530 531 sese
2568 476 2882 532 conferunt
2933 477 3333 533 retrudendas.
3379 481 3481 536 Hic
3522 483 3652 553 jam

1999 559 2319 616 constituta
2361 561 2709 621 beatissima
2746 565 2912 637 virgo
2959 566 3510 639 incomparabiliter
3554 571 3656 629 ﬂe-

1998 644 2123 715 bat,
2153 647 2518 724 lugebatque
2547 653 2826 725 ubertim,
2856 660 2914 711 et
2942 670 3116 711 suam
3159 655 3423 728 quietem
3463 674 3653 732 quam

2001 735 2245 804 gerebat
2270 737 2330 793 in
2361 741 2690 810 montibus,
2725 749 2781 800 et
2808 743 3100 800 tumultus
3131 761 3286 817 quos
3305 745 3367 802 in
3393 747 3542 805 urbe
3569 749 3656 806 in-

1998 830 2282 882 currerat.
2313 829 2558 902 Semper
2582 836 2782 888 tamen
2813 837 2871 889 et
2896 834 3075 889 corde
3106 838 3163 890 et
3199 834 3407 907 lingua
3435 836 3658 897 clama-

1998 912 2105 969 bat
2131 930 2144 969 :
2180 917 2266 970 Tu
2293 919 2469 990 nosti,
2493 920 2760 992 Domine,
2779 924 2922 993 quia
2937 923 3091 979 diem
3108 923 3362 980 hominis
3380 941 3500 982 non
3522 943 3658 984 con-

1999 1005 2202 1072 cupiui
2227 1021 2408 1075 super
2427 1013 2651 1065 tenam
2684 1011 2919 1077 (Jerem.
2942 1027 3086 1076 xvii,
3113 1016 3220 1083 16).
3245 1013 3492 1087 Semper
3510 1031 3661 1088 prae-

1997 1089 2258 1165 dicabat,
2290 1109 2528 1168 semper
2554 1097 2784 1167 orabat,
2818 1115 3058 1172 semper
3084 1100 3350 1158 Psalmos
3380 1103 3656 1173 canebat,

1999 1196 2240 1254 semper
2265 1182 2329 1238 in
2353 1200 2456 1241 ore
2483 1186 2614 1257 ejus
2643 1187 2776 1244 laus
2819 1194 2877 1245 et
2917 1189 3254 1246 benedictio
3297 1191 3534 1248 Domini
3570 1209 3661 1250 re«

1999 1269 2276 1328 sonabat.
2309 1272 2380 1329 Et
2420 1275 2564 1346 quia
2608 1275 2912 1347 virginum
2950 1279 3189 1336 mansio
3237 1279 3466 1352 praefati
3515 1298 3657 1340 san-

1997 1359 2208 1415 ctuarii
2247 1361 2572 1433 parietibus
2621 1365 2959 1424 cohaerebat
3007 1372 3362 1442 tantumque
3414 1370 3656 1443 objectu

1995 1448 2271 1505 maceria:
2297 1466 2334 1507 a
2363 1453 2655 1512 vestibulo
2683 1455 2884 1512 altaris
2921 1456 3313 1514 dirimebatur
3337 1477 3351 1528 ;
3393 1460 3442 1516 si
3471 1477 3656 1534 quem

1998 1535 2144 1594 forte
2174 1544 2417 1597 cantum
2448 1548 2792 1601 sanctorum
2822 1545 3106 1602 laudibus
3134 1553 3520 1606 resonantem
3551 1566 3659 1623 per

1929 1646 1970 1700 Β
1995 1626 2222 1684 natalia
2249 1636 2584 1703 martyrum
2613 1633 2882 1691 audisset
2910 1651 2947 1691 a
2985 1635 3212 1692 clericis
3239 1636 3657 1712 psallentibus,

1997 1716 2310 1774 confestim
2339 1720 2606 1792 quadam
2627 1723 3002 1793 jucunditate
3040 1725 3374 1783 caelestium
3421 1727 3658 1784 deside-

1996 1803 2224 1862 riorum
2253 1815 2618 1881 compuncta
2645 1813 3081 1886 prorumpebat
3115 1813 3176 1869 in
3202 1813 3542 1888 lacrymas;
3593 1822 3662 1875 ut

1997 1908 2122 1950 non
2167 1895 2368 1952 minus
2405 1897 2568 1954 illam
2598 1900 2888 1958 introrsus
2926 1901 3199 1959 crederes
3226 1904 3605 1976 proclamare
3638 1924 3653 1962 :

1999 1984 2202 2041 Sitivit
2248 1987 2455 2042 anima
2483 2003 2613 2045 mea
2643 1990 2725 2045 ad
2765 1993 2947 2047 Deum
2998 1992 3240 2062 vivum;
3281 1994 3522 2064 quando
3568 2009 3662 2052 ve-

1999 2072 2163 2128 niam
2193 2079 2248 2128 et
2272 2076 2574 2144 apparebo
2603 2084 2743 2134 ante
2766 2079 2986 2148 faciem
3014 2081 3143 2137 Dei.
3191 2081 3467 2138 Fuerunt
3511 2083 3662 2139 mihi

2002 2161 2288 2231 lacryma'
2346 2179 2532 2234 panes
2565 2167 2661 2223 die
2707 2182 2779 2224 ac
2821 2175 3011 2234 nocte,
3059 2169 3202 2226 dum
3247 2171 3474 2227 dicitur
3509 2171 3664 2228 mihi

2001 2251 2303 2321 quotidie:
2338 2253 2449 2310 Ubi
2472 2261 2557 2310 est
2576 2257 2734 2312 Deus
2756 2261 2933 2313 tuus?
2955 2259 3148 2326 (Psal.
3169 2275 3285 2331 xu,
3318 2264 3372 2331 3,
3403 2261 3480 2332 4).
3504 2259 3656 2333 Ipsis

2000 2338 2219 2395 etenim
2248 2341 2504 2398 nexibus
2542 2345 2834 2417 corporis,
2868 2346 3090 2419 quibus
3138 2347 3199 2403 in
3237 2348 3352 2404 hac
3397 2347 3661 2422 peregri-

2001 2427 2242 2485 natione
2265 2446 2439 2486 mens
2470 2432 2660 2489 sancti
2704 2434 2996 2508 cujusque
3035 2439 3285 2506 retenta,
3337 2437 3417 2494 ab
3444 2437 3546 2495 illa
3573 2437 3663 2494 in-

2001 2515 2225 2574 effabili
2253 2517 2518 2576 claritate
2549 2526 2898 2578 sanctorum
2929 2538 3068 2579 cum
3102 2539 3327 2596 magna
3373 2541 3663 2598 superno-

1999 2620 2138 2662 rum
2153 2606 2586 2666 desideriorum
2616 2611 2709 2668 siti
2737 2615 2949 2668 exusta
2979 2629 3041 2669 se
3065 2613 3358 2686 jungitur,
3379 2613 3543 2672 velut
3559 2613 3664 2671 ob-

2003 2695 2302 2753 stantibus
2348 2715 2664 2756 murorum
2693 2700 2994 2774 repagulis
3020 2718 3096 2758 ne
3125 2703 3203 2760 ad
3251 2703 3550 2761 civitatem
3577 2703 3663 2760 vi-

2001 2786 2269 2842 ventium
2293 2789 2548 2857 concito,
2574 2805 2697 2862 quo
2721 2790 2868 2859 vult,
2899 2806 3108 2861 gressu
3138 2793 3459 2867 pertingat,
3484 2793 3662 2866 quasi

2001 2890 2035 2931 e
2058 2873 2303 2945 regione
2333 2893 2489 2934 onus
2512 2879 2926 2936 membrorum
2955 2880 3070 2937 sibi
3099 2883 3368 2950 credens,
3391 2882 3663 2938 resistere

2001 2965 2200 3038 plorat
2228 2970 2286 3021 et
2314 2965 2457 3023 dicit
2483 2985 2495 3022 :
2525 2969 2796 3024 Fuerunt
2823 2969 2978 3025 mihi
3003 2971 3289 3040 lacrymae
3312 2986 3455 3027 mea
3472 2986 3663 3040 panes

2002 3055 2100 3110 die
2121 3069 2194 3110 ac
2217 3061 2408 3126 nocte,
2455 3055 2598 3110 dum
2643 3057 2870 3112 dicitur
2895 3056 3047 3113 mihi
3072 3058 3381 3129 quotidie:
3430 3059 3540 3116 Ubi
3577 3064 3664 3115 est

2002 3146 2156 3200 Deus
2189 3148 2373 3199 tuus?
2411 3144 2560 3198 Cum
2608 3143 2708 3198 illo
2737 3145 2941 3216 utique
2972 3161 3101 3201 esse
3148 3145 3469 3219 desiderat,
3517 3163 3658 3203 cum

2002 3247 2127 3306 quo
2169 3231 2491 3304 Apostolus
2544 3231 2812 3290 resoluta
2847 3233 2980 3305 jam
3007 3233 3367 3292 mortalitate
3412 3235 3662 3308 cupiens

2002 3335 2376 3393 permanere,
2408 3319 2650 3378 dicebat
2680 3338 2693 3377 :
2726 3321 2986 3379 Dissolvi
3005 3328 3059 3380 et
3087 3339 3211 3380 esse
3239 3326 3388 3393 cum!
3420 3324 3660 3382 Christo

2001 3411 2213 3467 melius
2243 3415 2328 3467 est
2354 3411 2646 3481 (Philipp.
2681 3427 2720 3475 ι,
2749 3413 2864 3480 23).

2080 3499 2163 3555 10.
2180 3498 2401 3554 Verum
2427 3498 2834 3556 indesinenter
2848 3500 2942 3556 his
2961 3501 3115 3558 votis
3141 3505 3349 3559 sancta
3370 3500 3664 3560 Columba

2001 3586 2302 3659 insistens,
2326 3604 2465 3644 cum
2488 3587 2626 3661 plus
2654 3587 2904 3663 aliquid,
2929 3594 2995 3647 ut
3015 3607 3170 3662 reor,
3191 3590 3255 3648 in
3277 3591 3662 3665 semetipsam

2003 3676 2300 3734 cruciatus
2329 3675 2464 3750 ipsa
2491 3675 2750 3747 inferret,
2781 3695 2972 3752 quam
3008 3680 3212 3737 furens
3241 3687 3263 3717 °
3306 3679 3665 3754 imploderet

2001 3765 2288 3835 carnifex,
2318 3765 2679 3836 vigiliarum,
2702 3766 3093 3838 jejuniorum,
3120 3773 3301 3841 atque
3321 3769 3663 3825 orationum

2003 3853 2225 3911 scilicet
2268 3854 2678 3911 continuando
2733 3855 3004 3925 labores;
3047 3856 3226 3930 quasi
3253 3872 3440 3929 parva
3464 3859 3664 3912 essent

2000 3942 2115 3998 ista
2141 3941 2616 4014 omnia,proprio
2636 3947 2694 3999 et
2718 3942 2989 4000 ultroneo
3010 3943 3072 3999 in
3097 3960 3160 4000 se
3188 3949 3328 4001 voto
3355 3944 3520 4000 illata
3540 3948 3661 4000 tor-

2007 4034 2228 4097 menta,
2259 4029 2420 4086 velut
2456 4029 2532 4087 de
2573 4031 2698 4087 suis
2751 4032 2930 4088 etiam
2975 4032 3221 4101 meritis,
3273 4032 3381 4090 etsi
3425 4033 3663 4104 majora

2005 4123 2326 4185 exerceret,
2369 4134 2495 4175 non
2523 4120 2885 4177 conﬁdebat.
2917 4123 3002 4177 Ac
3031 4126 3327 4190 metuens,
3357 4137 3436 4178 ne
3468 4125 3662 4179 cente-

2007 4209 2232 4265 simum
2261 4207 2612 4278 virginitatis
2641 4226 2764 4265 suae
2791 4209 3052 4266 fructum
3080 4226 3336 4267 vacuum
3363 4211 3530 4284 apud
3557 4212 3664 4267 Pa-

2007 4302 2155 4354 trem
2180 4296 2486 4354 commodi
2514 4298 2817 4370 reperiret,
2844 4299 2924 4354 ad
2948 4299 3249 4356 ineffabile
3281 4299 3548 4373 martyrii
3569 4299 3662 4355 in-

2005 4385 2194 4443 dubia
2220 4385 2458 4442 lucrum
2492 4386 2739 4460 aspirat,
2767 4387 2934 4460 quod
2962 4393 3306 4461 peccatores
3345 4389 3525 4446 etiam
3571 4387 3663 4444 di-

2005 4479 2168 4532 recto
2198 4475 2432 4532 tramite
2460 4475 2524 4532 in
2547 4491 2802 4547 regnum
2845 4476 3022 4533 mittit
3068 4477 3376 4549 caelorum,
3431 4477 3663 4534 dicente

2009 4563 2330 4636 Evangelio
2355 4582 2368 4621 :
2399 4566 2670 4636 Regnum
2701 4567 2987 4623 caelorum
3020 4567 3136 4623 vim
3160 4567 3420 4637 patitur,
3450 4570 3505 4620 et
3540 4565 3662 4620 vio-

2012 4655 2159 4711 lenti
2184 4654 2482 4724 diripiunl
2504 4654 2663 4710 illud
2689 4654 2936 4726 (Matth.
2965 4672 3040 4722 xi,
3076 4656 3182 4727 t2).
3217 4653 3366 4709 Hinc
3408 4653 3539 4724 jam
3569 4667 3665 4708 ar-

2009 4742 2246 4799 dentius
2273 4742 2335 4798 in
2351 4757 2559 4798 amore
2581 4742 2790 4800 Christi
2817 4759 3130 4813 succensa,
3159 4742 3406 4800 concitis
3427 4742 3506 4799 ad
3526 4757 3668 4798 eum

2010 4831 2320 4903 gressibus
2337 4830 2431 4888 cui
2452 4831 2698 4888 ﬁdeliter
2718 4831 3001 4888 servierat
3020 4832 3312 4890 anhelans
3335 4831 3669 4906 pervenire,

2009 4919 2382 4995 quibusdam
2406 4921 2587 4978 etiam
2615 4921 3078 4978 revelationibus
3108 4922 3188 4979 ad
3228 4921 3292 4978 id
3332 4922 3674 4996 frequenter

2010 5009 2276 5083 impulsa
2297 5029 2311 5079 ;
2343 5011 2613 5084 quodam
2632 5010 2729 5068 die
2749 5009 2978 5084 irrupto
2998 5011 3270 5083 latibulo,
3291 5012 3569 5069 reseratis
3590 5014 3676 5068 ta-

2013 5099 2124 5156 cite
2145 5099 2373 5157 foribus
2402 5099 2464 5156 in
2489 5099 2689 5156 forum
2729 5099 3096 5173 digrediens,
3145 5100 3330 5158 licett
3370 5099 3676 5172 incognita

2013 5189 2250 5246 viarum
2282 5188 2445 5244 urbis
2473 5188 2766 5258 existeret,
2795 5189 3045 5262 provido
3084 5193 3288 5248 tamen
3339 5189 3677 5264 exploratu,

2013 5294 2137 5352 quo
2158 5277 2346 5350 judex
2373 5283 2730 5343 moraretur,
2765 5277 3041 5336 addiscit.

2020 5422 2481 5490 templationem.
2512 5421 2590 5478 ln.

2090 5493 2115 5575 ξι
2142 5495 2214 5575 iit
2239 5493 2364 5575 haec
2387 5493 2640 5575 basilica
2666 5493 2823 5549 intra
2856 5493 3066 5575 urbem
3098 5493 3228 5550 fuit.
3261 5493 3342 5550 In.

2091 5571 2112 5633 ’ξ
2141 5563 2206 5618 Id
2231 5569 2337 5630 est,
2374 5565 2717 5633 inﬂicturus
2747 5569 2919 5622 esset.
2947 5567 3219 5622 SUYSKEN.

2099 5632 2115 5663 ¹
2139 5636 2249 5692 Pro
2279 5632 2522 5705 ignara.
2548 5636 2625 5692 In.

3192 5725 3261 5778 26
