4140 6188
528 156 620 210 ιη
1723 158 1776 209 S.
1824 153 2103 208 EULOG"
2138 153 2160 206 Α

2280 157 2454 210 ΗΙΕΡ.
2497 157 2735 213 TOLET.
3822 160 3922 212 812

598 280 682 332 Η.
718 275 802 331 Ibi
833 291 971 331 cum
1000 275 1382 346 pervenisset,
1415 275 1665 345 ejusque
1695 278 1913 330 astaret
1959 274 2170 330 obtuti-
2198 277 2245 330 A
2283 279 2482 333 Jesum
2517 279 2816 335 Christum
2863 280 2968 352 qui
3020 279 3161 334 vivit
3211 295 3350 334 cum
3403 280 3570 335 Patre
3618 285 3676 335 et
3716 279 3924 351 Spiritu

522 363 658 429 bus,
719 362 824 418 dat
878 362 1310 434 professionem
1366 363 1673 419 catholicae
1729 363 1889 434 fidei,
1951 363 2171 435 profert

522 450 928 520 evangelicam
960 451 1286 519 veritatem,
1317 452 1593 524 iniquum
1624 453 1852 522 dogma
1889 452 2167 521 retundit,

520 543 946 610 auctoremque
975 541 1182 611 magni
1211 557 1342 598 esse
1371 541 1607 597 sceleris
1638 542 1777 598 talia
1803 557 2171 614 praesumen-

519 633 638 686 tem
663 629 1048 697 annuntians,
1079 630 1280 702 ipsum
1305 631 1507 687 denuo
1533 631 1844 697 arbitrum,
1890 647 2077 703 quare
2108 647 2168 685 se

517 717 738 775 talibus
767 719 1088 788 sacrilegiis
1118 720 1509 789 combinaret,
1549 720 1788 775 blandis
1835 720 2168 776 admodum

516 807 714 864 verbis
740 808 1026 866 hortatur.
1060 810 1242 879 Cujus
1274 809 1534 882 speciem
1567 809 1868 882 verbaque
1891 809 2165 879 miratus,

514 896 670 954 illico
693 913 826 954 eam
858 898 918 953 in
943 898 1234 970 palatium
1264 898 1510 968 ducens,
1558 903 1869 971 satrapum
1917 897 2167 953 concilio

513 991 916 1058 repraesentat.
952 987 1036 1044 lbi
1085 987 1282 1043 adhuc
1323 987 1652 1060 proﬁtetur,
1711 987 2012 1059 praedicat,
2065 987 2168 1043 ad-

513 1081 738 1143 monet,
769 1093 979 1133 omnes
1005 1093 1128 1133 suae
1155 1078 1351 1149 potius
1380 1077 1598 1133 debere
1639 1077 1810 1133 saluti
1859 1077 2167 1132 consulere

512 1181 702 1238 quam
747 1167 920 1223 vanis
956 1167 1224 1222 insistere
1253 1167 1731 1238 deceptionibus,
1763 1166 1985 1238 quibus
2033 1182 2165 1222 eam

512 1259 900 1312 transvertere
950 1256 1346 1312 conabantur.
1394 1256 1634 1311 Dicebat
1662 1256 1862 1324 etiam,
1911 1271 2034 1310 non
2087 1259 2168 1311 ta-

509 1343 630 1402 lem
650 1345 914 1401 Christus
933 1345 1117 1400 habet
1142 1360 1451 1416 sponsam,
1473 1361 1610 1416 qute
1635 1343 1936 1400 immutari
1961 1344 2034 1398 de
2055 1343 2170 1415 pri-

511 1435 666 1492 stina
692 1433 1105 1505 compactione
1137 1450 1378 1490 ararum
1405 1434 1535 1503 ejus
1587 1433 1922 1504 praevaleat.
1968 1455 1996 1482 «
2020 1436 2164 1488 Nam

510 1525 646 1598 quis
673 1524 852 1580 ditior
879 1523 982 1578 illo
1013 1527 1120 1590 est,
1153 1528 1217 1578 ut
1245 1539 1355 1578 vos
1378 1539 1475 1578 me
1505 1522 1692 1594 copiis
1725 1538 1925 1578 rerum
1966 1521 2168 1577 creda-

509 1615 583 1672 tis
627 1612 892 1670 illicere?
939 1612 1082 1677 Quis
1135 1612 1439 1684 pulchrior
1491 1628 1562 1667 eo
1592 1616 1697 1677 est,
1732 1611 1904 1681 cujus
1950 1610 2163 1682 speciei
2197 1631 2235 1683 Β

508 1706 705 1762 forma
733 1719 857 1776 prae
881 1702 1016 1758 ﬁliis
1043 1702 1360 1757 hominum
1390 1701 1590 1770 claret,
1621 1705 1685 1757 ut
1711 1717 1821 1756 vos
1851 1717 1948 1755 me
1974 1704 2166 1772 nuptu

508 1799 742 1851 terreno
772 1791 1140 1848 arbitremini
1165 1791 1586 1847 oblectandam
1610 1792 1637 1846 ?
1681 1791 1822 1856 Quis
1852 1789 2044 1846 cultus
2074 1789 2166 1845 vel

509 1890 670 1941 secta
684 1881 1043 1952 evangelicae
1059 1881 1198 1936 ﬁdei
1221 1881 1460 1936 veritate
1491 1880 1754 1936 sanctior
1777 1884 1882 1949 est,
1902 1895 2034 1952 qnae
2061 1895 2164 1951 per

507 1978 700 2030 totum
747 1972 957 2028 orbem
1005 1971 1418 2043 apostolorum
1470 1970 1717 2024 vocibus
1758 1969 2158 2041 promulgata,

506 2067 742 2120 aeternae
774 2060 898 2133 spei
938 2059 1316 2116 credentibus
1364 2059 1680 2132 praemium
1723 2059 2159 2131 repromittens,

506 2169 687 2210 omne
711 2150 1212 2224 prophetismum,
1238 2149 1401 2222 quod
1433 2149 1512 2204 ab
1557 2148 1658 2204 illa
1699 2148 1988 2214 dissentit,
2021 2163 2160 2203 ana-

506 2243 711 2299 thema
755 2257 884 2296 esse
915 2241 977 2294 in
1022 2239 1266 2295 veritate
1297 2254 1419 2294 non
1464 2238 1718 2293 dubium
1762 2239 1902 2293 est?
1945 2239 2162 2302 Quam-

505 2331 718 2387 obrem
738 2330 941 2386 relicta
961 2329 1242 2396 vanitate,
1274 2343 1486 2383 verum
1517 2326 1817 2396 Evangelii
1839 2327 2056 2381 ducem
2076 2341 2162 2380 re-

506 2420 738 2493 quirite,
762 2435 886 2491 quo
909 2418 1122 2474 melius
1148 2418 1250 2472 ﬁlii
1270 2417 1441 2481 lucis,
1470 2432 1656 2488 quam
1681 2415 2160 2484 geniminatene-

506 2508 778 2573 brarum,
797 2506 1122 2577 mortisque
1142 2505 1378 2560 soboles
1401 2503 1802 2576 appellemini.
1827 2503 1921 2558 Ille
1943 2503 2162 2558 etenim

507 2593 656 2649 dixit
682 2610 694 2647 :
737 2593 850 2659 Qui
869 2594 1141 2662 sequitur
1167 2607 1278 2659 me,
1302 2607 1420 2647 non
1443 2592 1778 2647 ambulabit
1796 2591 1860 2645 in
1884 2589 2164 2646 tenebris:

507 2689 560 2740 et
591 2683 780 2738 omnis
808 2682 914 2752 qui
942 2682 1104 2747 vivit,
1148 2685 1200 2736 et
1231 2682 1421 2737 credit
1460 2681 1523 2735 in
1553 2696 1664 2749 me,
1716 2695 1833 2736 non
1877 2682 2166 2737 morietur

512 2775 576 2828 in
600 2776 890 2830 ceternum
920 2773 1119 2838 (Joan.
1149 2785 1272 2839 vni,
1308 2772 1392 2832 t2,
1421 2776 1474 2825 et
1504 2786 1582 2834 x1,
1615 2770 1724 2838 ‘26).
1755 2791 1782 2818 »

585 2863 666 2917 t2.
729 2860 911 2930 Igitur
967 2876 1105 2916 cum
1163 2859 1546 2915 fortissimam
1601 2859 1844 2927 virginis
1891 2863 2166 2915 constan-

506 2953 652 3009 tiam
681 2961 706 2987 ⁸
758 2950 1034 3007 consules
1079 2949 1339 3005 universi
1391 2948 1783 3019 adverterent,
1815 2964 2010 3022 neque
2057 2949 2164 3005 im-
2195 2987 2234 3042 Ο

510 3041 730 3098 mutari
758 3055 939 3113 posse
968 3039 1189 3096 talibus
1215 3038 1512 3094 imbutam
1540 3038 1796 3093 oraculis
1836 3042 2162 3108 cernerent,

506 3145 704 3204 neque
756 3131 1060 3187 hortatum
1113 3127 1422 3186 assertioni
1475 3128 1602 3198 ejus
1649 3127 1797 3183 ferre
1851 3126 2161 3182 valerent:

507 3221 792 3278 continuo
821 3224 961 3277 ante
989 3222 1144 3275 fores
1195 3218 1402 3290 palatii
1447 3233 1581 3272 eam
1633 3217 1917 3273 trucidari
1960 3217 2165 3288 praeci-

506 3310 698 3382 piunt.
735 3313 926 3376 Quam
973 3310 1047 3380 (ι)
1079 3325 1218 3364 cum
1261 3322 1502 3363 summa
1547 3307 1880 3362 reverentia
1931 3307 2005 3377 ('2)
2035 3307 2163 3362 foro

507 3400 953 3464 constituentes,
986 3400 1060 3467 (3)
1092 3412 1215 3451 non
1247 3413 1309 3450 se
1338 3397 1504 3467 prius
1547 3395 1829 3452 decollari
1872 3395 2159 3467 permisit,

507 3503 694 3558 quam
724 3486 973 3558 praemio
1008 3484 1272 3540 lictorem
1301 3485 1471 3552 virgo
1525 3484 1926 3539 sacratissima
1977 3486 2162 3539 hono-

506 3579 682 3632 raret.
719 3573 930 3645 Sicque
959 3573 1203 3644 pronior
1233 3571 1526 3626 cervicem
1557 3572 1869 3635 inclinans,
1903 3572 2160 3644 inlapsu

506 3664 533 3704 ιι
557 3663 752 3735 juguli
780 3661 1100 3718 delicatum
1140 3676 1358 3732 corpus
1391 3659 1687 3715 sternitur.
1723 3663 1837 3716 Nec
1874 3677 2066 3732 mora,
2097 3665 2161 3717 ut

505 3757 632 3810 erat
656 3751 825 3808 lineis
856 3750 1154 3819 indutum,
1183 3748 1441 3806 cadaver
1466 3752 1668 3821 sporta
1696 3749 1970 3805 imissum
1991 3749 2158 3805 alveo

505 3842 715 3916 projici
765 3841 1066 3915 principes
1131 3839 1592 3906 mandaverunt,
1657 3855 1768 3894 nec
1829 3839 1981 3895 sicut
2045 3855 2157 3895 cae-

504 3937 628 3990 tera
653 3932 987 3988 occisorum
1028 3930 1342 3999 cadavera,
1375 3933 1478 3985 aut
1525 3944 1636 4001 pro
1689 3928 1918 3985 foribus
1965 3929 2159 3999 negle-

501 4027 736 4088 xerunt,
771 4026 871 4077 aut
900 4020 1156 4094 equuleo
1188 4018 1630 4091 suspenderunt
1665 4036 1745 4073 xv
1770 4019 2021 4076 Kalend.
2056 4022 2158 4076 0c-

502 4111 624 4167 tob.
659 4126 777 4166 aera
806 4126 1045 4166 ncccxm.
1081 4109 1254 4176 Quod
1283 4112 1423 4181 post
1453 4113 1685 4164 sextum
1715 4108 1874 4164 diem
1905 4109 2156 4164 illaesum

503 4204 560 4257 et
613 4199 910 4270 integrum
967 4199 1373 4272 quorumdam
1428 4198 1664 4254 solertia
1716 4199 2154 4254 monachorum

501 4290 784 4346 divinitus
819 4289 995 4345 nobis
1039 4288 1287 4344 allatum
1335 4292 1439 4355 est,
1491 4287 1796 4360 dignoque
1843 4287 2040 4343 ofﬁcio
2091 4288 2153 4343 in

501 4379 747 4436 Basilica
795 4381 869 4449 (4)
913 4382 1133 4434 sanctae
1185 4376 1422 4432 Eulaliae
1462 4375 1705 4447 virginis
1744 4380 1802 4431 et
1853 4375 2151 4449 martyris,

498 4485 635 4542 quae
665 4469 727 4524 in
755 4468 888 4525 vico
914 4467 1212 4538 Fregellas
1239 4465 1558 4522 constituta
1595 4469 1704 4532 est,
1739 4465 2154 4522 honorabilem

499 4559 716 4615 meruit
743 4559 1136 4631 sepulturam.
1169 4559 1287 4612 Hoc
1315 4555 1490 4611 nobis
1517 4554 1595 4610 ad
1624 4553 1805 4610 fidem
1847 4554 1923 4610 de
1964 4571 2035 4612 ea
2064 4572 2154 4611 re-

495 4649 687 4706 latum
707 4654 813 4706 est.

571 4743 654 4795 t3.
691 4740 979 4794 Caeterum
1007 4739 1069 4791 tu
1101 4733 1524 4803 sacratissima,
1555 4748 1691 4806 quae
1721 4732 1936 4790 utiliter
1967 4734 2155 4790 Eccle-

495 4827 646 4881 siam
691 4827 1047 4882 catholicam
1080 4829 1136 4880 et
1181 4825 1384 4879 vivens
1436 4824 1904 4880 conversationis
1953 4840 2153 4880 exem-

496 4913 615 4986 plo,
631 4917 688 4970 et
705 4914 967 4969 moriens
983 4913 1140 4969 celso
1159 4912 1505 4968 meritorum
1523 4913 1781 4969 instituis
1802 4913 2153 4985 patrocinio,

494 5005 620 5058 esto
665 5017 898 5057 memor
943 5001 1182 5056 cultoris
1208 5002 1324 5068 tui;
1366 5018 1505 5058 erue
1537 5019 1632 5058 me
1663 5002 1893 5074 laqueis
1917 5002 2151 5072 mundi,

493 5090 776 5146 abstrahe
823 5089 1373 5162 perturbationibus
1428 5091 1651 5158 saeculi,
1684 5096 1740 5146 et
1786 5089 1990 5144 confer
2018 5095 2154 5161 post

491 5183 745 5238 mortem
776 5178 1044 5252 requiem
1073 5178 1359 5251 paradisi.
1388 5182 1492 5235 Per
1519 5179 1836 5236 Dominum
1877 5181 2146 5234 nostrum

562 5349 586 5375 ι
619 5341 901 5397 Consules
929 5339 1024 5412 hic
1053 5340 1582 5412 promagistratus
1601 5337 1690 5393 vel
1716 5337 1904 5402 gentis
1930 5337 2150 5408 primo-

487 5410 654 5467 ribus
685 5411 1014 5485 usurpavit.
1050 5409 1140 5485 Sic
1170 5409 1269 5464 lib.
1297 5426 1355 5485 ll,
1399 5426 1530 5485 cap.
1567 5409 1613 5469 1,
1664 5423 1892 5485 annum
1935 5424 2147 5485 consu-

492 5485 649 5539 latus
678 5479 1075 5539 Abdarrahmi
1107 5497 1219 5553 pro
1256 5479 1527 5553 ejusdem
1572 5481 1745 5550 regni
1774 5493 1935 5534 anno
1983 5479 2150 5536 adhi-

486 5555 637 5612 buit.
668 5557 941 5613 SUYSKEN.
972 5550 1216 5609 Vidfibi
1245 5550 1442 5608 Moral.

558 5628 586 5668 δ
631 5629 894 5700 Jugulus
932 5626 1029 5682 hic
1054 5639 1165 5696 pro
1189 5622 1395 5693 gladio
1424 5621 1516 5678 vel
1552 5624 1768 5692 securi,
1801 5638 1922 5695 qua
1966 5624 2149 5694 jugu-

2285 372 2507 429 sancto,
2543 385 2700 423 unus
2729 374 2786 423 et
2809 368 3163 424 immortalis
3196 372 3368 434 Deus,
3417 385 3523 440 per
3551 369 3784 424 infinita
3831 385 3926 421 sas-

2282 454 2417 509 cula
2449 458 2831 512 saeculorum.
2867 460 3054 512 Amen
3067 499 3079 510 .

2927 582 3149 638 CAPUT
3194 583 3279 638 XI.

2667 690 2961 758 Pomposa
3001 689 3169 758 virgo
3198 694 3253 743 et
3282 696 3536 757 martyr.

2352 820 2400 869 t.
2445 816 2624 882 Igitur
2652 830 2787 868 cum
2821 814 2899 870 ad
2926 814 3249 869 multorum
3269 815 3538 869 notitiam
3560 815 3694 886 ipso
3724 816 3820 871 die
3839 833 3935 870 ru-

2278 919 2411 958 mor
2438 903 2837 958 consummati
2868 903 3132 974 martyrii
3163 903 3460 974 przedictze
3508 904 3756 974 virginis
3808 922 3933 977 per-

2277 993 2553 1061 venisset,
2609 997 2825 1048 etnon
2875 991 3071 1047 solum
3130 996 3314 1047 totam
3373 992 3668 1048 civitatem
3723 1011 3937 1050 verum

2277 1081 2455 1138 etiam
2483 1081 2769 1137 viciniora
2797 1081 2930 1137 loca
2959 1081 3304 1152 inserperet,
3339 1081 3507 1150 virgo
3531 1083 3818 1153 quaedam
3837 1100 3937 1138 ve-

2275 1170 2576 1233 nerabilis,
2625 1170 2868 1225 nomine
2919 1173 3236 1241 Pomposa,
3289 1186 3362 1225 ex
3414 1171 3690 1226 ccenobio
3739 1175 3940 1230 Sancti

2279 1259 2618 1326 Salvatoris,
2647 1259 2813 1332 quod
2845 1258 2919 1314 ad
2951 1258 3214 1314 radicem
3246 1259 3442 1314 Pinnae
3491 1260 3758 1316 Mellarise
3789 1277 3940 1317 con-

2278 1351 2543 1406 stitutum
2578 1353 2685 1417 est,
2717 1365 2838 1420 quo
2865 1347 3100 1403 dudum
3131 1364 3194 1403 se
3223 1364 3361 1404 cum
3406 1351 3776 1420 parentibus,
3822 1352 3944 1407 fra-

2276 1440 2468 1496 tribus
2497 1442 2554 1494 et
2581 1437 2852 1506 cognatis
2885 1437 3114 1494 Christo
3145 1436 3465 1494 militatura
3487 1439 3820 1495 contulerat
3844 1443 3939 1510 (ex

2275 1542 2398 1598 quo
2429 1530 2606 1582 antea
2633 1526 3017 1581 beatissimus
3060 1525 3307 1581 Fandila
3359 1527 3634 1597 ejusdem
3676 1529 3793 1585 loci
3837 1547 3938 1586 sa-

2275 1615 2486 1671 cerdos
2517 1615 2659 1670 olim
2689 1613 3093 1683 descenderat)
3118 1633 3130 1681 ;
3154 1631 3296 1670 mox
3327 1619 3389 1670 ut
3408 1615 3553 1670 illud
3575 1619 3938 1689 martyrium

2275 1721 2311 1762 a
2335 1704 2669 1761 dicentibus
2693 1704 3001 1775 comperit,
3035 1704 3152 1759 alio
3192 1705 3287 1760 die
3316 1715 3338 1740 ε
3387 1706 3503 1761 cita
3533 1708 3809 1762 occurrit.
3861 1711 3933 1778 (t)

2276 1799 2406 1851 Haec
2432 1809 2695 1864 namque
2724 1793 2894 1861 virgo
2925 1792 3100 1848 beata
3131 1798 3449 1865 parentum
3479 1800 3536 1850 et
3563 1796 3937 1868 propinquo-

2272 1897 2408 1936 rum
2439 1885 2710 1936 sanctam
2738 1882 3280 1950 conversationem,
3319 1899 3502 1954 quam
3537 1885 3830 1951 gerebant
3874 1887 3934 1942 in

2273 1970 2571 2035 Corduba,
2604 1985 2676 2025 ex
2712 1985 2834 2041 qua
2863 1975 3032 2025 erant
3059 1971 3373 2042 progeniti,
3405 1987 3676 2035 cernens,
3730 1975 3933 2030 confe-

2274 2059 2409 2115 stim
2439 2059 2617 2115 avida
2641 2063 2839 2113 mente
2871 2059 2971 2114 tali
3001 2075 3063 2114 se
3090 2066 3224 2115 voto
3255 2060 3597 2129 assignans,
3651 2079 3792 2118 cum
3844 2065 3933 2119 his

2271 2149 2449 2205 simul
2478 2148 2774 2204 mundum
2809 2149 3049 2220 spernit,
3081 2149 3345 2205 labentia
3375 2150 3607 2218 deserit,
3632 2152 3936 2223 integrita.

2271 2243 2392 2294 tem
2420 2237 2728 2311 promittit,
2762 2253 3173 2310 mansuraque
3204 2240 3540 2310 perenniter
3581 2246 3702 2296 toto
3732 2242 3936 2298 nititur

2271 2332 2490 2383 conatu
2524 2330 2820 2398 appetere.

2342 2421 2395 2470 2.
2430 2417 2805 2486 Quapropter
2835 2418 3112 2486 parentes
3163 2416 3314 2486 ejus,
3346 2415 3626 2472 distracto
3645 2419 3934 2490 patrimo-

2271 2507 2393 2571 nio,
2417 2504 2736 2576 praefatum
2765 2503 3110 2560 cmnobium
3135 2509 3560 2574 construentes,
3587 2507 3640 2561 in
3667 2522 3739 2561 eo
3758 2507 3922 2568 loco,

2270 2593 2377 2666 qui
2431 2609 2502 2648 ex
2560 2608 2630 2647 eo
2683 2592 2827 2664 quia
2870 2592 2948 2648 ab
2989 2593 3316 2666 antiquitus
3363 2601 3665 2664 congestos
3709 2595 3772 2650 in
3819 2595 3929 2650 illa

2273 2681 2502 2737 celsiori
2529 2697 2679 2754 rupe
2722 2696 2908 2753 apum
2934 2681 3227 2738 industria
3272 2683 3465 2751 favos,
3497 2685 3571 2754 (2)
3601 2683 3702 2755 qui
3731 2699 3933 2757 usque

2271 2770 2450 2826 hodie
2499 2774 2873 2842 permanent,
2909 2770 3169 2840 majores
3227 2771 3414 2827 nostri
3466 2772 3758 2840 viderunt,
3802 2773 3935 2828 Pin-

2273 2875 2354 2916 na
2417 2859 2671 2916 Mellaria
2719 2863 2967 2915 vocatus
3026 2863 3134 2914 est.
3196 2859 3421 2915 Ibidem
3473 2865 3670 2917 autem
3730 2876 3796 2916 se
3853 2862 3935 2917 ad

2273 2948 2619 3004 exercitium
2671 2948 2804 3003 vitae
2857 2948 3203 3004 monasticze
3252 2949 3630 3019 collocantes,
3687 2951 3937 3006 tradunt

2273 3039 2512 3095 beatam
2543 3038 2700 3093 hanc
2746 3037 3038 3107 virginem
3081 3039 3234 3094 inter
3273 3038 3439 3093 illum
3490 3055 3732 3094 suorum
3783 3054 3936 3095 con-

2274 3133 2518 3183 ventum
2562 3126 2964 3198 pulchriorem
3021 3127 3209 3195 gratia
3259 3128 3586 3184 sanctitatis
3618 3128 3935 3192 ﬂoruisse;

2273 3223 2329 3274 et
2357 3234 2492 3290 quae
2523 3217 2800 3272 ultimum
2841 3232 2948 3287 per
2985 3220 3220 3271 aetatem
3271 3217 3527 3285 gradum
3575 3218 3832 3284 tenebat,
3869 3219 3941 3274 tit

2272 3307 2496 3362 caeteris
2529 3305 2925 3360 excellentiori
2968 3304 3228 3360 culmine
3274 3304 3626 3362 innocentiae
3667 3321 3733 3361 ac
3787 3306 3939 3362 sim-

2271 3396 2548 3468 plicitatis
2603 3395 2812 3450 merito
2890 3393 3230 3450 sublimata.
3297 3395 3611 3468 Tantoque
3662 3396 3720 3450 in
3780 3395 3938 3452 Scri-

2273 3489 2582 3557 pturarum
2614 3483 2997 3538 meditatione
3027 3483 3345 3538 fortissima
3393 3483 3811 3556 permanebat,
3849 3490 3936 3554 ut,

2272 3575 2317 3629 si
2377 3573 2502 3628 fieri
2546 3576 2766 3644 posset,
2810 3588 2933 3627 non
2981 3571 3220 3636 diebus,
3247 3589 3368 3628 non
3417 3573 3693 3630 noctibus
3729 3588 3770 3628 a
3819 3573 3937 3628 lec-

2271 3664 2427 3718 tione
2454 3665 2710 3729 vacaret,
2738 3661 2848 3715 nisi
2881 3660 3286 3732 quarumdam
3327 3661 3725 3732 ingruentium
3783 3665 3939 3718 tem-

2269 3755 2566 3824 pestatum
2596 3750 2984 3822 impediretur
3013 3749 3305 3822 procellis.
3363 3751 3418 3806 Si
3464 3750 3611 3823 quid
3653 3749 3809 3806 forte
3857 3753 3940 3808 ad

2269 3856 2443 3897 suam
2501 3841 2929 3909 exaggeratum
2983 3839 3223 3895 sentiret
3277 3840 3576 3911 injuriam,
3632 3838 3728 3895 illa
3789 3857 3939 3914 qua:

2268 3933 2462 3985 macte
2489 3929 2515 3964 ά
2543 3927 2889 3983 humilitatis
2912 3928 3102 3996 gratia
3152 3928 3547 3999 prominebat,
3578 3932 3792 3983 cuncta
3828 3945 3943 4000 pa-

2266 4020 2431 4076 tienti
2460 4019 2664 4074 animo
2695 4017 3044 4073 sustinebat.
3078 4017 3343 4074 Instabat
3391 4017 3614 4086 vigiliis,
3646 4016 3940 4086 jejunus,

2266 4115 2323 4165 et
2352 4108 2722 4164 orationibus
2754 4107 3019 4162 crebrius
3051 4107 3396 4175 incubabat,
3439 4107 3642 4180 quibus
3670 4104 3944 4163 favente

2265 4199 2518 4254 Domino
2566 4195 2983 4252 inviolabiliter
3040 4201 3245 4253 votum
3303 4201 3510 4269 posset
3569 4208 3946 4254 conservare

2265 4287 2653 4360 promissum.

2339 4381 2388 4434 3.
2424 4375 2598 4430 Plura
2624 4377 2781 4442 sunt,
2814 4389 2952 4446 quae
2981 4374 3056 4430 de
3085 4374 3217 4445 ejus
3249 4374 3577 4441 sanctitate,
3628 4372 3945 4433 referente

2264 4465 2441 4521 nobis
2461 4463 2688 4520 famulo
2705 4461 2918 4518 Christi
2941 4462 3132 4519 Felice
3148 4463 3470 4532 monacho,
3494 4461 3770 4533 ejusdem
3809 4481 3945 4522 car.-

2266 4553 2430 4610 nobii
2447 4553 2686 4617 abbate,
2701 4551 3122 4622 cognovimus:
3142 4569 3280 4625 quae
3295 4553 3544 4610 obtentu
3562 4550 3836 4608 evitandi
3861 4556 3950 4612 fa-

2267 4643 2508 4699 stidium
2527 4641 2949 4713 relinquentes,
2963 4640 3042 4697 ad
3063 4640 3228 4707 illud,
3247 4641 3413 4714 quod
3434 4656 3568 4698 eam
3591 4641 3716 4696 sine
3726 4640 3946 4701 dubio

2265 4731 2416 4788 ccelo
2442 4730 2937 4804 praemisit,quam
2953 4745 3208 4802 propere
3228 4729 3948 4789 festinamus.Cumenim

2265 4839 2519 4878 summae
2543 4820 2951 4877 sanctimoniae
2982 4819 3247 4876 studium
3277 4825 3521 4889 gereret,
3555 4819 3948 4896 serviretque

2267 4914 2385 4967 Deo
2412 4911 2680 4980 ﬁdeliter,
2713 4925 2856 4964 mox
2881 4913 2947 4964 ut
2976 4908 3169 4965 beata:
3215 4909 3520 4965 Columbae
3563 4911 3947 4980 martyrium

2264 4999 2570 5070 comperit,
2603 4997 2758 5054 illico
2786 4997 3032 5054 interius
3060 4998 3198 5068 igne
3231 4998 3599 5069 conﬂagrata
3623 5003 3945 5073 martyrii,

2262 5087 2329 5143 ﬁt
2357 5086 2690 5142 admodum
2719 5085 2908 5142 laetior
2927 5085 3026 5142 tali
3054 5085 3267 5142 nuntio
3288 5091 3571 5144 recreata.
3603 5088 3670 5142 Et
3695 5088 3947 5159 quibus

2262 5175 2340 5231 ad
2361 5174 2421 5230 id
2442 5179 2646 5246 posset
2674 5174 3008 5247 pertingere
3029 5175 3331 5248 passibus,
3353 5176 3530 5234 tacito
3549 5179 3606 5233 et
3629 5175 3944 5247 singulari

2260 5337 2369 5393 lari
2401 5335 2568 5408 solet,
2596 5335 2905 5408 accipitur.
2935 5340 3009 5393 In.
3047 5338 3318 5394 Sursum.

2331 5419 2352 5443 ο
2384 5407 2525 5464 Hinc
2549 5407 2741 5480 plane"
2764 5408 3301 5480 deprehendimus,
3333 5423 3473 5465 cum
3521 5407 3706 5464 alium
3760 5410 3942 5468 diem

2262 5483 2349 5546 (ut
2377 5495 2508 5551 cap.
2538 5479 2592 5545 υ)
2621 5479 2900 5550 Eulogius
2925 5480 3217 5544 nominat,
3245 5481 3570 5536 crastinum
3597 5480 3832 5538 debere
3853 5486 3946 5539 in-

2262 5549 2459 5607 tclligi.
2489 5554 2703 5607 MOIlAL.

2262 5553 2801 5679 tel‘lllilibleigleyhac
2828 5638 2974 5681 voce
2997 5638 3138 5679 cum
3169 5622 3330 5680 Livio
3361 5623 3562 5681 utitur.
3594 5623 3673 5681 In.
