  <div class='ocr_page' id='page_1' title='image "/cluster/home/n/w/nwhite01/storage/ocr_20150623/115/hvd.32044054759790/412.png"; bbox 0 0 4140 6188; ppageno 0'>
   <div class='ocr_carea' id='block_1_1' title="bbox 272 139 388 196">
    <p class='ocr_par' dir='ltr' id='par_1_1' title="bbox 272 139 388 196">
     <span class='ocr_line' id='line_1_1' title="bbox 272 139 388 196; baseline 0 0"><span class='ocrx_word' id='word_1_1' title='bbox 272 139 388 196; x_wconf 73' lang='grc'><strong>813</strong></span> 
     </span>
    </p>
   </div>
   <div class='ocr_carea' id='block_1_2' title="bbox 1312 130 2652 197">
    <p class='ocr_par' dir='ltr' id='par_1_2' title="bbox 1312 130 2652 197">
     <span class='ocr_line' id='line_1_2' title="bbox 1312 130 2652 197; baseline -0.005 -2"><span class='ocrx_word' id='word_1_2' title='bbox 1312 138 1738 197; x_wconf 78' lang='lat' dir='ltr'><strong>MEMORIALIS</strong></span> <span class='ocrx_word' id='word_1_3' title='bbox 1779 131 2234 197; x_wconf 67' lang='lat' dir='ltr'><strong>SANCTORUM.</strong></span> <span class='ocrx_word' id='word_1_4' title='bbox 2276 162 2342 172; x_wconf 92' lang='lat'><strong>--</strong></span> <span class='ocrx_word' id='word_1_5' title='bbox 2385 132 2515 188; x_wconf 69' lang='grc' dir='ltr'><strong>ΜΒ.</strong></span> <span class='ocrx_word' id='word_1_6' title='bbox 2562 130 2652 188; x_wconf 89' lang='lat' dir='ltr'><strong>lIl.</strong></span> 
     </span>
    </p>
   </div>
   <div class='ocr_carea' id='block_1_3' title="bbox 3583 138 3710 217">
    <p class='ocr_par' dir='ltr' id='par_1_3' title="bbox 3583 138 3710 217">
     <span class='ocr_line' id='line_1_3' title="bbox 3583 138 3710 217; baseline 0 -25"><span class='ocrx_word' id='word_1_7' title='bbox 3583 138 3648 217; x_wconf 75' lang='lat' dir='ltr'><strong>st</strong></span> <span class='ocrx_word' id='word_1_8' title='bbox 3675 139 3710 192; x_wconf 71' lang='grc' dir='ltr'><strong>ι</strong></span> 
     </span>
    </p>
   </div>
   <div class='ocr_carea' id='block_1_4' title="bbox 278 253 3710 331">
    <p class='ocr_par' dir='ltr' id='par_1_4' title="bbox 278 253 3710 331">
     <span class='ocr_line' id='line_1_4' title="bbox 278 253 3710 331; baseline -0.001 -11"><span class='ocrx_word' id='word_1_9' title='bbox 278 261 641 331; x_wconf 84' lang='lat' dir='ltr'><strong>cogitamine</strong></span> <span class='ocrx_word' id='word_1_10' title='bbox 670 263 952 319; x_wconf 81' lang='lat' dir='ltr'><strong>ruminat.</strong></span> <span class='ocrx_word' id='word_1_11' title='bbox 989 264 1072 329; x_wconf 89' lang='lat' dir='ltr'><strong>Et,</strong></span> <span class='ocrx_word' id='word_1_12' title='bbox 1102 279 1138 318; x_wconf 92' lang='grc' dir='ltr'>ο</span> <span class='ocrx_word' id='word_1_13' title='bbox 1165 262 1382 318; x_wconf 87' lang='lat' dir='ltr'><strong>miram</strong></span> <span class='ocrx_word' id='word_1_14' title='bbox 1413 262 1789 319; x_wconf 86' lang='lat' dir='ltr'><strong>vocationem</strong></span> <span class='ocrx_word' id='word_1_15' title='bbox 1829 262 1935 315; x_wconf 89' lang='lat' dir='ltr'><strong>Do-</strong></span> <span class='ocrx_word' id='word_1_16' title='bbox 1966 262 2012 315; x_wconf 78' lang='grc' dir='ltr'>Α</span> <span class='ocrx_word' id='word_1_17' title='bbox 2048 256 2458 329; x_wconf 86' lang='lat' dir='ltr'><strong>quorumdam</strong></span> <span class='ocrx_word' id='word_1_18' title='bbox 2485 258 2851 324; x_wconf 88' lang='lat' dir='ltr'><strong>commento,</strong></span> <span class='ocrx_word' id='word_1_19' title='bbox 2877 254 2975 312; x_wconf 90' lang='lat' dir='ltr'><strong>vel</strong></span> <span class='ocrx_word' id='word_1_20' title='bbox 3016 253 3227 313; x_wconf 82' lang='lat' dir='ltr'><strong>fraude</strong></span> <span class='ocrx_word' id='word_1_21' title='bbox 3266 254 3601 330; x_wconf 76' lang='lat' dir='ltr'><strong>gentilium,</strong></span> <span class='ocrx_word' id='word_1_22' title='bbox 3628 258 3710 317; x_wconf 86' lang='lat' dir='ltr'><strong>ad</strong></span> 
     </span>
    </p>
   </div>
   <div class='ocr_carea' id='block_1_5' title="bbox 280 349 1938 424">
    <p class='ocr_par' dir='ltr' id='par_1_5' title="bbox 280 349 1938 424">
     <span class='ocr_line' id='line_1_5' title="bbox 280 349 1938 424; baseline -0.003 -16"><span class='ocrx_word' id='word_1_23' title='bbox 280 350 445 416; x_wconf 87' lang='lat' dir='ltr'><strong>mini,</strong></span> <span class='ocrx_word' id='word_1_24' title='bbox 470 354 528 407; x_wconf 88' lang='lat' dir='ltr'><strong>et</strong></span> <span class='ocrx_word' id='word_1_25' title='bbox 556 365 834 422; x_wconf 66' lang='lat' dir='ltr'><strong>supernas</strong></span> <span class='ocrx_word' id='word_1_26' title='bbox 864 350 1269 423; x_wconf 78' lang='lat' dir='ltr'><strong>dispositionis</strong></span> <span class='ocrx_word' id='word_1_27' title='bbox 1298 351 1529 407; x_wconf 82' lang='lat' dir='ltr'><strong>aditum</strong></span> <span class='ocrx_word' id='word_1_28' title='bbox 1550 349 1938 424; x_wconf 86' lang='lat' dir='ltr'><strong>patefactum,</strong></span> 
     </span>
    </p>
   </div>
   <div class='ocr_carea' id='block_1_6' title="bbox 276 438 1249 512">
    <p class='ocr_par' dir='ltr' id='par_1_6' title="bbox 276 438 1249 512">
     <span class='ocr_line' id='line_1_6' title="bbox 276 438 1249 512; baseline -0.001 -17"><span class='ocrx_word' id='word_1_29' title='bbox 276 451 404 512; x_wconf 88' lang='lat' dir='ltr'><strong>quo</strong></span> <span class='ocrx_word' id='word_1_30' title='bbox 472 438 674 498; x_wconf 86' lang='lat' dir='ltr'><strong>nullus</strong></span> <span class='ocrx_word' id='word_1_31' title='bbox 734 439 1190 512; x_wconf 59' lang='lat' dir='ltr'><strong>praedestinatus</strong></span> <span class='ocrx_word' id='word_1_32' title='bbox 1233 446 1249 468; x_wconf 88' lang='grc'>³</span> 
     </span>
    </p>
   </div>
   <div class='ocr_carea' id='block_1_7' title="bbox 2050 342 3711 418">
    <p class='ocr_par' dir='ltr' id='par_1_7' title="bbox 2050 342 3711 418">
     <span class='ocr_line' id='line_1_7' title="bbox 2050 342 3711 418; baseline 0.002 -18"><span class='ocrx_word' id='word_1_33' title='bbox 2050 346 2403 417; x_wconf 84' lang='lat' dir='ltr'><strong>martyrium</strong></span> <span class='ocrx_word' id='word_1_34' title='bbox 2434 346 2615 402; x_wconf 85' lang='lat' dir='ltr'><strong>fuisse</strong></span> <span class='ocrx_word' id='word_1_35' title='bbox 2640 345 2661 375; x_wconf 81' lang='grc'><strong>¹¹</strong></span> <span class='ocrx_word' id='word_1_36' title='bbox 2686 347 3072 418; x_wconf 85' lang='lat' dir='ltr'><strong>pertractum.</strong></span> <span class='ocrx_word' id='word_1_37' title='bbox 3104 343 3220 401; x_wconf 89' lang='lat' dir='ltr'><strong>Sed</strong></span> <span class='ocrx_word' id='word_1_38' title='bbox 3260 342 3358 401; x_wconf 86' lang='lat' dir='ltr'><strong>ille</strong></span> <span class='ocrx_word' id='word_1_39' title='bbox 3388 345 3491 402; x_wconf 90' lang='lat' dir='ltr'><strong>Dei</strong></span> <span class='ocrx_word' id='word_1_40' title='bbox 3517 345 3711 406; x_wconf 82' lang='lat' dir='ltr'><strong>famu-</strong></span> 
     </span>
    </p>
   </div>
   <div class='ocr_carea' id='block_1_8' title="bbox 1319 432 3712 511">
    <p class='ocr_par' dir='ltr' id='par_1_8' title="bbox 1319 432 3712 511">
     <span class='ocr_line' id='line_1_8' title="bbox 1319 432 3712 511; baseline -0.002 -15"><span class='ocrx_word' id='word_1_41' title='bbox 1319 440 1628 511; x_wconf 85' lang='lat' dir='ltr'><strong>martyrio,</strong></span> <span class='ocrx_word' id='word_1_42' title='bbox 1674 435 1941 509; x_wconf 78' lang='lat' dir='ltr'><strong>martyrii</strong></span> <span class='ocrx_word' id='word_1_43' title='bbox 2049 432 2143 488; x_wconf 89' lang='lat' dir='ltr'><strong>lus</strong></span> <span class='ocrx_word' id='word_1_44' title='bbox 2175 450 2314 490; x_wconf 90' lang='lat' dir='ltr'><strong>cum</strong></span> <span class='ocrx_word' id='word_1_45' title='bbox 2362 450 2425 490; x_wconf 91' lang='lat' dir='ltr'><strong>se</strong></span> <span class='ocrx_word' id='word_1_46' title='bbox 2473 434 2741 507; x_wconf 88' lang='lat' dir='ltr'><strong>quadam</strong></span> <span class='ocrx_word' id='word_1_47' title='bbox 2778 434 3087 493; x_wconf 86' lang='lat' dir='ltr'><strong>vocatione</strong></span> <span class='ocrx_word' id='word_1_48' title='bbox 3118 433 3179 489; x_wconf 92' lang='lat' dir='ltr'><strong>in</strong></span> <span class='ocrx_word' id='word_1_49' title='bbox 3210 432 3570 491; x_wconf 88' lang='lat' dir='ltr'><strong>sacriﬁcium</strong></span> <span class='ocrx_word' id='word_1_50' title='bbox 3617 452 3712 492; x_wconf 87' lang='lat' dir='ltr'><strong>ve-</strong></span> 
     </span>
    </p>
   </div>
   <div class='ocr_carea' id='block_1_9' title="bbox 278 519 3712 602">
    <p class='ocr_par' dir='ltr' id='par_1_9' title="bbox 278 519 3712 602">
     <span class='ocr_line' id='line_1_9' title="bbox 278 519 3712 602; baseline -0.001 -19"><span class='ocrx_word' id='word_1_51' title='bbox 278 528 472 598; x_wconf 87' lang='lat' dir='ltr'><strong>gloria</strong></span> <span class='ocrx_word' id='word_1_52' title='bbox 515 527 939 596; x_wconf 83' lang='lat' dir='ltr'><strong>defraudatur;</strong></span> <span class='ocrx_word' id='word_1_53' title='bbox 995 545 1117 602; x_wconf 92' lang='lat' dir='ltr'><strong>quo</strong></span> <span class='ocrx_word' id='word_1_54' title='bbox 1158 544 1338 586; x_wconf 91' lang='lat' dir='ltr'><strong>nemo</strong></span> <span class='ocrx_word' id='word_1_55' title='bbox 1377 529 1553 588; x_wconf 76' lang='lat' dir='ltr'><strong>ccetui</strong></span> <span class='ocrx_word' id='word_1_56' title='bbox 1586 530 1940 586; x_wconf 87' lang='lat' dir='ltr'><strong>Sanctorum</strong></span> <span class='ocrx_word' id='word_1_57' title='bbox 2048 537 2184 577; x_wconf 91' lang='lat' dir='ltr'><strong>rum</strong></span> <span class='ocrx_word' id='word_1_58' title='bbox 2227 522 2454 579; x_wconf 67' lang='lat' dir='ltr'><strong>caalitus</strong></span> <span class='ocrx_word' id='word_1_59' title='bbox 2503 523 2695 596; x_wconf 88' lang='lat' dir='ltr'><strong>aptari</strong></span> <span class='ocrx_word' id='word_1_60' title='bbox 2723 523 3112 599; x_wconf 87' lang='lat' dir='ltr'><strong>conspiceret,</strong></span> <span class='ocrx_word' id='word_1_61' title='bbox 3144 537 3265 595; x_wconf 90' lang='lat' dir='ltr'><strong>quo</strong></span> <span class='ocrx_word' id='word_1_62' title='bbox 3292 519 3507 581; x_wconf 86' lang='lat' dir='ltr'><strong>nolens</strong></span> <span class='ocrx_word' id='word_1_63' title='bbox 3533 522 3712 580; x_wconf 90' lang='lat' dir='ltr'><strong>duce-</strong></span> 
     </span>
    </p>
   </div>
   <div class='ocr_carea' id='block_1_10' title="bbox 278 616 1941 691">
    <p class='ocr_par' dir='ltr' id='par_1_10' title="bbox 278 616 1941 691">
     <span class='ocr_line' id='line_1_10' title="bbox 278 616 1941 691; baseline -0.003 -16"><span class='ocrx_word' id='word_1_64' title='bbox 278 618 601 690; x_wconf 88' lang='lat' dir='ltr'><strong>ascriptus,</strong></span> <span class='ocrx_word' id='word_1_65' title='bbox 641 617 913 674; x_wconf 86' lang='lat' dir='ltr'><strong>humana</strong></span> <span class='ocrx_word' id='word_1_66' title='bbox 945 618 1581 691; x_wconf 85' lang='lat' dir='ltr'><strong>potestillaqueatione</strong></span> <span class='ocrx_word' id='word_1_67' title='bbox 1606 616 1816 674; x_wconf 83' lang='lat' dir='ltr'><strong>teneri!</strong></span> <span class='ocrx_word' id='word_1_68' title='bbox 1846 618 1941 671; x_wconf 82' lang='lat' dir='ltr'><strong>Fe-</strong></span> 
     </span>
    </p>
   </div>
   <div class='ocr_carea' id='block_1_11' title="bbox 2050 608 3715 681">
    <p class='ocr_par' dir='ltr' id='par_1_11' title="bbox 2050 608 3715 681">
     <span class='ocr_line' id='line_1_11' title="bbox 2050 608 3715 681; baseline 0.002 -16"><span class='ocrx_word' id='word_1_69' title='bbox 2050 609 2246 678; x_wconf 89' lang='lat' dir='ltr'><strong>batur,</strong></span> <span class='ocrx_word' id='word_1_70' title='bbox 2279 613 2447 680; x_wconf 88' lang='lat' dir='ltr'><strong>grato</strong></span> <span class='ocrx_word' id='word_1_71' title='bbox 2499 611 2701 667; x_wconf 89' lang='lat' dir='ltr'><strong>animo</strong></span> <span class='ocrx_word' id='word_1_72' title='bbox 2746 611 2908 667; x_wconf 90' lang='lat' dir='ltr'><strong>adiit.</strong></span> <span class='ocrx_word' id='word_1_73' title='bbox 2957 613 3037 665; x_wconf 82' lang='lat' dir='ltr'><strong>Ac</strong></span> <span class='ocrx_word' id='word_1_74' title='bbox 3089 608 3175 665; x_wconf 89' lang='lat' dir='ltr'><strong>sic</strong></span> <span class='ocrx_word' id='word_1_75' title='bbox 3231 609 3632 681; x_wconf 81' lang='lat' dir='ltr'><strong>interrogatus</strong></span> <span class='ocrx_word' id='word_1_76' title='bbox 3677 628 3715 670; x_wconf 87' lang='lat' dir='ltr'><strong>a</strong></span> 
     </span>
    </p>
   </div>
   <div class='ocr_carea' id='block_1_12' title="bbox 279 696 3716 779">
    <p class='ocr_par' dir='ltr' id='par_1_12' title="bbox 279 696 3716 779">
     <span class='ocr_line' id='line_1_12' title="bbox 279 696 3716 779; baseline 0 -22"><span class='ocrx_word' id='word_1_77' title='bbox 279 712 423 763; x_wconf 83' lang='lat' dir='ltr'><strong>runt</strong></span> <span class='ocrx_word' id='word_1_78' title='bbox 460 722 746 779; x_wconf 74' lang='lat' dir='ltr'><strong>namque,</strong></span> <span class='ocrx_word' id='word_1_79' title='bbox 778 707 943 778; x_wconf 86' lang='lat' dir='ltr'><strong>quod</strong></span> <span class='ocrx_word' id='word_1_80' title='bbox 976 706 1162 763; x_wconf 83' lang='lat' dir='ltr'><strong>multo</strong></span> <span class='ocrx_word' id='word_1_81' title='bbox 1202 707 1343 763; x_wconf 76' lang='lat' dir='ltr'><strong>satis</strong></span> <span class='ocrx_word' id='word_1_82' title='bbox 1385 711 1521 763; x_wconf 79' lang='lat' dir='ltr'><strong>ante</strong></span> <span class='ocrx_word' id='word_1_83' title='bbox 1564 706 1679 763; x_wconf 80' lang='lat' dir='ltr'><strong>hoc</strong></span> <span class='ocrx_word' id='word_1_84' title='bbox 1706 711 1941 777; x_wconf 77' lang='lat' dir='ltr'><strong>tempus</strong></span> <span class='ocrx_word' id='word_1_85' title='bbox 2045 697 2267 768; x_wconf 82' lang='lat' dir='ltr'><strong>judice,</strong></span> <span class='ocrx_word' id='word_1_86' title='bbox 2302 699 2595 771; x_wconf 89' lang='lat' dir='ltr'><strong>intrepida</strong></span> <span class='ocrx_word' id='word_1_87' title='bbox 2640 698 3030 772; x_wconf 84' lang='lat' dir='ltr'><strong>responsione</strong></span> <span class='ocrx_word' id='word_1_88' title='bbox 3072 696 3367 755; x_wconf 81' lang='lat' dir='ltr'><strong>rationem</strong></span> <span class='ocrx_word' id='word_1_89' title='bbox 3396 696 3537 756; x_wconf 90' lang='lat' dir='ltr'><strong>ﬁdei</strong></span> <span class='ocrx_word' id='word_1_90' title='bbox 3566 716 3716 773; x_wconf 87' lang='lat' dir='ltr'><strong>pan-</strong></span> 
     </span>
    </p>
   </div>
   <div class='ocr_carea' id='block_1_13' title="bbox 280 794 1942 869">
    <p class='ocr_par' dir='ltr' id='par_1_13' title="bbox 280 794 1942 869">
     <span class='ocr_line' id='line_1_13' title="bbox 280 794 1942 869; baseline -0.003 -15"><span class='ocrx_word' id='word_1_91' title='bbox 280 798 414 854; x_wconf 69' lang='lat' dir='ltr'><strong>haec</strong></span> <span class='ocrx_word' id='word_1_92' title='bbox 444 798 612 865; x_wconf 86' lang='lat' dir='ltr'><strong>virgo</strong></span> <span class='ocrx_word' id='word_1_93' title='bbox 660 797 737 852; x_wconf 90' lang='lat' dir='ltr'><strong>ad</strong></span> <span class='ocrx_word' id='word_1_94' title='bbox 766 797 1124 869; x_wconf 80' lang='lat' dir='ltr'><strong>martyrium</strong></span> <span class='ocrx_word' id='word_1_95' title='bbox 1164 797 1556 865; x_wconf 85' lang='lat' dir='ltr'><strong>convolasset,</strong></span> <span class='ocrx_word' id='word_1_96' title='bbox 1590 796 1701 853; x_wconf 89' lang='lat' dir='ltr'><strong>nisi</strong></span> <span class='ocrx_word' id='word_1_97' title='bbox 1730 794 1942 867; x_wconf 88' lang='lat' dir='ltr'><strong>quibu-</strong></span> 
     </span>
    </p>
   </div>
   <div class='ocr_carea' id='block_1_14' title="bbox 283 884 1941 958">
    <p class='ocr_par' dir='ltr' id='par_1_14' title="bbox 283 884 1941 958">
     <span class='ocr_line' id='line_1_14' title="bbox 283 884 1941 958; baseline -0.001 -17"><span class='ocrx_word' id='word_1_98' title='bbox 283 886 466 942; x_wconf 84' lang='lat' dir='ltr'><strong>sdam</strong></span> <span class='ocrx_word' id='word_1_99' title='bbox 513 901 763 942; x_wconf 89' lang='lat' dir='ltr'><strong>suorum</strong></span> <span class='ocrx_word' id='word_1_100' title='bbox 818 885 1206 958; x_wconf 79' lang='lat' dir='ltr'><strong>impediretur</strong></span> <span class='ocrx_word' id='word_1_101' title='bbox 1262 885 1584 958; x_wconf 81' lang='lat' dir='ltr'><strong>repagulis,</strong></span> <span class='ocrx_word' id='word_1_102' title='bbox 1629 884 1735 956; x_wconf 92' lang='lat' dir='ltr'><strong>qui</strong></span> <span class='ocrx_word' id='word_1_103' title='bbox 1782 899 1941 951; x_wconf 90' lang='lat' dir='ltr'><strong>eam,</strong></span> 
     </span>
    </p>
   </div>
   <div class='ocr_carea' id='block_1_15' title="bbox 281 973 1946 1047">
    <p class='ocr_par' dir='ltr' id='par_1_15' title="bbox 281 973 1946 1047">
     <span class='ocr_line' id='line_1_15' title="bbox 281 973 1946 1047; baseline -0.003 -14"><span class='ocrx_word' id='word_1_104' title='bbox 281 991 475 1033; x_wconf 89' lang='lat' dir='ltr'><strong>causa</strong></span> <span class='ocrx_word' id='word_1_105' title='bbox 519 974 893 1031; x_wconf 70' lang='lat' dir='ltr'><strong>saevientium</strong></span> <span class='ocrx_word' id='word_1_106' title='bbox 932 975 1441 1047; x_wconf 89' lang='lat' dir='ltr'><strong>persecutionum,</strong></span> <span class='ocrx_word' id='word_1_107' title='bbox 1471 974 1589 1031; x_wconf 89' lang='lat' dir='ltr'><strong>alta</strong></span> <span class='ocrx_word' id='word_1_108' title='bbox 1621 973 1946 1031; x_wconf 82' lang='lat' dir='ltr'><strong>servabant</strong></span> 
     </span>
    </p>
   </div>
   <div class='ocr_carea' id='block_1_16' title="bbox 282 1064 582 1123">
    <p class='ocr_par' dir='ltr' id='par_1_16' title="bbox 282 1064 582 1123">
     <span class='ocr_line' id='line_1_16' title="bbox 282 1064 582 1123; baseline 0 -3"><span class='ocrx_word' id='word_1_109' title='bbox 282 1064 582 1123; x_wconf 90' lang='lat' dir='ltr'><strong>custodia.</strong></span> 
     </span>
    </p>
   </div>
   <div class='ocr_carea' id='block_1_17' title="bbox 358 1151 1945 1225">
    <p class='ocr_par' dir='ltr' id='par_1_17' title="bbox 358 1151 1945 1225">
     <span class='ocr_line' id='line_1_17' title="bbox 358 1151 1945 1225; baseline -0.001 -16"><span class='ocrx_word' id='word_1_110' title='bbox 358 1156 412 1210; x_wconf 74' lang='grc'><strong>4.</strong></span> <span class='ocrx_word' id='word_1_111' title='bbox 440 1151 555 1209; x_wconf 91' lang='lat' dir='ltr'><strong>Sed</strong></span> <span class='ocrx_word' id='word_1_112' title='bbox 578 1151 728 1224; x_wconf 92' lang='lat' dir='ltr'><strong>quid</strong></span> <span class='ocrx_word' id='word_1_113' title='bbox 748 1152 809 1209; x_wconf 90' lang='lat' dir='ltr'><strong>in</strong></span> <span class='ocrx_word' id='word_1_114' title='bbox 834 1169 895 1207; x_wconf 89' lang='lat' dir='ltr'><strong>se</strong></span> <span class='ocrx_word' id='word_1_115' title='bbox 919 1156 1112 1225; x_wconf 82' lang='lat' dir='ltr'><strong>potest</strong></span> <span class='ocrx_word' id='word_1_116' title='bbox 1132 1153 1353 1211; x_wconf 84' lang='lat' dir='ltr'><strong>habere</strong></span> <span class='ocrx_word' id='word_1_117' title='bbox 1376 1153 1662 1209; x_wconf 72' lang='lat' dir='ltr'><strong>custodite</strong></span> <span class='ocrx_word' id='word_1_118' title='bbox 1684 1151 1945 1208; x_wconf 89' lang='lat' dir='ltr'><strong>conditio</strong></span> 
     </span>
    </p>
   </div>
   <div class='ocr_carea' id='block_1_18' title="bbox 283 1240 1944 1314">
    <p class='ocr_par' dir='ltr' id='par_1_18' title="bbox 283 1240 1944 1314">
     <span class='ocr_line' id='line_1_18' title="bbox 283 1240 1944 1314; baseline -0.001 -15"><span class='ocrx_word' id='word_1_119' title='bbox 283 1240 662 1308; x_wconf 85' lang='lat' dir='ltr'><strong>miserabilis,</strong></span> <span class='ocrx_word' id='word_1_120' title='bbox 685 1240 954 1313; x_wconf 85' lang='lat' dir='ltr'><strong>quando,</strong></span> <span class='ocrx_word' id='word_1_121' title='bbox 979 1241 1129 1298; x_wconf 90' lang='lat' dir='ltr'><strong>sicut</strong></span> <span class='ocrx_word' id='word_1_122' title='bbox 1146 1242 1434 1314; x_wconf 87' lang='lat' dir='ltr'><strong>scriptum</strong></span> <span class='ocrx_word' id='word_1_123' title='bbox 1455 1247 1568 1298; x_wconf 89' lang='lat' dir='ltr'><strong>est:</strong></span> <span class='ocrx_word' id='word_1_124' title='bbox 1595 1242 1727 1299; x_wconf 92' lang='lat' dir='ltr'><strong>Nisi</strong></span> <span class='ocrx_word' id='word_1_125' title='bbox 1743 1242 1944 1298; x_wconf 84' lang='lat' dir='ltr'><strong>Domi-</strong></span> 
     </span>
    </p>
   </div>
   <div class='ocr_carea' id='block_1_19' title="bbox 283 1331 1943 1402">
    <p class='ocr_par' dir='ltr' id='par_1_19' title="bbox 283 1331 1943 1402">
     <span class='ocr_line' id='line_1_19' title="bbox 283 1331 1943 1402; baseline -0.001 -15"><span class='ocrx_word' id='word_1_126' title='bbox 283 1347 400 1387; x_wconf 84' lang='lat' dir='ltr'><strong>nus</strong></span> <span class='ocrx_word' id='word_1_127' title='bbox 423 1331 792 1397; x_wconf 69' lang='lat' dir='ltr'><strong>custodierit,</strong></span> <span class='ocrx_word' id='word_1_128' title='bbox 818 1333 880 1386; x_wconf 66' lang='lat' dir='ltr'><strong>in</strong></span> <span class='ocrx_word' id='word_1_129' title='bbox 911 1346 1133 1388; x_wconf 81' lang='lat' dir='ltr'><strong>vanum</strong></span> <span class='ocrx_word' id='word_1_130' title='bbox 1163 1332 1417 1402; x_wconf 76' lang='lat' dir='ltr'><strong>vigilant</strong></span> <span class='ocrx_word' id='word_1_131' title='bbox 1446 1332 1631 1400; x_wconf 88' lang='lat' dir='ltr'><strong>(Psal.</strong></span> <span class='ocrx_word' id='word_1_132' title='bbox 1656 1346 1846 1399; x_wconf 79' lang='lat' dir='ltr'><strong>cxxv1,</strong></span> <span class='ocrx_word' id='word_1_133' title='bbox 1870 1334 1943 1397; x_wconf 81' lang='lat' dir='ltr'><strong>t),</strong></span> 
     </span>
    </p>
   </div>
   <div class='ocr_carea' id='block_1_20' title="bbox 280 1419 1946 1493">
    <p class='ocr_par' dir='ltr' id='par_1_20' title="bbox 280 1419 1946 1493">
     <span class='ocr_line' id='line_1_20' title="bbox 280 1419 1946 1493; baseline -0.002 -16"><span class='ocrx_word' id='word_1_134' title='bbox 280 1421 391 1493; x_wconf 89' lang='lat' dir='ltr'><strong>qui</strong></span> <span class='ocrx_word' id='word_1_135' title='bbox 410 1419 751 1477; x_wconf 86' lang='lat' dir='ltr'><strong>humaniter</strong></span> <span class='ocrx_word' id='word_1_136' title='bbox 781 1436 843 1476; x_wconf 90' lang='lat' dir='ltr'><strong>se</strong></span> <span class='ocrx_word' id='word_1_137' title='bbox 863 1419 1180 1492; x_wconf 85' lang='lat' dir='ltr'><strong>quippiam</strong></span> <span class='ocrx_word' id='word_1_138' title='bbox 1212 1420 1508 1477; x_wconf 88' lang='lat' dir='ltr'><strong>custodire</strong></span> <span class='ocrx_word' id='word_1_139' title='bbox 1539 1421 1903 1476; x_wconf 84' lang='lat' dir='ltr'><strong>arbitrantur</strong></span> <span class='ocrx_word' id='word_1_140' title='bbox 1919 1420 1946 1474; x_wconf 77' lang='lat' dir='ltr'><strong>‘t</strong></span> 
     </span>
    </p>
   </div>
   <div class='ocr_carea' id='block_1_21' title="bbox 284 1509 1946 1581">
    <p class='ocr_par' dir='ltr' id='par_1_21' title="bbox 284 1509 1946 1581">
     <span class='ocr_line' id='line_1_21' title="bbox 284 1509 1946 1581; baseline -0.001 -16"><span class='ocrx_word' id='word_1_141' title='bbox 284 1509 518 1566; x_wconf 85' lang='lat' dir='ltr'><strong>Etenim</strong></span> <span class='ocrx_word' id='word_1_142' title='bbox 560 1509 693 1581; x_wconf 90' lang='lat' dir='ltr'><strong>ipsa</strong></span> <span class='ocrx_word' id='word_1_143' title='bbox 728 1509 1184 1581; x_wconf 87' lang='lat' dir='ltr'><strong>superveniente</strong></span> <span class='ocrx_word' id='word_1_144' title='bbox 1214 1514 1406 1579; x_wconf 86' lang='lat' dir='ltr'><strong>nocte,</strong></span> <span class='ocrx_word' id='word_1_145' title='bbox 1439 1514 1859 1566; x_wconf 83' lang='lat' dir='ltr'><strong>consummata</strong></span> <span class='ocrx_word' id='word_1_146' title='bbox 1886 1510 1946 1564; x_wconf 90' lang='lat' dir='ltr'><strong>in</strong></span> 
     </span>
    </p>
   </div>
   <div class='ocr_carea' id='block_1_22' title="bbox 2052 786 3711 863">
    <p class='ocr_par' dir='ltr' id='par_1_22' title="bbox 2052 786 3711 863">
     <span class='ocr_line' id='line_1_22' title="bbox 2052 786 3711 863; baseline 0.004 -22"><span class='ocrx_word' id='word_1_147' title='bbox 2052 786 2221 852; x_wconf 86' lang='lat' dir='ltr'><strong>dens,</strong></span> <span class='ocrx_word' id='word_1_148' title='bbox 2280 787 2487 843; x_wconf 90' lang='lat' dir='ltr'><strong>ultimo</strong></span> <span class='ocrx_word' id='word_1_149' title='bbox 2554 788 2915 844; x_wconf 87' lang='lat' dir='ltr'><strong>scelerosum</strong></span> <span class='ocrx_word' id='word_1_150' title='bbox 2969 787 3398 859; x_wconf 89' lang='lat' dir='ltr'><strong>dogmatistem</strong></span> <span class='ocrx_word' id='word_1_151' title='bbox 3455 788 3711 863; x_wconf 80' lang='lat' dir='ltr'><strong>ejusque</strong></span> 
     </span>
    </p>
   </div>
   <div class='ocr_carea' id='block_1_23' title="bbox 2052 874 3713 948">
    <p class='ocr_par' dir='ltr' id='par_1_23' title="bbox 2052 874 3713 948">
     <span class='ocr_line' id='line_1_23' title="bbox 2052 874 3713 948; baseline 0.001 -17"><span class='ocrx_word' id='word_1_152' title='bbox 2052 874 2311 932; x_wconf 88' lang='lat' dir='ltr'><strong>cultores</strong></span> <span class='ocrx_word' id='word_1_153' title='bbox 2354 876 2628 932; x_wconf 88' lang='lat' dir='ltr'><strong>veridicis</strong></span> <span class='ocrx_word' id='word_1_154' title='bbox 2676 877 3073 933; x_wconf 87' lang='lat' dir='ltr'><strong>assertionum</strong></span> <span class='ocrx_word' id='word_1_155' title='bbox 3125 875 3375 948; x_wconf 89' lang='lat' dir='ltr'><strong>objectis</strong></span> <span class='ocrx_word' id='word_1_156' title='bbox 3430 876 3713 936; x_wconf 87' lang='lat' dir='ltr'><strong>inculcat.</strong></span> 
     </span>
    </p>
   </div>
   <div class='ocr_carea' id='block_1_24' title="bbox 2055 963 3713 1040">
    <p class='ocr_par' dir='ltr' id='par_1_24' title="bbox 2055 963 3713 1040">
     <span class='ocr_line' id='line_1_24' title="bbox 2055 963 3713 1040; baseline 0.004 -23"><span class='ocrx_word' id='word_1_157' title='bbox 2055 963 2316 1037; x_wconf 88' lang='lat' dir='ltr'><strong>Ideoque</strong></span> <span class='ocrx_word' id='word_1_158' title='bbox 2341 964 2455 1020; x_wconf 85' lang='lat' dir='ltr'><strong>sub</strong></span> <span class='ocrx_word' id='word_1_159' title='bbox 2494 964 2668 1021; x_wconf 88' lang='lat' dir='ltr'><strong>celeri</strong></span> <span class='ocrx_word' id='word_1_160' title='bbox 2711 964 3121 1036; x_wconf 86' lang='lat' dir='ltr'><strong>indignatione</strong></span> <span class='ocrx_word' id='word_1_161' title='bbox 3150 969 3519 1040; x_wconf 86' lang='lat' dir='ltr'><strong>peremptus,</strong></span> <span class='ocrx_word' id='word_1_162' title='bbox 3549 967 3713 1023; x_wconf 89' lang='lat' dir='ltr'><strong>cani-</strong></span> 
     </span>
    </p>
   </div>
   <div class='ocr_carea' id='block_1_25' title="bbox 2055 1052 3710 1127">
    <p class='ocr_par' dir='ltr' id='par_1_25' title="bbox 2055 1052 3710 1127">
     <span class='ocr_line' id='line_1_25' title="bbox 2055 1052 3710 1127; baseline 0.004 -19"><span class='ocrx_word' id='word_1_163' title='bbox 2055 1052 2169 1109; x_wconf 91' lang='lat' dir='ltr'><strong>bus</strong></span> <span class='ocrx_word' id='word_1_164' title='bbox 2199 1057 2255 1110; x_wconf 94' lang='lat' dir='ltr'><strong>et</strong></span> <span class='ocrx_word' id='word_1_165' title='bbox 2298 1053 2503 1110; x_wconf 92' lang='lat' dir='ltr'><strong>bestiis</strong></span> <span class='ocrx_word' id='word_1_166' title='bbox 2545 1053 2928 1111; x_wconf 90' lang='lat' dir='ltr'><strong>devorandus</strong></span> <span class='ocrx_word' id='word_1_167' title='bbox 2971 1053 3289 1127; x_wconf 80' lang='lat' dir='ltr'><strong>exponitur</strong></span> <span class='ocrx_word' id='word_1_168' title='bbox 3316 1071 3354 1110; x_wconf 90' lang='lat' dir='ltr'><strong>v</strong></span> <span class='ocrx_word' id='word_1_169' title='bbox 3383 1055 3520 1111; x_wconf 90' lang='lat' dir='ltr'><strong>ldus</strong></span> <span class='ocrx_word' id='word_1_170' title='bbox 3550 1054 3710 1124; x_wconf 87' lang='lat' dir='ltr'><strong>Julii,</strong></span> 
     </span>
    </p>
   </div>
   <div class='ocr_carea' id='block_1_26' title="bbox 2057 1157 2480 1203">
    <p class='ocr_par' dir='ltr' id='par_1_26' title="bbox 2057 1157 2480 1203">
     <span class='ocr_line' id='line_1_26' title="bbox 2057 1157 2480 1203; baseline -0.005 -4"><span class='ocrx_word' id='word_1_171' title='bbox 2057 1159 2178 1200; x_wconf 77' lang='lat' dir='ltr'><strong>tera</strong></span> <span class='ocrx_word' id='word_1_172' title='bbox 2208 1157 2480 1203; x_wconf 81' lang='lat' dir='ltr'><strong>DCCCXCll.</strong></span> 
     </span>
    </p>
   </div>
   <div class='ocr_carea' id='block_1_27' title="bbox 2685 1231 3086 1288">
    <p class='ocr_par' dir='ltr' id='par_1_27' title="bbox 2685 1231 3086 1288">
     <span class='ocr_line' id='line_1_27' title="bbox 2685 1231 3086 1288; baseline -0.005 0"><span class='ocrx_word' id='word_1_173' title='bbox 2685 1231 2911 1288; x_wconf 85' lang='lat' dir='ltr'><strong>CAPUT</strong></span> <span class='ocrx_word' id='word_1_174' title='bbox 2948 1231 3086 1287; x_wconf 82' lang='lat' dir='ltr'>XIII.</span> 
     </span>
    </p>
   </div>
   <div class='ocr_carea' id='block_1_28' title="bbox 2056 1327 3716 1408">
    <p class='ocr_par' dir='ltr' id='par_1_28' title="bbox 2056 1327 3716 1408">
     <span class='ocr_line' id='line_1_28' title="bbox 2056 1327 3716 1408; baseline 0.002 -24"><span class='ocrx_word' id='word_1_175' title='bbox 2056 1330 2423 1400; x_wconf 78' lang='lat' dir='ltr'><strong>Martyrium</strong></span> <span class='ocrx_word' id='word_1_176' title='bbox 2440 1335 2780 1387; x_wconf 84' lang='lat' dir='ltr'><strong>sanctorum</strong></span> <span class='ocrx_word' id='word_1_177' title='bbox 2805 1330 3131 1398; x_wconf 77' lang='lat' dir='ltr'><strong>Amatoris,</strong></span> <span class='ocrx_word' id='word_1_178' title='bbox 3147 1327 3320 1385; x_wconf 84' lang='lat' dir='ltr'><strong>Petri</strong></span> <span class='ocrx_word' id='word_1_179' title='bbox 3334 1333 3389 1386; x_wconf 89' lang='lat' dir='ltr'><strong>et</strong></span> <span class='ocrx_word' id='word_1_180' title='bbox 3406 1329 3716 1408; x_wconf 46' lang='lat' dir='ltr'><strong>Ludovici.</strong></span> 
     </span>
    </p>
   </div>
   <div class='ocr_carea' id='block_1_29' title="bbox 2131 1424 3718 1502">
    <p class='ocr_par' dir='ltr' id='par_1_29' title="bbox 2131 1424 3718 1502">
     <span class='ocr_line' id='line_1_29' title="bbox 2131 1424 3718 1502; baseline 0.001 -19"><span class='ocrx_word' id='word_1_181' title='bbox 2131 1426 2479 1485; x_wconf 89' lang='lat' dir='ltr'><strong>Succedenti</strong></span> <span class='ocrx_word' id='word_1_182' title='bbox 2503 1426 2766 1499; x_wconf 91' lang='lat' dir='ltr'><strong>denique</strong></span> <span class='ocrx_word' id='word_1_183' title='bbox 2795 1431 3085 1500; x_wconf 82' lang='lat' dir='ltr'><strong>tempore,</strong></span> <span class='ocrx_word' id='word_1_184' title='bbox 3113 1424 3367 1499; x_wconf 89' lang='lat' dir='ltr'><strong>quidam</strong></span> <span class='ocrx_word' id='word_1_185' title='bbox 3405 1426 3718 1502; x_wconf 84' lang='lat' dir='ltr'><strong>presbyter</strong></span> 
     </span>
    </p>
   </div>
   <div class='ocr_carea' id='block_1_30' title="bbox 2058 1513 3717 1589">
    <p class='ocr_par' dir='ltr' id='par_1_30' title="bbox 2058 1513 3717 1589">
     <span class='ocr_line' id='line_1_30' title="bbox 2058 1513 3717 1589; baseline 0.002 -19"><span class='ocrx_word' id='word_1_186' title='bbox 2058 1514 2430 1587; x_wconf 88' lang='lat' dir='ltr'><strong>adolescens,</strong></span> <span class='ocrx_word' id='word_1_187' title='bbox 2461 1514 2707 1572; x_wconf 90' lang='lat' dir='ltr'><strong>nomine</strong></span> <span class='ocrx_word' id='word_1_188' title='bbox 2737 1518 3003 1585; x_wconf 78' lang='lat' dir='ltr'><strong>Amator,</strong></span> <span class='ocrx_word' id='word_1_189' title='bbox 3034 1513 3139 1589; x_wconf 88' lang='lat' dir='ltr'><strong>qui</strong></span> <span class='ocrx_word' id='word_1_190' title='bbox 3165 1513 3309 1572; x_wconf 92' lang='lat' dir='ltr'><strong>olim</strong></span> <span class='ocrx_word' id='word_1_191' title='bbox 3337 1530 3412 1573; x_wconf 93' lang='lat' dir='ltr'><strong>ex</strong></span> <span class='ocrx_word' id='word_1_192' title='bbox 3441 1513 3669 1588; x_wconf 92' lang='lat' dir='ltr'><strong>oppido</strong></span> <span class='ocrx_word' id='word_1_193' title='bbox 3701 1516 3717 1551; x_wconf 75' lang='grc'>⁸</span> 
     </span>
    </p>
   </div>
   <div class='ocr_carea' id='block_1_31' title="bbox 283 1597 3715 1675">
    <p class='ocr_par' dir='ltr' id='par_1_31' title="bbox 283 1597 3715 1675">
     <span class='ocr_line' id='line_1_31' title="bbox 283 1597 3715 1675; baseline 0.002 -19"><span class='ocrx_word' id='word_1_194' title='bbox 283 1599 393 1656; x_wconf 90' lang='lat' dir='ltr'><strong>Dei</strong></span> <span class='ocrx_word' id='word_1_195' title='bbox 407 1597 691 1655; x_wconf 76' lang='lat' dir='ltr'><strong>laudibus</strong></span> <span class='ocrx_word' id='word_1_196' title='bbox 709 1603 1005 1655; x_wconf 89' lang='lat' dir='ltr'><strong>nocturna</strong></span> <span class='ocrx_word' id='word_1_197' title='bbox 1026 1597 1420 1668; x_wconf 86' lang='lat' dir='ltr'><strong>vigilia,unus</strong></span> <span class='ocrx_word' id='word_1_198' title='bbox 1442 1616 1472 1654; x_wconf 92' lang='lat' dir='ltr'><strong>e</strong></span> <span class='ocrx_word' id='word_1_199' title='bbox 1495 1598 1776 1655; x_wconf 86' lang='lat' dir='ltr'><strong>fratribus</strong></span> <span class='ocrx_word' id='word_1_200' title='bbox 1801 1598 1944 1664; x_wconf 87' lang='lat' dir='ltr'><strong>suis,</strong></span> <span class='ocrx_word' id='word_1_201' title='bbox 1978 1621 2019 1674; x_wconf 73' lang='grc' dir='ltr'><strong>Β</strong></span> <span class='ocrx_word' id='word_1_202' title='bbox 2057 1603 2375 1661; x_wconf 86' lang='lat' dir='ltr'><strong>Tuccitano</strong></span> <span class='ocrx_word' id='word_1_203' title='bbox 2421 1620 2559 1660; x_wconf 91' lang='lat' dir='ltr'><strong>cum</strong></span> <span class='ocrx_word' id='word_1_204' title='bbox 2612 1604 2877 1675; x_wconf 85' lang='lat' dir='ltr'><strong>genitore</strong></span> <span class='ocrx_word' id='word_1_205' title='bbox 2916 1609 2973 1662; x_wconf 90' lang='lat' dir='ltr'><strong>et</strong></span> <span class='ocrx_word' id='word_1_206' title='bbox 2999 1603 3283 1662; x_wconf 88' lang='lat' dir='ltr'><strong>fratribus</strong></span> <span class='ocrx_word' id='word_1_207' title='bbox 3331 1603 3456 1662; x_wconf 84' lang='lat' dir='ltr'><strong>suis</strong></span> <span class='ocrx_word' id='word_1_208' title='bbox 3488 1603 3715 1663; x_wconf 88' lang='lat' dir='ltr'><strong>Cordu-</strong></span> 
     </span>
    </p>
   </div>
   <div class='ocr_carea' id='block_1_32' title="bbox 284 1686 1944 1758">
    <p class='ocr_par' dir='ltr' id='par_1_32' title="bbox 284 1686 1944 1758">
     <span class='ocr_line' id='line_1_32' title="bbox 284 1686 1944 1758; baseline -0.001 -13"><span class='ocrx_word' id='word_1_209' title='bbox 284 1688 518 1746; x_wconf 71' lang='lat' dir='ltr'><strong>cteteris</strong></span> <span class='ocrx_word' id='word_1_210' title='bbox 543 1686 854 1758; x_wconf 90' lang='lat' dir='ltr'><strong>quiscendi</strong></span> <span class='ocrx_word' id='word_1_211' title='bbox 887 1686 1077 1754; x_wconf 84' lang='lat' dir='ltr'><strong>gratia</strong></span> <span class='ocrx_word' id='word_1_212' title='bbox 1106 1687 1580 1757; x_wconf 87' lang='lat' dir='ltr'><strong>regredientibus</strong></span> <span class='ocrx_word' id='word_1_213' title='bbox 1609 1688 1689 1744; x_wconf 91' lang='lat' dir='ltr'><strong>ad</strong></span> <span class='ocrx_word' id='word_1_214' title='bbox 1729 1687 1944 1749; x_wconf 88' lang='lat' dir='ltr'><strong>cubile,</strong></span> 
     </span>
    </p>
   </div>
   <div class='ocr_carea' id='block_1_33' title="bbox 284 1776 1949 1850">
    <p class='ocr_par' dir='ltr' id='par_1_33' title="bbox 284 1776 1949 1850">
     <span class='ocr_line' id='line_1_33' title="bbox 284 1776 1949 1850; baseline -0.001 -16"><span class='ocrx_word' id='word_1_215' title='bbox 284 1778 469 1850; x_wconf 85' lang='lat' dir='ltr'><strong>quasi</strong></span> <span class='ocrx_word' id='word_1_216' title='bbox 493 1776 776 1833; x_wconf 88' lang='lat' dir='ltr'><strong>divinitus</strong></span> <span class='ocrx_word' id='word_1_217' title='bbox 810 1782 1171 1846; x_wconf 90' lang='lat' dir='ltr'><strong>moneretur,</strong></span> <span class='ocrx_word' id='word_1_218' title='bbox 1193 1781 1250 1832; x_wconf 90' lang='lat' dir='ltr'><strong>et</strong></span> <span class='ocrx_word' id='word_1_219' title='bbox 1279 1782 1432 1834; x_wconf 92' lang='lat' dir='ltr'><strong>certe</strong></span> <span class='ocrx_word' id='word_1_220' title='bbox 1453 1793 1578 1833; x_wconf 88' lang='lat' dir='ltr'><strong>non</strong></span> <span class='ocrx_word' id='word_1_221' title='bbox 1605 1778 1730 1832; x_wconf 88' lang='lat' dir='ltr'><strong>sine</strong></span> <span class='ocrx_word' id='word_1_222' title='bbox 1751 1776 1949 1849; x_wconf 88' lang='lat' dir='ltr'><strong>provi-</strong></span> 
     </span>
    </p>
   </div>
   <div class='ocr_carea' id='block_1_34' title="bbox 288 1865 1951 1939">
    <p class='ocr_par' dir='ltr' id='par_1_34' title="bbox 288 1865 1951 1939">
     <span class='ocr_line' id='line_1_34' title="bbox 288 1865 1951 1939; baseline -0.001 -16"><span class='ocrx_word' id='word_1_223' title='bbox 288 1866 497 1924; x_wconf 86' lang='lat' dir='ltr'><strong>dentia</strong></span> <span class='ocrx_word' id='word_1_224' title='bbox 523 1865 776 1931; x_wconf 88' lang='lat' dir='ltr'><strong>Domini,</strong></span> <span class='ocrx_word' id='word_1_225' title='bbox 798 1870 1031 1938; x_wconf 89' lang='lat' dir='ltr'><strong>arrepta</strong></span> <span class='ocrx_word' id='word_1_226' title='bbox 1055 1865 1220 1922; x_wconf 91' lang='lat' dir='ltr'><strong>clave</strong></span> <span class='ocrx_word' id='word_1_227' title='bbox 1242 1870 1477 1939; x_wconf 87' lang='lat' dir='ltr'><strong>portam</strong></span> <span class='ocrx_word' id='word_1_228' title='bbox 1505 1865 1852 1922; x_wconf 88' lang='lat' dir='ltr'><strong>monasterii</strong></span> <span class='ocrx_word' id='word_1_229' title='bbox 1866 1866 1951 1921; x_wconf 86' lang='lat' dir='ltr'><strong>in-</strong></span> 
     </span>
    </p>
   </div>
   <div class='ocr_carea' id='block_1_35' title="bbox 289 1953 1952 2026">
    <p class='ocr_par' dir='ltr' id='par_1_35' title="bbox 289 1953 1952 2026">
     <span class='ocr_line' id='line_1_35' title="bbox 289 1953 1952 2026; baseline -0.002 -14"><span class='ocrx_word' id='word_1_230' title='bbox 289 1958 618 2012; x_wconf 89' lang='lat' dir='ltr'><strong>consuetus</strong></span> <span class='ocrx_word' id='word_1_231' title='bbox 644 1954 895 2026; x_wconf 86' lang='lat' dir='ltr'><strong>aperuit,</strong></span> <span class='ocrx_word' id='word_1_232' title='bbox 926 1953 1299 2026; x_wconf 89' lang='lat' dir='ltr'><strong>minimoque</strong></span> <span class='ocrx_word' id='word_1_233' title='bbox 1323 1954 1741 2011; x_wconf 88' lang='lat' dir='ltr'><strong>tantummodo</strong></span> <span class='ocrx_word' id='word_1_234' title='bbox 1779 1953 1952 2011; x_wconf 89' lang='lat' dir='ltr'><strong>clavo</strong></span> 
     </span>
    </p>
   </div>
   <div class='ocr_carea' id='block_1_36' title="bbox 289 2042 1951 2115">
    <p class='ocr_par' dir='ltr' id='par_1_36' title="bbox 289 2042 1951 2115">
     <span class='ocr_line' id='line_1_36' title="bbox 289 2042 1951 2115; baseline -0.001 -17"><span class='ocrx_word' id='word_1_235' title='bbox 289 2043 673 2115; x_wconf 85' lang='lat' dir='ltr'><strong>superposito</strong></span> <span class='ocrx_word' id='word_1_236' title='bbox 688 2042 942 2099; x_wconf 88' lang='lat' dir='ltr'><strong>retrusit.</strong></span> <span class='ocrx_word' id='word_1_237' title='bbox 956 2042 1045 2098; x_wconf 85' lang='lat' dir='ltr'><strong>Ad</strong></span> <span class='ocrx_word' id='word_1_238' title='bbox 1061 2058 1248 2115; x_wconf 86' lang='lat' dir='ltr'><strong>quam</strong></span> <span class='ocrx_word' id='word_1_239' title='bbox 1268 2042 1370 2099; x_wconf 89' lang='lat' dir='ltr'><strong>illa</strong></span> <span class='ocrx_word' id='word_1_240' title='bbox 1389 2042 1625 2099; x_wconf 88' lang='lat' dir='ltr'><strong>silenter</strong></span> <span class='ocrx_word' id='word_1_241' title='bbox 1636 2043 1951 2112; x_wconf 82' lang='lat' dir='ltr'><strong>accedens,</strong></span> 
     </span>
    </p>
   </div>
   <div class='ocr_carea' id='block_1_37' title="bbox 290 2131 1954 2203">
    <p class='ocr_par' dir='ltr' id='par_1_37' title="bbox 290 2131 1954 2203">
     <span class='ocr_line' id='line_1_37' title="bbox 290 2131 1954 2203; baseline 0 -16"><span class='ocrx_word' id='word_1_242' title='bbox 290 2136 353 2188; x_wconf 89' lang='lat' dir='ltr'><strong>et</strong></span> <span class='ocrx_word' id='word_1_243' title='bbox 382 2131 538 2188; x_wconf 89' lang='lat' dir='ltr'><strong>clam</strong></span> <span class='ocrx_word' id='word_1_244' title='bbox 567 2131 785 2189; x_wconf 85' lang='lat' dir='ltr'><strong>ostium</strong></span> <span class='ocrx_word' id='word_1_245' title='bbox 816 2146 1108 2199; x_wconf 89' lang='lat' dir='ltr'><strong>reserans,</strong></span> <span class='ocrx_word' id='word_1_246' title='bbox 1130 2131 1293 2188; x_wconf 80' lang='lat' dir='ltr'><strong>vadit</strong></span> <span class='ocrx_word' id='word_1_247' title='bbox 1320 2148 1427 2203; x_wconf 91' lang='lat' dir='ltr'><strong>per</strong></span> <span class='ocrx_word' id='word_1_248' title='bbox 1455 2132 1732 2189; x_wconf 87' lang='lat' dir='ltr'><strong>tenebras</strong></span> <span class='ocrx_word' id='word_1_249' title='bbox 1761 2131 1954 2187; x_wconf 87' lang='lat' dir='ltr'><strong>noctis</strong></span> 
     </span>
    </p>
   </div>
   <div class='ocr_carea' id='block_1_38' title="bbox 294 2221 1955 2295">
    <p class='ocr_par' dir='ltr' id='par_1_38' title="bbox 294 2221 1955 2295">
     <span class='ocr_line' id='line_1_38' title="bbox 294 2221 1955 2295; baseline -0.001 -16"><span class='ocrx_word' id='word_1_250' title='bbox 294 2222 522 2279; x_wconf 63' lang='lat' dir='ltr'><strong>caelesti</strong></span> <span class='ocrx_word' id='word_1_251' title='bbox 542 2221 768 2279; x_wconf 91' lang='lat' dir='ltr'><strong>lumine</strong></span> <span class='ocrx_word' id='word_1_252' title='bbox 790 2221 1115 2279; x_wconf 84' lang='lat' dir='ltr'><strong>illustrata:</strong></span> <span class='ocrx_word' id='word_1_253' title='bbox 1148 2226 1462 2295; x_wconf 88' lang='lat' dir='ltr'><strong>totumque</strong></span> <span class='ocrx_word' id='word_1_254' title='bbox 1488 2222 1635 2279; x_wconf 87' lang='lat' dir='ltr'><strong>illud</strong></span> <span class='ocrx_word' id='word_1_255' title='bbox 1655 2223 1764 2279; x_wconf 89' lang='lat' dir='ltr'><strong>iter</strong></span> <span class='ocrx_word' id='word_1_256' title='bbox 1786 2226 1955 2278; x_wconf 85' lang='lat' dir='ltr'><strong>vasta</strong></span> 
     </span>
    </p>
   </div>
   <div class='ocr_carea' id='block_1_39' title="bbox 298 2310 1953 2383">
    <p class='ocr_par' dir='ltr' id='par_1_39' title="bbox 298 2310 1953 2383">
     <span class='ocr_line' id='line_1_39' title="bbox 298 2310 1953 2383; baseline -0.001 -15"><span class='ocrx_word' id='word_1_257' title='bbox 298 2311 613 2369; x_wconf 84' lang='lat' dir='ltr'><strong>horridum</strong></span> <span class='ocrx_word' id='word_1_258' title='bbox 661 2312 690 2351; x_wconf 68' lang='grc' dir='ltr'>ιδ</span> <span class='ocrx_word' id='word_1_259' title='bbox 747 2310 1065 2367; x_wconf 87' lang='lat' dir='ltr'><strong>solitudine</strong></span> <span class='ocrx_word' id='word_1_260' title='bbox 1131 2314 1268 2367; x_wconf 89' lang='lat' dir='ltr'><strong>ante</strong></span> <span class='ocrx_word' id='word_1_261' title='bbox 1325 2312 1474 2367; x_wconf 89' lang='lat' dir='ltr'><strong>lucis</strong></span> <span class='ocrx_word' id='word_1_262' title='bbox 1532 2311 1953 2383; x_wconf 79' lang='lat' dir='ltr'><strong>crepusculum</strong></span> 
     </span>
    </p>
   </div>
   <div class='ocr_carea' id='block_1_40' title="bbox 301 2400 1958 2471">
    <p class='ocr_par' dir='ltr' id='par_1_40' title="bbox 301 2400 1958 2471">
     <span class='ocr_line' id='line_1_40' title="bbox 301 2400 1958 2471; baseline -0.002 -12"><span class='ocrx_word' id='word_1_263' title='bbox 301 2402 615 2463; x_wconf 72' lang='lat' dir='ltr'><strong>tranaiens.</strong></span> <span class='ocrx_word' id='word_1_264' title='bbox 645 2400 1004 2458; x_wconf 87' lang='lat' dir='ltr'><strong>clarescente</strong></span> <span class='ocrx_word' id='word_1_265' title='bbox 1031 2416 1211 2458; x_wconf 91' lang='lat' dir='ltr'><strong>mane</strong></span> <span class='ocrx_word' id='word_1_266' title='bbox 1242 2401 1454 2457; x_wconf 89' lang='lat' dir='ltr'><strong>urbem</strong></span> <span class='ocrx_word' id='word_1_267' title='bbox 1491 2401 1839 2471; x_wconf 85' lang='lat' dir='ltr'><strong>ingreditur,</strong></span> <span class='ocrx_word' id='word_1_268' title='bbox 1872 2416 1958 2456; x_wconf 87' lang='lat' dir='ltr'><strong>se-</strong></span> 
     </span>
    </p>
   </div>
   <div class='ocr_carea' id='block_1_41' title="bbox 295 2489 1957 2563">
    <p class='ocr_par' dir='ltr' id='par_1_41' title="bbox 295 2489 1957 2563">
     <span class='ocr_line' id='line_1_41' title="bbox 295 2489 1957 2563; baseline -0.001 -15"><span class='ocrx_word' id='word_1_269' title='bbox 295 2506 485 2563; x_wconf 86' lang='lat' dir='ltr'><strong>seque</strong></span> <span class='ocrx_word' id='word_1_270' title='bbox 511 2490 820 2549; x_wconf 88' lang='lat' dir='ltr'><strong>obtutibus</strong></span> <span class='ocrx_word' id='word_1_271' title='bbox 840 2489 1058 2561; x_wconf 85' lang='lat' dir='ltr'><strong>judicis</strong></span> <span class='ocrx_word' id='word_1_272' title='bbox 1084 2490 1431 2562; x_wconf 66' lang='lat' dir='ltr'><strong>praesentari</strong></span> <span class='ocrx_word' id='word_1_273' title='bbox 1468 2506 1592 2547; x_wconf 91' lang='lat' dir='ltr'><strong>non</strong></span> <span class='ocrx_word' id='word_1_274' title='bbox 1622 2490 1833 2547; x_wconf 71' lang='lat' dir='ltr'><strong>differt.</strong></span> <span class='ocrx_word' id='word_1_275' title='bbox 1868 2490 1957 2547; x_wconf 79' lang='lat' dir='ltr'><strong>Ad</strong></span> 
     </span>
    </p>
   </div>
   <div class='ocr_carea' id='block_1_42' title="bbox 295 2579 1958 2654">
    <p class='ocr_par' dir='ltr' id='par_1_42' title="bbox 295 2579 1958 2654">
     <span class='ocr_line' id='line_1_42' title="bbox 295 2579 1958 2654; baseline 0 -18"><span class='ocrx_word' id='word_1_276' title='bbox 295 2596 485 2652; x_wconf 88' lang='lat' dir='ltr'><strong>quem</strong></span> <span class='ocrx_word' id='word_1_277' title='bbox 517 2584 741 2636; x_wconf 63' lang='lat' dir='ltr'><strong>sanctis</strong></span> <span class='ocrx_word' id='word_1_278' title='bbox 770 2579 911 2635; x_wconf 87' lang='lat' dir='ltr'><strong>ﬁdei</strong></span> <span class='ocrx_word' id='word_1_279' title='bbox 934 2580 1229 2637; x_wconf 85' lang='lat' dir='ltr'><strong>rationem</strong></span> <span class='ocrx_word' id='word_1_280' title='bbox 1256 2586 1958 2654; x_wconf 84' lang='lat' dir='ltr'><strong>proponens,vatemque</strong></span> 
     </span>
    </p>
   </div>
   <div class='ocr_carea' id='block_1_43' title="bbox 294 2670 1955 2744">
    <p class='ocr_par' dir='ltr' id='par_1_43' title="bbox 294 2670 1955 2744">
     <span class='ocr_line' id='line_1_43' title="bbox 294 2670 1955 2744; baseline 0.001 -17"><span class='ocrx_word' id='word_1_281' title='bbox 294 2671 681 2744; x_wconf 84' lang='lat' dir='ltr'><strong>impudicum</strong></span> <span class='ocrx_word' id='word_1_282' title='bbox 743 2670 998 2743; x_wconf 88' lang='lat' dir='ltr'><strong>simplici</strong></span> <span class='ocrx_word' id='word_1_283' title='bbox 1069 2671 1477 2728; x_wconf 85' lang='lat' dir='ltr'><strong>exhortatione</strong></span> <span class='ocrx_word' id='word_1_284' title='bbox 1541 2672 1955 2742; x_wconf 86' lang='lat' dir='ltr'><strong>confundens,</strong></span> 
     </span>
    </p>
   </div>
   <div class='ocr_carea' id='block_1_44' title="bbox 295 2758 1961 2835">
    <p class='ocr_par' dir='ltr' id='par_1_44' title="bbox 295 2758 1961 2835">
     <span class='ocr_line' id='line_1_44' title="bbox 295 2758 1961 2835; baseline 0.001 -19"><span class='ocrx_word' id='word_1_285' title='bbox 295 2760 618 2816; x_wconf 84' lang='lat' dir='ltr'><strong>confestim</strong></span> <span class='ocrx_word' id='word_1_286' title='bbox 645 2759 741 2815; x_wconf 90' lang='lat' dir='ltr'><strong>ille</strong></span> <span class='ocrx_word' id='word_1_287' title='bbox 768 2758 967 2829; x_wconf 86' lang='lat' dir='ltr'><strong>gladio</strong></span> <span class='ocrx_word' id='word_1_288' title='bbox 1000 2759 1419 2816; x_wconf 86' lang='lat' dir='ltr'><strong>trucidandam</strong></span> <span class='ocrx_word' id='word_1_289' title='bbox 1448 2761 1732 2823; x_wconf 84' lang='lat' dir='ltr'><strong>decernit,</strong></span> <span class='ocrx_word' id='word_1_290' title='bbox 1756 2762 1961 2835; x_wconf 88' lang='lat' dir='ltr'><strong>sicque</strong></span> 
     </span>
    </p>
   </div>
   <div class='ocr_carea' id='block_1_45' title="bbox 298 2848 1963 2923">
    <p class='ocr_par' dir='ltr' id='par_1_45' title="bbox 298 2848 1963 2923">
     <span class='ocr_line' id='line_1_45' title="bbox 298 2848 1963 2923; baseline 0.001 -18"><span class='ocrx_word' id='word_1_291' title='bbox 298 2855 439 2906; x_wconf 85' lang='lat' dir='ltr'><strong>ante</strong></span> <span class='ocrx_word' id='word_1_292' title='bbox 468 2848 628 2904; x_wconf 88' lang='lat' dir='ltr'><strong>fores</strong></span> <span class='ocrx_word' id='word_1_293' title='bbox 657 2855 675 2878; x_wconf 84' lang='lat'><strong>°</strong></span> <span class='ocrx_word' id='word_1_294' title='bbox 703 2848 911 2921; x_wconf 88' lang='lat' dir='ltr'><strong>palatii</strong></span> <span class='ocrx_word' id='word_1_295' title='bbox 940 2848 1280 2915; x_wconf 84' lang='lat' dir='ltr'><strong>constituta,</strong></span> <span class='ocrx_word' id='word_1_296' title='bbox 1305 2854 1584 2921; x_wconf 89' lang='lat' dir='ltr'><strong>exempto</strong></span> <span class='ocrx_word' id='word_1_297' title='bbox 1614 2850 1805 2923; x_wconf 88' lang='lat' dir='ltr'><strong>capite</strong></span> <span class='ocrx_word' id='word_1_298' title='bbox 1824 2867 1963 2906; x_wconf 89' lang='lat' dir='ltr'><strong>con-</strong></span> 
     </span>
    </p>
   </div>
   <div class='ocr_carea' id='block_1_46' title="bbox 2055 1693 3715 1765">
    <p class='ocr_par' dir='ltr' id='par_1_46' title="bbox 2055 1693 3715 1765">
     <span class='ocr_line' id='line_1_46' title="bbox 2055 1693 3715 1765; baseline 0.001 -15"><span class='ocrx_word' id='word_1_299' title='bbox 2055 1694 2201 1751; x_wconf 89' lang='lat' dir='ltr'><strong>bam</strong></span> <span class='ocrx_word' id='word_1_300' title='bbox 2230 1693 2503 1750; x_wconf 83' lang='lat' dir='ltr'><strong>discendi</strong></span> <span class='ocrx_word' id='word_1_301' title='bbox 2534 1694 2723 1764; x_wconf 88' lang='lat' dir='ltr'><strong>gratia</strong></span> <span class='ocrx_word' id='word_1_302' title='bbox 2756 1694 3146 1765; x_wconf 75' lang='lat' dir='ltr'><strong>adventaret;</strong></span> <span class='ocrx_word' id='word_1_303' title='bbox 3179 1698 3237 1751; x_wconf 90' lang='lat' dir='ltr'><strong>et</strong></span> <span class='ocrx_word' id='word_1_304' title='bbox 3264 1694 3472 1752; x_wconf 88' lang='lat' dir='ltr'><strong>Petrus</strong></span> <span class='ocrx_word' id='word_1_305' title='bbox 3501 1710 3715 1752; x_wconf 86' lang='lat' dir='ltr'><strong>mona-</strong></span> 
     </span>
    </p>
   </div>
   <div class='ocr_carea' id='block_1_47' title="bbox 2058 1781 3723 1853">
    <p class='ocr_par' dir='ltr' id='par_1_47' title="bbox 2058 1781 3723 1853">
     <span class='ocr_line' id='line_1_47' title="bbox 2058 1781 3723 1853; baseline 0 -15"><span class='ocrx_word' id='word_1_306' title='bbox 2058 1782 2227 1851; x_wconf 89' lang='lat' dir='ltr'><strong>chus,</strong></span> <span class='ocrx_word' id='word_1_307' title='bbox 2257 1798 2328 1839; x_wconf 90' lang='lat' dir='ltr'><strong>ac</strong></span> <span class='ocrx_word' id='word_1_308' title='bbox 2360 1784 2431 1853; x_wconf 85' lang='lat' dir='ltr'><strong>(t)</strong></span> <span class='ocrx_word' id='word_1_309' title='bbox 2462 1782 2795 1840; x_wconf 86' lang='lat' dir='ltr'><strong>Ludovicus</strong></span> <span class='ocrx_word' id='word_1_310' title='bbox 2824 1781 3176 1839; x_wconf 89' lang='lat' dir='ltr'><strong>contribulis</strong></span> <span class='ocrx_word' id='word_1_311' title='bbox 3200 1787 3426 1852; x_wconf 87' lang='lat' dir='ltr'><strong>noster,</strong></span> <span class='ocrx_word' id='word_1_312' title='bbox 3452 1786 3508 1840; x_wconf 87' lang='lat' dir='ltr'><strong>et</strong></span> <span class='ocrx_word' id='word_1_313' title='bbox 3538 1782 3723 1839; x_wconf 90' lang='lat' dir='ltr'><strong>frater</strong></span> 
     </span>
    </p>
   </div>
   <div class='ocr_carea' id='block_1_48' title="bbox 2059 1870 3723 1944">
    <p class='ocr_par' dir='ltr' id='par_1_48' title="bbox 2059 1870 3723 1944">
     <span class='ocr_line' id='line_1_48' title="bbox 2059 1870 3723 1944; baseline 0.002 -18"><span class='ocrx_word' id='word_1_314' title='bbox 2059 1871 2228 1927; x_wconf 89' lang='lat' dir='ltr'><strong>Pauli</strong></span> <span class='ocrx_word' id='word_1_315' title='bbox 2282 1871 2539 1939; x_wconf 89' lang='lat' dir='ltr'><strong>diaconi,</strong></span> <span class='ocrx_word' id='word_1_316' title='bbox 2594 1873 2766 1943; x_wconf 90' lang='lat' dir='ltr'><strong>cujus</strong></span> <span class='ocrx_word' id='word_1_317' title='bbox 2819 1872 3177 1944; x_wconf 83' lang='lat' dir='ltr'><strong>martyrium</strong></span> <span class='ocrx_word' id='word_1_318' title='bbox 3224 1871 3375 1928; x_wconf 89' lang='lat' dir='ltr'><strong>liber</strong></span> <span class='ocrx_word' id='word_1_319' title='bbox 3420 1870 3723 1929; x_wconf 85' lang='lat' dir='ltr'><strong>secundus</strong></span> 
     </span>
    </p>
   </div>
   <div class='ocr_carea' id='block_1_49' title="bbox 2061 1960 3727 2035">
    <p class='ocr_par' dir='ltr' id='par_1_49' title="bbox 2061 1960 3727 2035">
     <span class='ocr_line' id='line_1_49' title="bbox 2061 1960 3727 2035; baseline 0.001 -19"><span class='ocrx_word' id='word_1_320' title='bbox 2061 1961 2323 2034; x_wconf 82' lang='lat' dir='ltr'><strong>exponit,</strong></span> <span class='ocrx_word' id='word_1_321' title='bbox 2347 1978 2419 2018; x_wconf 92' lang='lat' dir='ltr'><strong>ex</strong></span> <span class='ocrx_word' id='word_1_322' title='bbox 2440 1960 2670 2016; x_wconf 87' lang='lat' dir='ltr'><strong>civibus</strong></span> <span class='ocrx_word' id='word_1_323' title='bbox 2693 1960 3158 2017; x_wconf 90' lang='lat' dir='ltr'><strong>Cordubensbus</strong></span> <span class='ocrx_word' id='word_1_324' title='bbox 3170 1960 3304 2035; x_wconf 86' lang='lat' dir='ltr'><strong>orti,</strong></span> <span class='ocrx_word' id='word_1_325' title='bbox 3317 1976 3438 2019; x_wconf 88' lang='lat' dir='ltr'><strong>uno</strong></span> <span class='ocrx_word' id='word_1_326' title='bbox 3451 1976 3516 2018; x_wconf 84' lang='lat' dir='ltr'><strong>se</strong></span> <span class='ocrx_word' id='word_1_327' title='bbox 3543 1961 3727 2018; x_wconf 68' lang='lat' dir='ltr'><strong>{tnde-</strong></span> 
     </span>
    </p>
   </div>
   <div class='ocr_carea' id='block_1_50' title="bbox 2059 2045 3723 2121">
    <p class='ocr_par' dir='ltr' id='par_1_50' title="bbox 2059 2045 3723 2121">
     <span class='ocr_line' id='line_1_50' title="bbox 2059 2045 3723 2121; baseline 0.001 -15"><span class='ocrx_word' id='word_1_328' title='bbox 2059 2065 2124 2106; x_wconf 87' lang='lat' dir='ltr'><strong>re</strong></span> <span class='ocrx_word' id='word_1_329' title='bbox 2155 2049 2501 2121; x_wconf 87' lang='lat' dir='ltr'><strong>colligantes</strong></span> <span class='ocrx_word' id='word_1_330' title='bbox 2531 2048 2610 2104; x_wconf 84' lang='lat' dir='ltr'><strong>ad</strong></span> <span class='ocrx_word' id='word_1_331' title='bbox 2634 2049 3085 2121; x_wconf 67' lang='lat' dir='ltr'><strong>praedicandam</strong></span> <span class='ocrx_word' id='word_1_332' title='bbox 3135 2049 3545 2121; x_wconf 89' lang='lat' dir='ltr'><strong>evangelicam</strong></span> <span class='ocrx_word' id='word_1_333' title='bbox 3570 2045 3723 2107; x_wconf 83' lang='lat' dir='ltr'><strong>veri-</strong></span> 
     </span>
    </p>
   </div>
   <div class='ocr_carea' id='block_1_51' title="bbox 2064 2137 3723 2211">
    <p class='ocr_par' dir='ltr' id='par_1_51' title="bbox 2064 2137 3723 2211">
     <span class='ocr_line' id='line_1_51' title="bbox 2064 2137 3723 2211; baseline 0.001 -17"><span class='ocrx_word' id='word_1_334' title='bbox 2064 2141 2246 2195; x_wconf 87' lang='lat' dir='ltr'><strong>tatem</strong></span> <span class='ocrx_word' id='word_1_335' title='bbox 2274 2142 2586 2211; x_wconf 83' lang='lat' dir='ltr'><strong>aptarunt;</strong></span> <span class='ocrx_word' id='word_1_336' title='bbox 2633 2137 2889 2211; x_wconf 89' lang='lat' dir='ltr'><strong>ideoque</strong></span> <span class='ocrx_word' id='word_1_337' title='bbox 2936 2137 3200 2196; x_wconf 90' lang='lat' dir='ltr'><strong>celeriter</strong></span> <span class='ocrx_word' id='word_1_338' title='bbox 3243 2137 3357 2195; x_wconf 93' lang='lat' dir='ltr'><strong>sub</strong></span> <span class='ocrx_word' id='word_1_339' title='bbox 3382 2137 3723 2211; x_wconf 59' lang='lat' dir='ltr'><strong>praeceden-</strong></span> 
     </span>
    </p>
   </div>
   <div class='ocr_carea' id='block_1_52' title="bbox 2064 2220 3721 2296">
    <p class='ocr_par' dir='ltr' id='par_1_52' title="bbox 2064 2220 3721 2296">
     <span class='ocr_line' id='line_1_52' title="bbox 2064 2220 3721 2296; baseline 0.002 -18"><span class='ocrx_word' id='word_1_340' title='bbox 2064 2223 2212 2278; x_wconf 91' lang='lat' dir='ltr'><strong>tium</strong></span> <span class='ocrx_word' id='word_1_341' title='bbox 2242 2222 2611 2295; x_wconf 85' lang='lat' dir='ltr'><strong>professione</strong></span> <span class='ocrx_word' id='word_1_342' title='bbox 2655 2222 2949 2295; x_wconf 87' lang='lat' dir='ltr'><strong>perempti</strong></span> <span class='ocrx_word' id='word_1_343' title='bbox 2978 2227 3118 2280; x_wconf 92' lang='lat' dir='ltr'><strong>sunt</strong></span> <span class='ocrx_word' id='word_1_344' title='bbox 3168 2238 3207 2278; x_wconf 83' lang='lat'><strong>11</strong></span> <span class='ocrx_word' id='word_1_345' title='bbox 3237 2221 3488 2283; x_wconf 85' lang='lat' dir='ltr'><strong>Kalend.</strong></span> <span class='ocrx_word' id='word_1_346' title='bbox 3521 2220 3721 2296; x_wconf 82' lang='lat' dir='ltr'><strong>Maias,</strong></span> 
     </span>
    </p>
   </div>
   <div class='ocr_carea' id='block_1_53' title="bbox 2063 2310 3724 2384">
    <p class='ocr_par' dir='ltr' id='par_1_53' title="bbox 2063 2310 3724 2384">
     <span class='ocr_line' id='line_1_53' title="bbox 2063 2310 3724 2384; baseline 0.001 -16"><span class='ocrx_word' id='word_1_347' title='bbox 2063 2329 2183 2368; x_wconf 73' lang='lat' dir='ltr'><strong>aera</strong></span> <span class='ocrx_word' id='word_1_348' title='bbox 2208 2328 2491 2369; x_wconf 77' lang='lat' dir='ltr'><strong>ncccxcui.</strong></span> <span class='ocrx_word' id='word_1_349' title='bbox 2528 2314 2795 2377; x_wconf 87' lang='lat' dir='ltr'><strong>Quorum</strong></span> <span class='ocrx_word' id='word_1_350' title='bbox 2826 2327 3082 2384; x_wconf 89' lang='lat' dir='ltr'><strong>corpora</strong></span> <span class='ocrx_word' id='word_1_351' title='bbox 3111 2310 3451 2369; x_wconf 82' lang='lat' dir='ltr'><strong>ﬂuvialibus</strong></span> <span class='ocrx_word' id='word_1_352' title='bbox 3478 2311 3724 2371; x_wconf 84' lang='lat' dir='ltr'><strong>immer-</strong></span> 
     </span>
    </p>
   </div>
   <div class='ocr_carea' id='block_1_54' title="bbox 2065 2400 3726 2475">
    <p class='ocr_par' dir='ltr' id='par_1_54' title="bbox 2065 2400 3726 2475">
     <span class='ocr_line' id='line_1_54' title="bbox 2065 2400 3726 2475; baseline 0 -18"><span class='ocrx_word' id='word_1_353' title='bbox 2065 2419 2133 2458; x_wconf 89' lang='lat' dir='ltr'><strong>sa</strong></span> <span class='ocrx_word' id='word_1_354' title='bbox 2161 2400 2515 2471; x_wconf 89' lang='lat' dir='ltr'><strong>gurgitibus,</strong></span> <span class='ocrx_word' id='word_1_355' title='bbox 2548 2401 2665 2458; x_wconf 92' lang='lat' dir='ltr'><strong>Deo</strong></span> <span class='ocrx_word' id='word_1_356' title='bbox 2696 2400 2948 2470; x_wconf 85' lang='lat' dir='ltr'><strong>fautore,</strong></span> <span class='ocrx_word' id='word_1_357' title='bbox 2980 2404 3117 2473; x_wconf 87' lang='lat' dir='ltr'><strong>post</strong></span> <span class='ocrx_word' id='word_1_358' title='bbox 3142 2400 3371 2475; x_wconf 79' lang='lat' dir='ltr'><strong>aliquot</strong></span> <span class='ocrx_word' id='word_1_359' title='bbox 3396 2401 3522 2459; x_wconf 88' lang='lat' dir='ltr'><strong>dies</strong></span> <span class='ocrx_word' id='word_1_360' title='bbox 3548 2400 3726 2459; x_wconf 88' lang='lat' dir='ltr'><strong>littori</strong></span> 
     </span>
    </p>
   </div>
   <div class='ocr_carea' id='block_1_55' title="bbox 2064 2476 3724 2565">
    <p class='ocr_par' dir='ltr' id='par_1_55' title="bbox 2064 2476 3724 2565">
     <span class='ocr_line' id='line_1_55' title="bbox 2064 2476 3724 2565; baseline 0 -18"><span class='ocrx_word' id='word_1_361' title='bbox 2064 2495 2467 2564; x_wconf 83' lang='lat' dir='ltr'><strong>exponuntur,</strong></span> <span class='ocrx_word' id='word_1_362' title='bbox 2496 2496 2722 2547; x_wconf 91' lang='lat' dir='ltr'><strong>etcum</strong></span> <span class='ocrx_word' id='word_1_363' title='bbox 2770 2476 3006 2563; x_wconf 84' lang='lat' dir='ltr'><strong>penitus</strong></span> <span class='ocrx_word' id='word_1_364' title='bbox 3056 2490 3288 2549; x_wconf 90' lang='lat' dir='ltr'><strong>nullam</strong></span> <span class='ocrx_word' id='word_1_365' title='bbox 3342 2507 3462 2548; x_wconf 80' lang='lat' dir='ltr'><strong>suae</strong></span> <span class='ocrx_word' id='word_1_366' title='bbox 3508 2490 3724 2565; x_wconf 84' lang='lat' dir='ltr'><strong>quietis</strong></span> 
     </span>
    </p>
   </div>
   <div class='ocr_carea' id='block_1_56' title="bbox 2067 2578 3727 2651">
    <p class='ocr_par' dir='ltr' id='par_1_56' title="bbox 2067 2578 3727 2651">
     <span class='ocr_line' id='line_1_56' title="bbox 2067 2578 3727 2651; baseline 0.001 -16"><span class='ocrx_word' id='word_1_367' title='bbox 2067 2584 2308 2636; x_wconf 89' lang='lat' dir='ltr'><strong>sanctus</strong></span> <span class='ocrx_word' id='word_1_368' title='bbox 2339 2578 2619 2636; x_wconf 89' lang='lat' dir='ltr'><strong>sacerdos</strong></span> <span class='ocrx_word' id='word_1_369' title='bbox 2662 2579 2926 2636; x_wconf 86' lang='lat' dir='ltr'><strong>notitiam</strong></span> <span class='ocrx_word' id='word_1_370' title='bbox 2969 2578 3220 2651; x_wconf 90' lang='lat' dir='ltr'><strong>dederit,</strong></span> <span class='ocrx_word' id='word_1_371' title='bbox 3246 2583 3497 2639; x_wconf 84' lang='lat' dir='ltr'><strong>manent</strong></span> <span class='ocrx_word' id='word_1_372' title='bbox 3523 2582 3727 2637; x_wconf 87' lang='lat' dir='ltr'><strong>tamen</strong></span> 
     </span>
    </p>
   </div>
   <div class='ocr_carea' id='block_1_57' title="bbox 2067 2667 3728 2743">
    <p class='ocr_par' dir='ltr' id='par_1_57' title="bbox 2067 2667 3728 2743">
     <span class='ocr_line' id='line_1_57' title="bbox 2067 2667 3728 2743; baseline 0 -17"><span class='ocrx_word' id='word_1_373' title='bbox 2067 2668 2261 2726; x_wconf 81' lang='lat' dir='ltr'><strong>caeteri</strong></span> <span class='ocrx_word' id='word_1_374' title='bbox 2290 2669 2478 2727; x_wconf 89' lang='lat' dir='ltr'><strong>sancti</strong></span> <span class='ocrx_word' id='word_1_375' title='bbox 2507 2668 2922 2726; x_wconf 78' lang='lat' dir='ltr'><strong>venerabiliter</strong></span> <span class='ocrx_word' id='word_1_376' title='bbox 2956 2669 3019 2725; x_wconf 90' lang='lat' dir='ltr'><strong>in</strong></span> <span class='ocrx_word' id='word_1_377' title='bbox 3047 2668 3428 2743; x_wconf 72' lang='lat' dir='ltr'><strong>praecognitis</strong></span> <span class='ocrx_word' id='word_1_378' title='bbox 3455 2667 3603 2726; x_wconf 91' lang='lat' dir='ltr'><strong>locis</strong></span> <span class='ocrx_word' id='word_1_379' title='bbox 3635 2684 3728 2726; x_wconf 91' lang='lat' dir='ltr'><strong>re-</strong></span> 
     </span>
    </p>
   </div>
   <div class='ocr_carea' id='block_1_58' title="bbox 2066 2756 3730 2832">
    <p class='ocr_par' dir='ltr' id='par_1_58' title="bbox 2066 2756 3730 2832">
     <span class='ocr_line' id='line_1_58' title="bbox 2066 2756 3730 2832; baseline 0 -17"><span class='ocrx_word' id='word_1_380' title='bbox 2066 2759 2266 2832; x_wconf 89' lang='lat' dir='ltr'><strong>positi.</strong></span> <span class='ocrx_word' id='word_1_381' title='bbox 2298 2762 2445 2815; x_wconf 88' lang='lat' dir='ltr'><strong>Nam</strong></span> <span class='ocrx_word' id='word_1_382' title='bbox 2492 2758 2705 2815; x_wconf 90' lang='lat' dir='ltr'><strong>beatus</strong></span> <span class='ocrx_word' id='word_1_383' title='bbox 2749 2760 2956 2815; x_wconf 90' lang='lat' dir='ltr'><strong>Petrus</strong></span> <span class='ocrx_word' id='word_1_384' title='bbox 2993 2757 3056 2813; x_wconf 90' lang='lat' dir='ltr'><strong>in</strong></span> <span class='ocrx_word' id='word_1_385' title='bbox 3097 2756 3296 2813; x_wconf 65' lang='lat' dir='ltr'><strong>Pinnae</strong></span> <span class='ocrx_word' id='word_1_386' title='bbox 3351 2756 3730 2816; x_wconf 77' lang='lat' dir='ltr'><strong>Mellariensis</strong></span> 
     </span>
    </p>
   </div>
   <div class='ocr_carea' id='block_1_59' title="bbox 2071 2845 3732 2918">
    <p class='ocr_par' dir='ltr' id='par_1_59' title="bbox 2071 2845 3732 2918">
     <span class='ocr_line' id='line_1_59' title="bbox 2071 2845 3732 2918; baseline -0.001 -14"><span class='ocrx_word' id='word_1_387' title='bbox 2071 2848 2345 2904; x_wconf 66' lang='lat' dir='ltr'><strong>coenobio</strong></span> <span class='ocrx_word' id='word_1_388' title='bbox 2388 2847 2739 2918; x_wconf 84' lang='lat' dir='ltr'><strong>tumulatur,</strong></span> <span class='ocrx_word' id='word_1_389' title='bbox 2780 2845 3120 2904; x_wconf 87' lang='lat' dir='ltr'><strong>Ludovicus</strong></span> <span class='ocrx_word' id='word_1_390' title='bbox 3168 2846 3231 2902; x_wconf 89' lang='lat' dir='ltr'><strong>in</strong></span> <span class='ocrx_word' id='word_1_391' title='bbox 3276 2846 3410 2903; x_wconf 90' lang='lat' dir='ltr'><strong>vico</strong></span> <span class='ocrx_word' id='word_1_392' title='bbox 3456 2846 3530 2917; x_wconf 86' lang='lat'><strong>(2)</strong></span> <span class='ocrx_word' id='word_1_393' title='bbox 3582 2845 3732 2902; x_wconf 83' lang='lat' dir='ltr'><strong>Itali-</strong></span> 
     </span>
    </p>
   </div>
   <div class='ocr_carea' id='block_1_60' title="bbox 297 2933 3731 3028">
    <p class='ocr_par' dir='ltr' id='par_1_60' title="bbox 297 2933 3731 3028">
     <span class='ocr_line' id='line_1_60' title="bbox 297 2933 3731 3028; baseline -0.001 -33"><span class='ocrx_word' id='word_1_394' title='bbox 297 2943 599 2997; x_wconf 85' lang='lat' dir='ltr'><strong>sternatur</strong></span> <span class='ocrx_word' id='word_1_395' title='bbox 648 2955 744 2994; x_wconf 83' lang='lat' dir='ltr'><strong>xm</strong></span> <span class='ocrx_word' id='word_1_396' title='bbox 792 2938 1043 2994; x_wconf 87' lang='lat' dir='ltr'><strong>Kalend.</strong></span> <span class='ocrx_word' id='word_1_397' title='bbox 1074 2938 1282 3028; x_wconf 83' lang='lat' dir='ltr'><strong>Octob.</strong></span> <span class='ocrx_word' id='word_1_398' title='bbox 1314 2943 1389 3007; x_wconf 80' lang='lat'><strong>(3)</strong></span> <span class='ocrx_word' id='word_1_399' title='bbox 1421 2954 1543 2995; x_wconf 72' lang='lat' dir='ltr'><strong>tera</strong></span> <span class='ocrx_word' id='word_1_400' title='bbox 1582 2955 1823 2995; x_wconf 80' lang='lat' dir='ltr'><strong>nccoxcl.</strong></span> <span class='ocrx_word' id='word_1_401' title='bbox 1854 2944 1965 3028; x_wconf 48' lang='lat' dir='ltr'><strong>Cuf</strong></span> <span class='ocrx_word' id='word_1_402' title='bbox 1993 2970 2033 3028; x_wconf 69' lang='grc' dir='ltr'>ο</span> <span class='ocrx_word' id='word_1_403' title='bbox 2071 2936 2265 3028; x_wconf 86' lang='lat' dir='ltr'><strong>censis</strong></span> <span class='ocrx_word' id='word_1_404' title='bbox 2295 2936 2638 3028; x_wconf 82' lang='lat' dir='ltr'><strong>provinciae,</strong></span> <span class='ocrx_word' id='word_1_405' title='bbox 2671 2934 2916 3028; x_wconf 84' lang='lat' dir='ltr'><strong>nomine</strong></span> <span class='ocrx_word' id='word_1_406' title='bbox 2948 2935 3018 3008; x_wconf 86' lang='lat'><strong>(3)</strong></span> <span class='ocrx_word' id='word_1_407' title='bbox 3051 2934 3276 3028; x_wconf 84' lang='lat' dir='ltr'><strong>Palma,</strong></span> <span class='ocrx_word' id='word_1_408' title='bbox 3306 2950 3443 3009; x_wconf 65' lang='lat' dir='ltr'><strong>quin</strong></span> <span class='ocrx_word' id='word_1_409' title='bbox 3487 2933 3731 3005; x_wconf 89' lang='lat' dir='ltr'><strong>Singilio</strong></span> 
     </span>
    </p>
   </div>
   <div class='ocr_carea' id='block_1_61' title="bbox 293 3025 3297 3102">
    <p class='ocr_par' dir='ltr' id='par_1_61' title="bbox 293 3025 3297 3102">
     <span class='ocr_line' id='line_1_61' title="bbox 293 3025 3297 3102; baseline -0.002 -16"><span class='ocrx_word' id='word_1_410' title='bbox 293 3031 400 3102; x_wconf 89' lang='lat' dir='ltr'><strong>jus</strong></span> <span class='ocrx_word' id='word_1_411' title='bbox 423 3028 685 3085; x_wconf 82' lang='lat' dir='ltr'><strong>cadaver</strong></span> <span class='ocrx_word' id='word_1_412' title='bbox 718 3028 781 3083; x_wconf 90' lang='lat' dir='ltr'><strong>in</strong></span> <span class='ocrx_word' id='word_1_413' title='bbox 824 3028 1049 3083; x_wconf 88' lang='lat' dir='ltr'><strong>ﬂumen</strong></span> <span class='ocrx_word' id='word_1_414' title='bbox 1079 3027 1478 3101; x_wconf 64' lang='lat' dir='ltr'><strong>pmjicienms,</strong></span> <span class='ocrx_word' id='word_1_415' title='bbox 1507 3028 1919 3100; x_wconf 88' lang='lat' dir='ltr'><strong>quorumdam</strong></span> <span class='ocrx_word' id='word_1_416' title='bbox 1944 3027 1966 3057; x_wconf 83' lang='grc'><strong>⁴¹</strong></span> <span class='ocrx_word' id='word_1_417' title='bbox 2007 3025 2019 3028; x_wconf 63' lang='grc'>⁷</span> <span class='ocrx_word' id='word_1_418' title='bbox 2073 3027 2320 3084; x_wconf 86' lang='lat' dir='ltr'><strong>ﬂumine</strong></span> <span class='ocrx_word' id='word_1_419' title='bbox 2350 3026 2646 3099; x_wconf 59' lang='lat' dir='ltr'><strong>praesidet,</strong></span> <span class='ocrx_word' id='word_1_420' title='bbox 2680 3025 2936 3099; x_wconf 88' lang='lat' dir='ltr'><strong>digniter</strong></span> <span class='ocrx_word' id='word_1_421' title='bbox 2963 3025 3297 3099; x_wconf 90' lang='lat' dir='ltr'><strong>requiescit.</strong></span> 
     </span>
    </p>
   </div>
   <div class='ocr_carea' id='block_1_62' title="bbox 298 3116 1968 3189">
    <p class='ocr_par' dir='ltr' id='par_1_62' title="bbox 298 3116 1968 3189">
     <span class='ocr_line' id='line_1_62' title="bbox 298 3116 1968 3189; baseline -0.001 -14"><span class='ocrx_word' id='word_1_422' title='bbox 298 3118 813 3175; x_wconf 85' lang='lat' dir='ltr'><strong>meroenariorum</strong></span> <span class='ocrx_word' id='word_1_423' title='bbox 847 3116 1044 3173; x_wconf 89' lang='lat' dir='ltr'><strong>studio</strong></span> <span class='ocrx_word' id='word_1_424' title='bbox 1076 3117 1137 3172; x_wconf 91' lang='lat' dir='ltr'><strong>in</strong></span> <span class='ocrx_word' id='word_1_425' title='bbox 1181 3117 1451 3189; x_wconf 82' lang='lat' dir='ltr'><strong>quadam</strong></span> <span class='ocrx_word' id='word_1_426' title='bbox 1500 3118 1670 3173; x_wconf 85' lang='lat' dir='ltr'><strong>fovea</strong></span> <span class='ocrx_word' id='word_1_427' title='bbox 1699 3132 1723 3159; x_wconf 78' lang='grc' dir='ltr'><strong><em>ο</em></strong></span> <span class='ocrx_word' id='word_1_428' title='bbox 1753 3133 1968 3188; x_wconf 90' lang='lat' dir='ltr'><strong>conge-</strong></span> 
     </span>
    </p>
   </div>
   <div class='ocr_carea' id='block_1_63' title="bbox 301 3205 1965 3280">
    <p class='ocr_par' dir='ltr' id='par_1_63' title="bbox 301 3205 1965 3280">
     <span class='ocr_line' id='line_1_63' title="bbox 301 3205 1965 3280; baseline -0.001 -16"><span class='ocrx_word' id='word_1_429' title='bbox 301 3213 467 3265; x_wconf 89' lang='lat' dir='ltr'><strong>stum</strong></span> <span class='ocrx_word' id='word_1_430' title='bbox 513 3207 772 3280; x_wconf 89' lang='lat' dir='ltr'><strong>desuper</strong></span> <span class='ocrx_word' id='word_1_431' title='bbox 819 3206 1008 3262; x_wconf 92' lang='lat' dir='ltr'><strong>multo</strong></span> <span class='ocrx_word' id='word_1_432' title='bbox 1054 3206 1300 3279; x_wconf 89' lang='lat' dir='ltr'><strong>pulvere</strong></span> <span class='ocrx_word' id='word_1_433' title='bbox 1341 3205 1688 3262; x_wconf 87' lang='lat' dir='ltr'><strong>tumulatur.</strong></span> <span class='ocrx_word' id='word_1_434' title='bbox 1724 3209 1801 3262; x_wconf 87' lang='lat' dir='ltr'><strong>Ex</strong></span> <span class='ocrx_word' id='word_1_435' title='bbox 1842 3223 1965 3279; x_wconf 91' lang='lat' dir='ltr'><strong>quo</strong></span> 
     </span>
    </p>
   </div>
   <div class='ocr_carea' id='block_1_64' title="bbox 307 3295 1967 3368">
    <p class='ocr_par' dir='ltr' id='par_1_64' title="bbox 307 3295 1967 3368">
     <span class='ocr_line' id='line_1_64' title="bbox 307 3295 1967 3368; baseline -0.001 -16"><span class='ocrx_word' id='word_1_436' title='bbox 307 3298 546 3365; x_wconf 87' lang='lat' dir='ltr'><strong>iterum,</strong></span> <span class='ocrx_word' id='word_1_437' title='bbox 578 3297 802 3353; x_wconf 83' lang='lat' dir='ltr'><strong>Christo</strong></span> <span class='ocrx_word' id='word_1_438' title='bbox 836 3297 1092 3365; x_wconf 87' lang='lat' dir='ltr'><strong>favente,</strong></span> <span class='ocrx_word' id='word_1_439' title='bbox 1124 3299 1261 3368; x_wconf 88' lang='lat' dir='ltr'><strong>post</strong></span> <span class='ocrx_word' id='word_1_440' title='bbox 1301 3295 1427 3351; x_wconf 86' lang='lat' dir='ltr'><strong>dies</strong></span> <span class='ocrx_word' id='word_1_441' title='bbox 1464 3310 1617 3367; x_wconf 90' lang='lat' dir='ltr'><strong>pene</strong></span> <span class='ocrx_word' id='word_1_442' title='bbox 1648 3295 1856 3366; x_wconf 85' lang='lat' dir='ltr'><strong>viginti</strong></span> <span class='ocrx_word' id='word_1_443' title='bbox 1883 3296 1967 3351; x_wconf 88' lang='lat' dir='ltr'><strong>in-</strong></span> 
     </span>
    </p>
   </div>
   <div class='ocr_carea' id='block_1_65' title="bbox 313 3376 1965 3456">
    <p class='ocr_par' dir='ltr' id='par_1_65' title="bbox 313 3376 1965 3456">
     <span class='ocr_line' id='line_1_65' title="bbox 313 3376 1965 3456; baseline 0.001 -17"><span class='ocrx_word' id='word_1_444' title='bbox 313 3384 549 3439; x_wconf 84' lang='lat' dir='ltr'><strong>dustn&#39;a</strong></span> <span class='ocrx_word' id='word_1_445' title='bbox 596 3376 994 3456; x_wconf 78' lang='lat' dir='ltr'><strong>quorumdam</strong></span> <span class='ocrx_word' id='word_1_446' title='bbox 1051 3384 1492 3440; x_wconf 89' lang='lat' dir='ltr'><strong>monachorum</strong></span> <span class='ocrx_word' id='word_1_447' title='bbox 1546 3384 1685 3440; x_wconf 90' lang='lat' dir='ltr'><strong>inde</strong></span> <span class='ocrx_word' id='word_1_448' title='bbox 1741 3385 1965 3441; x_wconf 88' lang='lat' dir='ltr'><strong>abstra-</strong></span> 
     </span>
    </p>
   </div>
   <div class='ocr_carea' id='block_1_66' title="bbox 310 3471 1969 3545">
    <p class='ocr_par' dir='ltr' id='par_1_66' title="bbox 310 3471 1969 3545">
     <span class='ocr_line' id='line_1_66' title="bbox 310 3471 1969 3545; baseline 0 -18"><span class='ocrx_word' id='word_1_449' title='bbox 310 3478 502 3539; x_wconf 88' lang='lat' dir='ltr'><strong>ctum,</strong></span> <span class='ocrx_word' id='word_1_450' title='bbox 535 3472 611 3527; x_wconf 85' lang='lat' dir='ltr'><strong>ad</strong></span> <span class='ocrx_word' id='word_1_451' title='bbox 639 3472 984 3545; x_wconf 65' lang='lat' dir='ltr'><strong>praedictum</strong></span> <span class='ocrx_word' id='word_1_452' title='bbox 1016 3472 1208 3528; x_wconf 63' lang='lat' dir='ltr'><strong>beatae</strong></span> <span class='ocrx_word' id='word_1_453' title='bbox 1255 3471 1500 3542; x_wconf 88' lang='lat' dir='ltr'><strong>virginis</strong></span> <span class='ocrx_word' id='word_1_454' title='bbox 1550 3471 1788 3528; x_wconf 65' lang='lat' dir='ltr'><strong>Eulalia;</strong></span> <span class='ocrx_word' id='word_1_455' title='bbox 1838 3488 1969 3527; x_wconf 89' lang='lat' dir='ltr'><strong>san-</strong></span> 
     </span>
    </p>
   </div>
   <div class='ocr_carea' id='block_1_67' title="bbox 306 3561 1968 3634">
    <p class='ocr_par' dir='ltr' id='par_1_67' title="bbox 306 3561 1968 3634">
     <span class='ocr_line' id='line_1_67' title="bbox 306 3561 1968 3634; baseline -0.001 -17"><span class='ocrx_word' id='word_1_456' title='bbox 306 3561 607 3617; x_wconf 81' lang='lat' dir='ltr'><strong>ctuarium</strong></span> <span class='ocrx_word' id='word_1_457' title='bbox 657 3566 1051 3634; x_wconf 86' lang='lat' dir='ltr'><strong>reportantes,</strong></span> <span class='ocrx_word' id='word_1_458' title='bbox 1082 3561 1269 3631; x_wconf 87' lang='lat' dir='ltr'><strong>digno</strong></span> <span class='ocrx_word' id='word_1_459' title='bbox 1312 3561 1536 3617; x_wconf 91' lang='lat' dir='ltr'><strong>ibidem</strong></span> <span class='ocrx_word' id='word_1_460' title='bbox 1585 3562 1968 3617; x_wconf 87' lang='lat' dir='ltr'><strong>sacerdotum</strong></span> 
     </span>
    </p>
   </div>
   <div class='ocr_carea' id='block_1_68' title="bbox 304 3649 1973 3723">
    <p class='ocr_par' dir='ltr' id='par_1_68' title="bbox 304 3649 1973 3723">
     <span class='ocr_line' id='line_1_68' title="bbox 304 3649 1973 3723; baseline -0.001 -16"><span class='ocrx_word' id='word_1_461' title='bbox 304 3654 368 3707; x_wconf 90' lang='lat' dir='ltr'><strong>et</strong></span> <span class='ocrx_word' id='word_1_462' title='bbox 395 3649 810 3720; x_wconf 84' lang='lat' dir='ltr'><strong>religiosorum</strong></span> <span class='ocrx_word' id='word_1_463' title='bbox 861 3649 1209 3716; x_wconf 89' lang='lat' dir='ltr'><strong>ministerio,</strong></span> <span class='ocrx_word' id='word_1_464' title='bbox 1240 3651 1318 3706; x_wconf 91' lang='lat' dir='ltr'><strong>ad</strong></span> <span class='ocrx_word' id='word_1_465' title='bbox 1365 3649 1552 3723; x_wconf 82' lang='lat' dir='ltr'><strong>pedes</strong></span> <span class='ocrx_word' id='word_1_466' title='bbox 1597 3654 1817 3707; x_wconf 66' lang='lat' dir='ltr'><strong>sanctae</strong></span> <span class='ocrx_word' id='word_1_467' title='bbox 1866 3653 1973 3708; x_wconf 88' lang='lat' dir='ltr'><strong>Co-</strong></span> 
     </span>
    </p>
   </div>
   <div class='ocr_carea' id='block_1_69' title="bbox 304 3737 1972 3803">
    <p class='ocr_par' dir='ltr' id='par_1_69' title="bbox 304 3737 1972 3803">
     <span class='ocr_line' id='line_1_69' title="bbox 304 3737 1972 3803; baseline 0 -8"><span class='ocrx_word' id='word_1_468' title='bbox 304 3737 535 3795; x_wconf 81' lang='lat' dir='ltr'><strong>lumbae</strong></span> <span class='ocrx_word' id='word_1_469' title='bbox 587 3738 907 3795; x_wconf 85' lang='lat' dir='ltr'><strong>humatum</strong></span> <span class='ocrx_word' id='word_1_470' title='bbox 950 3742 1055 3794; x_wconf 90' lang='lat' dir='ltr'><strong>est.</strong></span> <span class='ocrx_word' id='word_1_471' title='bbox 1115 3738 1285 3803; x_wconf 90' lang='lat' dir='ltr'><strong>Quod</strong></span> <span class='ocrx_word' id='word_1_472' title='bbox 1330 3738 1721 3795; x_wconf 89' lang='lat' dir='ltr'><strong>nihilominus</strong></span> <span class='ocrx_word' id='word_1_473' title='bbox 1768 3740 1972 3795; x_wconf 88' lang='lat' dir='ltr'><strong>divina</strong></span> 
     </span>
    </p>
   </div>
   <div class='ocr_carea' id='block_1_70' title="bbox 310 3825 1972 3899">
    <p class='ocr_par' dir='ltr' id='par_1_70' title="bbox 310 3825 1972 3899">
     <span class='ocr_line' id='line_1_70' title="bbox 310 3825 1972 3899; baseline 0.001 -18"><span class='ocrx_word' id='word_1_474' title='bbox 310 3825 618 3883; x_wconf 84' lang='lat' dir='ltr'><strong>credimus</strong></span> <span class='ocrx_word' id='word_1_475' title='bbox 659 3825 1105 3898; x_wconf 89' lang='lat' dir='ltr'><strong>dispensatione</strong></span> <span class='ocrx_word' id='word_1_476' title='bbox 1146 3829 1479 3898; x_wconf 89' lang='lat' dir='ltr'><strong>peractum,</strong></span> <span class='ocrx_word' id='word_1_477' title='bbox 1513 3830 1579 3882; x_wconf 93' lang='lat' dir='ltr'><strong>ut</strong></span> <span class='ocrx_word' id='word_1_478' title='bbox 1615 3842 1751 3899; x_wconf 76' lang='lat' dir='ltr'><strong>quze</strong></span> <span class='ocrx_word' id='word_1_479' title='bbox 1806 3843 1866 3883; x_wconf 89' lang='lat' dir='ltr'><strong>se</strong></span> <span class='ocrx_word' id='word_1_480' title='bbox 1909 3827 1972 3882; x_wconf 89' lang='lat' dir='ltr'><strong>in</strong></span> 
     </span>
    </p>
   </div>
   <div class='ocr_carea' id='block_1_71' title="bbox 310 3914 1973 3983">
    <p class='ocr_par' dir='ltr' id='par_1_71' title="bbox 310 3914 1973 3983">
     <span class='ocr_line' id='line_1_71' title="bbox 310 3914 1973 3983; baseline 0.002 -12"><span class='ocrx_word' id='word_1_481' title='bbox 310 3915 439 3971; x_wconf 87' lang='lat' dir='ltr'><strong>vita</strong></span> <span class='ocrx_word' id='word_1_482' title='bbox 481 3933 593 3973; x_wconf 87' lang='lat' dir='ltr'><strong>sua</strong></span> <span class='ocrx_word' id='word_1_483' title='bbox 636 3920 801 3975; x_wconf 88' lang='lat' dir='ltr'><strong>tanta</strong></span> <span class='ocrx_word' id='word_1_484' title='bbox 855 3915 1139 3972; x_wconf 87' lang='lat' dir='ltr'><strong>charitate</strong></span> <span class='ocrx_word' id='word_1_485' title='bbox 1182 3914 1530 3983; x_wconf 84' lang='lat' dir='ltr'><strong>dilexerant,</strong></span> <span class='ocrx_word' id='word_1_486' title='bbox 1564 3922 1754 3973; x_wconf 89' lang='lat' dir='ltr'><strong>morte</strong></span> <span class='ocrx_word' id='word_1_487' title='bbox 1792 3918 1973 3974; x_wconf 85' lang='lat' dir='ltr'><strong>etiam</strong></span> 
     </span>
    </p>
   </div>
   <div class='ocr_carea' id='block_1_72' title="bbox 310 4004 1974 4077">
    <p class='ocr_par' dir='ltr' id='par_1_72' title="bbox 310 4004 1974 4077">
     <span class='ocr_line' id='line_1_72' title="bbox 310 4004 1974 4077; baseline 0 -15"><span class='ocrx_word' id='word_1_488' title='bbox 310 4020 385 4062; x_wconf 83' lang='lat' dir='ltr'><strong>ac</strong></span> <span class='ocrx_word' id='word_1_489' title='bbox 412 4006 721 4077; x_wconf 81' lang='lat' dir='ltr'><strong>sepultura</strong></span> <span class='ocrx_word' id='word_1_490' title='bbox 746 4004 1016 4061; x_wconf 60' lang='lat' dir='ltr'><strong>indivisa;</strong></span> <span class='ocrx_word' id='word_1_491' title='bbox 1041 4008 1374 4075; x_wconf 89' lang='lat' dir='ltr'><strong>manerent,</strong></span> <span class='ocrx_word' id='word_1_492' title='bbox 1401 4009 1690 4075; x_wconf 88' lang='lat' dir='ltr'><strong>regnante</strong></span> <span class='ocrx_word' id='word_1_493' title='bbox 1723 4006 1974 4062; x_wconf 90' lang='lat' dir='ltr'><strong>Domino</strong></span> 
     </span>
    </p>
   </div>
   <div class='ocr_carea' id='block_1_73' title="bbox 306 4095 1451 4152">
    <p class='ocr_par' dir='ltr' id='par_1_73' title="bbox 306 4095 1451 4152">
     <span class='ocr_line' id='line_1_73' title="bbox 306 4095 1451 4152; baseline -0.002 -1"><span class='ocrx_word' id='word_1_494' title='bbox 306 4098 452 4152; x_wconf 81' lang='lat' dir='ltr'><strong>Jesu</strong></span> <span class='ocrx_word' id='word_1_495' title='bbox 476 4095 708 4152; x_wconf 85' lang='lat' dir='ltr'><strong>Christo</strong></span> <span class='ocrx_word' id='word_1_496' title='bbox 732 4095 794 4151; x_wconf 91' lang='lat' dir='ltr'><strong>in</strong></span> <span class='ocrx_word' id='word_1_497' title='bbox 822 4095 1042 4151; x_wconf 72' lang='lat' dir='ltr'><strong>saecula</strong></span> <span class='ocrx_word' id='word_1_498' title='bbox 1073 4095 1451 4152; x_wconf 61' lang='lat' dir='ltr'><strong>saeculorum.</strong></span> 
     </span>
    </p>
   </div>
   <div class='ocr_carea' id='block_1_74' title="bbox 957 4216 1353 4273">
    <p class='ocr_par' dir='ltr' id='par_1_74' title="bbox 957 4216 1353 4273">
     <span class='ocr_line' id='line_1_74' title="bbox 957 4216 1353 4273; baseline 0.005 -3"><span class='ocrx_word' id='word_1_499' title='bbox 957 4216 1191 4273; x_wconf 88' lang='lat' dir='ltr'><strong>CAPUT</strong></span> <span class='ocrx_word' id='word_1_500' title='bbox 1228 4217 1353 4272; x_wconf 84' lang='grc' dir='ltr'><strong>ΧΠ,</strong></span> 
     </span>
    </p>
   </div>
   <div class='ocr_carea' id='block_1_75' title="bbox 636 4314 1665 4384">
    <p class='ocr_par' dir='ltr' id='par_1_75' title="bbox 636 4314 1665 4384">
     <span class='ocr_line' id='line_1_75' title="bbox 636 4314 1665 4384; baseline -0.002 -13"><span class='ocrx_word' id='word_1_501' title='bbox 636 4314 955 4371; x_wconf 82' lang='lat' dir='ltr'><strong>Abundius</strong></span> <span class='ocrx_word' id='word_1_502' title='bbox 980 4314 1301 4384; x_wconf 83' lang='lat' dir='ltr'><strong>presbyter</strong></span> <span class='ocrx_word' id='word_1_503' title='bbox 1322 4318 1377 4370; x_wconf 87' lang='lat' dir='ltr'><strong>et</strong></span> <span class='ocrx_word' id='word_1_504' title='bbox 1407 4319 1665 4384; x_wconf 85' lang='lat' dir='ltr'><strong>martyr.</strong></span> 
     </span>
    </p>
   </div>
   <div class='ocr_carea' id='block_1_76' title="bbox 388 4409 1984 4484">
    <p class='ocr_par' dir='ltr' id='par_1_76' title="bbox 388 4409 1984 4484">
     <span class='ocr_line' id='line_1_76' title="bbox 388 4409 1984 4484; baseline 0 -17"><span class='ocrx_word' id='word_1_505' title='bbox 388 4414 474 4467; x_wconf 86' lang='lat' dir='ltr'><strong>Ex</strong></span> <span class='ocrx_word' id='word_1_506' title='bbox 501 4410 617 4468; x_wconf 90' lang='lat' dir='ltr'><strong>hoc</strong></span> <span class='ocrx_word' id='word_1_507' title='bbox 651 4415 852 4468; x_wconf 91' lang='lat' dir='ltr'><strong>autem</strong></span> <span class='ocrx_word' id='word_1_508' title='bbox 880 4415 1167 4484; x_wconf 91' lang='lat' dir='ltr'><strong>tempore,</strong></span> <span class='ocrx_word' id='word_1_509' title='bbox 1199 4410 1411 4466; x_wconf 92' lang='lat' dir='ltr'><strong>decem</strong></span> <span class='ocrx_word' id='word_1_510' title='bbox 1435 4410 1745 4467; x_wconf 91' lang='lat' dir='ltr'><strong>mensibus</strong></span> <span class='ocrx_word' id='word_1_511' title='bbox 1775 4409 1984 4467; x_wconf 80' lang='lat' dir='ltr'><strong>’inter-</strong></span> 
     </span>
    </p>
   </div>
   <div class='ocr_carea' id='block_1_77' title="bbox 305 4498 1989 4574">
    <p class='ocr_par' dir='ltr' id='par_1_77' title="bbox 305 4498 1989 4574">
     <span class='ocr_line' id='line_1_77' title="bbox 305 4498 1989 4574; baseline 0 -17"><span class='ocrx_word' id='word_1_512' title='bbox 305 4498 777 4574; x_wconf 87' lang='lat' dir='ltr'><strong>jectis,quidam</strong></span> <span class='ocrx_word' id='word_1_513' title='bbox 792 4498 1451 4573; x_wconf 80' lang='lat' dir='ltr'><strong>presbyter,Abundius</strong></span> <span class='ocrx_word' id='word_1_514' title='bbox 1473 4499 1738 4565; x_wconf 89' lang='lat' dir='ltr'><strong>nomine,</strong></span> <span class='ocrx_word' id='word_1_515' title='bbox 1761 4499 1837 4556; x_wconf 94' lang='lat' dir='ltr'><strong>de</strong></span> <span class='ocrx_word' id='word_1_516' title='bbox 1856 4501 1989 4557; x_wconf 90' lang='lat' dir='ltr'><strong>vico</strong></span> 
     </span>
    </p>
   </div>
   <div class='ocr_carea' id='block_1_78' title="bbox 312 4587 1990 4663">
    <p class='ocr_par' dir='ltr' id='par_1_78' title="bbox 312 4587 1990 4663">
     <span class='ocr_line' id='line_1_78' title="bbox 312 4587 1990 4663; baseline -0.001 -18"><span class='ocrx_word' id='word_1_517' title='bbox 312 4596 333 4625; x_wconf 80' lang='grc'><em>³</em></span> <span class='ocrx_word' id='word_1_518' title='bbox 347 4587 812 4662; x_wconf 78' lang='lat' dir='ltr'><strong>Ananellos,qui</strong></span> <span class='ocrx_word' id='word_1_519' title='bbox 833 4589 999 4645; x_wconf 90' lang='lat' dir='ltr'><strong>estin</strong></span> <span class='ocrx_word' id='word_1_520' title='bbox 1014 4592 1309 4644; x_wconf 87' lang='lat' dir='ltr'><strong>montana</strong></span> <span class='ocrx_word' id='word_1_521' title='bbox 1325 4587 1990 4663; x_wconf 86' lang='lat' dir='ltr'><strong>Cordubensi,exortus,</strong></span> 
     </span>
    </p>
   </div>
   <div class='ocr_carea' id='block_1_79' title="bbox 315 4676 1987 4751">
    <p class='ocr_par' dir='ltr' id='par_1_79' title="bbox 315 4676 1987 4751">
     <span class='ocr_line' id='line_1_79' title="bbox 315 4676 1987 4751; baseline 0 -16"><span class='ocrx_word' id='word_1_522' title='bbox 315 4676 671 4751; x_wconf 89' lang='lat' dir='ltr'><strong>ibidemque</strong></span> <span class='ocrx_word' id='word_1_523' title='bbox 714 4676 1117 4735; x_wconf 90' lang='lat' dir='ltr'><strong>sacerdotium</strong></span> <span class='ocrx_word' id='word_1_524' title='bbox 1163 4692 1341 4734; x_wconf 88' lang='lat' dir='ltr'><strong>suum</strong></span> <span class='ocrx_word' id='word_1_525' title='bbox 1384 4692 1678 4750; x_wconf 81' lang='lat' dir='ltr'><strong>peragens</strong></span> <span class='ocrx_word' id='word_1_526' title='bbox 1724 4678 1987 4751; x_wconf 86' lang='lat' dir='ltr'><strong>(ferunt).</strong></span> 
     </span>
    </p>
   </div>
   <div class='ocr_carea' id='block_1_80' title="bbox 399 4817 1026 4889">
    <p class='ocr_par' dir='ltr' id='par_1_80' title="bbox 399 4817 1026 4889">
     <span class='ocr_line' id='line_1_80' title="bbox 399 4817 1026 4889; baseline 0.003 -16"><span class='ocrx_word' id='word_1_527' title='bbox 399 4824 417 4848; x_wconf 80' lang='lat'>&#39;</span> <span class='ocrx_word' id='word_1_528' title='bbox 439 4817 701 4889; x_wconf 73' lang='lat' dir='ltr'><strong>Verbum</strong></span> <span class='ocrx_word' id='word_1_529' title='bbox 725 4821 1026 4889; x_wconf 83' lang='lat' dir='ltr'><strong>martyrio</strong></span> 
     </span>
    </p>
   </div>
   <div class='ocr_carea' id='block_1_81' title="bbox 1034 4817 1993 4893">
    <p class='ocr_par' dir='ltr' id='par_1_81' title="bbox 1034 4817 1993 4893">
     <span class='ocr_line' id='line_1_81' title="bbox 1034 4817 1993 4893; baseline 0 -19"><span class='ocrx_word' id='word_1_530' title='bbox 1034 4862 1047 4888; x_wconf 94' lang='lat'><strong>,</strong></span> <span class='ocrx_word' id='word_1_531' title='bbox 1069 4817 1237 4893; x_wconf 83' lang='lat' dir='ltr'><strong>quod</strong></span> <span class='ocrx_word' id='word_1_532' title='bbox 1266 4818 1545 4893; x_wconf 79' lang='lat' dir='ltr'><strong>Schottus</strong></span> <span class='ocrx_word' id='word_1_533' title='bbox 1578 4819 1783 4893; x_wconf 78' lang='lat' dir='ltr'><strong>nescio</strong></span> <span class='ocrx_word' id='word_1_534' title='bbox 1804 4834 1993 4893; x_wconf 88' lang='lat' dir='ltr'><strong>quare</strong></span> 
     </span>
    </p>
   </div>
   <div class='ocr_carea' id='block_1_82' title="bbox 328 4888 1057 4957">
    <p class='ocr_par' dir='ltr' id='par_1_82' title="bbox 328 4888 1057 4957">
     <span class='ocr_line' id='line_1_82' title="bbox 328 4888 1057 4957; baseline 0 -11"><span class='ocrx_word' id='word_1_535' title='bbox 328 4888 547 4957; x_wconf 86' lang='lat' dir='ltr'><strong>omisit,</strong></span> <span class='ocrx_word' id='word_1_536' title='bbox 570 4888 955 4947; x_wconf 86' lang='lat' dir='ltr'><strong>occasionem</strong></span> <span class='ocrx_word' id='word_1_537' title='bbox 982 4890 1057 4946; x_wconf 90' lang='lat' dir='ltr'><strong>de</strong></span> 
     </span>
    </p>
   </div>
   <div class='ocr_carea' id='block_1_83' title="bbox 1125 4889 1995 4962">
    <p class='ocr_par' dir='ltr' id='par_1_83' title="bbox 1125 4889 1995 4962">
     <span class='ocr_line' id='line_1_83' title="bbox 1125 4889 1995 4962; baseline 0.003 -17"><span class='ocrx_word' id='word_1_538' title='bbox 1125 4889 1552 4962; x_wconf 84' lang='lat' dir='ltr'><strong>tConstantino</strong></span> <span class='ocrx_word' id='word_1_539' title='bbox 1579 4889 1895 4962; x_wconf 79' lang='lat' dir='ltr'><strong>Suyskeﬁo</strong></span> <span class='ocrx_word' id='word_1_540' title='bbox 1917 4891 1995 4948; x_wconf 88' lang='lat' dir='ltr'><strong>ad</strong></span> 
     </span>
    </p>
   </div>
   <div class='ocr_carea' id='block_1_84' title="bbox 327 4960 1995 5036">
    <p class='ocr_par' dir='ltr' id='par_1_84' title="bbox 327 4960 1995 5036">
     <span class='ocr_line' id='line_1_84' title="bbox 327 4960 1995 5036; baseline 0 -18"><span class='ocrx_word' id='word_1_541' title='bbox 327 4960 579 5036; x_wconf 55' lang='lat' dir='ltr'><strong>diem”</strong></span> <span class='ocrx_word' id='word_1_542' title='bbox 612 4962 976 5036; x_wconf 86' lang='lat' dir='ltr'><strong>Septembris</strong></span> <span class='ocrx_word' id='word_1_543' title='bbox 1004 4962 1163 5018; x_wconf 87' lang='lat' dir='ltr'><strong>hanc</strong></span> <span class='ocrx_word' id='word_1_544' title='bbox 1193 4960 1785 5036; x_wconf 73' lang='lat' dir='ltr'><strong>notamsubjungere</strong></span> <span class='ocrx_word' id='word_1_545' title='bbox 1811 4980 1824 5018; x_wconf 89' lang='lat'><strong>:</strong></span> <span class='ocrx_word' id='word_1_546' title='bbox 1857 4964 1995 5036; x_wconf 85' lang='lat' dir='ltr'><strong>Non</strong></span> 
     </span>
    </p>
   </div>
   <div class='ocr_carea' id='block_1_85' title="bbox 322 5032 1995 5106">
    <p class='ocr_par' dir='ltr' id='par_1_85' title="bbox 322 5032 1995 5106">
     <span class='ocr_line' id='line_1_85' title="bbox 322 5032 1995 5106; baseline 0.001 -17"><span class='ocrx_word' id='word_1_547' title='bbox 322 5033 579 5106; x_wconf 81' lang='lat' dir='ltr'><strong>quilibet</strong></span> <span class='ocrx_word' id='word_1_548' title='bbox 592 5032 1097 5106; x_wconf 55' lang='lat' dir='ltr'><strong>prédestinatus;</strong></span> <span class='ocrx_word' id='word_1_549' title='bbox 1124 5032 1229 5106; x_wconf 83' lang='lat' dir='ltr'><strong>sed</strong></span> <span class='ocrx_word' id='word_1_550' title='bbox 1255 5033 1503 5106; x_wconf 80' lang='lat' dir='ltr'><strong>quilibet</strong></span> <span class='ocrx_word' id='word_1_551' title='bbox 1529 5034 1612 5106; x_wconf 79' lang='lat' dir='ltr'><strong>ad</strong></span> <span class='ocrx_word' id='word_1_552' title='bbox 1631 5035 1995 5105; x_wconf 80' lang='lat' dir='ltr'><strong>martyrium</strong></span> 
     </span>
    </p>
   </div>
   <div class='ocr_carea' id='block_1_86' title="bbox 315 5104 1997 5187">
    <p class='ocr_par' dir='ltr' id='par_1_86' title="bbox 315 5104 1997 5187">
     <span class='ocr_line' id='line_1_86' title="bbox 315 5104 1997 5187; baseline 0 -26"><span class='ocrx_word' id='word_1_553' title='bbox 315 5104 973 5187; x_wconf 51' lang='lat' dir='ltr'><strong>praedestinatus,_ejus</strong></span> <span class='ocrx_word' id='word_1_554' title='bbox 998 5104 1202 5187; x_wconf 76' lang='lat' dir='ltr'><strong>gloria</strong></span> <span class='ocrx_word' id='word_1_555' title='bbox 1239 5104 1358 5187; x_wconf 64' lang='lat' dir='ltr'><strong>non</strong></span> <span class='ocrx_word' id='word_1_556' title='bbox 1382 5104 1743 5187; x_wconf 54' lang='lat' dir='ltr'><strong>fraudatum</strong></span> <span class='ocrx_word' id='word_1_557' title='bbox 1780 5104 1997 5187; x_wconf 70' lang='lat' dir='ltr'><strong>Super-</strong></span> 
     </span>
    </p>
   </div>
   <div class='ocr_carea' id='block_1_87' title="bbox 322 5175 1997 5307">
    <p class='ocr_par' dir='ltr' id='par_1_87' title="bbox 322 5175 1997 5307">
     <span class='ocr_line' id='line_1_87' title="bbox 322 5175 1997 5307; baseline 0 -74"><span class='ocrx_word' id='word_1_558' title='bbox 322 5175 1053 5307; x_wconf 49' lang='lat' dir='ltr'><strong>tdlaauestalanimadversio</strong></span> <span class='ocrx_word' id='word_1_559' title='bbox 1080 5177 1144 5234; x_wconf 89' lang='lat' dir='ltr'><strong>in</strong></span> <span class='ocrx_word' id='word_1_560' title='bbox 1164 5175 1418 5233; x_wconf 86' lang='lat' dir='ltr'><strong>lectione</strong></span> <span class='ocrx_word' id='word_1_561' title='bbox 1441 5178 1637 5233; x_wconf 77' lang='lat' dir='ltr'><strong>textus</strong></span> <span class='ocrx_word' id='word_1_562' title='bbox 1658 5192 1845 5248; x_wconf 87' lang='lat' dir='ltr'><strong>quam</strong></span> <span class='ocrx_word' id='word_1_563' title='bbox 1863 5175 1997 5233; x_wconf 70' lang='lat' dir='ltr'><strong>&#39;edi-</strong></span> 
     </span>
     <span class='ocr_line' id='line_1_88' title="bbox 494 5265 712 5306; baseline 0 -1"><span class='ocrx_word' id='word_1_564' title='bbox 494 5265 565 5305; x_wconf 91' lang='lat' dir='ltr'><strong>or</strong></span> <span class='ocrx_word' id='word_1_565' title='bbox 627 5265 712 5306; x_wconf 89' lang='lat' dir='ltr'><strong>es.</strong></span> 
     </span>
    </p>
   </div>
   <div class='ocr_carea' id='block_1_88' title="bbox 494 5265 712 5306">
    <p class='ocr_par' dir='ltr' id='par_1_88' title="bbox 494 5265 712 5306">
     <span class='ocr_line' id='line_1_89' title="bbox 494 5265 712 5306; baseline 0 -1"><span class='ocrx_word' id='word_1_566' title='bbox 494 5265 712 5306; x_wconf 71' lang='grc'><strong>01⁵8188.</strong></span> 
     </span>
    </p>
   </div>
   <div class='ocr_carea' id='block_1_89' title="bbox 402 5318 1999 5391">
    <p class='ocr_par' dir='ltr' id='par_1_89' title="bbox 402 5318 1999 5391">
     <span class='ocr_line' id='line_1_90' title="bbox 402 5318 1999 5391; baseline -0.002 -13"><span class='ocrx_word' id='word_1_567' title='bbox 402 5322 433 5363; x_wconf 71' lang='grc' dir='ltr'>δ</span> <span class='ocrx_word' id='word_1_568' title='bbox 462 5324 530 5378; x_wconf 84' lang='lat' dir='ltr'><strong>Et</strong></span> <span class='ocrx_word' id='word_1_569' title='bbox 574 5320 893 5389; x_wconf 83' lang='lat' dir='ltr'><strong>sufragoso</strong></span> <span class='ocrx_word' id='word_1_570' title='bbox 938 5319 1120 5377; x_wconf 87' lang='lat' dir='ltr'><strong>etiam</strong></span> <span class='ocrx_word' id='word_1_571' title='bbox 1149 5334 1255 5391; x_wconf 86' lang='lat' dir='ltr'><strong>per</strong></span> <span class='ocrx_word' id='word_1_572' title='bbox 1284 5318 1470 5377; x_wconf 82' lang='lat' dir='ltr'><strong>clivos</strong></span> <span class='ocrx_word' id='word_1_573' title='bbox 1504 5322 1563 5377; x_wconf 91' lang='lat' dir='ltr'><strong>et</strong></span> <span class='ocrx_word' id='word_1_574' title='bbox 1592 5334 1742 5375; x_wconf 87' lang='lat' dir='ltr'><strong>saxa</strong></span> <span class='ocrx_word' id='word_1_575' title='bbox 1792 5319 1999 5375; x_wconf 88' lang='lat' dir='ltr'><strong>itinere</strong></span> 
     </span>
    </p>
   </div>
   <div class='ocr_carea' id='block_1_90' title="bbox 326 5394 988 5465">
    <p class='ocr_par' dir='ltr' id='par_1_90' title="bbox 326 5394 988 5465">
     <span class='ocr_line' id='line_1_91' title="bbox 326 5394 988 5465; baseline 0 -18"><span class='ocrx_word' id='word_1_576' title='bbox 326 5394 733 5465; x_wconf 70' lang='lat' dir='ltr'><strong>prmi-aptum.</strong></span> <span class='ocrx_word' id='word_1_577' title='bbox 769 5394 988 5465; x_wconf 49' lang='lat' dir='ltr'><strong>Monii“</strong></span> 
     </span>
    </p>
   </div>
   <div class='ocr_carea' id='block_1_91' title="bbox 404 5459 2000 5533">
    <p class='ocr_par' dir='ltr' id='par_1_91' title="bbox 404 5459 2000 5533">
     <span class='ocr_line' id='line_1_92' title="bbox 404 5459 2000 5533; baseline -0.001 -14"><span class='ocrx_word' id='word_1_578' title='bbox 404 5468 424 5491; x_wconf 81' lang='lat'><strong><em>°</em></strong></span> <span class='ocrx_word' id='word_1_579' title='bbox 458 5459 631 5519; x_wconf 87' lang='lat' dir='ltr'><strong>Vides</strong></span> <span class='ocrx_word' id='word_1_580' title='bbox 659 5464 875 5520; x_wconf 89' lang='lat' dir='ltr'><strong>iterum</strong></span> <span class='ocrx_word' id='word_1_581' title='bbox 904 5462 1101 5520; x_wconf 80' lang='lat' dir='ltr'><strong>forum</strong></span> <span class='ocrx_word' id='word_1_582' title='bbox 1127 5461 1205 5519; x_wconf 91' lang='lat' dir='ltr'><strong>ad</strong></span> <span class='ocrx_word' id='word_1_583' title='bbox 1232 5476 1435 5519; x_wconf 87' lang='lat' dir='ltr'><strong>arcem</strong></span> <span class='ocrx_word' id='word_1_584' title='bbox 1466 5461 1665 5533; x_wconf 90' lang='lat' dir='ltr'><strong>ipsam</strong></span> <span class='ocrx_word' id='word_1_585' title='bbox 1684 5459 2000 5518; x_wconf 84' lang='lat' dir='ltr'><strong>exstitisse.</strong></span> 
     </span>
    </p>
   </div>
   <div class='ocr_carea' id='block_1_92' title="bbox 336 5538 500 5590">
    <p class='ocr_par' dir='ltr' id='par_1_92' title="bbox 336 5538 500 5590">
     <span class='ocr_line' id='line_1_93' title="bbox 336 5538 500 5590; baseline 0 0"><span class='ocrx_word' id='word_1_586' title='bbox 336 5538 500 5590; x_wconf 73' lang='lat' dir='ltr'><strong>lucu.</strong></span> 
     </span>
    </p>
   </div>
   <div class='ocr_carea' id='block_1_93' title="bbox 408 5604 2002 5677">
    <p class='ocr_par' dir='ltr' id='par_1_93' title="bbox 408 5604 2002 5677">
     <span class='ocr_line' id='line_1_94' title="bbox 408 5604 2002 5677; baseline -0.001 -15"><span class='ocrx_word' id='word_1_587' title='bbox 408 5604 433 5634; x_wconf 77' lang='grc'><strong><em>⁸</em></strong></span> <span class='ocrx_word' id='word_1_588' title='bbox 462 5607 638 5663; x_wconf 84' lang='lat' dir='ltr'><strong>Recte</strong></span> <span class='ocrx_word' id='word_1_589' title='bbox 666 5606 1015 5677; x_wconf 80' lang='lat' dir='ltr'><strong>Suyskenus</strong></span> <span class='ocrx_word' id='word_1_590' title='bbox 1041 5621 1057 5664; x_wconf 87' lang='lat'><strong>:</strong></span> <span class='ocrx_word' id='word_1_591' title='bbox 1103 5605 1338 5666; x_wconf 74' lang='lat' dir='ltr'><strong>Passim</strong></span> <span class='ocrx_word' id='word_1_592' title='bbox 1367 5604 1698 5662; x_wconf 75' lang='lat' dir='ltr'><strong>creduntur</strong></span> <span class='ocrx_word' id='word_1_593' title='bbox 1722 5606 1820 5663; x_wconf 82' lang='lat' dir='ltr'><strong>illi</strong></span> <span class='ocrx_word' id='word_1_594' title='bbox 1846 5620 2002 5663; x_wconf 87' lang='lat' dir='ltr'><strong>mer-</strong></span> 
     </span>
    </p>
   </div>
   <div class='ocr_carea' id='block_1_94' title="bbox 2697 3130 3103 3188">
    <p class='ocr_par' dir='ltr' id='par_1_94' title="bbox 2697 3130 3103 3188">
     <span class='ocr_line' id='line_1_95' title="bbox 2697 3130 3103 3188; baseline -0.005 0"><span class='ocrx_word' id='word_1_595' title='bbox 2697 3130 2926 3188; x_wconf 84' lang='lat' dir='ltr'><strong>CAPUT</strong></span> <span class='ocrx_word' id='word_1_596' title='bbox 2962 3130 3103 3187; x_wconf 84' lang='lat' dir='ltr'><strong>XIV.</strong></span> 
     </span>
    </p>
   </div>
   <div class='ocr_carea' id='block_1_95' title="bbox 2515 3228 3292 3299">
    <p class='ocr_par' dir='ltr' id='par_1_95' title="bbox 2515 3228 3292 3299">
     <span class='ocr_line' id='line_1_96' title="bbox 2515 3228 3292 3299; baseline -0.006 -12"><span class='ocrx_word' id='word_1_597' title='bbox 2515 3231 2601 3287; x_wconf 88' lang='lat' dir='ltr'><strong>De</strong></span> <span class='ocrx_word' id='word_1_598' title='bbox 2647 3228 2973 3287; x_wconf 80' lang='lat' dir='ltr'><strong>Witesindo</strong></span> <span class='ocrx_word' id='word_1_599' title='bbox 3002 3233 3292 3299; x_wconf 78' lang='lat' dir='ltr'><strong>martyre.</strong></span> 
     </span>
    </p>
   </div>
   <div class='ocr_carea' id='block_1_96' title="bbox 2148 3325 3736 3401">
    <p class='ocr_par' dir='ltr' id='par_1_96' title="bbox 2148 3325 3736 3401">
     <span class='ocr_line' id='line_1_97' title="bbox 2148 3325 3736 3401; baseline -0.001 -16"><span class='ocrx_word' id='word_1_600' title='bbox 2148 3332 2231 3386; x_wconf 85' lang='lat' dir='ltr'><strong>Ea</strong></span> <span class='ocrx_word' id='word_1_601' title='bbox 2262 3332 2609 3401; x_wconf 90' lang='lat' dir='ltr'><strong>tempestate</strong></span> <span class='ocrx_word' id='word_1_602' title='bbox 2626 3325 2997 3384; x_wconf 88' lang='lat' dir='ltr'><strong>Witesindus</strong></span> <span class='ocrx_word' id='word_1_603' title='bbox 3022 3325 3273 3399; x_wconf 89' lang='lat' dir='ltr'><strong>quidam</strong></span> <span class='ocrx_word' id='word_1_604' title='bbox 3300 3325 3393 3382; x_wconf 91' lang='lat' dir='ltr'><strong>vir</strong></span> <span class='ocrx_word' id='word_1_605' title='bbox 3416 3327 3586 3383; x_wconf 78' lang='lat' dir='ltr'><strong>astate</strong></span> <span class='ocrx_word' id='word_1_606' title='bbox 3604 3325 3736 3398; x_wconf 82' lang='lat' dir='ltr'><strong>jam</strong></span> 
     </span>
    </p>
   </div>
   <div class='ocr_carea' id='block_1_97' title="bbox 2078 3413 3737 3493">
    <p class='ocr_par' dir='ltr' id='par_1_97' title="bbox 2078 3413 3737 3493">
     <span class='ocr_line' id='line_1_98' title="bbox 2078 3413 3737 3493; baseline -0.002 -17"><span class='ocrx_word' id='word_1_607' title='bbox 2078 3420 2315 3493; x_wconf 83' lang='lat' dir='ltr'><strong>plenus,</strong></span> <span class='ocrx_word' id='word_1_608' title='bbox 2340 3417 2752 3491; x_wconf 41' lang='lat' dir='ltr'><strong>exlprovincia</strong></span> <span class='ocrx_word' id='word_1_609' title='bbox 2796 3417 2872 3488; x_wconf 90' lang='lat' dir='ltr'><strong>(l)</strong></span> <span class='ocrx_word' id='word_1_610' title='bbox 2910 3415 3258 3486; x_wconf 85' lang='lat' dir='ltr'><strong>Egabrensi,</strong></span> <span class='ocrx_word' id='word_1_611' title='bbox 3288 3415 3396 3490; x_wconf 87' lang='lat' dir='ltr'><strong>qui</strong></span> <span class='ocrx_word' id='word_1_612' title='bbox 3424 3414 3630 3473; x_wconf 81' lang='lat' dir='ltr'><strong>nescio</strong></span> <span class='ocrx_word' id='word_1_613' title='bbox 3655 3413 3737 3473; x_wconf 85' lang='lat' dir='ltr'><strong>ob</strong></span> 
     </span>
    </p>
   </div>
   <div class='ocr_carea' id='block_1_98' title="bbox 2075 3503 3739 3582">
    <p class='ocr_par' dir='ltr' id='par_1_98' title="bbox 2075 3503 3739 3582">
     <span class='ocr_line' id='line_1_99' title="bbox 2075 3503 3739 3582; baseline -0.002 -16"><span class='ocrx_word' id='word_1_614' title='bbox 2075 3525 2265 3582; x_wconf 90' lang='lat' dir='ltr'><strong>quam</strong></span> <span class='ocrx_word' id='word_1_615' title='bbox 2296 3506 2777 3582; x_wconf 87' lang='lat' dir='ltr'><strong>persecutionem</strong></span> <span class='ocrx_word' id='word_1_616' title='bbox 2804 3504 3039 3563; x_wconf 89' lang='lat' dir='ltr'><strong>dudum</strong></span> <span class='ocrx_word' id='word_1_617' title='bbox 3069 3504 3211 3562; x_wconf 85' lang='lat' dir='ltr'><strong>ﬁdei</strong></span> <span class='ocrx_word' id='word_1_618' title='bbox 3237 3507 3463 3563; x_wconf 60' lang='lat' dir='ltr'><strong>sancta</strong></span> <span class='ocrx_word' id='word_1_619' title='bbox 3495 3503 3739 3577; x_wconf 82' lang='lat' dir='ltr'><strong>lapsum</strong></span> 
     </span>
    </p>
   </div>
   <div class='ocr_carea' id='block_1_99' title="bbox 2078 3594 3742 3668">
    <p class='ocr_par' dir='ltr' id='par_1_99' title="bbox 2078 3594 3742 3668">
     <span class='ocr_line' id='line_1_100' title="bbox 2078 3594 3742 3668; baseline -0.001 -13"><span class='ocrx_word' id='word_1_620' title='bbox 2078 3600 2427 3667; x_wconf 89' lang='lat' dir='ltr'><strong>incurrerat,</strong></span> <span class='ocrx_word' id='word_1_621' title='bbox 2461 3598 2610 3654; x_wconf 92' lang='lat' dir='ltr'><strong>dum</strong></span> <span class='ocrx_word' id='word_1_622' title='bbox 2639 3596 2720 3653; x_wconf 89' lang='lat' dir='ltr'><strong>ad</strong></span> <span class='ocrx_word' id='word_1_623' title='bbox 2763 3595 3111 3653; x_wconf 87' lang='lat' dir='ltr'><strong>exercitium</strong></span> <span class='ocrx_word' id='word_1_624' title='bbox 3138 3610 3334 3668; x_wconf 85' lang='lat' dir='ltr'><strong>nuper</strong></span> <span class='ocrx_word' id='word_1_625' title='bbox 3360 3594 3591 3668; x_wconf 79' lang='lat' dir='ltr'><strong>indepti</strong></span> <span class='ocrx_word' id='word_1_626' title='bbox 3619 3594 3742 3653; x_wconf 67' lang='lat' dir='ltr'><strong>cul-</strong></span> 
     </span>
    </p>
   </div>
   <div class='ocr_carea' id='block_1_100' title="bbox 2080 3683 3741 3757">
    <p class='ocr_par' dir='ltr' id='par_1_100' title="bbox 2080 3683 3741 3757">
     <span class='ocr_line' id='line_1_101' title="bbox 2080 3683 3741 3757; baseline -0.001 -11"><span class='ocrx_word' id='word_1_627' title='bbox 2080 3693 2175 3746; x_wconf 88' lang='lat' dir='ltr'><strong>tus</strong></span> <span class='ocrx_word' id='word_1_628' title='bbox 2224 3688 2659 3754; x_wconf 89' lang='lat' dir='ltr'><strong>adhortaretur,</strong></span> <span class='ocrx_word' id='word_1_629' title='bbox 2689 3686 2952 3756; x_wconf 88' lang='lat' dir='ltr'><strong>abnegat</strong></span> <span class='ocrx_word' id='word_1_630' title='bbox 2989 3700 3053 3741; x_wconf 89' lang='lat' dir='ltr'><strong>se</strong></span> <span class='ocrx_word' id='word_1_631' title='bbox 3082 3685 3389 3757; x_wconf 84' lang='lat' dir='ltr'><strong>ejusmodi</strong></span> <span class='ocrx_word' id='word_1_632' title='bbox 3428 3683 3741 3754; x_wconf 75' lang='lat' dir='ltr'><strong>sacrilegio</strong></span> 
     </span>
    </p>
   </div>
   <div class='ocr_carea' id='block_1_101' title="bbox 2080 3771 3745 3847">
    <p class='ocr_par' dir='ltr' id='par_1_101' title="bbox 2080 3771 3745 3847">
     <span class='ocr_line' id='line_1_102' title="bbox 2080 3771 3745 3847; baseline -0.003 -11"><span class='ocrx_word' id='word_1_633' title='bbox 2080 3793 2325 3836; x_wconf 88' lang='lat' dir='ltr'><strong>manere</strong></span> <span class='ocrx_word' id='word_1_634' title='bbox 2353 3776 2677 3834; x_wconf 87' lang='lat' dir='ltr'><strong>infectum:</strong></span> <span class='ocrx_word' id='word_1_635' title='bbox 2706 3774 2873 3847; x_wconf 83' lang='lat' dir='ltr'><strong>quod</strong></span> <span class='ocrx_word' id='word_1_636' title='bbox 2902 3773 2995 3831; x_wconf 88' lang='lat' dir='ltr'><strong>vel</strong></span> <span class='ocrx_word' id='word_1_637' title='bbox 3018 3774 3219 3831; x_wconf 87' lang='lat' dir='ltr'><strong>carnis</strong></span> <span class='ocrx_word' id='word_1_638' title='bbox 3252 3773 3621 3837; x_wconf 76' lang='lat' dir='ltr'><strong>inﬁrmitate,</strong></span> <span class='ocrx_word' id='word_1_639' title='bbox 3651 3771 3745 3831; x_wconf 89' lang='lat' dir='ltr'><strong>vel</strong></span> 
     </span>
    </p>
   </div>
   <div class='ocr_carea' id='block_1_102' title="bbox 2083 3862 3742 3934">
    <p class='ocr_par' dir='ltr' id='par_1_102' title="bbox 2083 3862 3742 3934">
     <span class='ocr_line' id='line_1_103' title="bbox 2083 3862 3742 3934; baseline -0.003 -10"><span class='ocrx_word' id='word_1_640' title='bbox 2083 3866 2584 3924; x_wconf 89' lang='lat' dir='ltr'><strong>circumventione</strong></span> <span class='ocrx_word' id='word_1_641' title='bbox 2618 3862 2842 3920; x_wconf 89' lang='lat' dir='ltr'><strong>diaboli</strong></span> <span class='ocrx_word' id='word_1_642' title='bbox 2870 3862 3069 3919; x_wconf 90' lang='lat' dir='ltr'><strong>subito</strong></span> <span class='ocrx_word' id='word_1_643' title='bbox 3112 3862 3229 3919; x_wconf 88' lang='lat' dir='ltr'><strong>sibi</strong></span> <span class='ocrx_word' id='word_1_644' title='bbox 3257 3864 3607 3934; x_wconf 84' lang='lat' dir='ltr'><strong>susceptum</strong></span> <span class='ocrx_word' id='word_1_645' title='bbox 3632 3863 3742 3919; x_wconf 77' lang='lat' dir='ltr'><strong>est.</strong></span> 
     </span>
    </p>
   </div>
   <div class='ocr_carea' id='block_1_103' title="bbox 2086 3947 3748 4014">
    <p class='ocr_par' dir='ltr' id='par_1_103' title="bbox 2086 3947 3748 4014">
     <span class='ocr_line' id='line_1_104' title="bbox 2086 3947 3748 4014; baseline -0.004 -2"><span class='ocrx_word' id='word_1_646' title='bbox 2086 3955 2186 4012; x_wconf 83' lang='lat' dir='ltr'><strong>Illo</strong></span> <span class='ocrx_word' id='word_1_647' title='bbox 2217 3958 2526 4011; x_wconf 87' lang='lat' dir='ltr'><strong>momento</strong></span> <span class='ocrx_word' id='word_1_648' title='bbox 2555 3968 2695 4009; x_wconf 90' lang='lat' dir='ltr'><strong>cum</strong></span> <span class='ocrx_word' id='word_1_649' title='bbox 2726 3950 2869 4008; x_wconf 86' lang='lat' dir='ltr'><strong>talia</strong></span> <span class='ocrx_word' id='word_1_650' title='bbox 2907 3950 3205 4014; x_wconf 88' lang='lat' dir='ltr'><strong>fateretur.</strong></span> <span class='ocrx_word' id='word_1_651' title='bbox 3243 3949 3361 4008; x_wconf 81' lang='lat' dir='ltr'><strong>sub</strong></span> <span class='ocrx_word' id='word_1_652' title='bbox 3391 3948 3567 4007; x_wconf 86' lang='lat' dir='ltr'><strong>celeri</strong></span> <span class='ocrx_word' id='word_1_653' title='bbox 3596 3947 3748 4007; x_wconf 76' lang='lat' dir='ltr'><strong>indi-</strong></span> 
     </span>
    </p>
   </div>
   <div class='ocr_carea' id='block_1_104' title="bbox 2087 4042 3417 4114">
    <p class='ocr_par' dir='ltr' id='par_1_104' title="bbox 2087 4042 3417 4114">
     <span class='ocr_line' id='line_1_105' title="bbox 2087 4042 3417 4114; baseline -0.003 -13"><span class='ocrx_word' id='word_1_654' title='bbox 2087 4042 2369 4114; x_wconf 88' lang='lat' dir='ltr'><strong>gnatione</strong></span> <span class='ocrx_word' id='word_1_655' title='bbox 2396 4044 2744 4114; x_wconf 89' lang='lat' dir='ltr'><strong>peremptus</strong></span> <span class='ocrx_word' id='word_1_656' title='bbox 2773 4042 2884 4110; x_wconf 89' lang='lat' dir='ltr'><strong>est,</strong></span> <span class='ocrx_word' id='word_1_657' title='bbox 2913 4054 3035 4095; x_wconf 73' lang='lat' dir='ltr'><strong>tera</strong></span> <span class='ocrx_word' id='word_1_658' title='bbox 3063 4054 3188 4111; x_wconf 88' lang='lat' dir='ltr'><strong>qua</strong></span> <span class='ocrx_word' id='word_1_659' title='bbox 3215 4054 3417 4111; x_wconf 85' lang='lat' dir='ltr'><strong>supra.</strong></span> 
     </span>
    </p>
   </div>
   <div class='ocr_carea' id='block_1_105' title="bbox 2723 4145 3101 4202">
    <p class='ocr_par' dir='ltr' id='par_1_105' title="bbox 2723 4145 3101 4202">
     <span class='ocr_line' id='line_1_106' title="bbox 2723 4145 3101 4202; baseline 0.005 -3"><span class='ocrx_word' id='word_1_660' title='bbox 2723 4145 2949 4202; x_wconf 78' lang='lat' dir='ltr'><strong>CAPUT</strong></span> <span class='ocrx_word' id='word_1_661' title='bbox 2995 4147 3101 4202; x_wconf 78' lang='grc' dir='ltr'>ιιν.</span> 
     </span>
    </p>
   </div>
   <div class='ocr_carea' id='block_1_106' title="bbox 2126 4241 3712 4315">
    <p class='ocr_par' dir='ltr' id='par_1_106' title="bbox 2126 4241 3712 4315">
     <span class='ocr_line' id='line_1_107' title="bbox 2126 4241 3712 4315; baseline -0.003 -13"><span class='ocrx_word' id='word_1_662' title='bbox 2126 4245 2317 4303; x_wconf 64' lang='lat' dir='ltr'><strong>Helia:</strong></span> <span class='ocrx_word' id='word_1_663' title='bbox 2340 4243 2698 4315; x_wconf 76' lang='lat' dir='ltr'><strong>presbyteri,</strong></span> <span class='ocrx_word' id='word_1_664' title='bbox 2729 4244 2915 4300; x_wconf 85' lang='lat' dir='ltr'><strong>Pauli</strong></span> <span class='ocrx_word' id='word_1_665' title='bbox 2948 4249 3003 4301; x_wconf 86' lang='lat' dir='ltr'><strong>et</strong></span> <span class='ocrx_word' id='word_1_666' title='bbox 3033 4242 3258 4300; x_wconf 82' lang='lat' dir='ltr'><strong>[sideri</strong></span> <span class='ocrx_word' id='word_1_667' title='bbox 3282 4241 3712 4300; x_wconf 78' lang='lat' dir='ltr'><strong>monachorum</strong></span> 
     </span>
    </p>
   </div>
   <div class='ocr_carea' id='block_1_107' title="bbox 2730 4316 3118 4385">
    <p class='ocr_par' dir='ltr' id='par_1_107' title="bbox 2730 4316 3118 4385">
     <span class='ocr_line' id='line_1_108' title="bbox 2730 4316 3118 4385; baseline 0 -13"><span class='ocrx_word' id='word_1_668' title='bbox 2730 4316 3118 4385; x_wconf 76' lang='lat' dir='ltr'><strong>martyrium.</strong></span> 
     </span>
    </p>
   </div>
   <div class='ocr_carea' id='block_1_108' title="bbox 2165 4408 3758 4485">
    <p class='ocr_par' dir='ltr' id='par_1_108' title="bbox 2165 4408 3758 4485">
     <span class='ocr_line' id='line_1_109' title="bbox 2165 4408 3758 4485; baseline -0.003 -13"><span class='ocrx_word' id='word_1_669' title='bbox 2165 4416 2456 4472; x_wconf 69' lang='lat' dir='ltr'><strong>Prasterea</strong></span> <span class='ocrx_word' id='word_1_670' title='bbox 2475 4412 2670 4469; x_wconf 89' lang='lat' dir='ltr'><strong>Helias</strong></span> <span class='ocrx_word' id='word_1_671' title='bbox 2683 4413 2998 4485; x_wconf 87' lang='lat' dir='ltr'><strong>presbyter</strong></span> <span class='ocrx_word' id='word_1_672' title='bbox 3012 4412 3141 4483; x_wconf 89' lang='lat' dir='ltr'><strong>jam</strong></span> <span class='ocrx_word' id='word_1_673' title='bbox 3157 4425 3339 4468; x_wconf 86' lang='lat' dir='ltr'><strong>senex</strong></span> <span class='ocrx_word' id='word_1_674' title='bbox 3357 4427 3429 4467; x_wconf 80' lang='lat' dir='ltr'><strong>ex</strong></span> <span class='ocrx_word' id='word_1_675' title='bbox 3444 4408 3758 4483; x_wconf 81' lang='lat' dir='ltr'><strong>provincia</strong></span> 
     </span>
    </p>
   </div>
   <div class='ocr_carea' id='block_1_109' title="bbox 2098 4496 3758 4570">
    <p class='ocr_par' dir='ltr' id='par_1_109' title="bbox 2098 4496 3758 4570">
     <span class='ocr_line' id='line_1_110' title="bbox 2098 4496 3758 4570; baseline -0.004 -11"><span class='ocrx_word' id='word_1_676' title='bbox 2098 4503 2420 4570; x_wconf 89' lang='lat' dir='ltr'><strong>Lusitania,</strong></span> <span class='ocrx_word' id='word_1_677' title='bbox 2434 4517 2571 4557; x_wconf 88' lang='lat' dir='ltr'><strong>cum</strong></span> <span class='ocrx_word' id='word_1_678' title='bbox 2592 4500 2772 4557; x_wconf 87' lang='lat' dir='ltr'><strong>Paulo</strong></span> <span class='ocrx_word' id='word_1_679' title='bbox 2798 4504 2856 4557; x_wconf 92' lang='lat' dir='ltr'><strong>et</strong></span> <span class='ocrx_word' id='word_1_680' title='bbox 2870 4500 3097 4557; x_wconf 88' lang='lat' dir='ltr'><strong>Isidoro</strong></span> <span class='ocrx_word' id='word_1_681' title='bbox 3120 4498 3434 4556; x_wconf 85' lang='lat' dir='ltr'><strong>monachis</strong></span> <span class='ocrx_word' id='word_1_682' title='bbox 3454 4496 3655 4554; x_wconf 86' lang='lat' dir='ltr'><strong>adhuc</strong></span> <span class='ocrx_word' id='word_1_683' title='bbox 3666 4497 3758 4567; x_wconf 88' lang='lat' dir='ltr'><strong>ju-</strong></span> 
     </span>
    </p>
   </div>
   <div class='ocr_carea' id='block_1_110' title="bbox 2096 4583 3757 4662">
    <p class='ocr_par' dir='ltr' id='par_1_110' title="bbox 2096 4583 3757 4662">
     <span class='ocr_line' id='line_1_111' title="bbox 2096 4583 3757 4662; baseline -0.005 -13"><span class='ocrx_word' id='word_1_684' title='bbox 2096 4591 2275 4649; x_wconf 89' lang='lat' dir='ltr'><strong>venili</strong></span> <span class='ocrx_word' id='word_1_685' title='bbox 2305 4594 2474 4647; x_wconf 63' lang='lat' dir='ltr'><strong>aetate</strong></span> <span class='ocrx_word' id='word_1_686' title='bbox 2518 4589 2887 4660; x_wconf 90' lang='lat' dir='ltr'><strong>ﬂorentibus,</strong></span> <span class='ocrx_word' id='word_1_687' title='bbox 2917 4589 3032 4646; x_wconf 91' lang='lat' dir='ltr'><strong>sub</strong></span> <span class='ocrx_word' id='word_1_688' title='bbox 3077 4588 3347 4662; x_wconf 89' lang='lat' dir='ltr'><strong>priorum</strong></span> <span class='ocrx_word' id='word_1_689' title='bbox 3384 4583 3757 4658; x_wconf 85' lang='lat' dir='ltr'><strong>professione</strong></span> 
     </span>
    </p>
   </div>
   <div class='ocr_carea' id='block_1_111' title="bbox 2099 4673 3759 4754">
    <p class='ocr_par' dir='ltr' id='par_1_111' title="bbox 2099 4673 3759 4754">
     <span class='ocr_line' id='line_1_112' title="bbox 2099 4673 3759 4754; baseline -0.005 -16"><span class='ocrx_word' id='word_1_690' title='bbox 2099 4679 2393 4754; x_wconf 87' lang='lat' dir='ltr'><strong>perempti</strong></span> <span class='ocrx_word' id='word_1_691' title='bbox 2424 4682 2563 4735; x_wconf 90' lang='lat' dir='ltr'><strong>sunt</strong></span> <span class='ocrx_word' id='word_1_692' title='bbox 2585 4694 2666 4734; x_wconf 91' lang='lat' dir='ltr'><strong>xv</strong></span> <span class='ocrx_word' id='word_1_693' title='bbox 2699 4679 2824 4735; x_wconf 85' lang='lat' dir='ltr'><strong>Kal.</strong></span> <span class='ocrx_word' id='word_1_694' title='bbox 2858 4678 2989 4736; x_wconf 83' lang='lat' dir='ltr'><strong>Maii</strong></span> <span class='ocrx_word' id='word_1_695' title='bbox 3018 4678 3118 4749; x_wconf 89' lang='lat'><strong>(1),</strong></span> <span class='ocrx_word' id='word_1_696' title='bbox 3148 4692 3270 4734; x_wconf 76' lang='lat' dir='ltr'><strong>tera</strong></span> <span class='ocrx_word' id='word_1_697' title='bbox 3294 4689 3580 4732; x_wconf 78' lang='lat' dir='ltr'><strong>ncccxcrv.</strong></span> <span class='ocrx_word' id='word_1_698' title='bbox 3605 4673 3759 4740; x_wconf 79' lang='lat' dir='ltr'><strong>Quo-</strong></span> 
     </span>
    </p>
   </div>
   <div class='ocr_carea' id='block_1_112' title="bbox 2103 4816 3764 4891">
    <p class='ocr_par' dir='ltr' id='par_1_112' title="bbox 2103 4816 3764 4891">
     <span class='ocr_line' id='line_1_113' title="bbox 2103 4816 3764 4891; baseline -0.004 -12"><span class='ocrx_word' id='word_1_699' title='bbox 2103 4822 2333 4879; x_wconf 85' lang='lat' dir='ltr'><strong>cenarii</strong></span> <span class='ocrx_word' id='word_1_700' title='bbox 2363 4821 2697 4878; x_wconf 85' lang='lat' dir='ltr'><strong>Christiani</strong></span> <span class='ocrx_word' id='word_1_701' title='bbox 2722 4820 2928 4891; x_wconf 78' lang='lat' dir='ltr'><strong>fuisse,</strong></span> <span class='ocrx_word' id='word_1_702' title='bbox 2960 4825 3066 4876; x_wconf 86' lang='lat' dir='ltr'><strong>aut</strong></span> <span class='ocrx_word' id='word_1_703' title='bbox 3116 4834 3155 4878; x_wconf 92' lang='lat' dir='ltr'><strong>a</strong></span> <span class='ocrx_word' id='word_1_704' title='bbox 3184 4816 3764 4891; x_wconf 67' lang='lat' dir='ltr'><strong>(.fhistianiscondu-</strong></span> 
     </span>
    </p>
   </div>
   <div class='ocr_carea' id='block_1_113' title="bbox 2104 4889 3761 4961">
    <p class='ocr_par' dir='ltr' id='par_1_113' title="bbox 2104 4889 3761 4961">
     <span class='ocr_line' id='line_1_114' title="bbox 2104 4889 3761 4961; baseline -0.002 -11"><span class='ocrx_word' id='word_1_705' title='bbox 2104 4895 2202 4960; x_wconf 86' lang='lat' dir='ltr'><strong>cti,</strong></span> <span class='ocrx_word' id='word_1_706' title='bbox 2256 4897 2324 4947; x_wconf 83' lang='lat' dir='ltr'><strong>ut</strong></span> <span class='ocrx_word' id='word_1_707' title='bbox 2372 4889 2729 4948; x_wconf 80' lang='lat' dir='ltr'><strong>venerabile</strong></span> <span class='ocrx_word' id='word_1_708' title='bbox 2762 4905 2977 4961; x_wconf 81' lang='lat' dir='ltr'><strong>corpus</strong></span> <span class='ocrx_word' id='word_1_709' title='bbox 3023 4891 3332 4961; x_wconf 82' lang='lat' dir='ltr'><strong>ﬂumini...</strong></span> <span class='ocrx_word' id='word_1_710' title='bbox 3383 4889 3761 4959; x_wconf 84' lang='lat' dir='ltr'><strong>subductum,</strong></span> 
     </span>
    </p>
   </div>
   <div class='ocr_carea' id='block_1_114' title="bbox 2107 4963 2968 5039">
    <p class='ocr_par' dir='ltr' id='par_1_114' title="bbox 2107 4963 2968 5039">
     <span class='ocr_line' id='line_1_115' title="bbox 2107 4963 2968 5039; baseline -0.007 -18"><span class='ocrx_word' id='word_1_711' title='bbox 2107 4964 2275 5039; x_wconf 59' lang='lat' dir='ltr'><strong>humi</strong></span> <span class='ocrx_word' id='word_1_712' title='bbox 2310 4963 2688 5039; x_wconf 84' lang='lat' dir='ltr'><strong>mandarent.</strong></span> <span class='ocrx_word' id='word_1_713' title='bbox 2760 5034 2784 5039; x_wconf 82' lang='lat'>_</span> <span class='ocrx_word' id='word_1_714' title='bbox 2949 5026 2968 5039; x_wconf 42' lang='lat'><strong><em>.</em></strong></span> 
     </span>
    </p>
   </div>
   <div class='ocr_carea' id='block_1_115' title="bbox 2175 5034 3027 5105">
    <p class='ocr_par' dir='ltr' id='par_1_115' title="bbox 2175 5034 3027 5105">
     <span class='ocr_line' id='line_1_116' title="bbox 2175 5034 3027 5105; baseline -0.006 -13"><span class='ocrx_word' id='word_1_715' title='bbox 2175 5050 2197 5079; x_wconf 76' lang='grc' dir='ltr'><strong>ε</strong></span> <span class='ocrx_word' id='word_1_716' title='bbox 2229 5037 2397 5093; x_wconf 88' lang='lat' dir='ltr'><strong>Forte</strong></span> <span class='ocrx_word' id='word_1_717' title='bbox 2426 5040 2722 5105; x_wconf 84' lang='lat' dir='ltr'><strong>congesto.</strong></span> <span class='ocrx_word' id='word_1_718' title='bbox 2754 5034 3027 5090; x_wconf 69' lang='lat' dir='ltr'><strong>Suvsxﬁn.</strong></span> 
     </span>
    </p>
   </div>
   <div class='ocr_carea' id='block_1_116' title="bbox 2180 5102 3772 5180">
    <p class='ocr_par' dir='ltr' id='par_1_116' title="bbox 2180 5102 3772 5180">
     <span class='ocr_line' id='line_1_117' title="bbox 2180 5102 3772 5180; baseline -0.003 -18"><span class='ocrx_word' id='word_1_719' title='bbox 2180 5106 2200 5180; x_wconf 16' lang='grc' dir='ltr'><strong>’ν</strong></span> <span class='ocrx_word' id='word_1_720' title='bbox 2230 5111 2438 5162; x_wconf 81' lang='lat' dir='ltr'><strong>Annus</strong></span> <span class='ocrx_word' id='word_1_721' title='bbox 2466 5102 2791 5180; x_wconf 82' lang='lat' dir='ltr'><strong>insequens</strong></span> <span class='ocrx_word' id='word_1_722' title='bbox 2819 5105 2948 5177; x_wconf 90' lang='lat' dir='ltr'><strong>jam</strong></span> <span class='ocrx_word' id='word_1_723' title='bbox 2992 5120 3155 5161; x_wconf 91' lang='lat' dir='ltr'><strong>nunc</strong></span> <span class='ocrx_word' id='word_1_724' title='bbox 3193 5106 3531 5162; x_wconf 88' lang='lat' dir='ltr'><strong>denotatur.</strong></span> <span class='ocrx_word' id='word_1_725' title='bbox 3563 5106 3617 5160; x_wconf 86' lang='lat' dir='ltr'><strong>Is</strong></span> <span class='ocrx_word' id='word_1_726' title='bbox 3659 5102 3772 5162; x_wconf 78' lang='lat' dir='ltr'><strong>fuit</strong></span> 
     </span>
    </p>
   </div>
   <div class='ocr_carea' id='block_1_117' title="bbox 2108 5179 3771 5330">
    <p class='ocr_par' dir='ltr' id='par_1_117' title="bbox 2108 5179 3771 5330">
     <span class='ocr_line' id='line_1_118' title="bbox 2108 5179 3771 5330; baseline 0.001 -29"><span class='ocrx_word' id='word_1_727' title='bbox 2108 5179 2488 5330; x_wconf 39' lang='lat' dir='ltr'><strong>“flii-liga:</strong></span> <span class='ocrx_word' id='word_1_728' title='bbox 2515 5247 2663 5322; x_wconf 90' lang='lat' dir='ltr'><strong>quid</strong></span> <span class='ocrx_word' id='word_1_729' title='bbox 2694 5248 2771 5305; x_wconf 91' lang='lat' dir='ltr'><strong>de</strong></span> <span class='ocrx_word' id='word_1_730' title='bbox 2792 5247 2905 5304; x_wconf 91' lang='lat' dir='ltr'><strong>hoc</strong></span> <span class='ocrx_word' id='word_1_731' title='bbox 2933 5247 3132 5305; x_wconf 93' lang='lat' dir='ltr'><strong>viculo</strong></span> <span class='ocrx_word' id='word_1_732' title='bbox 3169 5247 3366 5304; x_wconf 87' lang='lat' dir='ltr'><strong>dicere</strong></span> <span class='ocrx_word' id='word_1_733' title='bbox 3401 5245 3653 5320; x_wconf 86' lang='lat' dir='ltr'><strong>possim,</strong></span> <span class='ocrx_word' id='word_1_734' title='bbox 3680 5243 3771 5301; x_wconf 86' lang='lat' dir='ltr'><strong>in-</strong></span> 
     </span>
    </p>
   </div>
   <div class='ocr_carea' id='block_1_118' title="bbox 2110 5324 3779 5463">
    <p class='ocr_par' dir='ltr' id='par_1_118' title="bbox 2110 5324 3779 5463">
     <span class='ocr_line' id='line_1_119' title="bbox 2110 5324 3779 5463; baseline 0.017 -18"><span class='ocrx_word' id='word_1_735' title='bbox 2110 5336 2369 5448; x_wconf 51' lang='lat' dir='ltr'><strong>q‘ilriigé</strong></span> <span class='ocrx_word' id='word_1_736' title='bbox 2396 5324 2638 5448; x_wconf 57' lang='lat' dir='ltr'><strong>igtinius</strong></span> <span class='ocrx_word' id='word_1_737' title='bbox 2668 5389 3090 5461; x_wconf 89' lang='lat' dir='ltr'><strong>emendanda;</strong></span> <span class='ocrx_word' id='word_1_738' title='bbox 3137 5393 3241 5447; x_wconf 60' lang='lat' dir='ltr'><strong>aut</strong></span> <span class='ocrx_word' id='word_1_739' title='bbox 3267 5388 3592 5463; x_wconf 73' lang='grc' dir='ltr'><strong>Ιθεθιιάιιπι</strong></span> <span class='ocrx_word' id='word_1_740' title='bbox 3615 5405 3630 5445; x_wconf 73' lang='grc'>³</span> <span class='ocrx_word' id='word_1_741' title='bbox 3654 5388 3779 5457; x_wconf 62' lang='lat' dir='ltr'><strong><em>fer“</em></strong></span> 
     </span>
    </p>
   </div>
   <div class='ocr_carea' id='block_1_119' title="bbox 2114 5463 3777 5617">
    <p class='ocr_par' dir='ltr' id='par_1_119' title="bbox 2114 5463 3777 5617">
     <span class='ocr_line' id='line_1_120' title="bbox 2114 5463 3777 5617; baseline -0.01 -16"><span class='ocrx_word' id='word_1_742' title='bbox 2114 5463 2933 5617; x_wconf 46' lang='lat' dir='ltr'><strong>iu€’0ge£tor€cti;spidsgngétrro</strong></span> <span class='ocrx_word' id='word_1_743' title='bbox 2979 5531 3208 5591; x_wconf 90' lang='lat' dir='ltr'><strong>dictum</strong></span> <span class='ocrx_word' id='word_1_744' title='bbox 3253 5531 3386 5605; x_wconf 88' lang='lat' dir='ltr'><strong>jam</strong></span> <span class='ocrx_word' id='word_1_745' title='bbox 3414 5535 3521 5590; x_wconf 81' lang='lat' dir='ltr'><strong>est.</strong></span> <span class='ocrx_word' id='word_1_746' title='bbox 3554 5531 3777 5587; x_wconf 65' lang='lat' dir='ltr'><strong>Momm.</strong></span> 
     </span>
    </p>
   </div>
   <div class='ocr_carea' id='block_1_120' title="bbox 2117 5604 2873 5676">
    <p class='ocr_par' dir='ltr' id='par_1_120' title="bbox 2117 5604 2873 5676">
     <span class='ocr_line' id='line_1_121' title="bbox 2117 5604 2873 5676; baseline 0.003 -18"><span class='ocrx_word' id='word_1_747' title='bbox 2117 5604 2315 5662; x_wconf 86' lang='lat' dir='ltr'><strong>Schol.</strong></span> <span class='ocrx_word' id='word_1_748' title='bbox 2343 5604 2407 5661; x_wconf 89' lang='lat' dir='ltr'><strong>in</strong></span> <span class='ocrx_word' id='word_1_749' title='bbox 2433 5604 2515 5662; x_wconf 90' lang='lat' dir='ltr'><strong>lb.</strong></span> <span class='ocrx_word' id='word_1_750' title='bbox 2537 5604 2601 5674; x_wconf 67' lang='lat' dir='ltr'><strong>ii,</strong></span> <span class='ocrx_word' id='word_1_751' title='bbox 2623 5620 2738 5676; x_wconf 88' lang='lat' dir='ltr'><strong>cap</strong></span> <span class='ocrx_word' id='word_1_752' title='bbox 2772 5645 2787 5660; x_wconf 93' lang='lat'><strong>.</strong></span> <span class='ocrx_word' id='word_1_753' title='bbox 2819 5607 2873 5660; x_wconf 86' lang='lat'><strong>8.</strong></span> 
     </span>
    </p>
   </div>
  </div>
