4110 6190
483 171 587 225 815

1667 165 1725 220 S.
1764 160 2046 220 EULOGll
2090 154 2412 213 ARCHIEP.
2455 155 2698 211 TOLET.
3811 151 3911 208 816

480 309 619 350 rum
649 307 902 365 corpora
946 289 1230 363 patibulis
1278 288 1528 354 elevata,
1560 290 1697 361 post
1737 286 1959 344 multos
2001 283 2130 340 dies
2161 283 2208 336 A
2238 278 2419 336 etiam
2475 293 2656 335 sacrae
2713 276 3048 365 devotionis
3102 279 3180 342 (2)
3229 272 3568 365 insignitam
3623 273 3912 345 stigmate

479 383 704 440 Bcetico
733 380 868 436 sinu
893 378 1252 436 conduntur.

1113 485 1335 541 CAPUT
1373 487 1502 542 XVI.

725 577 811 633 De
839 575 1146 646 Argimiro
1174 576 1464 631 monacho
1507 582 1559 630 et
1590 581 1880 645 martyre.

549 683 690 741 Inde
721 687 1010 757 praeterea
1040 682 1370 753 Argimirus
1403 682 1654 754 quidam
1685 682 1763 753 (l)
1800 680 2130 748 confessor,

476 778 562 834 vir
609 775 844 837 nobilis,
877 777 932 830 et
970 777 1134 829 aetate
1168 774 1299 844 jam
1345 773 1576 846 plenus,
1612 790 1682 829 ex
1731 771 1954 845 oppido
1987 773 2132 838 Ega-

473 865 675 923 brensi
706 863 1126 934 cognationem
1157 862 1445 929 ducebat;
1478 867 1533 918 et
1567 861 1838 934 quodam
1866 864 2132 930 tempore

477 955 768 1013 Cordubae
802 953 1063 1008 Patriciae
1094 954 1172 1023 (2)
1207 968 1420 1007 censor
1447 969 1484 1008 a
1515 967 1652 1021 rege
1693 949 2004 1023 praefectus
2035 963 2132 1003 ex-

480 1045 728 1101 stiterat.
763 1046 910 1100 Cum
939 1045 1206 1096 semotus
1250 1040 1328 1096 ab
1359 1039 1874 1097 administratione
1899 1034 2130 1108 judicii,

474 1134 662 1191 otium
719 1130 978 1188 coenobii
1043 1128 1324 1186 incoleret
1391 1129 1654 1202 quietus,
1725 1125 2132 1201 quorumdam

476 1223 853 1280 ethnicorum
883 1219 1024 1276 dolo
1053 1219 1145 1275 vel
1167 1219 1307 1275 odio
1327 1219 1548 1274 circum
1560 1221 1792 1285 ventus,
1819 1220 2134 1273 accusatur

484 1327 687 1368 coram
715 1309 915 1381 judice
945 1307 1019 1364 de
1051 1307 1382 1364 subsannio
1409 1308 1557 1364 vatis
1585 1307 1696 1376 sui,
1729 1309 1784 1362 et
1815 1303 2133 1378 exprobra-

473 1405 570 1457 tur
603 1400 678 1454 de
727 1397 1095 1471 professione
1141 1395 1463 1452 divinitatis
1516 1395 1642 1451 Filii
1693 1394 1813 1463 Dei,
1845 1391 2132 1466 quodque

473 1490 590 1546 isto
632 1486 1191 1560 omnipotentiorem
1239 1485 1473 1541 nullum
1528 1485 1711 1540 alium
1755 1483 2027 1551 fateatur,
2077 1485 2135 1536 et

473 1578 643 1634 illum
672 1577 951 1634 vanitatis
980 1580 1308 1644 auctorem,
1326 1575 1664 1646 ducemque
1691 1575 1918 1629 asserat
1942 1569 2134 1644 perdi-

474 1669 696 1722 torum.
725 1663 1017 1720 Continuo
1043 1662 1140 1718 Dei
1175 1679 1381 1718 servus
1410 1661 1522 1717 sub
1570 1659 1784 1732 grandi
1808 1663 1865 1715 et
1892 1657 2130 1715 ferocis-

477 1754 629 1810 simo
680 1752 900 1824 judicis
953 1755 1122 1807 motu
1174 1751 1479 1821 conjectus
1537 1747 1853 1820 ergastulis
1911 1746 2131 1802 arctius

477 1846 803 1898 coactatur.
827 1843 1012 1904 Quem
1037 1855 1238 1896 coram
1257 1855 1318 1894 se
1347 1844 1486 1911 post
1515 1839 1739 1911 aliquot
1769 1836 1894 1892 dies
1915 1835 2135 1908 jubens

477 1931 774 1997 assistere,
803 1931 952 1985 dum
995 1929 1118 1984 suis
1147 1928 1670 1985 adhortationibus
1701 1933 1757 1982 et
1784 1934 1802 1953 ‘
1826 1923 2135 1982 lenociniis

475 2020 789 2095 quoddam
820 2018 1144 2075 verborum
1184 2018 1438 2090 profano
1481 2015 1991 2088 rituijmancipare
2019 2017 2136 2069 stu-

475 2111 575 2168 det
605 2127 715 2167 nec
745 2107 1064 2183 praevalet:
1099 2108 1465 2182 pertinacem
1508 2108 1566 2162 in
1597 2111 1802 2162 sancto
1827 2103 2134 2178 proposito

474 2199 723 2256 militem
763 2197 978 2254 Christi
1009 2196 1266 2270 equuleo
1299 2197 1596 2251 viventem
1624 2194 1929 2268 imposuit,
1964 2207 2134 2248 ense-

475 2304 594 2362 que
625 2287 1021 2344 transfossum
1069 2284 1319 2358 peremit
1365 2302 1422 2340 1v
1446 2283 1750 2339 Kalendas
1779 2282 1985 2348 Julias,
2017 2295 2136 2335 aera

476 2393 762 2433 ncccxcw.
796 2374 978 2446 Cujus
1005 2388 1225 2445 corpus
1276 2389 1413 2428 cum
1462 2376 1598 2445 post
1645 2371 1866 2426 multos
1903 2370 2032 2424 dies
2063 2384 2132 2424 ex

474 2469 780 2538 praecepto
827 2461 1048 2534 judicis
1099 2462 1174 2518 de
1220 2462 1490 2535 patibulo
1521 2461 1938 2533 deponeretur,
1973 2458 2136 2527 cuju-

478 2553 654 2607 sdam
685 2550 944 2620 religiosi
983 2550 1222 2606 solertia
1266 2551 1454 2606 sancti
1483 2549 1690 2605 Aciscli
1733 2547 1992 2605 basilicae
2037 2547 2136 2602 de-

476 2643 769 2714 portatur,
804 2655 872 2694 ac
919 2638 1105 2708 digno
1153 2639 1530 2694 sacerdotum
1581 2637 1908 2692 ministerio
1947 2651 2134 2708 prope

476 2727 781 2786 tumulum
809 2726 1076 2800 praedicti
1118 2727 1419 2798 martyris,
1451 2733 1508 2782 et
1535 2726 1723 2783 sancti
1747 2724 1990 2780 Perfecti
2028 2724 2136 2779 hu-

477 2821 714 2874 matum
743 2819 854 2872 est.

1097 2907 1324 2964 CAPUT
1363 2907 1515 2961 XVII.

823 2997 912 3053 De
935 2995 1139 3052 Aurea
1163 2995 1397 3065 virgine
1421 2999 1477 3051 et
1506 2999 1796 3064 martyre.

555 3104 601 3157 l.
644 3106 725 3161 Ea
758 3105 1106 3176 tempestate
1129 3101 1294 3171 virgo
1315 3100 1596 3174 quaedam
1627 3099 1866 3173 nobilis,
1889 3100 2134 3156 nomine

477 3194 692 3263 Aurea,
725 3197 1070 3249 sanctorum
1100 3190 1361 3263 Adulphi
1404 3194 1461 3246 et
1497 3189 1743 3246 Joannis
1774 3191 2132 3260 martyrum,

477 3279 554 3336 de
586 3280 810 3353 quibus
841 3280 904 3336 in
940 3279 1419 3352 praecedentibus
1468 3277 2017 3349 memoravimus?
2047 3293 2136 3334 so-

477 3383 598 3439 ror,
627 3385 761 3440 qnae
811 3385 847 3423 a
893 3373 1161 3440 tempore
1193 3367 1513 3423 collisionis
1545 3383 1776 3437 eorum,
1804 3365 2136 3422 devotionis

479 3456 728 3527 praemio
755 3455 1136 3524 fungebatur,
1160 3471 1299 3510 cum
1321 3455 1595 3510 revelatis
1620 3471 1802 3511 sacrae
1834 3453 2136 3524 religionis

480 3541 690 3598 studiis
736 3543 799 3598 in
837 3541 1115 3598 coenobio
1143 3542 1582 3606 Cuteclariensi,
1609 3542 1776 3615 quod
1807 3543 2134 3615 antiquitus

481 3634 702 3686 sanctae
736 3635 794 3687 et
823 3629 1099 3700 gloriosae
1139 3631 1384 3700 virginis
1416 3631 1605 3689 Mariae
1634 3632 1863 3686 nomini
1901 3631 2138 3688 dedica-

481 3722 610 3776 tum
639 3724 745 3789 est,
773 3723 1182 3776 commaneret
1219 3720 1290 3792 (l)
1332 3735 1440 3793 per
1466 3736 1659 3776 annos
1685 3719 1868 3775 ferme
1900 3720 2137 3790 triginta

480 3811 538 3864 et
578 3808 860 3880 amplius.
903 3808 1131 3864 cunctis
1178 3808 1318 3865 ﬁdei
1375 3825 1497 3865 suae
1552 3808 1821 3865 notitiam
1876 3809 2134 3880 donans,

479 3913 590 3954 nec
635 3897 768 3953 ullis
820 3897 1186 3954 adumbrata
1231 3898 1575 3970 pavoribus,
1619 3898 2136 3955 conversationem

480 3985 907 4042 Christianismi
925 3985 1014 4042 sui
1031 3986 1237 4058 patulo
1269 3986 1514 4057 gerebat
1536 4002 1886 4058 congressu.
1904 3990 1970 4043 Et
1992 3987 2137 4060 quia

480 4079 608 4131 erat
656 4075 986 4130 stemmatis
1033 4079 1168 4131 ortu
1215 4075 1555 4148 praecincta,
1593 4076 1929 4150 grandique
1975 4077 2133 4133 fastu

478 4161 747 4217 Arabicae
790 4161 1053 4218 traducis
1102 4163 1526 4230 exornabatur,
1558 4164 1758 4220 nullus
1797 4169 2135 4221 exterorum

477 4250 726 4320 virginis
780 4251 964 4308 ﬁdem
1011 4259 1027 4280 °
1077 4252 1381 4309 incursare
1435 4252 1718 4324 audebat,
1767 4254 1959 4310 donec
2005 4255 2136 4328 qui-

479 4339 622 4396 dam
651 4357 898 4398 suorum
933 4358 1005 4398 ex
1025 4341 1338 4416 provincia
1369 4342 1724 4414 Hispalensi,
1756 4343 1917 4401 unde
1943 4359 2133 4414 genus
2167 4338 2209 4393 Β

477 4429 771 4497 trahebat,
833 4431 1136 4498 divinitus,
1200 4435 1263 4487 ut
1328 4431 1600 4498 arbitror,
1659 4433 1956 4502 concitati,
2010 4451 2134 4507 quo

468 4517 602 4590 jam
661 4519 863 4577 debita
920 4525 1058 4576 ante
1109 4520 1319 4575 mundi
1386 4520 1870 4578 constitutionem
1920 4523 2134 4595 virgini

475 4623 700 4666 corona
774 4609 1043 4682 martyrii
1115 4613 1445 4681 pararetur,
1500 4613 1556 4665 ct
1631 4612 2007 4682 prastantius
2071 4613 2131 4669 in

474 4700 813 4756 coele~tibus
862 4700 937 4756 de
991 4703 1411 4756 consummato
1468 4698 1763 4756 laetaretur
1805 4701 2129 4776 triumpho,

475 4804 658 4845 causa
701 4787 1055 4861 explorandi
1106 4788 1185 4845 ad
1241 4805 1302 4844 se
1352 4788 1561 4862 perlati
1616 4791 1873 4847 rumoris
1923 4792 2128 4862 ﬁdem,

475 4891 546 4932 ac
593 4880 971 4948 propositum
1022 4879 1291 4952 virginis,
1346 4879 1671 4950 venientes,
1729 4881 1938 4939 callide
1994 4900 2133 4941 con-

474 4963 756 5018 tribulam
803 4981 977 5020 suam
1031 4969 1222 5037 gratia
1267 4969 1292 5004 ἀ
1331 4969 1663 5042 sospitandi
1706 4987 1837 5028 sese
1878 4971 2131 5030 invisere

473 5049 861 5106 mentiuntur.
894 5053 1088 5116 Quam
1116 5070 1240 5110 non
1261 5055 1457 5112 solum
1489 5058 1902 5126 Christianam,
1921 5076 2131 5116 verum

543 5183 569 5208 α
597 5173 765 5251 Forte
795 5175 1085 5251 tenacinio
1111 5177 1388 5247 quodam,
1419 5184 1522 5236 aut
1559 5181 1866 5237 lenociniis
1892 5183 2132 5251 quibus-

471 5245 633 5372 ;igms,
663 5245 1528 5372 gutttlenociniiaquorumdam
1562 5245 2017 5308 verborum—Ita
2043 5269 2132 5310 re-

631 5333 661 5372 c
709 5333 744 5371 o
798 5359 811 5372 .

473 5331 563 5372 ete
592 5331 811 5372 δϐΠΟῐῐ.

541 5388 570 5428 b
599 5388 875 5469 Atrtemize
901 5387 1098 5469 igitur,
1131 5387 1206 5442 de
1236 5405 1357 5469 qua
1385 5389 1579 5469 lib._11,
1609 5405 1741 5469 cap.
1769 5395 1820 5458 8,
1851 5391 1992 5469 ﬁlia.
2019 5397 2130 5469 Mo-

470 5474 598 5514 RAL.
628 5460 749 5514 Hoc
775 5465 955 5536 caput
989 5460 1168 5536 vitam
1201 5460 1461 5516 continet
1491 5460 1586 5518 SS.
1622 5460 1803 5536 Florae
1819 5469 1888 5536 et
1909 5467 2124 5536 Mariae,

467 5545 656 5606 quam
682 5547 798 5606 nos
821 5530 956 5603 post
985 5530 1414 5606 documentum
1445 5533 1713 5606 martyrii
1733 5533 1988 5606 edimus.

537 5608 554 5632 °
586 5605 751 5661 Forte
778 5604 1073 5661 incusare.
1107 5604 1406 5661 GUILLELM.
1435 5604 1688 5662 Curianus
1714 5605 1793 5663 ad
1819 5611 1883 5665 l0
1903 5608 2058 5666 Julii.

2240 371 2608 438 contuentes,
2641 366 2957 422 confestim
3007 364 3082 420 de
3126 379 3198 420 ea
3220 361 3408 434 judici
3433 361 3706 418 referunt
3749 379 3912 435 quae-

2241 457 2517 512 stionem.
2551 456 2661 522 Qui
2693 462 2750 512 et
2793 456 2920 528 ipse
2945 454 3079 526 jure
3108 450 3433 509 nativitatis
3460 449 3663 508 eidem
3697 451 3911 523 virgini

2239 545 2529 601 concretis
2559 543 2906 601 adherabat
2940 541 3256 616 prosapiis.

2308 637 2362 690 2.
2403 633 2524 689 Tali
2553 649 2698 702 ergo
2729 632 3068 689 stimulatus
3098 629 3404 695 relatione,
3438 629 3562 685 suis
3590 645 3742 686 eam
3773 631 3908 687 assi-

2240 727 2391 780 stere
2417 723 2638 794 jubens
2665 722 2996 788 obtutibus,
3031 737 3218 794 quare
3253 736 3316 775 se
3348 724 3468 776 tam
3495 718 3791 776 nobiliter
3814 737 3908 776 au-

2241 818 2400 870 ctam
2449 811 2744 868 famulatu
2788 813 2929 868 ﬁdei
2976 811 3322 866 Christianae
3366 809 3738 880 degenerem
3788 811 3907 866 red-

2240 901 2474 972 diderit,
2528 901 2748 974 vilique
2805 900 3112 973 proposito
3161 903 3284 955 tam
3331 897 3600 970 praecelsi
3676 899 3904 968 generis

2241 986 2508 1042 infecerit
2535 998 2558 1026 ο
2587 985 2859 1051 infulam,
2893 984 3168 1041 clementi
3213 983 3548 1039 admodum
3589 983 3904 1039 exhortatur

2240 1076 2577 1148 compellat.
2603 1099 2629 1126 ‹‹
2657 1075 2772 1132 Sed
2799 1075 3040 1148 poteris,
3065 1073 3279 1147 inquit,
3302 1089 3759 1146 quampropere
3778 1073 3901 1130 totis

2239 1165 2469 1222 absolvi
2498 1164 2858 1237 paedoribus,
2899 1164 3286 1236 debitamque
3316 1162 3696 1234 interpolatae
3741 1163 3901 1234 origi-

2240 1255 2334 1311 nis
2364 1255 2625 1327 recipere
2653 1254 3001 1321 claritatem,
3031 1255 3081 1308 si
3105 1253 3187 1309 tui
3218 1267 3428 1321 gerens
3455 1251 3900 1319 consultum,ﬁ-

2239 1343 2336 1399 dei
2367 1348 2584 1399 nostrae
2639 1342 2898 1398 cultibus
2927 1341 3150 1398 intimis
3196 1346 3249 1396 te
3278 1339 3430 1396 votis
3463 1339 3894 1396 admittendam

2240 1431 2507 1502 elegeris,
2532 1430 2904 1503 summisque
2932 1429 3108 1486 nobis
3135 1428 3449 1484 affectibus
3479 1428 3894 1501 parens,quod

2244 1521 2552 1593 sequimur
2590 1520 2881 1593 sequaris,
2914 1523 2970 1574 et
2995 1533 3117 1591 quo
3148 1517 3446 1585 ducimur,
3478 1516 3560 1572 ire
3588 1517 3891 1574 contende-

2163 1634 2205 1687 Β
2242 1610 2340 1667 ris.
2367 1609 2424 1667 Si
2469 1626 2610 1666 vero
2641 1616 2697 1666 et
2727 1614 3101 1681 contemptos
3133 1624 3264 1673 nos,
3299 1612 3356 1664 et
3381 1608 3562 1663 etiam
3593 1624 3728 1679 quae
3759 1607 3885 1686 coli-

2243 1716 2379 1755 mus
2407 1698 2812 1770 abrogaveris,
2844 1703 2900 1754 et
2944 1696 3076 1753 illos
3106 1713 3262 1769 quos
3301 1697 3594 1752 hactenus
3630 1695 3882 1752 aemulata

2243 1805 2324 1854 es,
2354 1788 2569 1844 intuitu
2594 1788 2734 1844 ﬁdei
2751 1791 2976 1843 sectare
3005 1785 3338 1842 decreveris
3364 1804 3377 1853 ;
3411 1791 3550 1858 post
3574 1786 3725 1841 varia
3744 1785 3874 1840 dirae

2243 1877 2623 1934 cruciationis
2653 1881 2970 1939 tormenta,
3003 1880 3142 1948 post
3173 1874 3585 1947 multiplicium
3614 1873 3862 1928 dolorum

2241 1967 2541 2023 immensa
2571 1965 2884 2038 supplicia,
2917 1979 3052 2036 quae
3084 1963 3294 2020 merito
3326 1963 3474 2019 tanti
3501 1961 3742 2018 criminis
3770 1976 3866 2016 rea

2240 2056 2555 2130 rependes,
2587 2060 2889 2128 postremo
2919 2052 3271 2125 turpissimae
3303 2052 3512 2108 mortis
3541 2049 3873 2123 supplicium

2241 2145 2528 2202 incurres.
2557 2166 2584 2196 ››
2631 2147 2845 2201 Ferunt
2873 2142 3086 2199 eodem
3117 2146 3424 2198 momento
3457 2141 3737 2210 virginem
3775 2137 3874 2194 sub

2239 2233 2457 2304 judicis
2477 2232 2894 2304 objurgatione
2916 2231 3190 2301 cessisse,
3217 2235 3273 2286 et
3301 2245 3479 2287 omne
3511 2229 3624 2285 sibi
3652 2229 3879 2301 impera-

2244 2327 2372 2378 tum
2413 2321 2663 2378 libenter
2693 2320 3150 2393 exsequendum
3196 2319 3480 2392 polliceri.
3519 2321 3586 2374 Et
3613 2316 3750 2390 quia
3773 2331 3876 2371 me-

2241 2410 2357 2466 lius
2395 2410 2469 2466 de
2516 2410 2697 2466 rebus
2739 2407 2906 2466 non‘
2937 2409 3192 2482 expertis
3235 2407 3533 2464 silendum
3578 2411 3684 2477 est,
3713 2420 3877 2479 quam

2243 2499 2570 2572 procaciter
2617 2498 2920 2570 incognita
2959 2497 3267 2562 ventilare,
3315 2497 3489 2567 cujus
3532 2497 3617 2552 rei
3653 2495 3874 2552 obtentu

2241 2584 2368 2640 haec
2403 2585 2534 2657 ipsa
2579 2583 2817 2654 negatio
2868 2587 3194 2654 martyrem
3223 2582 3486 2637 futuram
3515 2578 3874 2652 subrepserit,

2245 2677 2445 2730 utrum
2477 2673 2794 2729 formidine
2815 2673 3031 2739 carnis,
3065 2688 3143 2728 an
3174 2687 3358 2728 causa
3387 2669 3742 2744 disponendi
3763 2683 3874 2724 rem

2243 2757 2622 2824 familiarem,
2654 2757 3062 2829 incompertus
3089 2755 3401 2812 testiﬁcare
3421 2772 3545 2811 non
3573 2755 3775 2820 audeo,
3803 2752 3877 2807 ni-

2244 2846 2292 2902 si
2321 2845 2468 2901 forte
2515 2863 2585 2902 ex
2631 2845 2963 2901 subsecutis
3012 2844 3345 2912 eventibus,
3377 2844 3596 2917 quibus
3626 2846 3874 2917 postmo-

2243 2935 2391 2991 dum
2417 2935 2786 2992 obstinanter
2810 2934 2872 2990 in
2894 2933 3262 3006 professione
3283 2933 3630 3006 perdurans,
3651 2946 3870 3004 prome-

2241 3025 2419 3081 ritam
2475 3024 2694 3097 adepta
2749 3029 2841 3080 est
2888 3023 3182 3087 lauream,
3251 3028 3316 3079 ut
3371 3039 3496 3079 sese
3550 3023 3864 3090 conjectura

2243 3113 2566 3170 arbitratus
2593 3110 2846 3168 humani
2892 3111 3093 3178 habet,
3125 3111 3323 3166 carnis
3370 3110 3521 3166 illam
3548 3106 3856 3164 inﬁrmitate

2243 3217 2365 3258 non
2397 3201 2789 3258 succubuisse
2819 3200 3161 3256 credamus.

2314 3292 2366 3345 3.
2396 3286 2576 3357 Igitur
2613 3292 2751 3358 post
2790 3285 3061 3341 auditam
3105 3284 3294 3355 judex
3349 3285 3467 3340 oris
3510 3283 3630 3355 ejus
3663 3279 3868 3354 profes-

2244 3378 2494 3444 sionem,
2525 3391 2650 3448 qua
2673 3375 2842 3447 juxta
2874 3390 3086 3430 omnes
3133 3375 3280 3431 ritus
3325 3375 3471 3445 legis
3524 3390 3642 3429 suae
3679 3370 3872 3441 degere

2245 3464 2687 3540 spoponderat;
2709 3464 2864 3520 illico
2887 3463 3170 3534 abeundi,
3203 3479 3570 3537 quocunque
3591 3461 3726 3524 vult,
3749 3458 3875 3515 sibi-

2243 3561 2368 3612 met
2412 3554 2682 3610 libertate
2731 3553 2966 3618 collata,
2995 3571 3026 3610 e
3071 3553 3318 3624 vestigio
3349 3553 3604 3610 domum
3643 3547 3878 3620 regredi-

2244 3652 2358 3711 tur,
2391 3660 2460 3700 ac
2513 3643 2668 3698 sicut
2709 3643 2875 3716 prius
2907 3643 3168 3699 militans
3203 3643 3452 3713 Christo,
3481 3642 3810 3698 nullatenus
3850 3652 3882 3692 a

2243 3733 2556 3806 proposito
2601 3737 2824 3789 sanctae
2875 3732 3015 3788 tidei
3069 3731 3356 3802 desuevit,
3397 3747 3508 3786 nec
3558 3747 3597 3788 a
3639 3729 3882 3786 ﬁdelium

2243 3822 2640 3878 contubernio
2671 3838 2734 3878 se
2759 3838 2942 3895 passa
2966 3827 3052 3876 est
3074 3821 3423 3891 disgregari,
3446 3821 3600 3892 quin
3629 3819 3814 3894 potius
3831 3815 3884 3872 il-

2241 3911 2441 3968 lorum
2468 3927 2736 3984 persaepe
2763 3928 2825 3966 se
2848 3910 3100 3966 coetibus
3129 3925 3468 3980 conserens,
3492 3925 3651 3982 quos
3677 3905 3884 3982 pietatis

2241 4001 2449 4072 religio
2481 4001 2907 4074 perlustrabat,
2941 3998 3256 4068 condignis
3301 3998 3538 4054 ﬂetibus
3573 4000 3884 4068 atl‘ectuque

2239 4089 2474 4148 interno
2503 4091 2745 4163 lapsum
2774 4089 2991 4159 linguae
3021 4088 3366 4160 deplorans,
3396 4087 3522 4160 spei
3555 4106 3683 4144 suae
3701 4101 3883 4143 veram

2241 4179 2528 4236 ﬁduciam
2560 4179 2638 4234 ad
2665 4177 3074 4251 Redemptoris
3109 4177 3314 4247 alligat
3353 4177 3810 4248 indulgentiam,
3847 4173 3886 4229 si

2243 4267 2389 4323 forte
2449 4271 2615 4323 reatu
2670 4266 3174 4340 praevaricationis
3227 4265 3558 4322 obnoxiam
3611 4264 3882 4323 famulam

2241 4372 2362 4412 non
2394 4355 2658 4429 repellat,
2692 4355 2794 4428 qui
2827 4355 3160 4411 adulteram
3195 4355 3272 4410 ab
3315 4354 3490 4410 exitio
3519 4351 3885 4428 lapidationis

2242 4447 2495 4520 eripiens
2528 4447 2696 4503 (Joan
2755 4463 2870 4510 vui,
2910 4445 3015 4517 ll),
3050 4449 3281 4501 Petrum
3329 4461 3365 4501 a
3414 4446 3604 4502 maris
3630 4444 3885 4502 ﬂuctibus

2240 4535 2626 4592 incubantem
2656 4533 2988 4608 apostolico
3020 4533 3367 4590 functurum
3406 4533 3677 4606 primatu
3704 4545 3884 4603 recep-

2240 4627 2325 4680 tat
2363 4624 2601 4694 (Matth.
2654 4640 2764 4690 vw,
2797 4624 2907 4695 31),
2958 4623 3273 4696 furcmque
3312 4629 3331 4657 ⁸
3376 4621 3694 4695 patricidio
3741 4617 3883 4675 coin-

2240 4712 2556 4785 quinatum
2622 4729 2731 4768 suo
2791 4714 3096 4770 comitatui
3144 4711 3496 4786 paradisum
3541 4709 3885 4768 lustraturus

2240 4802 2496 4860 admittit
2562 4807 2737 4875 (Luc.
2805 4820 2959 4871 xxul,
3027 4805 3148 4874 43).
3214 4805 3335 4859 Nec
3399 4801 3618 4859 obesse
3683 4797 3886 4856 ﬁdebat

2237 4892 2544 4966 praalargee
2574 4897 2630 4948 et
2659 4891 3116 4963 incomparabili
3159 4891 3394 4948 Domini
3436 4891 3649 4963 pietati
3683 4883 3885 4945 inutilis

2239 4980 2481 5037 famulae
2511 4984 3004 5037 momentaneum
3037 4980 3284 5044 crimen,
3304 4979 3469 5052 apud
3490 4995 3679 5052 quem
3708 4971 3885 5034 multi-

2239 5064 2423 5121 moda
2451 5063 2751 5122 miseratio
2782 5069 2838 5120 et
2863 5063 3194 5136 redemptio
3227 5065 3472 5136 copiosa
3489 5067 3546 5119 et
3563 5062 3883 5119 exuberans

2308 5186 2329 5216 α
2358 5185 2576 5242 Schott.
2611 5191 2667 5242 et
2691 5202 2830 5242 cum
2861 5202 2932 5242 eo
2959 5187 3225 5258 Cuperus
3256 5185 3625 5258 Ιιοερίιαηιίἰἶ

2309 5266 2343 5330 ον
2362 5259 2513 5330 Bene
2546 5259 2832 5330 Cuperus:
2861 5259 2979 5330 Per
2999 5248 3253 5313 infulam
3276 5248 3376 5312 hic
3397 5253 3797 5330 metaphorice
3818 5248 3882 5304 si-

2237 5329 2565 5427 gn'iﬁcatur
2595 5325 2788 5410 turpis
2836 5329 3121 5411 dignitas,
3153 5334 3217 5384 ut
3247 5343 3321 5383 ex
3357 5342 3532 5408 sensu
3561 5325 3876 5449 configitur.

2352 5400 2412 5454 In
2435 5405 2614 5455 veteri
2639 5406 2898 5468 expertis
2925 5398 3347 5455 tantummodo
3380 5398 3505 5468 fuit,
3535 5395 3639 5451 sed
3712 5405 3880 5468 Aeson-

2237 5471 2422 5542 ptoris
2448 5471 2612 5542 haud
2636 5442 2818 5526 dulbie
2841 5471 3000 5536 vitio,
3017 5487 3155 5526 cum
3188 5470 3385 5542 sensui
3414 5442 3614 5542 aperte
3634 5465 3878 5532 refraga-

2237 5541 2417 5612 retur.
2441 5541 2584 5612 ldco
2613 5558 2724 5597 nos
2750 5542 3131 5609 negationem
3161 5541 3515 5612 adjecimus.
3537 5541 3750 5595 MORAL.

2299 5626 2325 5666 ι
2353 5611 2479 5668 Vid.
2508 5613 2701 5670 Schol.
2739 5613 2803 5669 in
2833 5613 3224 5687 Apologetic.,
3242 5611 3418 5671 num.
3458 5617 3506 5670 l.
