4140 6188
271 173 380 228 817

1315 173 1742 232 MEMORIALIS
1781 174 2228 234 SANCTORUM.
2269 209 2338 222 —
2379 179 2507 237 LIB.
2551 179 2642 236 III.

3590 185 3694 242 818

270 295 559 370 praevenit
583 293 784 364 gratiae
812 293 972 351 dono
1002 294 1301 367 indignos,
1335 301 1391 352 et
1437 296 1659 369 quibus
1708 295 1929 351 strenui
1967 300 2014 353 Α
2043 303 2190 357 Tum
2213 303 2399 374 virgo,
2432 321 2567 377 quae
2591 320 2654 360 se
2687 308 2930 361 noverat
2960 305 3037 361 ad
3065 304 3179 361 tale
3229 308 3358 376 jam
3411 307 3694 363 divinitus

266 384 494 440 laboris
506 383 802 455 stipendia
819 384 984 440 nulla
999 385 1404 458 suppeditant,
1419 385 1694 442 consulta
1715 386 1930 457 pietate

262 473 578 546 justiﬁcat.
591 477 782 542 Auget
802 477 1090 545 praeterea
1107 473 1278 544 virgo
1297 480 1503 531 sancta
1523 473 1932 547 compunctio—

264 579 433 630 nem,
466 562 734 619 studium
754 562 1194 620 lamentationis
1221 564 1594 637 multiplicat,
1617 563 1771 620 votis
1795 567 1932 620 vota

267 653 670 726 congeminat,
704 657 760 710 et
789 653 1093 725 duplicato
1116 671 1372 710 maerore
1401 655 1737 728 affectuque
1766 669 1930 709 men-

268 748 390 800 tem
421 758 775 816 perurgens,
793 758 868 798 ne
887 759 1169 816 supremo
1192 745 1467 799 examine
1489 749 1593 800 aut
1613 743 1686 798 de
1711 742 1930 798 scelere

267 832 676 888 condemnata
707 835 928 886 aeterno
955 831 1327 904 mancipatur
1385 831 1703 904 supplicio,
1762 833 1866 886 aut
1895 845 1932 886 a

265 920 568 976 consortio
590 919 842 976 fratrum
864 936 1132 988 suorum,
1158 920 1415 993 Adulphi
1439 920 1660 976 scilicet
1680 924 1736 975 et
1754 919 1930 975 Joan-

263 1009 363 1066 nis
387 1013 723 1080 martyrum
752 1008 1092 1071 beatorum,
1124 1010 1404 1079 congruis
1453 1009 1806 1066 meritorum
1845 1022 1932 1063 re-

264 1097 508 1171 pagulis
540 1097 910 1163 detrudatur,
944 1097 1214 1154 felicibus
1236 1099 1390 1154 votis
1417 1097 1725 1154 adnititur.

336 1189 393 1242 4.
426 1185 572 1241 Exin
602 1184 763 1241 claro
792 1185 1209 1259 intrepidoque
1260 1202 1548 1260 processu
1594 1186 1930 1258 frequenter

267 1273 581 1331 ecclesiam
613 1274 846 1343 adiens,
873 1275 1249 1347 jamjamque
1276 1275 1336 1330 in
1352 1275 1565 1332 virtute
1585 1275 1818 1330 Domini
1833 1290 1930 1331 ro-

266 1363 502 1427 borata,
535 1363 780 1419 terrenis
805 1363 1109 1420 abstracta
1120 1365 1408 1434 contagiis
1429 1370 1487 1420 et
1507 1365 1730 1420 caelesti
1751 1364 1930 1420 curiae

265 1451 510 1510 anhelat
541 1452 902 1508 ascribenda
944 1469 956 1506 :
1005 1453 1053 1507 si
1083 1451 1232 1509 forte
1261 1453 1623 1526 cujusquam
1666 1452 1930 1508 recidivo

265 1541 714 1597 contestationis
740 1544 952 1597 eventu
977 1540 1037 1596 in
1064 1541 1164 1612 jus
1195 1541 1396 1598 denuo
1431 1541 1780 1598 mitteretur.
1815 1541 1930 1598 Sed

265 1632 395 1688 haec
427 1630 676 1686 callidus
704 1635 992 1687 veterator
1013 1646 1135 1686 non
1157 1630 1360 1687 leviter
1380 1631 1594 1701 ferens,
1624 1648 1763 1688 cum
1783 1631 1928 1688 ﬁde-

261 1719 397 1776 liori
426 1719 742 1776 conciliatu
773 1735 967 1792 nuper
993 1719 1288 1793 elapsam,
1317 1719 1578 1776 Creatori
1605 1737 1717 1776 suo
1766 1731 1928 1776 nunc

263 1826 452 1884 quam
485 1815 662 1866 antea
684 1809 933 1865 militare
954 1809 1241 1880 intelligit,
1262 1825 1370 1866 nec
1391 1811 1449 1866 in
1465 1809 1666 1884 aliquo
1690 1811 1930 1883 penitus

262 1898 562 1973 profuisse
578 1898 1097 1955 circumventionis
1126 1915 1246 1954 suae
1285 1899 1654 1972 praestigium
1687 1904 1930 1956 contue-

261 1995 383 2061 tur,
413 1989 560 2062 quin
585 1988 802 2058 injecto
829 1993 1072 2061 stupore
1097 1989 1303 2044 nescio
1329 1989 1502 2060 cujus
1523 1988 1927 2056 hebetudinis,

265 2083 672 2134 transversam
707 2076 952 2146 virginis
976 2075 1247 2147 linguam
1270 2093 1306 2133 a
1331 2076 1704 2150 professione
1725 2077 1931 2134 verita‘

263 2167 340 2224 tis
369 2167 573 2223 leviter
600 2170 658 2222 et
680 2166 1077 2240 perfunctorie
1124 2171 1580 2235 contestaverat,
1631 2182 1755 2238 ore,
1806 2180 1930 2222 non

267 2257 450 2313 corde
480 2256 660 2312 fuisse
685 2255 983 2312 sublatam
1014 2255 1334 2312 advertens
1359 2256 1558 2325 ;haud
1573 2257 1754 2312 dubie
1785 2272 1929 2313 con-

271 2345 646 2401 dsemonibus
671 2345 748 2401 de
775 2349 1092 2401 extenuato
1143 2361 1324 2401 cursu
1379 2346 1783 2418 conqueritur,
1844 2345 1931 2401 di-

271 2451 415 2491 cens
445 2453 461 2491 :
491 2459 516 2486 ‹‹
551 2437 680 2492 Haec
710 2435 926 2491 czelcbs
955 2435 1191 2508 pridem
1224 2451 1318 2491 me
1349 2435 1522 2492 labiis
1548 2435 1788 2492 fortuito
1815 2435 1924 2490 ho-

263 2539 495 2581 norans
523 2525 706 2580 modo
737 2540 840 2580 cor
869 2525 998 2596 ejus
1032 2524 1423 2596 praecinctum
1451 2524 1667 2581 virtute
1723 2539 1928 2596 super-

266 2632 370 2681 na,
405 2615 618 2685 grandi
648 2615 888 2686 objectu
912 2632 948 2672 a
976 2615 1125 2672 meis
1155 2615 1496 2688 disparatur
1551 2615 1863 2672 illecebris.
1894 2638 1924 2666 »

264 2707 336 2761 Et
366 2704 586 2760 idcirco
611 2704 942 2778 quemdam
973 2705 1032 2760 in
1067 2704 1541 2777 persecutionem
1574 2705 1765 2761 beatae
1817 2704 1926 2760 vir-

262 2795 423 2865 ginis
454 2794 759 2867 pruritans
789 2794 1010 2865 denuo,
1043 2793 1122 2850 ad
1151 2793 1620 2866 perquirendam
1649 2797 1924 2866 tyronem

260 2882 405 2939 ﬁdei
429 2901 551 2939 suae
582 2882 890 2956 compulit.

2042 390 2291 448 electam
2321 397 2642 460 certamen,
2678 398 2739 449 ut
2769 399 2893 449 erat
2939 394 3427 467 prudentioribus
3473 396 3696 454 diserta

2040 479 2359 553 facundiis,
2391 487 2600 539 sancto
2626 484 2754 554 jam
2779 484 3140 557 perlustrata
3164 488 3460 558 respectu,
3505 486 3697 556 judici

2039 569 2239 626 refert:
2257 591 2286 624 ‹
2312 575 2630 644 Nunquam
2644 589 2680 630 a
2697 573 2927 630 Christo
2951 574 3067 630 Deo
3084 589 3220 630 meo
3239 578 3514 647 seperata
3535 591 3693 647 sum,

2037 673 2353 731 nunquam
2385 678 2421 717 a
2449 662 2731 732 religione
2761 663 2993 735 pietatis
3040 664 3170 734 ejus
3225 664 3493 733 discessi,
3541 681 3695 721 nun-

2038 763 2224 819 quam
2251 749 2767 821 profanationibus
2789 751 2997 808 vestris
3046 753 3140 809 vel
3191 753 3269 810 ad
3317 760 3694 811 momentum

2037 836 2269 909 inheesi,
2296 838 2430 894 licet
2459 839 2691 896 dudum
2716 857 2922 898 coram
2953 846 3028 903 te.
3057 842 3232 916 lapsu
3263 845 3532 916 quodam
3571 861 3694 900 ser-

2038 928 2256 998 monis,
2286 928 2492 1001 lingua
2520 932 2918 988 succubuerit.
2955 935 3091 989 Erat
3119 939 3321 990 autem
3347 951 3448 990 cor
3487 951 3694 992 meum

2037 1014 2325 1073 ﬁduciam
2356 1018 2591 1074 habens
2624 1020 2681 1074 iu
2717 1021 2990 1084 Domino,
3021 1022 3124 1094 qui
3152 1039 3248 1078 me
3279 1039 3526 1079 suarum
3553 1039 3694 1096 pro-

2039 1106 2396 1163 missionum
2417 1108 2708 1164 introrsus
2727 1109 3109 1166 adminiculis
3135 1111 3423 1181 erigebat,
3445 1112 3650 1168 dicens
3677 1131 3690 1168 :

2041 1195 2159 1263 Qui
2183 1197 2370 1253 credit
2399 1198 2461 1252 in
2487 1213 2596 1263 me,
2630 1199 2805 1254 etiam
2860 1200 2912 1253 si
2958 1205 3229 1255 mortuus
3271 1201 3480 1270 fuerit,
3539 1203 3692 1259 vivet

2041 1284 2230 1354 (Joan.
2258 1301 2317 1352 ιι,
2349 1286 2458 1357 25),
2493 1286 2632 1341 Inde
2673 1287 2954 1358 quamvis
3006 1287 3364 1344 verbotenus
3407 1289 3695 1363 laqueum

2038 1375 2544 1446 praevaricationis
2564 1375 2937 1443 incurrerim,
2972 1376 3174 1433 vivido
3219 1381 3421 1434 tamen
3474 1384 3694 1436 sanctae

2041 1463 2404 1520 credulitatis
2431 1471 2633 1522 tenore
2655 1482 2757 1522 cor
2771 1467 3200 1538 praemunitum
3217 1468 3524 1538 gerebam.
3543 1473 3695 1526 Nam

2043 1553 2242 1608 statim
2271 1570 2394 1626 quo
2425 1571 2460 1609 a
2487 1558 2541 1610 te
2558 1553 2833 1624 digressa
2861 1572 3020 1622 sunt,
3043 1562 3099 1613 et
3119 1557 3269 1614 votis
3292 1562 3349 1614 et
3385 1558 3696 1615 affectibus

1970 1655 2012 1707 Β
2042 1641 2396 1714 lacrymosis
2427 1660 2611 1716 quem
2643 1644 2720 1700 ab
2751 1644 3002 1702 infantia
3028 1663 3166 1703 mea
3192 1647 3521 1704 didiceram
3579 1648 3698 1704 cul-

2043 1734 2171 1786 tum
2203 1733 2455 1800 exercui,
2491 1732 2674 1790 ﬁdem
2701 1735 2953 1804 servavi,
2985 1736 3363 1809 propositum
3385 1737 3560 1808 gessi.
3594 1741 3698 1794 Re-

2043 1825 2160 1877 stat
2189 1837 2329 1891 ergo
2355 1823 2482 1893 jam
2513 1839 2696 1887 nunc,
2755 1829 2822 1880 ut
2871 1826 3206 1882 secundum
3258 1827 3693 1900 profanationis

2038 1915 2248 1966 vestrae
2274 1911 2474 1979 ritum,
2505 1917 2608 1970 aut
2638 1913 2840 1984 gladio
2865 1914 3101 1971 vindice
3123 1917 3359 1988 puniar,
3393 1922 3497 1974 aut
3520 1917 3568 1973 si
3602 1918 3694 1974 in-

2039 1999 2230 2054 ultum
2247 2000 2544 2071 praeterire
2570 2000 2798 2058 factum
2819 2002 3241 2073 hujuscemodi
3267 2009 3482 2076 potest,
3511 2006 3585 2060 de
3605 2021 3695 2061 re-

2036 2085 2201 2159 liquo
2228 2091 2351 2142 tota
2371 2104 2466 2143 me
2492 2088 2758 2146 libertate
2777 2090 2856 2146 ad
2881 2091 3312 2148 cohaerendum
3335 2093 3562 2149 Christo
3587 2096 3694 2150 Do-

2037 2175 2204 2231 mino
2227 2175 2254 2215 b
2284 2177 2682 2248 praetermitte.
2709 2202 2738 2228 ››

2109 2266 2160 2318 6.
2201 2266 2363 2320 Tunc
2378 2265 2855 2323 immanissimus
2874 2267 3093 2325 arbiter
3105 2269 3349 2340 virginis
3366 2270 3694 2325 assertione

2038 2368 2386 2424 succensus,
2419 2355 2680 2412 facturus
2703 2357 2778 2413 de
2810 2372 2881 2413 ea
2908 2358 3035 2428 regi
3062 2358 3433 2426 relationem,
3494 2374 3696 2428 ergas-

2037 2439 2172 2495 tulis
2195 2443 2934 2518 mancipavit,ingentique
2953 2445 3331 2502 vinculorum
3353 2462 3534 2502 onere
3551 2462 3692 2502 coa-

2035 2545 2097 2584 rc
2106 2529 2260 2585 tavit.
2279 2532 2471 2596 Quam
2489 2531 2605 2588 alio
2629 2532 2722 2587 die
2737 2550 2842 2606 per
2862 2533 3166 2589 decretum
3189 2533 3474 2607 principis
3491 2533 3692 2604 gladio

2038 2618 2366 2690 trucidans,
2393 2620 2704 2676 confestim
2742 2623 3018 2678 exanime
3067 2638 3288 2696 corpus
3332 2623 3462 2694 ejus
3498 2624 3696 2694 cujus-

2036 2706 2180 2762 dam
2199 2707 2515 2764 homicidte
2537 2709 2830 2781 patibulo,
2851 2711 2957 2783 qui
2975 2714 3114 2766 ante
3147 2726 3376 2784 paucos
3405 2710 3533 2767 dies
3569 2710 3696 2768 afﬁ-

2034 2813 2148 2852 xus
2178 2797 2392 2861 fuerat.
2423 2799 2616 2873 capite
2647 2798 2933 2856 deorsum
2953 2800 3243 2873 suspendi
3257 2799 3562 2874 praecipit;
3594 2816 3695 2856 cu-

2031 2886 2131 2957 jus
2151 2887 2397 2945 beatum
2423 2889 2681 2945 cadaver
2702 2904 2840 2945 cum
2866 2890 3092 2946 cmteris
3138 2889 3343 2946 furum
3380 2889 3691 2959 membris,

338 2979 390 3029 5.
433 2974 712 3031 Nonnulli
739 2975 966 3031 interea
997 2973 1307 3044 gentilium
1358 2974 1487 3045 ejus
1539 2973 1923 3071 explorant-es
1966 3016 2006 3071 Ο
2035 2976 2138 3047 qui
2160 2980 2300 3032 tunc
2330 2977 2409 3033 ob
2426 2977 2718 3048 ﬂagitium
2739 2978 3079 3051 interempti
3105 2983 3263 3048 sunt,
3310 2979 3539 3034 Baeticis
3586 2979 3695 3034 im-

263 3065 805 3131 conversationem,
838 3063 1227 3120 nihilominus
1245 3065 1416 3135 juxta
1445 3063 1708 3136 priorem
1757 3061 1927 3117 habi-

264 3161 395 3211 tum
412 3155 619 3211 Christi
643 3155 935 3210 famulam
959 3154 1340 3226 reperientes,
1362 3152 1517 3207 illico
1539 3152 1612 3207 de
1634 3167 1705 3207 ea
1717 3166 1925 3206 coram

264 3243 466 3315 judice
487 3248 765 3316 questum
786 3243 1117 3316 deponunt,
1150 3242 1375 3297 crimen
1408 3244 1703 3308 asserunt,
1729 3238 1927 3294 dolos-

273 3349 395 3406 que
422 3333 794 3405 praetendunt
820 3351 832 3401 ;
867 3338 922 3388 et
947 3337 1010 3387 ut
1040 3332 1184 3388 tanti
1216 3331 1444 3388 abusus
1471 3329 1928 3403 praesumptioni

273 3419 495 3475 vindex
526 3425 810 3491 occurrat,
843 3420 1112 3492 talesque
1143 3436 1328 3475 ausus
1353 3418 1528 3490 legali
1579 3418 1924 3475 auctoritate

265 3506 572 3580 percellat,
603 3509 897 3580 perversis
917 3507 1136 3578 linguis
1169 3507 1559 3564 contendunt.
1594 3508 1702 3573 Qui
1741 3507 1924 3580 proti-

262 3612 383 3652 nus
413 3596 747 3653 vehementi
773 3598 862 3653 ira
894 3601 1251 3664 commotus,
1285 3595 1568 3652 ferocium
1591 3596 1923 3654 truculento

263 3685 581 3743 satellitum
612 3686 937 3742 ministerio
965 3686 1086 3741 suis
1117 3702 1250 3741 eam
1283 3690 1578 3742 attrahere
1595 3685 1924 3759 conspecti-

261 3775 381 3831 bus
402 3775 644 3846 jubens,
672 3775 829 3831 illico
858 3775 1180 3831 exhibitam
1223 3775 1296 3830 de
1337 3779 1682 3847 contemptu
1730 3790 1924 3848 nuper

266 3864 464 3936 adepti
489 3865 686 3920 cultus
712 3865 1039 3936 redarguit,
1069 3866 1142 3920 de
1164 3864 1438 3934 neglectu
1463 3865 1744 3937 promissi
1766 3881 1923 3920 com-

268 3954 530 4010 minatur
549 3956 860 4028 propositi,
886 3960 941 4011 et
962 3972 1067 4010 cur
1085 3956 1226 4011 tanti
1257 3968 1279 3994 ιι
1306 3955 1455 4025 juris
1477 3954 1780 4009 decretum
1801 3972 1919 4010 non

262 4044 516 4100 reverita
569 4045 664 4105 sit.
725 4045 1050 4100 horrisonis
1098 4049 1482 4117 percontatur
1529 4043 1916 4098 clamoribus.

329 4201 356 4228 ι
388 4187 616 4242 Forsan
637 4187 884 4256 judicis.

2035 3079 2298 3120 mersum
2332 3065 2665 3135 gurgitibus
2688 3065 2922 3122 nullum
2955 3068 3246 3122 hactenus
3301 3066 3693 3138 comparendi

2034 3154 2351 3223 vestigium
2371 3153 2642 3226 praebuit.
2672 3154 2938 3210 Christus
2983 3157 3187 3210 autem
3213 3155 3366 3210 Deus
3397 3160 3453 3210 et
3495 3154 3691 3210 Domi-

2033 3261 2148 3301 nus
2162 3247 2383 3311 noster,
2415 3243 2521 3315 qui
2553 3248 2644 3299 est
2663 3243 2901 3314 adjutor
2917 3243 3270 3300 bellantium
3281 3249 3338 3300 et
3353 3249 3689 3316 martyrum

2035 3336 2372 3399 coronator,
2397 3331 2502 3404 qui
2527 3331 2632 3388 dat
2657 3331 2833 3387 lassis
2862 3333 3157 3396 virtutem,
3189 3349 3253 3389 se
3309 3349 3553 3405 quoque
3596 3349 3689 3390 re-

2033 3421 2310 3494 quirendi
2333 3421 2614 3476 all'ectum
2634 3421 3292 3493 insinuans,providam
3306 3421 3587 3495 pulsandi
3600 3422 3690 3493 ja-

2033 3527 2218 3566 nuam
2239 3508 2661 3565 misericordia:
2685 3525 2806 3563 suae
2829 3509 3055 3565 confert
3073 3509 3486 3581 intentionem,
3530 3510 3687 3566 mul-

2034 3599 2258 3656 timodo
2285 3615 2485 3654 rerum
2507 3597 2719 3654 effectu
2741 3597 3076 3654 secundum
3108 3598 3392 3672 placitam
3418 3598 3529 3654 sibi
3573 3599 3690 3655 dis-

2031 3689 2444 3762 pensationem
2459 3686 2792 3758 praescitam
2805 3692 2862 3743 et
2876 3687 3354 3760 praedestinatam
3369 3693 3504 3744 ante
3515 3704 3689 3744 mun-

2031 3778 2090 3832 di
2111 3776 2470 3850 principium
2493 3775 2568 3830 ad
2587 3791 2874 3831 coronam
2891 3776 3160 3847 martyrii
3181 3775 3472 3832 famulam
3508 3793 3684 3833 suam

2029 3867 2088 3923 in
2117 3883 2264 3938 pace
2295 3866 2575 3938 suscepit,
2602 3865 2705 3920 Cui
2727 3870 2815 3920 est
2831 3866 3027 3920 honor
3045 3869 3102 3920 et
3145 3864 3352 3934 gloria,
3392 3865 3579 3918 virtus
3627 3871 3684 3921 et

2029 3961 2291 4030 potestas
2310 3955 2368 4009 in
2394 3953 2611 4008 smcula
2629 3952 3005 4008 saeculorum.
3025 3959 3232 4008 Amen.
3280 3953 3574 4008 Coronata
3593 3957 3683 4009 est

2027 4045 2156 4101 hmo
2172 4044 2337 4112 virgo
2357 4059 2452 4097 xiv
2486 4041 2791 4097 Kalendas
2813 4041 3084 4112 Augusti,
3145 4057 3265 4098 aera
3306 4057 3430 4113 qua
3473 4056 3674 4112 supra.

2097 4187 2122 4225 ι»
2162 4184 2545 4242 Connivcndo
2577 4184 2774 4240 sinito.
2805 4186 3022 4241 Momm.
