4110 6190
450 208 554 261 819

1639 196 1703 249 ὃν
1722 188 2016 247 Ευιλοϐιι
2054 183 2380 241 ARCHIEP.
2420 181 2669 240 TOLET.

3768 177 3869 232 8‘20

453 300 3865 361 ww

1408 430 2079 554 SANG‘I‘I
2186 424 2919 546 EULOGII

1588 659 2008 700 ARCBIEPISCOPI
2047 655 2314 697 TOLETANI
2354 654 2416 692 ΒΤ
2458 651 2732 692 ΙίΔῐίΤὶΊυὸ

1135 821 2135 944 DQCUMENTUM
2246 812 3196 933 MART‘i'RIALE

1784 1109 2155 1169 ΕΡΙΒΤΟΙΛΕ
2194 1106 2531 1164 ΡΒΔΕἮΛΕ.

1954 1239 2364 1254 ὕ

997 1388 1266 1429 Βυιοοιυε
1304 1388 1546 1430 ΑιγΑιιο.

446 1482 633 1540 Mittit
660 1482 742 1539 ad
767 1482 1066 1538 Alvarum
1089 1480 1522 1536 Documentum
1544 1481 1905 1549 martyriale
1945 1478 2105 1549 quod

516 1552 850 1626 virginibus
863 1552 1061 1626 Flora:
1081 1557 1137 1608 et
1151 1550 1367 1626 Maria:
1380 1554 1727 1626 scripserat,
1746 1553 2103 1626 priusquam

519 1622 733 1706 eisdmn
768 1624 1080 1706 legendum
1111 1622 1396 1706 traderet,
1428 1622 1779 1706 Cﬁrg‘stiqna
1816 1623 2104 1706 modestia

520 1702 576 1753 et
601 1695 828 1766 insigni
856 1695 1395 1765 circumspectione,
1427 1700 1493 1749 ut
1542 1695 1602 1749 in
1652 1695 1771 1761 ﬁne
1827 1697 2103 1763 apparet,

522 1771 867 1824 commotus.

521 1871 886 1932 Charissimo
916 1870 1081 1928 fratri
1110 1885 1245 1928 meo
1277 1875 1511 1927 ALVARO
1554 1874 1849 1927 Euocws.

520 1981 786 2053 Semper,
841 1978 925 2034 mi
969 1977 1169 2047 frater,
1239 1976 1651 2035 recordatione
1723 1981 2105 2050 peccatorum

447 2087 725 2129 meorum
762 2072 1182 2145 compunctus,
1210 2066 1435 2126 luctum
1484 2085 1607 2126 non
1656 2068 1862 2125 amitto
1918 2068 2107 2141 quoti-

448 2159 700 2217 dianum
726 2178 740 2228 ;
772 2156 1064 2232 quoniam
1088 2174 1162 2213 ex
1180 2156 1474 2230 frequenti
1495 2174 1610 2213 usu
1620 2172 1744 2214 non
1764 2156 1932 2213 deest
1955 2174 1992 2213 a
2013 2173 2109 2212 me

445 2248 741 2323 peccandi
770 2248 1044 2305 affectus.
1081 2248 1268 2321 Super
1321 2246 1413 2303 his
1470 2263 1717 2320 quoque
1773 2247 2110 2303 vehementi

446 2338 703 2396 carceris
724 2352 981 2394 maerore
1004 2336 1330 2407 confectus,
1358 2351 1481 2392 non
1512 2337 1714 2392 minus
1765 2352 1837 2391 ex
1890 2336 2113 2407 impro-

445 2416 574 2484 viso
604 2426 849 2484 taedium
873 2425 1021 2482 mihi
1046 2425 1303 2482 occurrit
1326 2441 1398 2481 ex
1429 2440 1500 2482 eo
1525 2425 1620 2481 die
1652 2426 1729 2497 (l)
1751 2441 1873 2497 quo
1900 2440 1995 2479 me
2016 2426 2112 2479 Se-

447 2516 671 2573 renitas
713 2518 902 2572 vestra
931 2513 1295 2587 praemonuit
1312 2529 1389 2569 ne
1415 2530 1453 2569 a
1478 2512 1905 2584 gloriﬁcatione
1958 2512 2109 2567 mili-

453 2607 585 2658 tum
620 2600 834 2660 Christi
862 2600 1230 2671 desisterem,
1260 2617 1336 2657 ne
1361 2601 1621 2674 primam
1642 2602 1717 2657 de
1748 2601 1831 2657 eis
1874 2605 2109 2656 senten-

451 2690 599 2748 tiam
624 2704 827 2747 meam
856 2688 1083 2745 irritam
1130 2688 1390 2745 facerem
1446 2690 1544 2760 (2).
1589 2689 1738 2754 Quia
1792 2694 2111 2762 propterea

450 2776 618 2853 quod
647 2774 731 2834 illi
764 2777 1007 2835 viriliter
1035 2775 1278 2833 inimico
1303 2777 1544 2849 justiﬁes
1572 2778 1927 2845 restiterunt,
1982 2794 2111 2833 cru-

451 2862 666 2923 delitas
696 2880 808 2923 nos
838 2864 1079 2941 tyranni
1097 2865 1495 2923 carceralibus
1512 2865 1879 2937 mancipavit
1900 2882 2112 2922 terum-

449 2952 564 3024 nis,
588 2953 807 3011 nostris
833 2954 1184 3027 deputando
1234 2954 1645 3025 hortamentis,
1700 2955 1865 3026 quod
1916 2955 1978 3010 in
2009 2972 2111 3011 eos

452 3041 738 3100 divinitus
767 3043 1129 3119 inspiratum
1170 3046 1277 3100 est.
1313 3042 1491 3109 Quasi
1526 3041 1726 3100 futura
1777 3042 1928 3100 foret
1984 3044 2111 3100 haec

450 3130 629 3188 nobis
654 3133 889 3191 occasio
910 3131 1101 3191 facilis
1133 3130 1512 3203 vituperandi
1536 3131 1723 3205 (quod
1751 3132 1927 3204 absit)
1956 3149 2111 3206 quos

450 3218 595 3277 olim
623 3220 1039 3290 laudaveram,
1065 3219 1527 3293 laudandosque
1551 3218 1737 3276 verbo
1759 3224 1814 3275 et
1835 3221 1989 3294 stylo
2011 3238 2107 3277 ex-

448 3307 724 3366 tuleram.
755 3313 884 3377 Qua
911 3310 986 3367 de
1016 3326 1078 3365 re
1109 3313 1353 3366 coactus
1412 3326 1548 3365 sum
1597 3307 1777 3381 hujus
1839 3311 2111 3384 Opusculi

448 3394 720 3453 laborem
746 3397 1013 3469 aggredi,
1042 3398 1209 3470 quod
1233 3396 1382 3453 forte
1409 3401 1466 3453 et
1492 3401 1708 3452 nostrae
1750 3399 2112 3456 credulitatis

450 3483 528 3538 de
552 3483 797 3547 victoria
822 3501 1033 3541 eorum
1071 3484 1283 3541 futuris
1304 3484 1790 3554 generationibus
1840 3487 2113 3544 redderet

452 3569 883 3641 testimonium,
916 3576 974 3629 et
1000 3570 1126 3627 istis
1169 3571 1503 3641 virginibus
1552 3576 1795 3644 propter
1852 3576 2111 3632 veritatis

449 3657 888 3732 professionem
930 3660 1249 3717 nobiscum
1295 3659 1610 3731 devinctis,
1666 3662 1791 3733 spei
1849 3664 2111 3720 certandi

451 3745 746 3819 praaberet
776 3747 1232 3806 adminiculum.
1259 3748 1430 3815 Quod
1447 3764 1559 3819 ego
1578 3765 1687 3822 pro
1710 3749 1954 3807 arbitrio
1978 3768 2112 3808 meo

449 3850 819 3895 nocuueuruu
851 3854 1116 3895 uaarvau
1139 3837 1363 3894 credidi
1416 3837 1867 3912 appellandum.
1920 3843 2111 3898 Tuum

448 3927 539 3981 est
566 3929 790 3999 autem,
825 3927 1008 3985 frater
1028 3926 1401 3999 charissime,
1433 3926 1573 3983 huic
1593 3926 1881 3983 volumini
1904 3934 2109 3986 aucto-

2133 1370 2181 1422 A
2213 1365 2521 1440 sapientia:
2548 1365 2649 1421 Dei
2677 1380 2715 1421 a
2734 1364 2910 1419 docto
2940 1360 3141 1418 scriba
3169 1374 3329 1416 nova
3354 1363 3412 1415 et
3434 1359 3619 1414 veteri
3666 1375 3865 1416 recon-

2212 1455 2434 1511 ditione
2454 1454 2755 1526 prolatum
2775 1456 2886 1515 est,
2910 1451 3023 1507 alte
3047 1448 3462 1522 profundeque
3486 1453 3683 1503 totum
3701 1449 3867 1505 rima-

2214 1545 2291 1611 vi,
2320 1543 2584 1615 nihilque
2610 1542 2886 1611 dignum,
2914 1538 3081 1613 quod
3111 1542 3275 1594 tanto
3304 1536 3705 1608 rependerem
3732 1553 3863 1609 ope-

2213 1632 2280 1699 ri,
2308 1632 2367 1687 in
2396 1630 2746 1688 tenuissimo
2766 1633 3005 1701 pectore
3027 1625 3308 1700 pauperis
3333 1625 3417 1680 tui
3464 1625 3687 1681 inveni.
3733 1628 3860 1681 Vere

2216 1722 2293 1778 ad
2309 1721 2494 1777 instar
2511 1721 2668 1776 illius
2684 1719 2908 1792 Joseph
2924 1716 3297 1774 reconditum
3322 1714 3583 1771 triticum
3606 1720 3855 1787 tempore

2215 1810 2578 1867 necessitatis
2604 1809 2941 1881 dispensus,
2983 1811 3041 1863 et
3080 1806 3241 1862 fame
3285 1803 3411 1860 veri
3457 1803 3846 1860 laborantibus

2217 1898 2514 1956 alimonite
2543 1898 2766 1955 victum
2798 1895 3137 1970 impertiris,
3168 1898 3349 1966 atque
3403 1892 3573 1965 adipe
3615 1890 3839 1964 spiritali

2218 1988 2387 2045 arida
2418 1987 2601 2043 corda
2626 1986 2992 2059 pinguescis.
3025 1982 3326 2055 Quidquid
3359 1982 3517 2039 enim
3545 1980 3616 2035 de
3638 1980 3842 2035 sanctis

2221 2076 2534 2150 Scriptura
2556 2075 2820 2131 fontibus
2842 2091 2876 2130 a
2895 2088 3207 2147 quoquam
3225 2071 3419 2143 potuit
3440 2085 3705 2143 unquam
3716 2069 3855 2124 hau-

2219 2165 2335 2226 riri,
2372 2181 2408 2220 a
2429 2169 2482 2221 te
2511 2168 2912 2237 assumptum,
2942 2162 3286 2217 discussum
3316 2163 3422 2226 est,
3472 2165 3651 2231 atque
3703 2156 3854 2226 dige-

2221 2258 2397 2309 stum.
2426 2257 2489 2310 Et
2513 2253 2691 2325 plane
2720 2252 2894 2308 nobis
2916 2250 3201 2307 omnibus
3231 2249 3460 2321 aliquid
3507 2248 3718 2304 mutire
3761 2261 3857 2301 vo-

2220 2342 2476 2399 lentibus
2499 2342 2798 2398 silentium
2828 2340 3111 2413 deinceps
3141 2343 3343 2394 manet
3364 2335 3859 2410 impositum.Elo-

2220 2436 2471 2504 quenter
2494 2447 2781 2504 namque,
2813 2434 2992 2503 atque
3024 2426 3336 2501 splendide
3357 2433 3667 2483 oratorum
3685 2440 3856 2491 more,

2220 2520 2343 2576 imo
2363 2520 2717 2577 scholastica
2737 2519 3067 2576 eruditione
3089 2521 3278 2574 totum
3304 2532 3460 2589 opus
3486 2516 3795 2587 digestum,
3810 2519 3859 2569 et

2222 2609 2490 2664 humana
2516 2609 2733 2680 pariter
2762 2624 2831 2663 ac
2860 2606 3065 2663 divina
3087 2606 3476 2662 instructione
3526 2604 3856 2677 perfectum,

2152 2726 2193 2781 Β
2224 2711 2345 2752 non
2376 2695 2752 2752 discussione
2782 2695 3027 2766 indiget,
3059 2693 3167 2750 sed
3196 2693 3391 2765 potius
3420 2692 3655 2749 laudari
3682 2690 3857 2781 inqui-

2221 2784 2313 2841 rit.
2346 2787 2459 2839 Nec
2481 2788 2741 2853 egestate
2768 2782 3181 2841 laborantibus
3218 2782 3477 2838 scientius
3508 2782 3760 2855 seipsum
3781 2778 3859 2834 di-

2222 2872 2594 2928 scutiendum
2623 2873 2955 2941 committit,
2979 2873 3083 2926 sed
3112 2871 3172 2927 in
3204 2870 3388 2928 corda
3416 2871 3495 2943 (l)
3550 2869 3854 2926 infularum

2221 2961 2533 3033 praeconiis
2546 2961 2753 3031 digna,
2767 2965 2824 3016 et
2834 2960 3115 3016 virtutum
3136 2958 3314 3016 laude
3334 2960 3363 3000 δ
3391 2960 3727 3015 cothurnata
3740 2956 3850 3011 alto

2223 3066 2284 3105 se
2310 3050 2715 3106 extollendum
2752 3049 2937 3107 boatu
2984 3048 3265 3105 infundit.
3313 3048 3475 3114 Quod
3536 3061 3662 3101 vero
3716 3058 3843 3098 meo

2223 3139 2412 3211 (quod
2434 3156 2592 3212 sazpe
2616 3139 2905 3212 probasti)
2932 3138 3177 3194 scientia
3193 3153 3382 3207 egeno
3399 3135 3609 3208 judicio
3626 3139 3835 3189 tantum

2221 3228 2514 3299 fulgorem
2546 3229 2886 3289 committis,
2917 3228 3053 3283 licet
3082 3227 3397 3283 humilitati
3428 3224 3591 3281 vobis
3638 3236 3840 3291 conge-

2220 3318 2357 3374 nitm
2384 3319 2497 3375 hoc
2527 3324 2737 3375 notum
2795 3318 2868 3373 sit
2889 3317 3224 3387 assignari;
3286 3321 3487 3372 tamen
3538 3312 3852 3371 cavendum

2220 3414 2331 3478 est,
2364 3424 2437 3463 ne
2466 3408 2662 3478 fulgor
2692 3408 2952 3463 materies
2984 3411 3041 3463 et
3069 3406 3330 3463 auctoris
3366 3405 3646 3478 splendor
3697 3402 3857 3458 furvo

2221 3498 2516 3552 inticiatur
2545 3498 2809 3552 horrore.
2844 3498 3173 3552 Prtesertim
3201 3495 3346 3569 quia
3374 3495 3633 3552 tenebrat
3675 3493 3859 3549 discu-

2223 3586 2447 3642 tiuntur
2477 3603 2513 3641 a
2540 3586 2691 3654 luce,
2715 3591 2770 3642 et
2801 3586 3047 3642 horrida
3077 3600 3315 3657 semper
3335 3584 3530 3655 caligo
3559 3582 3861 3658 splendore

2221 3674 2460 3744 fugatur
2491 3674 2767 3745 nubium,
2792 3691 2947 3747 quas
2970 3675 3195 3730 densas
3231 3673 3583 3743 grassedine
3629 3687 3865 3729 aureum

2218 3763 2400 3835 jubar
2430 3770 2681 3821 serenat.
2714 3768 2826 3821 Nec
2859 3770 3230 3837 compertum
3262 3769 3371 3829 est,
3407 3769 3470 3819 ut
3494 3762 3625 3819 vice
3655 3768 3868 3819 contra-

2222 3852 2311 3909 ria
2339 3852 2660 3910 discutiant
2690 3853 2946 3910 tenebrae
2968 3852 3185 3921 lucem,
3220 3857 3325 3908 aut
3350 3851 3585 3907 densus
3621 3867 3721 3908 aer
3769 3864 3868 3905 suo

2226 3941 2449 3997 subdat
2472 3942 2698 4013 judicio
2729 3942 2942 3999 solem.
2974 3946 3092 4012 Ego
3121 3958 3285 4011 vero,
3318 3942 3400 3997 mi
3429 3941 3700 4007 domine,
3732 3955 3870 4012 opu-

448 4014 946 4126 ritatemjfioflaf?
972 4018 1157 4126 ifilli?
1176 4017 1537 4126 Prilisquazm
1560 4018 1910 4126 θᾶνξιηξξίοξηι
1936 4020 2110 4126 νξΐὲξί·
2151 4072 2195 4126 c
2226 4030 2459 4086 sculum
2494 4033 2591 4088 Dei
2620 4031 2875 4088 Ecclesia
2901 4032 3175 4102 dignum,
3208 4034 3264 4087 et
3318 4031 3547 4086 Christo
3591 4029 3786 4103 opiﬁci
3825 4032 3873 4083 et

448 4118 600 4160 num
632 4104 822 4163 adiret
836 4107 1101 4177 obtutus,
1129 4111 1230 4163 tuo
1252 4106 1480 4164 elimari
1502 4124 1640 4162 eum
1658 4107 1885 4178 judicio
1906 4108 2067 4164 volui
2093 4129 2106 4177 ;

2225 4122 2562 4177 coronatori
2584 4126 2920 4193 martyrum
2954 4121 3010 4175 in
3042 4119 3372 4193 primordio
3404 4119 3493 4173 sui
3524 4121 3727 4177 votiva
3758 4134 3873 4173 cor-

445 4206 525 4249 ne
553 4192 704 4251 forte
734 4211 934 4253 errore
962 4196 1302 4253 nescientise
1324 4197 1387 4252 in
1418 4196 1721 4268 aliquibus
1749 4203 2107 4269 repugnaret

2223 4209 2318 4264 dis
2340 4208 2642 4265 oblatione
2674 4192 2975 4265 sacratum
3001 4225 3120 4266 non
3151 4210 3419 4264 humano
3447 4209 3653 4265 audeo
3673 4206 3871 4263 subde-

447 4280 744 4340 catholico
781 4284 1071 4355 dogmati.
1109 4286 1229 4341 Ave
1258 4285 1319 4341 in
1367 4284 1620 4341 Domino
1668 4287 1805 4341 Jesu
1859 4287 2110 4357 Christo,

443 4365 630 4427 frater
671 4372 1039 4431 charissima.

1008 4496 1264 4538 ALVARUS
1313 4495 1550 4537 EULOGIO

442 4577 685 4663 Laudat
714 4600 861 4663 opus
882 4584 964 4663 a_d
992 4600 1053 4642 se
1071 4584 1338 4663 missum,
1371 4588 1426 4639 et
1440 4580 1742 4663 judicium
1766 4582 1838 4663 de
1853 4598 1917 4663 eo
1934 4585 2111 4663 ferre

517 4657 980 4785 ttumtngodestiae
1001 4670 1206 4724 causa,
1241 4660 1366 4711 tum
1385 4656 1582 4723 operis
1621 4656 1979 4723 praestantia
2017 4659 2110 4714 de-

546 4745 644 4786 rec
673 4744 710 4786 a
745 4770 758 4783 .

546 4745 758 4786 rectat.

516 4834 909 4891 Luminosum
934 4834 1113 4891 vestri
1143 4835 1339 4908 operis
1372 4836 1808 4890 Documentum
1867 4851 1937 4890 ex
1992 4836 2107 4892 illis

440 4934 470 4964 ι
498 4921 916 4991 Orientalibus,
932 4921 1008 4977 de
1027 4922 1250 4994 quibus
1268 4923 1501 4994 legitur,
1520 4922 1717 4996 pomis
1742 4922 1914 4981 valde
1930 4924 2108 4981 bonis

444 5007 746 5078 eleganter
760 5008 1097 5079 collectum,
1124 5016 1302 5084 atque
1332 5028 1404 5069 ex
1425 5012 1705 5068 vitalibus
1726 5014 1940 5076 succis,
1963 5018 2016 5071 et
2035 5032 2106 5071 ex

443 5097 790 5172 quadriﬁda
813 5098 975 5155 fonte
1004 5099 1287 5156 virtutum
1318 5117 1575 5174 operosa
1596 5106 1721 5157 arte
1743 5100 2102 5173 confectum,

438 5186 614 5259 juxta
643 5186 1030 5257 congenitum
1052 5186 1383 5244 litterarum
1411 5189 1675 5245 studium
1692 5188 1840 5242 mihi
1856 5188 2101 5260 perlegi,

442 5280 640 5333 etnon
670 5275 1066 5343 discutienda,
1099 5275 1204 5331 sed
1232 5276 1611 5343 admirando,
1647 5281 1869 5332 textum
1925 5277 2102 5335 totius

439 5363 716 5436 opusculi
748 5363 1070 5421 laudabilis
1090 5365 1381 5437 percurri.
1418 5368 1485 5421 Et
1509 5363 1675 5436 quod
1696 5379 1768 5419 ex
1822 5363 2101 5424 thesauro

508 5521 531 5548 α
561 5505 782 5581 Alludit
812 5508 892 5564 ad
940 5506 1205 5581 paradisi
1262 5507 1552 5563 terrestris
1610 5507 2093 5580 descriptionem,

436 5594 573 5653 quas
605 5580 745 5653 Gen.
780 5578 1012 5653 cap_._i_1,
1045 5578 1320 5653 habetur.
1354 5582 1574 5653 Monac.

506 5651 534 5693 δ
562 5650 727 5711 Elata
740 5656 798 5711 et
817 5650 1117 5710 sublimia.
1137 5652 1331 5711 Poeta;
1352 5666 1522 5711 more
1540 5650 1825 5722 loquitur,
1852 5656 2094 5726 sumpta

2221 4313 2283 4353 re
2306 4297 2554 4369 judicio,
2588 4298 2753 4371 quod
2787 4302 3014 4354 certum
3045 4298 3183 4354 novi
3232 4297 3634 4370 inspiratione
3681 4297 3873 4353 divina

2221 4401 2293 4442 ex
2314 4402 2535 4443 arcano
2564 4387 2822 4459 pectoris
2853 4388 3026 4443 vestri
3048 4386 3370 4459 prolatum.
3428 4388 3493 4441 Et
3549 4387 3694 4442 ideo
3735 4385 3873 4440 sicut

2219 4490 2327 4547 per
2356 4492 2462 4531 vos
2496 4478 2723 4548 Spritus
2746 4482 2989 4533 sanctus
3009 4476 3245 4533 locutus
3270 4480 3381 4545 est,
3414 4476 3495 4531 ita
3523 4480 3590 4532 et
3638 4488 3867 4540 nomen,

2219 4564 2384 4637 quod
2409 4564 2535 4636 ipse
2562 4571 2767 4620 auctor
2796 4564 3096 4621 bonorum
3123 4563 3539 4634 consensione,
3566 4565 3694 4621 imo
3740 4562 3870 4618 elec-

2221 4654 2377 4709 tione
2409 4659 2602 4710 vestra
2629 4654 2917 4727 imposuit
2945 4655 3016 4717 ei,
3052 4660 3115 4709 ut
3143 4653 3483 4726 perenniter
3523 4651 3771 4720 haereat,
3820 4654 3870 4705 et

2218 4748 2506 4816 perpetua
2532 4744 2825 4801 memoria
2857 4744 3069 4815 vigeat,
3124 4751 3329 4799 nostra
3374 4758 3565 4815 quam
3619 4738 3868 4799 consulis

2218 4832 2510 4905 pusillitas
2550 4833 2724 4888 videt.
2762 4833 2995 4905 Raptim
3024 4832 3364 4904 cursimque
3395 4831 3603 4904 ipsum
3627 4846 3870 4904 opuscu-

2214 4922 2343 4978 lum
2371 4922 2507 4993 legi,
2536 4922 2642 4979 sed
2666 4922 2743 4979 ad
2774 4923 3222 4978 rescribendum
3250 4921 3396 4977 illud
3426 4921 3682 4977 retinere
3704 4919 3867 4975 dubi-

2216 5013 2353 5079 tavi,
2386 5029 2457 5067 ne
2488 5012 2633 5067 forte
2662 5012 2975 5084 culpabilis
3012 5017 3203 5066 vestro
3233 5010 3479 5065 fuissem
3510 5011 3728 5066 amori.
3781 5011 3868 5063 Pe-

2217 5106 2275 5157 to
2302 5106 2523 5167 autem,
2552 5106 2610 5156 ut
2634 5100 2694 5155 in
2722 5100 2839 5156 alio
2859 5099 3252 5173 quaternione
3279 5098 3560 5171 apertiori
3590 5113 3784 5154 manu
3812 5095 3868 5149 il-

2211 5191 2286 5247 lis
2320 5190 2627 5247 sororibus
2651 5191 2966 5256 scribatur,
2998 5196 3055 5247 et
3082 5189 3239 5247 istud
3272 5190 3351 5245 ad
3382 5205 3476 5244 me
3507 5204 3621 5260 pro
3667 5186 3866 5243 rescri—

2213 5279 2413 5336 bendo
2444 5279 2644 5335 denuo
2674 5295 2735 5335 re
2746 5284 3020 5336 vertatur.

2210 5511 2500 5567 audacius
2533 5530 2601 5567 ex
2637 5511 2997 5575 tragicorum
3018 5510 3227 5565 habitu
3257 5510 3629 5581 metaphora,
3654 5506 3860 5579 quieo-

2209 5583 2437 5638 thm'nis
2462 5583 2747 5639 sublimes
2767 5581 3187 5640 efferebantur.
3214 5581 3290 5637 lo.
