4140 6188
273 164 366 217 III

1490 166 1965 224 DOCUIENTUI
2002 168 2472 229 MARTYRIALE.

3572 158 3677 235 ssi

1761 290 3668 321 ————l-——___—‘_—_-—____——

1708 465 1762 505 IN
1801 465 2006 507 NOMINE
2047 468 2233 511 DOIHNI

846 588 1244 743 INCIPIT
1300 591 1616 743 LIBER
1676 602 1712 645 ⁸
1770 591 2473 752 IllIIIIJMIINTIIM
2565 598 3091 753 MARTIIIII

1147 834 1717 942 EULOGII
1849 838 2790 972 PRESBYTERI,

251 1064 458 1143 Quod
486 1065 555 1131 in
587 1082 856 1131 carcere
880 1063 1132 1151 positus
1157 1065 1532 1154 virginibus
1576 1066 1823 1135 Christi
1859 1067 2098 1138 FLORE
2132 1084 2192 1138 et
2232 1072 2470 1141 Manus
2508 1074 2856 1163 ergastulo
2895 1076 3300 1165 mancipatis
3340 1075 3582 1147 dicavit
3605 1080 3664 1144 δ.

867 1260 1288 1318 PROOEMIUM.

320 1347 434 1413 Qui
461 1346 646 1419 copiis
678 1362 899 1416 rerum,
934 1353 990 1403 et
1013 1348 1331 1421 multiplici
1358 1356 1597 1422 quaestu
1627 1350 1911 1423 pecunia-

234 1453 384 1493 rum
409 1436 764 1503 exuberant,
790 1437 1089 1510 quidquid
1140 1438 1203 1494 in
1234 1438 1415 1494 rebus
1463 1440 1708 1496 terrenis
1762 1440 1907 1496 atie-

235 1530 428 1593 ctant,
464 1524 633 1581 facile
658 1531 1127 1598 consequuntur.
1155 1527 1267 1583 Sed
1290 1528 1480 1582 multo
1510 1528 1676 1585 aliter
1700 1533 1788 1584 est
1807 1544 1905 1601 pe-

236 1614 424 1671 nuria
449 1618 506 1670 et
533 1614 692 1671 fame
716 1614 961 1684 vexatis,
985 1614 1087 1687 qui
1110 1614 1210 1669 vix
1229 1615 1650 1687 quotidianum
1681 1616 1906 1674 victum

234 1719 503 1777 Operose
532 1703 749 1759 sudore
779 1707 1121 1777 capessunt.
1144 1704 1318 1760 Dives
1346 1705 1507 1760 enim
1539 1705 1822 1776 cogitavit
1850 1711 1906 1763 et

237 1793 414 1861 fecit;
442 1808 675 1865 pauper
703 1791 1025 1863 cogitando
1046 1792 1278 1849 defecit.
1324 1796 1424 1850 Ast
1441 1809 1553 1863 ego
1586 1794 1698 1850 illis
1726 1794 1903 1865 longe

236 1881 491 1939 inferior
515 1886 775 1951 egestate
820 1882 1076 1937 scientiae
1118 1882 1553 1951 laborantibus,
1585 1887 1642 1940 et
1669 1899 1901 1954 eorum,

238 1971 352 2044 qui
380 1971 596 2041 exigua
644 1970 975 2026 litterarum
1030 1970 1317 2043 parcitate
1347 1971 1588 2028 subnixi
1628 1976 1785 2041 sunt,
1818 1972 1903 2028 ni-

236 2060 440 2116 mium
470 2058 732 2130 ultimus,
756 2059 871 2115 hoc
901 2076 1053 2132 opus
1084 2058 1320 2131 abjecto
1345 2061 1487 2116 satis
1513 2060 1601 2131 (ut
1629 2060 1712 2116 ita
1736 2059 1898 2116 dixe-

235 2148 384 2211 rim)
417 2147 569 2220 stylo
591 2163 891 2220 sensuque
921 2148 1240 2218 digestum,
1275 2164 1347 2204 ex
1364 2164 1434 2205 eo
1455 2150 1894 2205 Documentum

237 2240 531 2307 martyrii
559 2236 875 2309 appellavi,
903 2254 976 2292 ex
1004 2252 1125 2309 quo
1155 2237 1562 2310 quorumdam
1594 2238 1895 2308 virginum

242 2327 489 2381 animos
515 2340 750 2382 reorum
774 2327 1257 2398 mancipatarum
1286 2326 1489 2398 specui
1520 2326 1599 2382 ad
1620 2341 1897 2382 consum-

235 2414 538 2471 mandum
570 2430 815 2470 cursum
838 2414 1179 2471 certaminis
1204 2414 1422 2481 imbui;
1450 2431 1556 2471 seu
1587 2414 1731 2487 quia
1761 2428 1895 2487 pro—

230 2505 506 2560 futurum
547 2503 669 2560 fore
704 2503 930 2560 ceteris
963 2503 1106 2560 talia
1145 2503 1596 2577 exquirentibus
1647 2503 1890 2559 credidi.

226 2597 363 2649 Non
393 2593 573 2663 igitur
599 2591 898 2649 facundiae
929 2593 1117 2649 nitore
1138 2608 1275 2665 quae
1298 2592 1444 2648 mihi
1470 2591 1697 2665 oppido
1728 2591 1895 2649 deest

224 2683 551 2739 materiam
577 2681 711 2738 libri
735 2681 1025 2749 succinxi,
1055 2697 1179 2737 non
1212 2681 1478 2754 leporem
1506 2682 1742 2737 venusti
1770 2697 1891 2737 ser-

226 2771 435 2827 monis
466 2771 527 2826 in
557 2770 952 2827 exstructione
973 2770 1102 2842 ejus
1131 2770 1357 2826 intendi
1382 2788 1395 2839 ;
1447 2770 1552 2826 sed
1580 2770 1891 2843 quomodo

222 2876 340 2934 per
364 2860 552 2932 hujus
573 2860 950 2916 instrumenti
972 2860 1251 2916 virtutem
1274 2859 1461 2915 Deum
1481 2874 1724 2932 possem
1748 2875 1887 2932 pro-

221 2950 450 3023 pitiari,
481 2966 739 3023 meoque
760 2966 855 3005 me
887 2955 1056 3005 reatu
1082 2948 1394 3005 absolvere
1416 2949 1730 3021 [quoniam
1751 2949 1890 3003 scri-

221 3043 402 3113 ptum
434 3045 560 3095 est:
595 3040 710 3107 Qui
737 3039 1003 3095 converti
1025 3039 1238 3109 fecerit
1260 3043 1655 3107 peccatorem,
1689 3037 1888 3093 salvat

221 3130 494 3185 animam
549 3131 700 3199 ejus,
752 3132 807 3183 et
851 3143 1095 3183 suorum
1138 3127 1398 3197 cooperit
1442 3126 1885 3183 multitudinem

219 3224 608 3287 peccatorum
638 3219 791 3290 (Jac.
824 3234 876 3283 γ,
932 3218 1045 3285 20).
1084 3219 1149 3272 Et
1174 3215 1423 3272 iterum:
1459 3214 1573 3281 Qui
1610 3216 1691 3271 ad
1708 3216 1888 3284 justi-

229 3308 378 3361 tiam
410 3308 688 3362 erudiunt
730 3308 968 3373 multos,
1019 3304 1343 3377 fulgebunt
1394 3307 1548 3360 sicut
1596 3303 1786 3359 stella:
1824 3304 1885 3359 in

218 3400 552 3463 perpetuas
581 3396 937 3452 aeternitate:
958 3396 1293 3465 (Dan.xu,5
1317 3405 1355 3464 ε]
1378 3393 1518 3448 inde
1547 3393 1661 3448 hoc
1697 3405 1885 3463 proce-

220 3482 423 3539 mium
456 3486 511 3538 et
539 3484 928 3556 praesentibus
959 3487 1015 3539 et
1053 3482 1265 3539 futuris
1301 3497 1545 3556 precem
1592 3479 1882 3536 humilem

215 3571 412 3628 defert
441 3570 781 3643 lectoribus,
831 3578 896 3628 ut
922 3571 1177 3645 simplici
1223 3573 1502 3628 studeant
1539 3584 1883 3643 percurrere

220 3662 453 3733 animo,
469 3662 637 3735 quod
669 3662 926 3735 simplex
954 3660 1251 3734 depromit
1281 3661 1489 3728 oratio,
1511 3659 1882 3733 simplexque

220 3750 469 3807 dictavit
491 3752 763 3808 intentio.
795 3754 860 3806 Et
891 3750 936 3806 si
968 3749 1245 3807 fortassis
1293 3750 1352 3805 in
1384 3749 1687 3822 aliquibus
1718 3763 1881 3805 sanae

221 3839 506 3897 doctrinae
566 3841 928 3896 sententiam
977 3855 1178 3896 meam
1226 3839 1465 3895 obstare
1531 3837 1877 3910 repererint,

1942 1271 1987 1320 A
2021 1267 2113 1321 vel
2161 1269 2307 1341 quia
2334 1268 2548 1326 fecisse
2602 1285 2710 1327 vos
2739 1285 2965 1342 magna
2991 1275 3050 1327 et
3102 1270 3435 1331 laudabilia
3471 1273 3670 1331 verbis

1924 2620 1964 2675 Β

221 3928 555 3985 nescientiae
600 3928 684 3993 id,
745 3944 864 3984 non
911 3927 1249 3984 voluntario
1304 3927 1488 3983 errori
1539 3925 1876 3993 ascribant;
1909 3972 1951 4026 Ο

218 4018 556 4090 meliusque
605 4019 989 4074 emendando
1039 4018 1409 4087 indulgeant,
1456 4030 1644 4089 quam
1691 4028 1879 4086 repre-

213 4105 542 4161 hendendo
574 4105 1063 4176 derogationibus
1084 4111 1323 4174 vacent;
1348 4105 1495 4178 quia
1523 4118 1646 4159 non
1669 4102 1780 4158 erit
1800 4100 1879 4157 ad

210 4195 410 4268 culpze
466 4211 612 4252 meae
657 4195 892 4252 titulum
944 4211 1149 4253 coram
1198 4194 1452 4251 Domino
1494 4191 1877 4249 referendum

210 4286 468 4356 crimen,
491 4285 660 4359 quod
688 4302 812 4344 non
832 4291 920 4343 est
951 4286 1224 4343 ultronea
1252 4286 1429 4359 lapsu
1453 4283 1872 4341 commissum.

207 4408 488 4449 numerus
565 4409 774 4449 saevus
846 4409 1065 4450 cumsri
1132 4393 1232 4466 (ι)
1300 4409 1608 4449 vmcmaus
1681 4405 1876 4447 sacms

284 4481 481 4521 FLORJE
557 4481 620 4521 ΕΤ
705 4481 885 4523 ΠΑΒΙΛΕ
963 4480 1210 4523 CARCERB
1293 4479 1618 4521 COMPEDITIS
1705 4477 1873 4518 SALU-

284 4552 394 4592 TEX
403 4576 415 4588 .

290 4648 341 4696 t.
393 4642 653 4699 Parvum
695 4642 811 4699 hoc
865 4658 1020 4715 opus
1077 4643 1452 4699 instructioni
1506 4645 1742 4709 vestras,
1809 4642 1875 4694 ut

208 4744 375 4796 reor,
406 4733 830 4800 necessarium,
887 4737 1107 4789 sanctae
1133 4732 1195 4788 in
1252 4731 1504 4788 Domino
1546 4733 1682 4787 Jesu
1709 4732 1872 4791 Chri-

212 4821 316 4873 sto
342 4834 598 4888 sorores,
652 4837 851 4894 operee
899 4821 1157 4895 pretium
1212 4820 1470 4877 condere
1498 4820 1660 4876 visus
1712 4837 1869 4890 sum,

208 4907 387 4980 quod
414 4911 530 4967 Deo
552 4910 784 4967 fautore
814 4911 988 4967 vobis
1016 4911 1118 4967 ﬁet
1146 4911 1507 4983 proﬁcuum,
1531 4909 1801 4982 mihique
1816 4916 1873 4966 et

204 5012 376 5054 nunc
397 5005 453 5055 et
481 5000 543 5056 in
574 5000 775 5057 futuro
803 5000 1078 5057 examine
1108 5006 1311 5070 surget
1339 5000 1399 5056 in
1429 4999 1864 5068 testimonium;

202 5087 302 5144 vel
329 5088 479 5160 quia
507 5088 698 5163 ipsius
742 5089 923 5152 dono,
972 5094 1027 5146 et
1066 5090 1253 5146 sancti
1296 5088 1688 5146 illustratione
1738 5089 1865 5161 Spi-

203 5177 357 5233 ritus
412 5194 710 5248 organum
770 5178 990 5249 linguas
1044 5194 1190 5235 meae
1243 5179 1543 5251 praeconio
1604 5178 1864 5235 veritatis

202 5266 425 5339 repleri
454 5268 695 5324 conﬁdo
723 5286 735 5323 :
763 5267 856 5323 vel
885 5269 1030 5340 quia
1080 5273 1345 5340 cceptum
1373 5267 1697 5324 voluminis
1751 5268 1862 5323 hu-

196 5356 303 5425 jus
334 5356 609 5413 laborem
647 5357 726 5413 ab
754 5373 826 5413 eo
864 5362 919 5413 et
948 5357 1234 5430 perﬁciet
1262 5357 1621 5413 sanctiﬁcari
1650 5371 1860 5428 spero;

272 5495 296 5521 α
330 5482 605 5539 serimus
632 5482 787 5539 circa
813 5481 998 5538 ﬁnem
1026 5483 1287 5539 octobris
1317 5481 1457 5539 anni
1490 5485 1616 5537 851.

273 5554 302 5626 β
333 5550 588 5626 Titulos,
621 5552 723 5625 qui
743 5554 804 5610 in
833 5553 1158 5626 exemplari
1196 5552 1452 5619 fuerant,
1486 5565 1698 5608 omnes
1725 5550 1860 5608 reli-

198 5625 475 5699 quimus.
506 5625 722 5680 Μοιω..

1894 5326 1939 5380 D

2018 1356 2300 1427 praedico,
2348 1358 2625 1415 sensibus
2682 1359 2967 1427 admiror,
3016 1359 3223 1416 litteris
3265 1359 3469 1432 effero,
3496 1378 3670 1436 supe-

2016 1460 2180 1501 rasse
2210 1461 2317 1501 vos
2343 1446 2527 1514 viros,
2578 1464 2893 1520 superasse
2942 1447 3188 1507 clericos
3217 1448 3427 1507 fateor.
3464 1453 3670 1509 Exces-

2018 1532 2093 1588 sit
2146 1533 2330 1590 virtus
2383 1539 2575 1592 vestra
2610 1536 2900 1608 praeclara
2928 1541 3328 1595 monumenta
3379 1538 3667 1604 virorum,

2015 1621 2072 1673 et
2098 1616 2162 1673 in
2206 1619 2452 1676 excelsis
2481 1619 2702 1677 elatum
2732 1620 2956 1677 laboris
3003 1622 3186 1679 vestri
3232 1621 3518 1681 vexillum
3565 1624 3673 1681 dat

2015 1701 2299 1758 omnibus
2340 1704 2435 1776 pie
2491 1705 2778 1761 orationis
2825 1705 3303 1764 documentum:
3363 1707 3668 1766 incitando

2013 1790 2252 1849 desides
2296 1793 2373 1850 ad
2414 1793 2811 1867 triumphum,
2863 1795 3189 1854 imbecilles
3239 1796 3539 1855 armanda
3587 1797 3667 1855 ad

2011 1880 2304 1953 praelium,
2332 1882 2559 1940 debiles
2587 1884 2931 1942 roborando
2962 1884 3041 1942 ad
3094 1885 3340 1955 bellum,
3383 1886 3664 1958 tergiver-

2010 1976 2211 2027 santes
2238 1972 2536 2029 hortando
2563 1989 2668 2045 spe
2698 1974 2975 2030 vincendi
3006 1974 3341 2032 redivivum
3360 1975 3442 2033 ad
3469 1979 3667 2034 castra

2009 2065 2419 2132 pugnatorum
2440 2061 2632 2119 facere
2658 2062 2939 2131 reditum,
2984 2068 3041 2121 et
3072 2064 3365 2121 universas
3398 2065 3662 2124 ecclesia

2010 2149 2314 2220 specimen
2341 2165 2450 2223 pro
2474 2151 2713 2209 veritate
2730 2151 3027 2208 moriendi
3048 2152 3390 2211 exhibendo
3418 2153 3661 2224 signife-

2007 2253 2161 2294 rum.
2190 2238 2508 2312 Propterea
2531 2256 2654 2297 non
2676 2240 2942 2298 discedet
2955 2240 3087 2299 laus
3105 2246 3300 2300 vestra
3322 2241 3400 2300 de
3427 2257 3530 2301 ore
3557 2242 3663 2302 ho-

2007 2325 2238 2383 minum
2274 2344 2462 2399 usque
2486 2328 2547 2384 in
2577 2329 2886 2387 saeculum.
2914 2329 3221 2402 Siquidem
3239 2330 3660 2403 prmconabilis

2006 2419 2094 2470 est
2118 2414 2382 2471 virorum
2410 2415 2673 2484 victoria,
2725 2415 3104 2474 excellentior
3156 2422 3357 2487 tamen
3401 2417 3657 2478 femina-

2005 2519 2140 2559 rum
2168 2504 2466 2560 extollitur
2495 2504 2733 2577 palma;
2767 2510 2825 2564 et
2851 2522 2991 2563 cum
3006 2522 3301 2579 magnum
3332 2508 3405 2566 sit
3426 2509 3488 2566 in
3512 2509 3657 2567 viris

2004 2591 2262 2649 victoriae
2303 2593 2568 2666 signum,
2625 2594 2983 2668 plerumque
3025 2594 3283 2666 gloriose
3331 2596 3659 2655 efferuntur

2003 2696 2201 2739 mares
2219 2682 2297 2753 (2)
2342 2682 2646 2755 triumpho
2675 2683 3068 2753 adorearum;
3119 2684 3368 2756 majoris
3392 2701 3535 2747 vero
3563 2690 3653 2747 est

2002 2770 2420 2829 admirationis
2472 2771 2651 2829 laude
2696 2772 3018 2831 colendum
3056 2772 3337 2842 feminas,
3368 2787 3394 2816 α
3426 2790 3555 2833 rem
3579 2774 3662 2832 fe-

2001 2858 2154 2916 cisse
2180 2859 2443 2917 virorum
2468 2880 2482 2928 ;
2513 2861 2740 2935 quippe
2768 2877 2904 2935 quae
2934 2878 3114 2919 sexus
3141 2862 3235 2931 sui
3276 2862 3660 2935 fragilitatem

2001 2948 2221 3019 oblitae,
2251 2949 2410 3006 celsa
2466 2950 2751 3007 virtutum
2781 2955 3061 3023 appetere
3111 2967 3236 3009 non
3262 2958 3561 3019 verentur,
3590 2955 3653 3013 in

1999 3054 2123 3109 qua
2153 3038 2409 3094 subinde
2458 3037 2702 3095 fortium
2729 3039 2899 3110 vigor
2928 3040 3204 3098 lassatur.
3255 3040 3521 3114 Denique
3540 3042 3657 3101 hac

1999 3127 2511 3198 magnanimitatis
2542 3128 2755 3184 virtute
2780 3127 2924 3184 olim
2945 3128 3170 3198 legales
3191 3128 3430 3189 feminae
3446 3131 3656 3188 Esther

1998 3220 2053 3272 et
2082 3216 2289 3272 Judith
2318 3216 2590 3272 subnixae
2620 3215 2879 3284 fuerunt,
2938 3232 3074 3288 quas
3100 3220 3344 3290 propter
3373 3218 3654 3276 salvatio-

1998 3320 2139 3360 nem
2167 3304 2375 3377 populi
2406 3304 2507 3361 Dei
2529 3304 2797 3361 hostium
2828 3320 2960 3362 sese
2984 3304 3261 3377 periculis
3300 3305 3650 3378 injecerunt.

1998 3397 2151 3450 Num
2173 3408 2296 3450 una
2324 3409 2533 3451 earum
2561 3397 2757 3450 Aman
2805 3393 2866 3450 in
2903 3393 3230 3467 perniciem
3279 3395 3460 3452 israel
3486 3394 3653 3455 nefa-

1995 3483 2085 3540 ria
2126 3482 2576 3540 machinantem
2642 3482 2942 3556 persuasit
2986 3483 3115 3553 regi
3174 3483 3652 3554 crueiﬁgendum

1995 3571 2188 3643 (Esth.
2221 3588 2320 3639 vn,
2379 3573 2565 3643 seq.):
2599 3570 2792 3627 Altera
2822 3570 3084 3644 sopitum
3130 3572 3330 3645 quiete
3370 3572 3653 3630 vitiorum

1997 3659 2440 3733 Holophernem
2471 3661 2638 3718 salvo
2668 3661 2897 3734 pudore
2927 3663 3180 3736 peremit
3205 3663 3463 3734 (Judith.
3518 3678 3640 3733 xm,

1992 3750 2026 3801 4
2052 3751 2225 3823 seq.).
2261 3753 2325 3806 Et
2352 3750 2436 3807 sic
2466 3766 2609 3806 eum
2631 3750 2940 3807 excellenti
2986 3751 3233 3810 victoria
3275 3751 3508 3811 medias
3535 3768 3649 3825 pu-

1992 3844 2311 3909 gnatorum
2347 3840 2505 3897 acies
2538 3839 2838 3909 scindens,
2863 3856 3043 3897 suum
3063 3841 3332 3900 revisura
3352 3836 3649 3913 populum

1990 3930 2111 3986 voti
2142 3944 2392 4001 compos
2420 3928 2770 3998 regreditur.

2061 4022 2115 4073 2.
2166 4017 2336 4073 Unde
2376 4033 2501 4087 vos,
2532 4031 2742 4089 quieso
2796 4031 3031 4075 sorores
3070 4032 3242 4085 meae,
3292 4020 3377 4086 ut,
3424 4017 3647 4081 harum

1989 4105 2265 4179 exemplo
2291 4106 2629 4172 succinctis,
2652 4106 2711 4163 in
2734 4105 3034 4165 excidium
3053 4107 3379 4167 adversarii
3401 4108 3502 4166 Dei
3520 4109 3645 4168 ani.

1987 4212 2231 4253 mosum
2260 4196 2534 4268 spiritum
2560 4198 2839 4267 erigatis;
2870 4201 2929 4255 et
2960 4201 3022 4256 ut
3050 4201 3305 4255 tam‘vos
3329 4213 3517 4270 quam
3542 4213 3641 4259 ca-

1988 4290 2211 4342 tervam
2228 4284 2496 4342 ﬁdelium
2519 4301 2556 4342 a
2575 4286 2926 4359 perditionis
2945 4290 3180 4344 aeternas
3199 4285 3456 4360 laquasis
3471 4302 3643 4349 erua-

1985 4375 2082 4430 tis.
2117 4378 2389 4447 Cmptum
2434 4374 2708 4431 anhelate
2738 4375 2848 4433 iter
2875 4375 3181 4448 perﬁcere,
3213 4376 3357 4449 quia
3380 4376 3511 4437 hinc
3540 4377 3641 4438 via

1984 4462 2217 4520 facilius
2249 4467 2306 4519 et
2325 4462 2588 4519 velocius
2623 4478 2733 4519 vos
2769 4462 2848 4521 ad
2871 4462 3207 4521 thalamum
3224 4464 3430 4535 sponsi
3456 4464 3638 4523 vestri

1983 4552 2286 4625 perducet.
2337 4553 2438 4608 Est
2469 4552 2629 4611 enim
2668 4556 2927 4623 angusta
2955 4556 3014 4609 et
3062 4555 3224 4610 arcta
3267 4551 3500 4615 semita,
3529 4552 3638 4610 sed

1984 4641 2415 4714 compendiosa
2443 4640 2735 4701 celeritate
2762 4657 2867 4698 vos
2889 4641 3005 4698 sub
3034 4640 3215 4697 unius
3244 4639 3409 4697 horae
3439 4639 3636 4712 spatio

1982 4730 2062 4786 ad
2112 4730 2317 4802 sponsi
2367 4730 2545 4786 vestri
2590 4729 2901 4802 pervenire
2928 4729 3105 4787 faciet
3160 4727 3475 4799 gaudium.
3504 4731 3635 4787 Non

1980 4818 2135 4876 desit
2162 4818 2424 4877 sacrario
2449 4818 2704 4890 pectoris
2729 4819 2907 4876 vestri
2944 4818 3270 4891 primmvus
3298 4817 3479 4877 ardor
3505 4816 3632 4876 bel-

1978 4908 2166 4973 landi,
2193 4907 2341 4980 quin
2380 4908 2580 4981 potius
2628 4908 2997 4981 quotidianis
3048 4908 3434 4969 incrementis
3477 4908 3634 4968 intra

1980 4997 2270 5055 mentium
2292 5002 2627 5055 vestrarum
2656 5013 2928 5056 recessus
2964 4999 3037 5056 sit
3065 4999 3379 5070 adauctus,
3411 4999 3631 5058 solem-

1976 5088 2128 5145 niter
2154 5088 2474 5160 crepitans,
2508 5087 2684 5161 quasi
2705 5103 2787 5143 ex
2804 5104 2926 5145 uno
2941 5074 3043 5147 ore
3064 5089 3267 5148 amba
3285 5088 3313 5130 ιι
3339 5089 3626 5149 clamare:

1975 5179 2128 5235 Mihi
2154 5183 2353 5235 autem
2380 5177 2535 5235 absit
2548 5178 2812 5249 gloriari
2831 5179 2951 5234 nisi
2974 5180 3038 5236 in
3058 5195 3235 5238 cruce
3250 5181 3499 5237 Domni
3514 5182 3632 5238 mei

1975 5269 2116 5324 Jesu
2148 5265 2394 5333 Christi,
2441 5281 2540 5336 per
2577 5281 2749 5337 quem
2793 5265 2945 5323 mihi
2985 5269 3243 5325 mundus
3297 5268 3626 5337 cruciﬁxus

1976 5361 2081 5423 est,
2106 5362 2161 5411 et
2193 5370 2296 5425 ego
2314 5354 2536 5411 mundo
2566 5354 2723 5427 (Gal.
2759 5371 2835 5427 vx,
2876 5355 2981 5426 14).

2041 5495 2064 5522 ο
2095 5481 2511 5552 Hispanismus
2540 5483 2758 5539 Mona.

2041 5552 2067 5592 ἀ
2097 5553 2270 5608 Forte
2300 5554 2647 5611 clamantes.
