4110 6190
447 149 554 206 823

1648 155 1705 211 S.
1746 150 2025 210 EULOGII
2065 152 2386 218 ARCHIEP.
2426 166 2667 226 TOLET.

3801 173 3906 232 824

521 274 577 327 3.
598 273 727 327 Non
743 286 872 338 vos,
891 286 1124 326 sorores
1148 287 1318 340 meae,
1343 274 1544 331 saeculi
1562 273 1977 331 blandimenta
1996 272 2100 330 de-
2129 279 2175 332 Α
2216 279 2356 340 bere
2386 301 2563 359 posse
2593 297 2860 348 vestrum
2879 293 3152 365 spiritum
3172 298 3388 367 sperat.
3411 295 3589 361 Quod
3617 295 3674 351 si
3709 296 3907 369 (quod

450 365 693 441 cipiunt,
720 364 826 438 qui
853 364 1147 422 Christum
1173 368 1492 426 Dominum
1513 387 1615 427 ore
1642 370 1970 444 apostolico
2003 386 2104 426 au-

451 453 618 511 distis
647 452 945 509 dicentem
969 468 984 510 :
1010 455 1211 512 Nolite
1233 457 1486 530 diligere
1501 460 1810 528 mundum,
1829 474 2017 532 neque
2037 474 2105 516 ea

450 556 585 615 quae
602 541 664 596 in
696 542 920 599 mundo
946 549 1105 600 sunt.
1129 545 1201 600 Si
1221 547 1354 617 quis
1377 547 1578 619 diligit
1601 549 1762 605 hunc
1791 549 2104 618 mundum,

450 646 571 687 non
598 637 683 687 est
706 631 976 688 charitas
1018 634 1224 691 Patris
1261 637 1323 691 in
1356 652 1442 694 eo.
1485 639 1636 706 Quia
1661 654 1833 696 omne
1857 639 2014 712 quod
2043 641 2106 696 in

451 721 675 777 mundo
704 726 808 788 est,
823 724 1306 792 concupiscentia
1326 728 1528 783 carnis
1553 733 1608 784 et
1629 730 2109 799 concupiscentia

452 811 763 866 oculorum
790 816 895 879 est,
919 817 972 868 et
1003 814 1284 882 superbia
1306 816 1476 886 vitae:
1503 833 1638 889 quae
1663 833 1782 874 non
1811 833 1887 874 ea:
1901 820 2108 888 Patre,

451 900 555 957 sed
579 915 655 956 ea:
681 902 905 957 mundo
932 908 1039 958 est.
1077 903 1158 958 Et
1182 905 1440 961 mundus
1467 909 1719 964 transiet
1748 913 1802 965 et
1833 909 2111 977 concupi-

452 992 680 1047 scentia
704 992 834 1060 ejus
864 991 919 1062 (Ι
939 993 1115 1049 Joan.
1149 1009 1208 1064 ιι,
1239 998 1301 1049 15
1325 996 1495 1068 seq.).
1526 999 1649 1052 Non
1682 1012 1792 1052 vos
1816 997 1990 1070 copia
2017 1013 2110 1052 rc-

453 1094 590 1134 rum
605 1078 825 1150 illiciat,
839 1081 981 1153 quia
1004 1082 1290 1156 scriptum
1311 1089 1424 1140 est:
1444 1086 1643 1143 Nolite
1661 1103 1905 1157 sperare
1922 1089 1987 1143 in
2003 1087 2113 1142 ini-

453 1167 802 1237 quitatibus,
835 1174 890 1224 et
917 1171 979 1224 in
1010 1171 1281 1240 rapinis:
1305 1173 1489 1229 nolite
1515 1175 1930 1244 concupiscere
1958 1174 2110 1230 divi-

455 1255 596 1311 tias:
619 1257 676 1311 si
699 1257 1189 1326 afﬂuant,nolite
1216 1275 1320 1316 cor
1349 1275 1650 1331 apponere
1679 1263 2108 1333 (Psal.xu,tl).

456 1345 524 1399 Et
552 1344 768 1400 iterum
796 1363 809 1400 :
842 1347 1042 1404 Nolite
1064 1364 1310 1418 sperare
1336 1351 1399 1405 in
1427 1351 1654 1408 incerto
1685 1353 2034 1410 divitiarum
2062 1354 2118 1419 (Ι

457 1432 605 1489 Tim.
635 1450 714 1502 γι,
768 1435 875 1506 17).
918 1438 1046 1492 Non
1094 1452 1201 1493 vos
1252 1439 1508 1494 carceris
1539 1440 1851 1513 squalidus
1902 1441 2114 1497 horror

455 1526 699 1591 avertat,
727 1539 864 1596 quae
893 1541 1032 1580 vere
1093 1525 1252 1581 scitis
1301 1529 1646 1600 prophetas,
1696 1529 2023 1603 apostolos,
2056 1535 2112 1588 et

2218 371 2392 442 absit)
2422 381 2816 449 persecutoris
2841 382 3121 454 voluptas
3151 382 3432 456 improba
3459 384 3906 453 intercesserit,

2218 466 2273 518 et
2302 463 2422 520 vim
2451 469 2804 540 corporibus
2859 470 3142 538 inferens,
3203 470 3401 530 dicata
3453 475 3573 530 Deo
3607 473 3907 532 membra

2217 550 2533 610 libidinose
2558 557 2774 614 invitas
2797 559 3184 632 oppresserit;
3208 561 3419 634 procul
3443 561 3517 618 sit
3539 566 3805 619 tantum
3827 563 3905 620 ab

2219 641 2488 714 appetitu
2516 645 2703 702 animi
2755 647 3095 720 perniciosa
3147 650 3505 719 consensio;
3565 651 3735 724 quia
3778 668 3904 709 non

2217 729 2445 802 polluet
2472 741 2733 791 mentem
2759 736 2955 794 aliena
2977 737 3300 812 corruptio,
3324 755 3514 812 quam
3545 756 3688 798 non
3713 740 3907 800 faedat

2218 822 2462 892 propria
2491 823 2824 881 delectatio.

2289 931 2342 982 5.
2375 929 2749 1004 Quapropter
2775 933 2837 987 in
2865 933 3084 989 harum
3136 934 3535 992 tentationum
3588 937 3907 996 discrimi-

2219 1029 2315 1085 ne,
2337 1032 2596 1089 quarum
2629 1021 2792 1090 gravi
2825 1021 3261 1079 conﬂictatione
3291 1024 3431 1081 hinc
3478 1025 3633 1082 inde
3667 1029 3903 1100 promi-

2218 1105 2498 1162 nentibus
2521 1107 2693 1164 bellis
2724 1109 3096 1168 imbecillitas
3110 1112 3383 1169 humana
3411 1119 3718 1184 vexatur;
3749 1116 3900 1174 dum

2221 1195 2486 1267 corporis
2515 1196 2910 1268 integritatem
2957 1200 3226 1257 amittere
3253 1205 3512 1272 veretur,
3553 1204 3660 1260 vel
3693 1207 3898 1277 perdi-

2221 1285 2345 1338 tam
2374 1285 2618 1356 periisse
2648 1286 2810 1344 dolet
2849 1287 3030 1344 etiam
3073 1306 3275 1346 coram
3317 1292 3574 1348 Domino
3628 1296 3896 1368 praemia

2218 1370 2566 1444 integritatis
2596 1392 2718 1432 suae
2747 1381 3026 1434 meretur.
3057 1381 3171 1434 Nec
3197 1379 3368 1451 (dum
3400 1380 3556 1437 inter
3596 1383 3893 1441 homines

2219 1461 2338 1516 vim
2368 1478 2674 1536 perpessa,
2694 1465 2825 1536 jam
2856 1481 2995 1522 caro
3021 1467 3209 1540 turpis
3248 1471 3455 1524 notam
3486 1469 3765 1529 infamiae
3797 1490 3891 1528 su-

2217 1549 2404 1607 biisse
2426 1553 2886 1627 verecundatur)
2916 1555 3140 1612 crimen
3161 1562 3281 1623 est;
3335 1558 3441 1613 sed
3471 1559 3530 1614 id
3563 1561 3775 1631 potius
3801 1563 3889 1619 in-

453 1609 664 1666 beatos
681 1617 975 1685 martyres
989 1630 1098 1687 per
1113 1615 1435 1672 carceralis
1453 1618 1693 1674 vincula
1717 1618 1794 1674 ad
1811 1618 2109 1676 ccelestem
2140 1634 2180 1688 Β
2223 1640 2534 1707 tuendum,
2565 1609 3299 1715 ἱδρυθοωῇίβυεῖιιᾼῌίξς
3328 1609 3744 1706 ἐὲἲὲοιιιᾶἀυω
3771 1609 3880 1719 εξι,

453 1699 712 1770 patriam
727 1702 1092 1774 pervenisse:
1111 1703 1434 1778 multisque
1451 1711 1677 1763 secreta
1687 1708 2110 1780 mysteriorum

453 1786 515 1842 in
541 1791 715 1845 antro
739 1790 949 1862 positis
977 1791 1235 1849 revelata
1281 1799 1439 1850 sunt.
1471 1798 1601 1851 Non
1642 1812 1751 1852 vos
1795 1797 2110 1854 contuber-

452 1875 623 1932 nium
644 1884 979 1936 scortorum
1005 1881 1297 1947 exturbet,
1342 1885 1632 1956 quoniam
1665 1886 1952 1959 scriptum
1983 1890 2106 1942 est:

454 1967 624 2024 Sicut
650 1969 784 2026 lilia
809 1970 968 2027 inter
993 1972 1216 2041 spinas,
1244 1973 1329 2029 sic
1350 1975 1549 2031 amica
1592 1991 1723 2031 mea
1749 1977 1908 2033 inter
1944 1977 2109 2046 ﬁlias

453 2057 657 2125 (Cant.
689 2074 751 2126 ιι,
782 2060 840 2131 2)
865 2077 879 2116 :
912 2065 968 2116 et
993 2061 1280 2118 Dominus
1307 2063 1559 2136 quidem
1590 2081 1725 2121 cum
1756 2067 1978 2138 iniquis
2007 2066 2108 2123 de-

446 2152 702 2217 putatus
726 2154 810 2204 est
855 2149 1070 2221 (Marc.
1099 2167 1202 2221 xv,
1228 2154 1345 2224 28),
1393 2157 1453 2209 et
1493 2152 1645 2210 inter
1673 2160 1995 2229 utrumque
2019 2154 2108 2212 la-

452 2239 686 2293 tronem
706 2235 923 2294 afﬁxus
951 2243 1057 2295 est.
1091 2242 1219 2296 Non
1240 2256 1350 2297 vos
1391 2241 1637 2299 furentis
1681 2243 1889 2314 judicii
1922 2247 2108 2301 terror

451 2323 748 2394 immutet,
785 2327 1078 2399 quoniam
1106 2344 1218 2386 nec
1275 2329 1527 2403 capillus
1556 2331 1632 2387 de
1675 2332 1868 2405 capite
1909 2338 2106 2390 vestro

453 2412 580 2469 sine
603 2414 778 2486 jussu
809 2416 993 2473 Patris
1019 2417 1198 2474 vestri
1230 2419 1533 2476 avelletur.
1559 2424 1686 2477 Non
1704 2437 1808 2477 vos
1837 2422 2108 2478 convicia

450 2499 812 2572 injuriarum
841 2503 1194 2574 deterreant,
1217 2507 1506 2580 quoniam
1536 2509 1823 2581 scriptum
1843 2514 1957 2566 est:
1989 2511 2108 2566 No-

453 2589 559 2644 lite
595 2589 800 2646 timere
844 2593 1194 2660 opprobium
1239 2595 1566 2661 hominum,
1610 2603 1666 2654 et
1707 2598 2106 2667 blasphemias

449 2690 653 2732 eorum
673 2693 748 2733 ne
773 2681 1258 2738 metuatis.Sicut
1280 2685 1437 2740 enim
1458 2686 1889 2757 vestimentum,
1903 2687 1988 2743 sic
2009 2703 2100 2743 co-

449 2764 642 2821 medet
670 2781 765 2822 eos
795 2769 1042 2840 vermis;
1071 2775 1125 2825 et
1165 2771 1316 2826 sicut
1348 2777 1514 2840 tana,
1547 2774 1633 2830 sic
1661 2775 1978 2844 de/lorabit
2012 2791 2106 2833 eos

451 2854 614 2911 tinea
641 2855 785 2927 (Isa.
816 2872 894 2924 LI,
921 2863 976 2927 7,
1000 2861 1074 2928 8).
1101 2861 1230 2915 Non
1261 2875 1368 2916 vos
1397 2861 1692 2935 supplicia
1719 2862 1884 2922 illata
1906 2881 2108 2938 paena.

447 2958 587 3000 rum
616 2950 1013 3018 marcescant,
1032 2963 1157 3004 non
1187 2948 1533 3008 immanitas
1547 2950 1826 3009 dolorum
1851 2970 2105 3028 exsupe-
2135 2985 2176 3039 ρ

447 3037 556 3101 ret,
587 3048 713 3090 non
737 3033 1086 3092 vulneribus
1139 3041 1576 3096 tormentorum
1606 3040 1774 3112 vigor
1817 3041 1958 3100 ﬁdei
1983 3059 2109 3100 ves-

446 3125 549 3180 trae
575 3124 933 3182 succumbat
960 3125 1105 3199 quia
1136 3127 1424 3202 scriptum
1477 3133 1602 3187 est:
1655 3132 1858 3189 Nolite
1900 3133 2107 3191 timere

448 3226 542 3268 eos
569 3213 676 3284 qui
696 3215 978 3272 occidunt
1001 3231 1238 3287 corpus,
1266 3219 1486 3277 animae
1512 3235 1650 3277 vero
1674 3221 1738 3277 in
1768 3223 1941 3279 nullo
1971 3237 2109 3292 pos-

446 3307 589 3357 sunt
614 3318 828 3360 nocere
838 3319 863 3375 ,°
887 3305 993 3361 sed
1002 3307 1207 3375 potius
1236 3322 1367 3364 eum
1395 3310 1611 3376 timete,
1639 3311 1747 3382 qui
1761 3315 1956 3381 potest
1980 3327 2106 3368 cor-

443 3403 558 3458 pus
583 3396 638 3445 et
667 3393 931 3448 animam
967 3395 1237 3462 perdere,
1291 3402 1348 3453 et
1375 3398 1609 3455 mittere
1662 3399 1727 3455 in
1769 3401 2103 3470 gehennam

447 3476 689 3546 (Matth.
721 3493 780 3543 x,
808 3481 920 3546 28).
945 3478 1234 3536 Dominus
1260 3486 1317 3539 et
1346 3485 1628 3555 magister
1655 3492 1852 3543 vester
1871 3489 1986 3545 hoc
2005 3489 2104 3559 ju-

447 3562 569 3630 bet,
602 3578 837 3619 sorores
856 3581 1043 3633 mese;
1075 3573 1131 3624 et
1177 3584 1251 3624 ex
1277 3572 1408 3641 ejus
1451 3573 1665 3631 deifico
1697 3591 1800 3632 ore
1828 3576 1942 3634 ista
1972 3593 2108 3650 pro-

447 3649 571 3708 lata
599 3655 756 3708 sunt.
786 3654 816 3707 J
824 3668 925 3710 am
951 3669 1076 3710 non
1096 3661 1184 3713 est
1209 3657 1364 3716 ultra
1382 3675 1536 3732 quos
1564 3667 1820 3732 metuas,
1838 3649 2104 3735 pusillus

448 3754 622 3811 grex,
646 3742 925 3812 quoniam
955 3747 1318 3815 complacuit
1365 3749 1546 3808 Patri
1591 3758 1784 3809 vestro
1825 3753 1974 3811 dare
2001 3770 2104 3812 vo-

451 3827 538 3884 bis
568 3843 822 3900 regnum
851 3829 1018 3903 (Luc.
1035 3848 1135 3902 xu,
1168 3835 1280 3905 32).
1303 3836 1636 3895 Roboretur
1648 3855 1902 3913 prorsus
1928 3842 2106 3899 vehe-

449 3917 710 3975 mentius
764 3919 1036 3978 humana
1089 3921 1398 3996 fragilitas,
1456 3932 1514 3984 et
1561 3934 1793 3987 exserta
1830 3947 2018 3988 manu
2042 3932 2102 3988 in

451 4007 774 4064 certamine
802 4024 914 4082 pro
943 4009 1063 4068 Deo
1095 4027 1205 4069 suo
1235 4021 1507 4075 exerceat
1551 4033 1809 4091 pugnas.
1837 4020 1971 4093 Ipse
1999 4021 2105 4078 da-

448 4094 538 4151 bit
595 4095 903 4163 auxilium,
962 4099 1091 4172 ipse
1115 4101 1470 4162 victoriandi
1511 4108 1773 4165 conferet
1803 4110 2102 4178 meritum,

450 4183 557 4255 qui
583 4183 698 4240 tale
726 4185 1098 4246 auditoribus
1117 4190 1328 4250 indixit
1363 4201 1769 4269 praeceptum:
1802 4200 1953 4256 Ecce
1999 4215 2103 4271 ego

450 4272 750 4329 vobiscum
775 4291 906 4332 sum
956 4281 1228 4337 omnibus
1271 4283 1475 4340 diebus
1507 4301 1694 4358 usque
1723 4288 1805 4344 ad
1832 4303 2101 4346 consum-

451 4363 770 4420 mationem
799 4368 1006 4423 saeculi
1035 4369 1274 4440 (Matth.
1305 4389 1506 4438 xxvm,
1536 4379 1650 4443 20).

525 4453 938 4510 Comminatur
992 4462 1146 4514 certe
1187 4459 1376 4518 hostis
1432 4464 1677 4536 publica
1724 4481 1830 4521 vos
1883 4468 2106 4524 venali-

451 4541 568 4597 tate
592 4541 997 4615 dimittendas,
1029 4546 1280 4622 foroque
1308 4550 1734 4626 imponendas,
1765 4558 1824 4612 et
1862 4557 2104 4614 nefariis

449 4629 787 4701 vulgarium
812 4635 1259 4706 prostituendas
1310 4640 1828 4710 obscoenitatibus,
1878 4647 2104 4704 crudeli

451 4722 832 4811 exsecutione
860 4725 1268 4786 nundinaliter
1295 4729 1751 4803 distrahendas;
1780 4736 1883 4793 sed
1906 4751 2104 4811 neque

450 4804 874 4893 hujuscemodi
896 4814 1148 4875 obsecro
1176 4819 1397 4878 sedatis
1422 4821 1725 4880 furoribus
1751 4841 1764 4880 :
1800 4825 1952 4893 Quia
1981 4804 2102 4884 non

452 4892 826 4987 derelinquet
877 4903 1167 4963 Dominus
1222 4909 1456 4982 virgam
1493 4892 1876 4982 peccatorum
1923 4932 2106 4987 super

450 4985 668 5072 sortem
689 4987 1016 5058 justorum,
1046 5001 1113 5048 ut
1152 5012 1273 5052 non
1297 5003 1625 5058 extendant
1669 5005 1830 5072 justi
1853 5007 1934 5061 ad
1987 4985 2104 5062 ini-

453 5069 983 5164 quitatem-manus
1006 5095 1146 5139 suas
1174 5084 1362 5152 (Psal.
1422 5105 1606 5157 cxxrv,
1660 5069 1735 5162 ὁ).
1779 5095 1911 5164 Ipse
1940 5093 2102 5150 enim

452 5170 564 5212 vos
592 5161 881 5230 providus
907 5173 1199 5227 scrutator
1241 5181 1605 5234 secretorum
1629 5161 1969 5237 vestrorum
1997 5198 2104 5238 ve-

455 5247 678 5338 strique
697 5251 912 5322 vigoris
933 5257 1180 5317 collator
1201 5265 1539 5338 propulsari
1556 5269 1951 5327 tentationum
1976 5287 2102 5329 mo-

452 5335 634 5394 lestiis
664 5357 785 5396 non
814 5343 984 5414 sinet,
1016 5350 1239 5422 quibus
1283 5335 1545 5426 probari,
1574 5362 1632 5413 et
1669 5373 1792 5415 non
1822 5375 2101 5419 succum-

521 5477 551 5577 ἶ,
581 5468 1100 5577 3533.113332]”
1133 5495 1176 5577 ¹ι
1205 5497 1337 5577 999'
1377 5487 1461 5541 ‘8‘

577 5539 876 5631 llic‘locus
901 5539 1119 5631 misere
1148 5539 1343 5614 fuitin
1377 5539 1703 5631 exemplari
1732 5559 1890 5617 lacer
1918 5566 1976 5617 et
2004 5561 2104 5618 de-

451 5615 757 5684 Pravatus.
807 5616 1013 5676 Nullus
1061 5637 1310 5702 prorsus
1362 5635 1490 5692 erat
1523 5615 2105 5721 scaeua-Nosque

2216 1728 2384 1800 quod
2413 1745 2526 1786 nos
2550 1731 2668 1787 Deo
2699 1732 3095 1805 inculpabiles
3115 1733 3348 1806 reddat,
3374 1752 3496 1793 non
3522 1744 3726 1794 autem
3747 1756 3872 1796 me-

2217 1817 2505 1875 tuendum
2535 1820 2700 1892 quod
2752 1820 2971 1892 vulgus
3023 1821 3099 1878 de
3136 1823 3313 1879 nobis
3353 1825 3638 1896 judicium
3693 1827 3860 1884 feret.

2218 1904 2514 1966 Quoniam
2544 1923 2668 1964 non
2711 1909 3064 1967 vacuabitur
3102 1911 3380 1969 mercede
3412 1915 3858 1987 incorruptionis

2216 2009 2409 2064 mens,
2435 1995 2615 2052 etiam
2645 1998 2840 2054 carnis
2870 1999 3204 2071 integritate
3232 2002 3514 2075 adempta
3530 2003 3867 2060 dummodo

2215 2090 2568 2155 permaneat
2597 2085 2714 2142 sub
2743 2087 3082 2145 testimonio
3114 2089 3208 2146 sui
3252 2091 3486 2163 opiﬁcis
3517 2092 3759 2149 castitas
3785 2093 3876 2149 in-

2215 2171 2447 2229 terioris
2468 2174 2731 2230 hominis
2770 2175 3016 2233 illibata.

2287 2302 2340 2354 6.
2371 2301 2521 2356 Nam
2550 2301 2993 2374 quantumlibet
3020 2302 3378 2362 adversariis
3433 2306 3612 2362 cedat
3625 2307 3875 2364 inﬁrmi-

2215 2390 2308 2443 tas
2339 2389 2560 2460 carnis,
2590 2389 2812 2462 quibus
2859 2390 3068 2449 datum
3125 2398 3214 2450 est
3256 2409 3513 2467 corpora
3553 2397 3871 2469 trucidare,

2215 2478 2524 2534 tormentis
2553 2477 2836 2549 afﬂigere,
2867 2481 3088 2554 stupris
3117 2482 3531 2555 coinquinare,
3561 2485 3872 2560 poenisque

2215 2563 2461 2621 diversis
2484 2565 2762 2624 addicere
2792 2567 2891 2636 ;in
2917 2569 3082 2626 nullo
3115 2575 3318 2627 tamen
3356 2571 3688 2630 animabus
3713 2591 3873 2631 sanc-

2214 2653 2394 2709 titatis
2424 2656 2802 2728 propositum
2824 2659 3323 2716 conservantibus
3348 2667 3609 2734 possunt
3637 2679 3870 2720 nocere.

2221 2741 2386 2811 Quia,
2414 2747 2478 2799 ut
2495 2743 2707 2801 beatus
2735 2745 2815 2802 ait
2844 2746 3239 2822 Hieronymus
3268 2766 3282 2805 :
3315 2772 3343 2800 ‹‹
3378 2751 3612 2825 Corpus
3645 2758 3872 2809 sancta-

2214 2847 2350 2888 rum
2377 2832 2699 2891 mulierum
2749 2851 2875 2892 non
2922 2837 3012 2892 vis
3055 2838 3337 2906 maculat,
3368 2839 3479 2895 sed
3509 2841 3808 2915 voluptas.
3842 2861 3872 2895 ι

2215 2923 2283 2977 Et
2304 2920 2519 2977 iterum
2550 2923 2963 2982 sanctissimus
2991 2927 3359 2998 Augustinus
3380 2937 3406 2964 ι
3441 2945 3453 2982 :
3491 2952 3519 2979 ‹‹
3544 2933 3668 2986 Νοιι
3704 2931 3872 2987 amit-

2213 3009 2280 3066 tit
2307 3026 2526 3085 corpus
2557 3013 2932 3070 sanctitatem
2982 3020 3265 3072 manente
3310 3017 3494 3074 animi
3534 3019 3860 3086 sanctitate,

2213 3100 2393 3157 etiam
2422 3117 2671 3175 corpore
2723 3119 3058 3178 oppresso;
3114 3105 3267 3163 Sicut
3321 3107 3596 3163 amittitur
3643 3123 3853 3178 corpo-

2213 3188 2293 3245 ris
2322 3190 2626 3262 sanctitas,
2675 3193 2892 3250 violata
2931 3193 3118 3251 animi
3157 3195 3478 3263 sanctitate,
3509 3194 3686 3251 etiam
3727 3211 3854 3252 cor-

2211 3294 2358 3352 pore
2386 3279 2631 3338 intacto.
2665 3305 2694 3332 »
2753 3283 2844 3339 Sic
2886 3283 3130 3356 Joseph,
3175 3284 3261 3340 sic
3308 3284 3603 3353 Jeremias,
3633 3284 3719 3340 sic
3753 3284 3866 3342 Da-

2211 3367 2350 3436 niel,
2385 3373 2443 3424 et
2472 3375 2588 3426 tres
2617 3370 2806 3443 pueri,
2846 3371 3138 3445 multique
3185 3373 3572 3430 Hebraeorum
3619 3373 3872 3431 ﬁdeliter

2211 3458 2399 3514 Deum
2454 3458 2775 3516 colentium
2812 3461 2913 3518 illa
2965 3466 3313 3535 tempestate
3343 3463 3672 3521 venundati
3703 3470 3862 3526 sunt.

2212 3549 2270 3602 et
2295 3550 2495 3602 tamen
2532 3564 2570 3605 a
2602 3549 2787 3606 verbo
2814 3550 2915 3606 Dei
2941 3565 3063 3606 non
3092 3557 3469 3609 recesserunt
3501 3571 3514 3612 :
3566 3553 3712 3627 quia
3739 3553 3876 3610 nul-

2211 3633 2338 3691 lum
2367 3635 2430 3690 in
2458 3640 2678 3694 statum
2723 3638 3115 3710 devenerunt,
3163 3657 3286 3712 quo
3319 3644 3508 3699 Deum
3539 3659 3722 3699 suum
3751 3659 3878 3700 non

2211 3723 2578 3794 invenirent;
2609 3725 2778 3784 illum
2812 3728 3012 3802 utique
3036 3729 3063 3770 δ
3089 3728 3318 3803 ipsum,
3366 3732 3543 3804 cujus
3570 3732 3635 3788 in
3663 3737 3868 3790 mente

2212 3816 2270 3870 et
2321 3813 2647 3872 intentione
2698 3818 3046 3890 passionem
3101 3819 3378 3889 ferentes,
3452 3827 3508 3879 et
3559 3822 3712 3879 dum
3761 3839 3879 3880 cae-

2213 3901 2513 3972 derentur,
2563 3908 2620 3962 et
2675 3905 2824 3964 dum
2881 3913 3244 3981 secarentur,
3315 3915 3372 3968 ct
3428 3911 3578 3968 dum
3635 3911 3880 3986 lapida-

2211 3996 2436 4066 rentur,
2495 3998 2552 4051 et
2621 3995 2771 4053 dum
2853 3998 3267 4068 venderentur,
3346 4000 3559 4058 Christi
3643 4002 3883 4074 passio-

2211 4097 2352 4138 nem
2396 4083 2758 4154 cogitabant,
2809 4086 2912 4159 qui
2957 4087 3144 4160 impio
3219 4093 3356 4161 post
3402 4089 3592 4146 multa
3656 4091 3885 4149 saecula

2212 4171 2533 4243 proditoris
2563 4173 2836 4247 discipuli
2874 4175 3302 4233 distrahendus
3333 4182 3458 4235 erat
3487 4181 3876 4236 commercio.

2286 4303 2341 4354 7.
2366 4298 2630 4372 Denique
2670 4304 2850 4359 Jonas
2892 4304 3190 4377 propheta
3231 4305 3334 4362 Dei
3379 4309 3529 4362 nutu
3588 4311 3777 4378 ponto
3802 4307 3882 4363 de

2213 4387 2356 4444 navi
2396 4389 2697 4461 projectus
2748 4392 2901 4462 (Jon.
2955 4410 2994 4458 ι.
3052 4398 3108 4450 ll
3146 4410 3274 4467 seq.
3309 4413 3323 4463 ;
3371 4412 3431 4463 ιι,
3489 4396 3508 4450 l
3547 4396 3721 4469 seq.).
3753 4396 3882 4453 bel-

2212 4476 2390 4533 luinis
2454 4477 2727 4535 faucibus
2787 4486 3019 4554 raptus,
3106 4498 3180 4540 ex
3240 4484 3570 4557 improviso
3652 4486 3877 4542 carceri

2211 4565 2490 4623 horriﬁco
2527 4568 2930 4642 mancipatur.
2989 4571 3104 4629 Sed
3156 4577 3356 4629 tamen
3407 4589 3625 4646 expers
3673 4575 3874 4630 omnis

2211 4655 2455 4713 rationis
2503 4663 2842 4715 monstrum
2921 4659 3068 4717 illud
3127 4661 3560 4719 rationabiliter
3615 4663 3876 4721 Creatori

2211 4762 2322 4803 suo
2387 4747 2754 4822 obsequens,
2835 4751 3089 4823 mystice
3146 4753 3573 4810 tantummodo
3639 4768 3880 4810 conser-

2211 4836 2482 4894 vandum
2545 4837 2652 4894 sibi
2724 4843 2924 4896 vatem
3005 4840 3297 4898 creditum
3369 4842 3495 4899 fore
3568 4841 3877 4913 intellexit,

2211 4927 2268 4981 et
2319 4925 2458 4982 inde
2515 4941 2639 4984 non
2713 4926 3162 4986 demoliendam
3237 4931 3555 5003 perniciter
3607 4930 3727 4987 alvi
3787 4931 3880 4988 sui

2212 5013 2514 5085 specubus
2601 5016 2996 5074 reverendam
3075 5019 3348 5090 praedam
3429 5019 3722 5092 reposuit.
3811 5021 3883 5076 Ut

2211 5117 2348 5174 quas
2403 5107 2527 5159 erat
2574 5104 2884 5177 propheta
2935 5121 3120 5164 causa
3177 5107 3444 5180 periculi,
3517 5107 3684 5163 ﬁeret
3735 5122 3879 5180 pos-

2216 5195 2307 5245 tea
2353 5190 2699 5248 nationibus
2756 5195 3067 5251 credituris
3123 5196 3183 5252 in
3232 5201 3680 5252 sacramentum
3712 5213 3879 5269 mys-

2213 5278 2340 5335 terii
2397 5296 2410 5335 :
2453 5284 2512 5338 et
2555 5297 2628 5337 ex
2677 5299 2748 5340 eo
2792 5283 3080 5341 infractus
3117 5285 3472 5353 visceribus,
3539 5289 3596 5340 et
3654 5283 3881 5340 incolu-

2214 5369 2327 5424 mis
2382 5379 2780 5444 permaneret,
2840 5390 2911 5430 ex
2960 5390 3086 5447 quo
3134 5374 3397 5430 triduani
3450 5374 3740 5446 temporis
3784 5389 3876 5429 se-

2212 5510 2335 5623 chjduo
2350 5497 2535 5555 modo
2554 5499 3348 5571 potuimus,emendavimus
3365 5503 3424 5557 et
3438 5498 3710 5574 supplevi
3720 5514 3872 5555 mus.

2271 5582 2436 5623 ORAL.

2271 5582 2436 5623 ΟΒΑΙ..
