4140 6188
1444 113 1922 177 ῸΟΟΠΠΕΝἸἮΠ
1956 115 2425 178 IARTYRIALE.

3550 121 3682 176 826-

233 245 541 322 pulturam
601 242 814 299 mortis
869 243 1267 316 portendebat
1318 242 1664 314 Dominicaa,
1722 237 1888 312 quod
1918 241 1964 293 Α
2002 241 2271 309 tendum,
2303 250 2361 303 et
2415 247 2589 319 quasi
2630 247 2881 302 lucerna
2918 246 2978 302 in
3013 245 3340 316 caliginoso
3386 245 3512 302 loco
3566 245 3656 300 lu-

236 335 540 404 abrogans
567 331 672 388 Dei
702 331 795 388 sui
822 332 1123 388 mandatis
1151 349 1380 406 parere,
1403 336 1651 389 Tarsum
1682 326 1893 385 maluit

230 423 543 494 navigare.
575 421 668 478 Sic
693 434 718 462 ι
738 420 1001 479 Malchus
1053 422 1392 479 monachus
1436 422 1497 478 in
1529 418 1889 495 captivitate,

229 510 457 570 victrici
473 510 719 567 dextera
738 511 1072 569 castitatem
1090 516 1306 584 tuetur,
1321 511 1774 583 crudeliumque
1791 508 1892 563 do-

230 602 541 659 minorum
565 601 715 671 jugo
743 599 999 670 exuitur,
1028 600 1176 657 dum
1204 616 1315 674 pro
1345 616 1437 669 eo,
1490 598 1893 657 intercedente

227 688 543 765 pudicitia,
576 692 811 744 armata
863 688 1095 760 ungula
1147 693 1341 758 servnt,
1391 688 1643 746 immani
1668 687 1893 744 feritate

229 779 493 852 impium
523 781 837 834 conterens
865 779 1210 847 Dominum,
1243 780 1345 852 qui
1377 779 1668 853 pudicum
1698 776 1759 833 in
1784 792 1893 832 an-

228 875 328 926 tro
353 883 465 925 suo
492 867 829 924 immunem
858 867 1184 941 reliquerat
1209 868 1523 933 Malchum.
1561 868 1652 926 Sic
1703 865 1892 923 Pauli-

227 972 351 1014 nus
375 955 619 1013 Nolana:
644 954 811 1012 urbis
835 957 1176 1031 episcopus,
1194 957 1286 1013 vir
1308 957 1537 1015 eximiae
1567 955 1894 1013 sanctitatis

228 1052 291 1104 et
315 1043 811 1117 incomparabilis
840 1046 1054 1113 meriti,
1098 1051 1343 1120 propter
1396 1046 1643 1103 unicum
1694 1044 1894 1101 viduae

226 1134 428 1192 ﬁlium
448 1136 662 1207 sponte
685 1132 868 1190 subiit
889 1135 917 1174 δ
945 1134 1313 1201 servitutem,
1331 1134 1607 1209 exemplo
1626 1134 1751 1190 veri
1771 1150 1897 1190 ma-

233 1222 403 1294 gistri
431 1226 792 1290 commotus,
824 1222 930 1296 qui
955 1222 1104 1280 dum
1134 1222 1391 1281 liberum
1421 1229 1477 1281 et
1532 1232 1894 1280 coaeternum

234 1312 529 1369 frueretur
555 1326 696 1366 cum
720 1313 887 1367 Patre
913 1315 972 1368 et
993 1312 1212 1385 Spiritu
1236 1319 1442 1370 sancto
1469 1317 1684 1369 cuncta
1698 1311 1895 1384 dispo«

230 1397 420 1457 nendi
457 1397 799 1472 imperium,
849 1413 962 1455 nec
1014 1399 1250 1473 praeiret
1294 1400 1577 1471 genitoris
1631 1403 1895 1473 potestas

229 1489 615 1560 majestatem
643 1486 831 1562 prolis
861 1502 1076 1545 coaevre
1104 1489 1290 1562 (quia,
1321 1494 1537 1546 natura
1568 1488 1895 1545 Divinitatis

1999 339 2165 389 cente
2192 333 2534 392 divinarum
2587 334 3028 407 Scripturarum
3060 336 3361 405 praecepta
3416 337 3653 391 sancto-

1997 436 2256 496 rumque
2271 424 2414 496 jura
2444 424 2765 480 verborum
2795 439 2826 479 e
2856 422 3117 479 tenebris
3154 425 3371 478 nostra}
3401 421 3657 494 peregri-

1998 510 2278 580 nationis,
2310 512 2532 585 quibus
2558 528 2595 569 a
2624 511 2878 568 Domino
2908 515 2966 567 et
2991 510 3309 568 beatorum
3357 510 3656 567 consortio

1999 615 2374 672 separamur,
2400 600 2867 675 contemplanda
2883 604 3040 670 sunt,
3061 605 3118 656 et
3138 597 3456 665 servanda,
3472 600 3657 656 donec

1998 689 2121 744 dies
2149 690 2423 746 lucescat.
2455 696 2507 748 et
2534 690 2753 761 lucifer
2781 691 3017 746 oriatur
3043 690 3106 744 in
3139 688 3415 745 cordibus
3440 689 3656 745 nostris

2002 777 2091 843 (II
2108 777 2271 833 Petr.
2306 794 2343 843 1,
2382 781 2488 845 19).
2523 778 2707 847 Unde,
2732 780 2780 834 si
2820 778 3010 835 libero
3041 782 3290 849 aspectu
3322 778 3507 833 Deum
3539 792 3659 833 cer-

1999 881 2140 921 nere
2192 865 2573 934 anhelamus,
2631 866 2798 939 prius
2861 866 2980 921 ﬁde
3038 865 3223 922 corda
3277 864 3658 939 purificanda

1999 959 2158 1025 sunt,
2189 954 2473 1027 operibus
2527 954 2956 1021 consecranda,
3008 959 3064 1010 et
3113 970 3287 1011 muro
3355 954 3656 1011 charitatis

1999 1045 2139 1101 hinc
2159 1044 2299 1102 inde
2353 1044 2658 1113 vallanda,
2720 1044 2941 1116 quibus
2990 1043 3251 1116 profecto
3304 1043 3463 1099 illius
3505 1046 3658 1100 sacri

2000 1133 2303 1205 Evangelii
2329 1134 2653 1207 sponsione
2683 1133 3097 1189 incunctanter
3122 1132 3406 1201 condigui
3436 1133 3660 1189 habea-

2000 1239 2158 1293 mur,
2189 1238 2313 1296 qua
2363 1222 2579 1279 dicitur
2607 1223 2819 1279 :Beati
2853 1221 3075 1278 mundo
3131 1221 3327 1288 corde,
3377 1223 3657 1292 quoniam

1999 1313 2119 1382 ipsi
2146 1313 2323 1369 Deum
2358 1312 2639 1369 videbunt
2669 1312 2866 1379 (Matt.
2900 1327 2955 1381 v,
2988 1312 3067 1378 8).
3100 1309 3239 1364 Inde
3269 1325 3481 1381 (IUHESO
3527 1326 3654 1377 vos,

1998 1400 2191 1458 beatae
2220 1400 2506 1472 virgines,
2536 1416 2612 1455 ne
2639 1398 2901 1473 perdatis
2944 1414 3233 1455 conoram
3265 1397 3432 1454 vobis
3487 1413 3660 1471 para-

1999 1493 2145 1554 tam,
2176 1505 2422 1546 necvos
2480 1505 2518 1545 a
2569 1489 2854 1545 charitatc
2910 1486 3121 1545 Christi
3171 1487 3532 1559 cujusquam
3574 1486 3657 1544 rei

228 1575 669 1634 indivisibiliter
708 1577 1081 1651 persistente,
1130 1577 1443 1634 diversitas
1498 1591 1895 1651 personarum
1924 1591 1965 1645 B
2001 1578 2326 1636 mundialis
2358 1578 2674 1635 oblectatio
2727 1582 3034 1649 segreget;
3093 1576 3198 1633 sed
3227 1591 3403 1650 aequo
3452 1577 3656 1632 animo

227 1664 552 1724 inconfusa
571 1665 878 1734 manebat,
912 1682 1034 1723 una
1059 1666 1396 1741 eademque
1428 1666 1631 1734 Patris,
1662 1670 1721 1723 et
1749 1665 1892 1729 Filii,

231 1761 290 1812 et
322 1754 577 1829 Spiritus
608 1755 795 1812 sancti
849 1755 1189 1813 substantia
1217 1756 1525 1827 existente)
1555 1772 1674 1813 non
1727 1756 1892 1827 rapi-

229 1859 377 1901 nam
403 1844 741 1902 arbitratus
757 1849 841 1900 est
865 1859 985 1901 esse
1012 1859 1073 1901 se
1102 1846 1391 1917 aqualem
1430 1847 1572 1914 Deo,
1599 1845 1701 1902 sed
1719 1859 1895 1901 seme-

232 1933 461 2003 tipsum
502 1933 879 2003 exinaniens,
902 1932 1166 2003 formam
1195 1935 1355 1991 servi
1403 1936 1651 2005 accepit,
1707 1933 1895 1990 humi-

234 2022 411 2078 tiavit
428 2036 491 2078 se
509 2037 697 2093 usque
718 2020 800 2078 ad
834 2027 1103 2091 mortem,
1160 2030 1408 2080 mortem
1458 2029 1657 2081 autem
1702 2022 1895 2079 crucis

230 2111 492 2181 (Philip.
522 2125 585 2180 ιι,
614 2111 670 2178 e,
702 2110 779 2182 8),

314 2203 370 2255 8.
403 2200 796 2273 Quapropter,
829 2214 1063 2256 sorores
1091 2215 1265 2271 mere,
1288 2201 1401 2257 hoc
1424 2200 1743 2257 Dominicis
1764 2214 1899 2272 pas-

241 2286 431 2344 sionis
463 2286 770 2361 exemplar
799 2292 937 2344 ante
989 2287 1198 2345 oculos
1228 2289 1427 2345 cordis
1458 2293 1802 2359 statuentes,
1843 2292 1901 2344 et

240 2376 378 2449 ejus
431 2375 674 2447 vestigia
720 2375 853 2448 jugi
898 2377 1285 2434 meditatione
1336 2383 1672 2451 sequentes,
1717 2392 1898 2434 omne

236 2463 569 2539 temporale
601 2464 968 2538 supplicium
1013 2481 1125 2539 pro
1155 2466 1341 2523 nihilo
1371 2472 1642 2540 reputate
1676 2467 1704 2522 δὲ
1749 2465 1900 2532 Quia

232 2552 376 2611 licet
399 2553 477 2609 sit
504 2568 790 2627 asperum
819 2557 876 2610 et
900 2569 1201 2626 amarum,
1225 2554 1410 2612 breve
1447 2560 1651 2613 tamen
1681 2561 1769 2611 est
1811 2559 1898 2612 at-

232 2657 360 2716 que
387 2641 496 2699 ﬁni
523 2642 897 2714 contiguum,
929 2647 989 2699 et
1017 2643 1129 2699 sub
1160 2644 1338 2701 unius
1387 2645 1678 2701 momenti
1707 2643 1900 2717 spatio

235 2736 346 2789 aut
385 2731 493 2811 qui
540 2730 717 2788 infert
745 2732 916 2803 perit,
975 2737 1081 2790 aut
1118 2732 1416 2789 sustinens
1471 2733 1687 2790 deﬁcit.
1750 2732 1903 2799 Quia

231 2835 439 2895 prunas
459 2819 510 2876 si
539 2819 799 2877 acriores
829 2832 854 2861 ο
883 2824 1043 2887 sunt,
1067 2820 1181 2877 cito
1209 2820 1491 2892 ingerunt
1508 2822 1773 2897 patiendi
1802 2820 1903 2877 de-

2001 1686 2140 1726 cum
2171 1668 2458 1743 Apostolo
2489 1667 2808 1742 praedicata
2838 1667 3102 1723 dicentes
3133 1683 3145 1721 :
3179 1666 3319 1735 Quis
3359 1668 3514 1723 enim
3552 1681 3657 1723 nos

1999 1759 2302 1829 separabit
2323 1772 2362 1815 a
2392 1758 2691 1815 charitate
2714 1756 2869 1814 Dei?
2896 1756 3230 1823 tribulatio,
3254 1770 3335 1811 an
3351 1756 3655 1826 angustia,

1999 1862 2080 1906 an
2096 1847 2449 1918 persecutio,
2473 1862 2552 1903 an
2569 1846 2783 1916 fames,
2803 1860 2882 1901 an
2909 1845 3171 1909 nuditas,
3196 1858 3276 1900 an
3287 1845 3655 1915 periculum,

2000 1953 2081 1995 an
2109 1937 2353 2008 gladius
2370 1939 2398 1991 ?
2420 1935 2609 2007 (Sicut
2633 1936 2924 2005 scriptum
2943 1939 3049 2000 est,
3101 1933 3382 2004 quoniam
3408 1938 3660 2004 propter

2002 2032 2059 2083 te
2090 2026 2527 2093 mortiﬁcamur
2574 2030 2699 2080 tota
2726 2023 2841 2093 die,
2887 2022 3167 2079 crstilnati
3196 2037 3398 2077 sumus
3429 2026 3494 2076 ut
3536 2021 3658 2077 ovis

2002 2114 2356 2184 occisionis.)
2376 2113 2495 2170 Sed
2521 2114 2580 2168 in
2612 2114 2703 2169 his
2731 2110 3000 2168 omnibus
3032 2124 3385 2180 superamus
3401 2113 3658 2179 propter

2002 2219 2156 2271 eum,
2184 2203 2290 2275 qui
2318 2201 2533 2259 dilexit
2565 2217 2690 2258 nos.
2724 2200 2934 2257 Certus
2962 2214 3093 2255 sum
3121 2199 3276 2255 enim
3308 2200 3451 2271 quia
3472 2213 3661 2270 neque

2002 2309 2183 2364 mors,
2214 2307 2402 2364 neque
2421 2293 2564 2359 vita,
2593 2305 2780 2362 neque
2794 2291 3018 2361 angeli,
3046 2304 3234 2361 neque
3250 2289 3657 2359 principatus,

2004 2396 2191 2454 neque
2206 2380 2525 2452 fortitudo,
2549 2395 2734 2452 neque
2755 2380 3032 2449 altitudo,
3051 2393 3240 2450 neque
3256 2378 3658 2448 profundum,

2004 2486 2193 2544 neque
2212 2472 2525 2539 instantia,
2554 2485 2742 2542 neque
2765 2470 3005 2540 futura,
3028 2484 3217 2540 neque
3233 2473 3513 2524 creatura
3535 2467 3663 2523 alia

2001 2561 2223 2631 poterit
2252 2576 2360 2616 nos
2386 2574 2671 2629 separare
2701 2573 2738 2615 a
2774 2558 3071 2615 charitate
3123 2557 3252 2622 Dei,
3306 2571 3434 2628 qua.v
3487 2559 3568 2611 est
3600 2555 3665 2610 in

2009 2649 2248 2706 Christo
2271 2651 2415 2705 Jesu
2444 2648 2697 2705 Domino
2728 2652 2932 2703 nostro
2964 2647 3150 2717 (Rom.
3200 2660 3321 2711 vui,
3371 2648 3438 2700 35
3493 2642 3665 2715 seq.).

2009 2739 2163 2806 Quin
2194 2738 2394 2813 potius
2426 2738 2540 2794 ista
2568 2736 2775 2793 omnia
2804 2740 3047 2809 propter
3079 2739 3368 2791 aeternam
3415 2731 3669 2789 retribu-

2007 2828 2234 2885 tionem
2265 2825 2657 2884 alacrioribus
2685 2825 2902 2882 animis
2930 2824 3201 2897 votisque
3224 2820 3665 2879 ardentioribus

235 2908 502 2979 fectum;
542 2908 593 2965 si
622 2924 765 2965 vero
794 2908 1046 2966 leviores
1076 2915 1235 2982 sunt,
1285 2910 1516 2968 facilius
1548 2911 1896 2968 tolerantur.
1932 2944 1973 2999 ο
2009 2923 2067 2975 et
2094 2915 2424 2990 quaerenda
2453 2919 2611 2982 sunt,
2643 2918 2700 2970 et
2727 2914 2991 2970 ferenda.
3026 2915 3219 2969 Manet
3247 2911 3408 2968 enim
3439 2909 3668 2966 unicui-

237 3000 308 3056 ln
332 3003 591 3073 utroque
613 3013 851 3072 semper
870 2997 1167 3070 gloriandi
1181 2998 1349 3056 vobis
1366 3004 1571 3057 manet
1586 3006 1900 3073 tropaeum,

234 3087 303 3144 in
329 3091 588 3161 utroque
618 3102 857 3160 semper
882 3086 1175 3144 felicitatis
1207 3088 1550 3145 cumulatur
1578 3090 1899 3162 profectus,

238 3175 396 3233 dum
426 3190 534 3249 per
570 3174 994 3232 multimodam
1051 3176 1554 3233 excruciationem
1583 3176 1764 3234 veluti
1793 3193 1902 3233 au-

243 3280 388 3320 rum
409 3264 547 3335 igne
577 3264 928 3338 probatum,
956 3264 1230 3339 puriores
1259 3265 1479 3322 animas
1507 3270 1715 3322 vestrae
1741 3265 1902 3322 deci-

252 3352 535 3409 dentibus
584 3355 788 3412 scoriis
855 3354 1136 3412 vitiorum
1187 3355 1543 3426 redduntur,
1601 3360 1661 3413 et
1707 3355 1903 3412 acrius

245 3456 443 3516 paena
470 3449 774 3513 grassante
800 3449 1108 3501 maturum
1136 3444 1483 3502 laureandis
1511 3445 1685 3501 vobis
1731 3445 1907 3502 infert

243 3533 581 3605 interitum,
608 3534 1019 3593 incunctanter
1047 3553 1157 3593 vos
1178 3536 1567 3593 nihilominus
1596 3536 1675 3593 ad
1692 3551 1906 3592 verum

241 3622 615 3697 praemittens
646 3624 947 3695 solatium,
979 3625 1055 3682 de
1080 3642 1204 3699 quo
1232 3642 1340 3699 per
1368 3626 1730 3698 Prophetam
1758 3624 1904 3682 dici-

243 3716 346 3770 tur
376 3731 392 3770 :
421 3714 592 3770 Dabo
658 3715 739 3771 eis
768 3716 1050 3772 solatium
1080 3731 1307 3784 verum,
1360 3731 1570 3786 pacem
1600 3730 1779 3787 super
1796 3729 1908 3786 pa-

247 3817 377 3859 cem
396 3804 637 3875 (Jerem,
670 3819 785 3872 xiv,
826 3805 929 3876 13).

325 3896 384 3948 9.
411 3891 477 3948 In
502 3892 688 3965 hujus
716 3891 895 3963 igitur
916 3894 1053 3950 vitae
1084 3893 1487 3967 corruptione,
1538 3892 1912 3967 quantalibet

251 3978 509 4053 quisque
536 3987 883 4038 nostrorum
912 3983 1332 4056 tranquillitate
1362 3983 1614 4051 fruatur,
1646 3998 1911 4039 commo-

249 4068 346 4125 dis
384 4075 710 4141 vegetetur,
756 4073 1146 4145 prosperitate
1174 4073 1433 4141 feratur;
1493 4088 1567 4129 ex
1597 4087 1669 4128 eo
1708 4076 1912 4128 tamen

245 4158 398 4232 quia
427 4160 884 4233 peregrinamur
909 4177 945 4218 a
967 4162 1240 4232 Domino,
1260 4163 1454 4232 magis
1478 4161 1911 4218 desolationem

2008 3023 2129 3081 que
2175 3004 2341 3079 apud
2386 3004 2709 3061 Dominum
2727 3000 2993 3075 reposita
3030 3000 3254 3057 laboris
3279 3000 3371 3056 sui
3420 3013 3675 3071 coronal

2010 3102 2065 3153 et
2090 3111 2201 3170 pro
2230 3093 2515 3168 qualitate
2546 3090 2884 3148 certaminis
2912 3088 3258 3162 repensabit
3283 3088 3379 3145 ille
3406 3088 3669 3144 fructum

2013 3182 2325 3241 mercedis.
2986 3230 2996 3239 .

2088 3278 2172 3329 11.
2208 3270 2500 3345 Equidem
2539 3284 2650 3325 nec
2680 3283 2792 3324 nos
2830 3265 3031 3322 divino
3081 3264 3373 3321 beneﬁcio
3407 3269 3670 3321 extorres

2017 3362 2145 3419 ﬁeri
2173 3360 2493 3428 credimus,
2545 3373 2656 3414 nec
2686 3360 2975 3428 expertes,
3008 3358 3112 3411 aut
3152 3354 3420 3426 ingratos
3450 3351 3671 3409 caelesti

2018 3466 2266 3509 munere
2316 3463 2629 3523 speramus
2659 3464 2673 3503 :
2718 3444 2880 3518 quia,
2912 3443 3049 3501 licet
3084 3442 3272 3511 inviti,
3327 3447 3531 3499 tamen
3560 3457 3671 3515 pro

2015 3540 2261 3598 nomine
2312 3553 2423 3594 suo
2479 3551 2688 3592 sumus
2744 3532 3024 3602 devincti,
3086 3536 3144 3589 et
3190 3531 3311 3588 alto
3342 3530 3673 3603 ergastulo-

2015 3647 2154 3688 rum
2204 3628 2423 3703 laqueo
2476 3623 2739 3695 dcligati.
2791 3621 3035 3695 Repleta
3096 3626 3236 3678 sunt
3282 3619 3610 3694 penetralia
3647 3618 3675 3660 ἀ

2016 3719 2271 3777 carceris
2310 3715 2660 3774 clericorum
2721 3711 3004 3780 catervis;
3057 3711 3306 3768 viduata
3344 3716 3437 3768 est
3482 3709 3675 3767 Eccle-

2018 3809 2106 3865 sia
2135 3823 2306 3865 sacro
2360 3803 2689 3880 praesulum
2744 3807 2801 3858 et
2858 3799 3239 3857 sacerdotum
3282 3799 3501 3856 oﬂicio.
3532 3801 3676 3856 Hor-

2016 3901 2149 3953 rent
2194 3894 2399 3950 divina
2446 3888 2836 3948 tabernacula
2894 3886 3237 3960 squalidam
3270 3886 3674 3951 solitudinem,

2018 3999 2241 4042 aranea
2294 3981 2433 4038 texit
2489 3977 2799 4048 templum,
2853 3981 3054 4032 tenent
3098 3980 3313 4032 cuncta
3353 3975 3673 4032 silentium.

2019 4071 2264 4130 Confusi
2349 4073 2490 4125 sunt
2546 4064 2907 4131 sacerdotes,
2994 4069 3051 4120 et
3121 4064 3373 4120 ministri
3448 4063 3676 4135 altaris,

2022 4162 2168 4237 quia
2196 4160 2454 4231 dispersi
2477 4161 2617 4213 sunt
2649 4155 2877 4226 lapides
2901 4155 3241 4210 sanctuarii
3255 4155 3318 4210 in
3339 4154 3535 4225 capite
3561 4169 3680 4211 om-

247 4263 388 4304 esse
416 4264 607 4321 quam
636 4265 850 4323 pacem
875 4250 936 4306 in
972 4252 1215 4307 veritate
1244 4250 1556 4307 fatendum
1601 4254 1706 4306 est.
1765 4248 1914 4310 Quia
1944 4292 1989 4347 Β
2023 4254 2190 4310 nium
2217 4251 2561 4345 platearum
2592 4245 2835 4343 (Thren.
2869 4260 2947 4313 ιγ,
2978 4242 3063 4315 1);
3092 4247 3153 4347 et
3179 4241 3590 4342 desinentibus
3617 4242 3679 4347 in

248 4341 497 4405 cuncta,
528 4353 663 4411 quae
692 4338 1127 4412 temporalibus
1154 4339 1335 4397 rebus
1356 4340 1604 4407 haerent,
1660 4343 1718 4395 et
1746 4338 1914 4395 vario

248 4426 472 4484 mundi
500 4426 727 4484 lumine
752 4428 1206 4501 perlustrantur,
1255 4429 1645 4485 nihilominus
1670 4426 1916 4485 vanitati

251 4517 748 4591 corruptionique
780 4519 1203 4591 succumbunt,
1230 4525 1288 4576 et
1313 4520 1483 4577 facile
1509 4536 1546 4576 a
1601 4524 1758 4576 statu
1806 4533 1917 4574 suo

253 4607 568 4679 labuntur,
599 4607 831 4665 dicente
859 4608 1178 4666 Salomone
1214 4611 1461 4666 :Omnia
1482 4625 1638 4667 uaria
1661 4608 1768 4664 sub
1798 4608 1920 4665 sole

257 4697 488 4769 (Eccte.
520 4713 562 4769 1,
598 4699 705 4769 14).

347 4786 429 4839 ιο.
462 4786 604 4841 Hinc
634 4786 1047 4843 vehementius
1100 4786 1212 4859 piis
1253 4789 1372 4843 Deo
1423 4786 1735 4843 affectibus
1784 4801 1922 4859 sup-

264 4869 616 4945 plicandum
647 4879 754 4944 est,
783 4875 1124 4948 sanctisque
1153 4876 1493 4949 frequenter
1513 4875 1723 4933 studiis
1743 4874 1919 4930 insis-

336 5011 363 5083 ξ
382 4999 533 5083 Ejus
552 5001 746 5081 Vitam
779 5002 835 5083 S,
860 5000 1263 5083 Hieronymus
1281 5001 1514 5083 egregie
1533 5000 1920 5083 Acpnscrips'it.

259 5070 347 5145 ait
378 5070 595 5145 paron.
628 5071 692 5127 in
729 5076 854 5128 not.
886 5071 967 5128 ad
991 5070 1367 5145 Martyrolog.
1396 5070 1491 5129 die
1530 5077 1607 5145 2t
1630 5070 1918 5129 Octobris.

258 5140 354 5197 Ab
378 5141 503 5214 hoc
517 5142 787 5200 diversus
806 5146 911 5210 est,
932 5144 1039 5200 etsi
1059 5143 1119 5200 in
1135 5140 1343 5200 multis
1363 5144 1697 5214 conveniat,
1719 5158 1924 5214 monae

262 5213 418 5287 chus
447 5212 544 5269 ille
566 5216 1139 5287 quem_Sozomenus
1160 5215 1588 5273 Malachionem
1608 5212 1805 5284 vocat,
1819 5213 1925 5287 qui

260 5284 483 5367 iisdem
497 5284 878 5367 temporibus
910 5286 1066 5367 vixit,
1098 5287 1173 5367 de
1202 5303 1325 5360 quo
1354 5287 1457 5367 lib_.
1482 5304 1559 5358 v1,
1592 5303 1733 5367 cap;
1759 5284 1847 5367 3g.

340 5356 367 5395 δ
385 5356 479 5436 ,ΒΘ
497 5356 616 5438 hoc
630 5356 860 5427 insigni
881 5356 1187 5438 charitatis
1207 5356 1484 5431 exemplo
1510 5356 1683 5438 quod
1782 5359 1924 5437 Gre-

263 5429 478 5497 gorius
530 5431 776 5498 Magnus
832 5429 998 5500 prius
1052 5429 1565 5495 commemoravit,
1605 5429 1816 5486 acriter
1862 5429 1924 5483 in

267 5502 596 5573 utramque
621 5498 854 5573 partem
878 5498 1188 5573 disputant
1206 5502 1418 5558 eruditi
1445 5519 1459 5568 ;
1492 5500 1599 5556 sed
1628 5507 1689 5573 tu
1714 5500 1921 5573 videas

268 5568 681 5628 Dissertatioh.
708 5587 785 5626 vn
804 5568 1275 5629 JoanfBantistze
1299 5575 1373 5628 Le
1397 5573 1551 5627 Brun
1576 5571 1655 5627 ad
1696 5571 1922 5628 calcem

269 5643 543 5716 Operam
568 5644 627 5699 Β.
655 5642 883 5699 Paulini
901 5642 1038 5701 edit.
1073 5642 1259 5701 Paris.
1297 5645 1451 5699 1685.
1485 5642 1790 5700 Danielem
1815 5644 1925 5701 Pa-

2026 4343 2326 4396 conventu
2352 4334 2598 4410 hymnis
2627 4332 2977 4391 cantionum
2999 4331 3350 4399 caelestium,
3398 4335 3683 4389 resonant

2025 4428 2232 4485 abdita
2296 4424 2549 4483 carceris
2606 4437 2917 4479 murmure
2997 4425 3206 4477 sancto
3273 4419 3675 4492 psalmorum.

2025 4522 2154 4575 Non
2213 4516 2437 4591 promit
2513 4517 2723 4570 cantor
2796 4510 3069 4567 divinum
3148 4524 3393 4565 carmen
3457 4508 3521 4564 in
3574 4523 3682 4580 pu-

2024 4606 2207 4678 blico,
2236 4621 2362 4662 non
2390 4619 2511 4661 vox
2565 4600 2890 4658 Psalmistaa
2918 4598 3093 4656 tinnit
3118 4597 3181 4654 in
3209 4597 3418 4670 choro,
3449 4597 3524 4669 (3)
3553 4611 3680 4652 non

2026 4695 2210 4752 lector
2236 4693 2623 4750 concionatur
2649 4690 2713 4745 in
2736 4687 2989 4762 pulpito,
3012 4702 3137 4743 non
3163 4685 3362 4743 Levita
3385 4683 3683 4755 evangeli-

2027 4788 2122 4841 zat
2147 4785 2209 4840 in
2237 4780 2486 4857 populo,
2515 4794 2638 4835 non
2668 4776 2949 4834 sacerdos
2977 4776 3115 4832 thus
3140 4774 3316 4832 infert
3370 4773 3681 4832 altaribus.

2029 4873 2198 4943 Quia,
2219 4882 2504 4945 percusso
2533 4871 2792 4941 pastore,
2846 4864 3286 4938 dispersionem
3342 4863 3538 4921 intulit
3574 4862 3683 4931 ad—

2071 4996 2421 5055 ebrochium
2452 4994 2531 5051 ad
2561 4993 2723 5049 diem
2750 4995 2820 5047 22
2850 4990 3006 5048 Junii
3052 4990 3112 5047 in
3143 4991 3416 5065 Append.
3446 4991 3521 5049 de
3558 4991 3685 5047 Tri-

2027 5015 2136 5127 Eus
2160 5070 2462 5127 Paulinis.
2496 5072 2523 5127 ξ
2546 5067 2612 5127 ΙΙ,
2643 5068 2701 5121 et
2728 5068 2969 5120 caeteros
2998 5078 3261 5127 quorum
3293 5062 3685 5119 meminimus

2070 5087 2136 5127 us
2160 5070 2462 5136 Paulinis,
2496 5067 2612 5135 3'11,
2643 5068 2701 5121 et
2724 5068 2969 5136 caeteros
2998 5078 3261 5136 quorum
3293 5067 3685 5119 meminimus

2029 5142 2091 5198 in
2114 5147 2257 5197 tom.
2292 5144 2307 5195 Ι
2359 5134 2576 5195 uestrae
2611 5135 2955 5207 Collection.
3006 5134 3086 5191 ad
3116 5150 3251 5207 cap.
3287 5150 3425 5191 xvu.
3460 5136 3684 5207 Opusc.

2033 5215 2089 5270 S.
2125 5212 2330 5268 lsidori
2359 5211 2431 5267 de
2468 5210 2613 5265 Viris
2659 5206 3022 5263 Illustribus.

2101 5297 2124 5325 °
2156 5287 2237 5339 Ex
2263 5281 2646 5354 antiquorum
2696 5275 3556 5354 philosophorumsubtjlitate
3570 5275 3686 5331 hoc

2030 5359 2118 5412 est
2147 5346 2562 5425 desumpttim,
2594 5355 2659 5425 u_t
2691 5346 2764 5425 ex
2785 5346 3089 5425 _(_Jiceron_i_s
3111 5348 3284 5425 tertia
3340 5346 3686 5425 Tusculana

2032 5431 2301 5500 apparet.
2339 5418 2403 5480 E1
2432 5439 2555 5480 non
2583 5418 2855 5478 absimile
2895 5422 2983 5474 est
3010 5418 3157 5475 illud
3189 5421 3421 5475 Senecae
3453 5436 3466 5473 :
3500 5419 3689 5475 Dolor

2032 5500 2274 5551 decidit.
2306 5497 2409 5551 ubi
2436 5510 2551 5551 auo
2576 5497 2827 5551 crescat.
2856 5506 2973 5545 non
3002 5490 3196 5546 habet.
3230 5492 3453 5547 Noun.

2031 5500 2274 5567 decidit,
2306 5500 2409 5551 ubi
2436 5510 2551 5566 quo
2576 5500 2827 5555 crescat,
2856 5506 2973 5545 non
3002 5500 3196 5546 habet.
3230 5500 3453 5547 MORAL.

2104 5570 2130 5610 ἀ
2159 5568 2364 5626 Misera
2383 5565 2484 5622 illa
2518 5562 2856 5633 Reccafredi
2891 5560 3155 5633 episcopi
3190 5566 3462 5633 tempora
3477 5559 3684 5632 deplo-

2036 5645 2147 5709 rat,
2187 5639 2264 5695 de
2287 5636 2512 5712 quibus
2551 5635 2804 5692 Alvarus
2835 5632 2894 5688 in
2926 5630 3050 5689 Vita
3086 5630 3147 5687 D.
3186 5630 3429 5700 Eulogii.
3465 5630 3683 5688 Manu.
