4110 6190
212 196 313 251 829

1447 180 1920 242 DOCUMENTUI
1958 172 2419 247 nmmum.

3511 197 3618 253 830

210 323 271 373 ut
294 318 349 373 in
376 314 737 372 holocaustis
766 312 1022 369 arietum
1069 317 1125 367 et
1172 316 1499 377 taurorum,
1530 314 1587 365 et
1616 309 1769 364 sicut
1796 307 1858 363 in
1894 310 1941 361 A
1970 311 2135 379 regni
2166 312 2257 369 sui
2287 314 2530 388 ﬁnibus,
2559 317 2729 374 sicuti
2755 317 3011 387 cernitis,
3062 332 3250 386 genus
3300 320 3615 379 excludere

204 406 461 462 millibus
480 418 781 473 agnorum
802 420 815 456 :
839 402 981 474 quia
1000 416 1120 457 non
1134 407 1218 458 est
1238 402 1510 471 confusio
1533 397 1861 468 conﬁtenti-

205 497 306 552 bus
323 510 457 553 eum
474 496 655 563 (Dan.
685 492 787 550 ubi
809 492 998 561 supr.)
1031 491 1151 546 Vos
1178 504 1343 561 ergo,
1378 504 1612 546 sorores
1640 488 1857 551 beatae,

198 588 326 656 jam
353 585 418 640 in
446 583 544 640 illo
566 582 673 638 reti
700 581 985 637 Domineo
1014 583 1207 652 captae
1236 578 1401 648 estis,
1434 578 1599 652 quod
1628 577 1688 633 in
1719 575 1855 632 dex-

210 679 335 730 tera
362 671 582 743 navigii
611 671 687 727 ad
715 673 1081 743 praeceptum
1130 668 1400 737 magistri
1430 668 1702 733 missum,
1730 665 1853 738 ple-

217 776 366 819 num
404 761 636 832 magnis
657 758 926 832 piscibus
945 756 1122 814 littori
1154 758 1490 828 expositum
1519 761 1623 811 est.
1651 754 1852 826 (Joan.

212 868 331 921 xxr,
352 853 425 922 ϐ),
440 850 516 906 ad
532 851 645 905 hoc
661 851 1050 913 reservatum,
1063 850 1129 901 ut
1141 846 1426 902 scrutinio
1441 843 1853 918 apostolorum

204 939 355 996 foris
375 938 545 999 malis
595 936 888 1010 projectis,
920 935 1169 1009 perenni
1193 948 1303 990 vos
1335 934 1613 990 societate
1640 934 1855 1005 junga-

205 1028 349 1083 mini
368 1028 686 1083 electorum
707 1024 1015 1096 catalogis.
1033 1024 1092 1079 Si
1114 1039 1255 1079 vero
1277 1023 1614 1080 sciscitante
1626 1022 1851 1094 judice.

202 1116 557 1185 negaveritis
584 1131 688 1170 vos
708 1113 1091 1170 maledixisse
1120 1117 1341 1177 vatem,
1375 1111 1849 1177 maledicemini;

196 1219 303 1260 nec
331 1204 654 1260 detestatus
674 1203 856 1259 fuisse
877 1201 1042 1276 quod
1066 1202 1353 1258 Dominus
1393 1201 1716 1257 detestatus
1741 1205 1847 1268 est,

197 1292 412 1365 duplici
453 1296 705 1365 peccato
748 1291 907 1347 eritis
929 1291 1223 1348 obnoxiae.
1253 1293 1445 1346 Unum
1467 1290 1574 1346 erit
1603 1289 1849 1346 menda-

193 1382 281 1445 cii,
311 1381 597 1452 negando
622 1381 935 1437 veritatem
956 1395 1143 1452 quam
1181 1381 1310 1450 jam
1342 1379 1629 1435 confessas
1660 1377 1802 1434 estis
1832 1396 1844 1446 ;

194 1470 352 1526 aliud
396 1468 814 1525 subtrahendo
845 1483 1047 1523 coram
1069 1468 1309 1523 inimico
1334 1466 1572 1537 justitiae
1594 1467 1847 1522 verbum

194 1558 602 1614 confessionis.
632 1561 861 1614 Etcerte
887 1573 1022 1629 qua:
1053 1572 1174 1612 non
1204 1555 1619 1612 maledicimus
1649 1572 1679 1611 e
1710 1571 1823 1612 con

194 1647 366 1703 trario
396 1646 834 1717 benedicimus,
877 1662 1059 1722 quem
1086 1661 1207 1702 non
1250 1644 1636 1713 detestamur,
1671 1644 1847 1717 quasi
1878 1659 1917 1712 Β

190 1736 446 1793 favendo
479 1740 696 1792 nostra:
728 1734 992 1791 societati
1015 1734 1407 1791 admittimus.

262 1831 347 1881 t7.
384 1825 551 1881 Unde
575 1824 975 1880 insistendum
1004 1826 1110 1887 est,
1134 1838 1371 1878 sorores
1420 1838 1590 1887 mere,
1624 1826 1687 1877 ut
1730 1836 1845 1877 co:-

190 1919 291 1986 pta
307 1914 471 1970 bella
487 1931 623 1970 cum
646 1915 848 1970 divino
870 1914 1092 1969 auxilio
1114 1914 1173 1969 in
1196 1929 1343 1986 pace
1365 1913 1706 1968 animarum
1725 1926 1847 1966 ves-

192 2008 421 2060 trarum
452 2004 903 2071 consummetis,
926 2019 1159 2075 nosque
1182 2003 1395 2075 potiori
1418 2003 1750 2058 interventu
1772 2001 1846 2056 de

189 2092 540 2147 ccelestibus
591 2093 897 2147 tueamini.
949 2092 1243 2155 Quoniam
1275 2092 1324 2146 si
1353 2091 1435 2146 sic
1487 2090 1659 2145 vobis
1711 2088 1848 2162 pius

172 2181 490 2237 Dominus
514 2195 639 2236 non
667 2180 837 2236 deest
882 2180 1152 2247 auditor,
1174 2179 1406 2235 facilius
1463 2183 1661 2234 tamen
1718 2179 1847 2249 ejus

188 2267 602 2323 contuberniis
632 2268 1016 2333 cohaerentes,
1048 2266 1345 2340 quidquid
1378 2267 1454 2322 ab
1476 2282 1547 2321 eo
1568 2266 1846 2339 petieritis

194 2355 584 2426 impertietur.
616 2356 765 2421 Quia
789 2355 872 2410 sic
899 2356 1287 2412 immaculata
1312 2354 1619 2424 virginitas
1650 2354 1848 2411 liberis

193 2444 482 2515 passibus
502 2445 823 2501 Dominum
854 2446 1141 2518 sequitur,
1177 2445 1260 2500 sic
1288 2445 1516 2501 munda
1545 2446 1781 2500 castitas
1812 2459 1849 2500 a

190 2533 607 2606 Redemptoris
632 2535 723 2589 sui
758 2534 1057 2591 consortio
1089 2551 1208 2590 non
1240 2534 1530 2603 avellitur,
1557 2534 1638 2589 sic
1667 2534 1845 2589 etiam

185 2638 496 2695 purpureo
524 2623 795 2696 martyrii
823 2638 1068 2695 aspersa
1099 2639 1304 2678 cruore
1335 2623 1501 2678 sertis
1532 2621 1844 2679 diadema-

187 2718 311 2767 tum
344 2712 547 2767 victrix
564 2712 785 2767 amicta
809 2712 1145 2767 comitatur.
1172 2715 1325 2767 Deus
1347 2713 1502 2767 enim
1524 2712 1847 2768 Ecclesium

185 2816 357 2857 suam
391 2817 428 2857 a
456 2801 730 2857 molestia
758 2801 1072 2858 vastatoris
1102 2801 1401 2871 defendet,
1433 2818 1545 2857 nos
1575 2817 1841 2874 quoque,

190 2889 339 2945 sicut
380 2889 651 2956 voluerit,
700 2890 919 2947 invicta
971 2894 1261 2962 potestate
1309 2890 1384 2947 de
1411 2890 1666 2945 vinculis
1717 2891 1842 2945 istis

1968 399 2295 459 moliuntur
2321 404 2769 476 Christicolum;
2806 423 2967 463 nunc
3019 422 3126 481 pro
3157 424 3267 464 suo
3291 406 3458 464 libito
3486 414 3615 467 tan-

1967 491 2280 549 tummodo
2310 510 2579 552 exercere
2606 513 2718 553 nos
2766 497 3023 554 sinentes
3054 494 3570 555 Christianismum
3597 517 3611 568 ;

1966 593 2125 635 nunc
2141 579 2271 639 dira
2283 584 2560 642 servitute
2580 584 2757 642 fetere
2770 584 3051 642 facientes
3067 586 3180 642 ritu
3197 585 3615 645 Pharaonitico

1966 667 2249 725 sudorem
2301 676 2612 743 nostrum;
2671 688 2831 730 nunc
2863 672 3308 731 intolerabiliter
3354 689 3389 731 a
3436 674 3615 731 nobis

1961 754 2312 828 vectigalem
2344 764 2761 835 extorquentes
2789 762 3255 837 chirographum
3290 776 3489 828 ;nunc
3508 779 3618 837 pu-

1962 844 2185 901 blicum
2201 846 2577 920 imponentes
2601 852 2956 907 miserorum
2978 850 3307 908 cervicibus
3329 868 3576 909 censum
3599 871 3612 922 ;

1962 949 2122 991 nunc
2150 935 2331 992 rebus
2359 952 2471 994 nos
2501 938 2875 1010 abdicantes,
2908 939 3219 998 crudeliter
3247 940 3615 998 detrimentis

1964 1028 2222 1082 atterunt
2263 1042 2485 1085 rerum.
2520 1031 2586 1087 Et
2612 1029 2694 1087 ita
2741 1029 2909 1086 vario
2941 1028 3347 1103 oppressionis
3398 1046 3614 1103 genere

1964 1112 2437 1173 orthodoxorum
2468 1116 2783 1190 fatigautes
2815 1123 3198 1190 conventum,
3254 1117 3612 1195 diversoque

1960 1203 2387 1273 persecutionis
2430 1205 2676 1262 incursu
2706 1220 2950 1277 gregem
2996 1204 3323 1277 aﬂligentes
3349 1206 3613 1265 Domini-

1962 1303 2124 1357 cum,
2176 1297 2411 1362 gratum
2452 1310 2513 1351 se
2545 1298 2664 1351 Deo
2690 1312 2800 1351 suo
2827 1293 3051 1351 nostris
3076 1295 3323 1367 jacturis
3364 1295 3615 1354 credunt

1960 1385 2239 1452 praestare
2266 1381 2651 1457 obsequium.
2695 1386 2929 1451 Quanto
2959 1389 3100 1441 tunc
3118 1386 3490 1458 praestantior
3510 1402 3615 1443 no-

1962 1469 2053 1525 bis
2084 1468 2273 1540 gloria
2302 1488 2337 1528 a
2369 1476 2619 1530 Domino
2652 1478 3052 1548 prrestaretur,
3081 1476 3150 1547 si,
3174 1475 3467 1533 desidiam
3487 1492 3613 1533 res-

1961 1564 2232 1631 puentes,
2265 1560 2627 1619 documento
2652 1569 2852 1621 vestro
2874 1563 3128 1634 excitati,
3162 1564 3301 1620 talia
3331 1581 3614 1637 peragere

1962 1647 2399 1718 festinaremus,
2435 1668 2543 1708 nec
2574 1669 2684 1708 nos
2717 1653 2830 1710 sub
2858 1652 3061 1710 divino
3089 1654 3287 1728 impias
3315 1656 3505 1724 gentis
3534 1655 3616 1710 1a-

1962 1737 2177 1793 borare
2206 1738 2446 1795 stimulo
2476 1748 2817 1814 pateremur
2835 1742 2864 1798 ?
2894 1743 3007 1800 Sed
3037 1758 3149 1799 nos
3174 1742 3373 1799 miseri
3404 1759 3612 1800 eorum

1960 1822 2236 1883 Oblectati
2278 1828 2598 1886 sceleribus
2628 1846 2750 1888 non
2803 1831 3129 1900 incongrue
3159 1831 3484 1888 Psalmistaa
3516 1833 3614 1888 dc-

1958 1920 2240 1973 notamur
2284 1919 2560 1983 oraculis,
2620 1920 2720 1993 qui
2772 1921 2894 1977 ait:
2941 1922 3241 1978 Commisti
3285 1928 3423 1978 sunt
3456 1924 3615 1979 inter

1958 2012 2180 2076 gentes,
2209 2013 2264 2063 et
2302 2009 2643 2065 didicerunt
2686 2006 2867 2079 opera
2898 2026 3121 2075 eorum,
3171 2018 3225 2067 et
3276 2012 3613 2067 servierunt

1957 2096 2291 2165 sculptibus
2322 2111 2545 2168 eorum,
2570 2104 2625 2155 et
2649 2100 2885 2169 factum
2906 2106 2989 2156 est
3020 2101 3142 2156 illis
3162 2102 3224 2156 in
3254 2100 3609 2161 scandalum

1962 2184 2147 2255 (Psal.
2178 2200 2269 2249 cv,
2303 2190 2390 2256 35,
2416 2188 2526 2259 36).
2584 2190 2702 2242 Heu
2736 2188 2889 2261 prob
2941 2187 3128 2244 dolor!
3162 2188 3304 2261 quia
3334 2204 3465 2243 esse
3496 2187 3608 2242 sub

1958 2272 2237 2342 gentibus
2259 2272 2501 2331 delicias
2530 2282 2971 2350 computamus,
2997 2278 3334 2351 jugumque
3357 2293 3492 2333 cum
3526 2276 3609 2333 in-

1957 2360 2236 2418 ﬁdelibus
2268 2363 2484 2420 ducere
2532 2381 2654 2420 non
2696 2366 3015 2421 renitimur.
3052 2368 3117 2421 Et
3147 2366 3283 2422 inde
3313 2382 3385 2422 ex
3418 2365 3610 2439 quoti-

1956 2450 2138 2507 diano
2187 2468 2301 2508 usu
2328 2452 2563 2509 illorum
2595 2453 2916 2525 sacrilegiis
2960 2453 3315 2528 plerumque
3361 2455 3603 2517 utimur,

1956 2540 2271 2613 magisque
2301 2541 2565 2616 ipsorum
2591 2542 2982 2600 contubernia
3020 2544 3394 2613 affectamus,
3421 2560 3607 2617 quam

1956 2633 2021 2685 ut
2065 2629 2341 2704 exemplo
2396 2632 2541 2687 Loth
2591 2633 2944 2704 patriarchae
2988 2632 3191 2690 relicto
3243 2631 3606 2704 Sodomitico

1955 2732 2090 2773 rure
2119 2719 2178 2774 in
2207 2703 2408 2777 monte
2434 2703 2754 2779 salvemur.
3598 2703 3606 2712 ‘

2033 2804 2113 2861 19.
2171 2811 2241 2863 At
2269 2823 2399 2879 vos,
2431 2808 2621 2865 beatze
2674 2810 2952 2882 virgines,
3005 2815 3327 2884 postquam
3372 2792 3644 2866 strenue.

1955 2894 2286 2951 bellatrices
2314 2896 2391 2952 ad
2450 2897 2758 2969 publicum
2811 2900 3122 2971 prosilistis
3177 2903 3500 2966 certamen,
3554 2903 3612 2953 et

182 2984 363 3050 eruet,
420 2983 480 3034 et
505 2977 817 3045 custodiet,
852 2978 1214 3051 sedibusque
1257 2979 1513 3052 propriis
1568 2979 1843 3033 misertus
1885 3009 1925 3065 ο
1954 2998 2159 3039 coram
2183 2982 2425 3052 regibus
2451 2991 2506 3041 et
2530 2986 2900 3066 principibus
2924 2985 3447 3058 mundiintrepida
3469 3002 3609 3042 con-

184 3071 467 3125 restituet.
506 3071 621 3123 Vos
655 3072 903 3133 tantum,
955 3084 1208 3137 sorores,
1240 3071 1615 3141 perseverate
1655 3083 1843 3139 usque

182 3158 255 3212 ad
282 3162 547 3214 mortem
581 3157 777 3213 carnis
808 3162 873 3212 ut
906 3172 1030 3211 non
1076 3156 1273 3212 solum
1304 3157 1646 3212 animarum
1694 3155 1842 3228 peri-

182 3246 377 3303 culum
418 3246 716 3311 evadatis,
747 3261 958 3301 verum
988 3245 1168 3301 etiam
1222 3244 1282 3299 in
1330 3245 1510 3300 vitam
1562 3251 1841 3299 aeternam

182 3352 277 3393 eas
315 3335 695 3403 custodiatis,
745 3334 977 3390 dicente
1032 3333 1322 3389 Domino:
1357 3335 1470 3402 Qui
1510 3334 1843 3403 perdiderit

182 3427 440 3481 animam
460 3440 636 3481 suam
650 3429 905 3493 propter
933 3438 1044 3490 me,
1072 3424 1135 3477 in
1167 3423 1349 3477 vitam
1394 3428 1678 3479 aeternam
1708 3439 1837 3479 cus-

184 3516 356 3571 todiet
378 3530 515 3572 eam
539 3514 776 3585 (Matth.
810 3529 870 3580 x,
903 3512 1011 3582 39).
1171 3496 1180 3507 ’

257 3607 335 3659 l8.
365 3606 533 3658 Tunc
565 3605 765 3657 autem
792 3616 915 3672 quo
945 3604 1122 3672 pacto
1180 3600 1573 3673 inculpabiles
1611 3602 1836 3667 essetis,

184 3691 231 3746 si
252 3690 560 3748 communi
583 3706 719 3747 cum
743 3694 946 3746 nostra
973 3688 1228 3745 Ecclesia
1257 3688 1483 3745 silentio
1515 3689 1573 3745 in
1609 3690 1721 3745 hac
1778 3706 1839 3747 re

184 3778 521 3846 uteremini,
540 3794 659 3835 non
685 3779 759 3834 de
783 3778 1053 3834 testando
1087 3778 1320 3849 publice
1344 3794 1525 3850 quem
1548 3778 1842 3851 frequenti

184 3866 635 3938 impugnatione
660 3868 1094 3941 blasphematis
1123 3868 1349 3925 occulte
1374 3869 1401 3925 ?
1421 3870 1538 3925 Nec
1563 3872 1844 3927 statueret

184 3955 352 4010 vobis
401 3957 685 4013 Dominus
713 3958 787 4012 ad
834 3963 1086 4026 reatum,
1120 3957 1284 4029 quod
1331 3956 1457 4012 sola
1490 3957 1687 4012 cordis
1720 3975 1838 4015 me-

176 4042 477 4113 ditatione,
538 4061 661 4102 non
704 4047 824 4102 oris
850 4045 1216 4117 professione
1245 4045 1445 4118 ipsum
1466 4044 1759 4101 referretis
1779 4046 1840 4102 in

176 4131 385 4204 forum,
414 4135 766 4191 aemulando
810 4134 1003 4204 magis
1031 4138 1383 4207 praetextum
1414 4134 1595 4205 hujus
1621 4140 1839 4192 nostra:

172 4224 465 4292 Ecclesia,
482 4242 622 4298 quas
634 4226 749 4281 hoc
776 4229 1041 4299 tempore
1068 4229 1273 4281 contra
1287 4225 1485 4298 ipsum
1502 4228 1700 4281 vatem
1725 4225 1839 4282 ini-

168 4328 351 4384 quum
374 4313 769 4372 clandestinis
793 4313 916 4384 agit
940 4313 1379 4369 invectionibus
1394 4314 1422 4369 ‘I
1444 4317 1553 4369 Pro
1574 4329 1645 4370 eo
1671 4314 1838 4386 quod

168 4410 191 4436 ⁸
210 4404 619 4477 [impediente
642 4402 924 4473 facinore,
952 4402 1160 4474 elapsa
1179 4401 1483 4458 additione
1506 4403 1834 4460 Gothorum

168 4493 527 4564 respublica,
586 4508 722 4565 quin
765 4492 906 4549 olim
928 4492 987 4548 in
1014 4491 1290 4565 Hispanis
1345 4495 1518 4547 aucta
1564 4492 1834 4550 felicitate

170 4582 585 4650 Ecclesiarum,
615 4587 672 4637 et
702 4598 941 4637 summa
964 4580 1250 4649 dignitate
1273 4580 1532 4653 pollente
1554 4581 1832 4638 sacerdo-

166 4673 309 4740 tum,
340 4672 420 4728 ab
452 4672 543 4728 eis
575 4668 1024 4727 moderantibus
1049 4668 1505 4739 gubernabatur
1532 4688 1544 4737 ;
1575 4670 1635 4725 in
1658 4671 1829 4726 istius

166 4758 407 4816 nefandi
463 4760 763 4817 cultorum
831 4758 1203 4831 privilegium
1246 4758 1395 4814 vatis
1422 4758 1654 4814 occulto
1706 4760 1830 4830 jus-

166 4851 344 4919 toque
376 4850 476 4907 Dei
501 4850 728 4922 judicio
780 4852 1115 4905 transvecta
1174 4854 1278 4904 est.
1312 4848 1610 4914 Quoniam
1664 4865 1826 4919 quie-

165 4952 402 5011 cunque
454 4940 744 4997 Dominus
770 4938 947 4994 nobis
976 4936 1191 5006 intulit,
1219 4937 1281 4993 in
1328 4954 1467 4994 vero
1493 4938 1720 5009 judicio
1747 4938 1826 4994 fe-

163 5027 254 5096 cit,
293 5035 351 5086 et
375 5031 510 5087 haec
537 5030 744 5086 omnia
798 5032 1040 5101 propter
1064 5031 1310 5099 peccata
1340 5033 1563 5095 nostra,
1614 5034 1816 5102 atque,

164 5122 222 5171 ut
242 5119 527 5193 scriptum
556 5124 644 5175 est
696 5118 1081 5175 :ereditas
1134 5123 1343 5174 nostra
1376 5134 1544 5174 versa
1600 5127 1681 5175 est
1739 5122 1820 5177 ad

162 5208 402 5280 alienos,
432 5210 644 5266 domus
675 5214 883 5264 nostra
911 5207 992 5264 ad
1041 5213 1377 5264 extraneos.
1438 5214 1637 5279 Aquas
1690 5226 1821 5267 nos-

162 5300 281 5351 tras
324 5299 587 5367 pecunia
662 5297 932 5361 bibimus,
995 5301 1057 5353 et
1119 5298 1284 5366 ligna
1360 5302 1569 5352 nostra
1623 5301 1819 5365 pretio

161 5388 657 5455 comparavimus.
713 5386 884 5442 Servi
937 5385 1329 5441 dominantur
1385 5385 1571 5449 nobis,
1635 5400 1822 5455 neque

162 5480 236 5527 est
296 5478 402 5545 qui
461 5477 715 5533 redimat
776 5490 879 5529 nos
932 5474 1003 5530 de
1062 5475 1337 5530 manibus
1409 5488 1629 5528 eorum.
1709 5477 1814 5540 Qui

160 5563 517 5631 gravissimo
538 5565 687 5637 jugo
707 5563 863 5621 colla
886 5568 1226 5637 prementes
1250 5559 1539 5631 fidelium,
1558 5577 1738 5620 omne
1782 5580 1819 5621 a

1955 3072 2209 3130 fessione
2240 3074 2540 3147 repulistis
2592 3076 2834 3147 justitiae
2890 3075 3158 3144 hostem;
3210 3076 3609 3148 pugnandum

1954 3166 2041 3217 est
2070 3162 2238 3218 vobis
2267 3179 2457 3236 usque
2484 3164 2562 3220 ad
2585 3169 2837 3221 mortem
2868 3183 2880 3231 ;
2913 3166 3057 3238 quia
3099 3165 3211 3220 hoc
3272 3179 3461 3232 genus
3488 3177 3609 3219 cer-

1955 3251 2192 3307 taminis
2220 3252 2279 3307 in
2309 3258 2499 3308 morte
2529 3252 2915 3322 gloriﬁcatur,
2940 3258 2997 3310 et
3027 3259 3166 3309 tunc
3189 3252 3468 3308 bravium
3500 3252 3609 3307 ini-

1948 3345 2036 3401 lcs
2071 3340 2304 3413 accipit,
2344 3341 2592 3413 quando
2629 3340 2908 3410 moritur;
2943 3356 3132 3414 eoque
3164 3340 3230 3395 fit
3280 3339 3353 3395 de
3385 3355 3609 3396 corona

1951 3427 2207 3484 victoriae
2240 3433 2453 3498 certus,
2488 3445 2610 3503 quo
2642 3444 2703 3486 se
2754 3430 3103 3487 ardentibus
3140 3428 3310 3485 bellis
3342 3428 3610 3502 injecerit

1950 3517 2296 3574 moriturus.
2317 3519 2407 3576 Sic
2421 3534 2548 3585 vos,
2563 3518 2798 3576 obitum
2809 3520 3206 3576 distrahentes
3227 3533 3606 3592 corporeum,

1951 3610 2239 3663 aeternum
2271 3609 2404 3665 vitae
2421 3609 2701 3681 perennis
2722 3610 2929 3666 emetis
2956 3614 3196 3669 statum,
3247 3608 3365 3664 luci
3400 3624 3610 3682 perpe-

1952 3699 2064 3749 ιιιεθ
2121 3698 2575 3770 mancipatum;
2629 3700 2897 3772 dumque
2938 3697 3197 3755 ccelestia
3222 3714 3332 3771 pro
3366 3698 3608 3753 terrenis

1949 3785 2243 3841 mutando
2283 3787 2607 3859 acquiritis,
2658 3792 2714 3842 et
2750 3786 3158 3859 dispensando
3208 3785 3490 3851 labentia,
3545 3784 3606 3840 in

1947 3886 2145 3927 aevum
2178 3888 2462 3930 mansura
2491 3875 2811 3947 percipitis,
2862 3874 3178 3947 praecipuis
3234 3872 3604 3940 meritorum,

1946 3965 2281 4016 vestrorum
2355 3962 2800 4035 exemplaribus
2870 3961 3189 4016 Ecclesiam
3248 3957 3601 4015 catholicam

1945 4047 2301 4117 informatis,
2335 4065 2458 4122 quo
2480 4049 2792 4105 mundana
2817 4048 3181 4111 abdicando,
3209 4046 3482 4121 superuis
3512 4062 3604 4101 re-

1944 4136 2060 4192 bus
2090 4137 2375 4194 intendat.
2411 4142 2599 4195 Manet
2627 4138 2804 4209 igitur
2832 4138 3028 4206 vobis,
3062 4152 3294 4193 sorores
3324 4150 3494 4207 mete,
3532 4153 3601 4192 ex

1947 4232 2200 4301 utraque
2257 4232 2423 4301 parte
2471 4228 2732 4285 victoriae
2784 4227 3214 4285 commodum:
3270 4230 3475 4282 manet
3531 4241 3603 4281 ex

1948 4321 2200 4390 utroque
2224 4317 2407 4375 latere
2428 4319 2814 4392 praemiorum
2837 4316 3301 4374 indesinentium
3330 4314 3599 4381 lucrum;

1946 4410 2006 4462 et
2030 4407 2169 4463 hinc
2196 4423 2317 4464 non
2350 4407 2696 4464 indecenter
2721 4407 2867 4464 illud
2898 4406 3225 4464 Psalmistae
3251 4405 3599 4461 vaticinium

1943 4496 2153 4552 vestris
2178 4497 2354 4567 justis
2381 4497 2691 4553 laberibus
2745 4501 2937 4553 exstat
2979 4499 3278 4569 paratum,
3310 4508 3433 4567 quo
3459 4494 3599 4549 dici-

1941 4588 2073 4641 tur:
2136 4587 2347 4643 Gloria
2403 4592 2456 4643 et
2507 4588 2732 4643 divitia
2778 4589 2842 4642 in
2873 4587 3043 4642 domo
3074 4586 3228 4654 ejus,
3262 4590 3315 4640 et
3354 4584 3599 4655 justitia

1944 4677 2073 4744 ejus
2101 4681 2301 4731 manet
2332 4676 2393 4730 in
2416 4677 2698 4731 saeculum
2726 4675 2933 4731 saeculi
2960 4675 3144 4745 (Psal.
3181 4690 3295 4743 cxx,
3343 4676 3416 4744 3).

2009 4762 2098 4813 20.
2135 4758 2247 4814 Sed
2265 4758 2393 4828 jam
2418 4775 2513 4815 me
2534 4760 2593 4814 in
2617 4763 2791 4831 portu
2809 4758 3021 4814 silentii
3044 4759 3383 4823 constituto,
3406 4757 3598 4830 prius-

1937 4862 2123 4919 quam
2138 4846 2417 4902 volumcn
2431 4848 2612 4903 tinem
2633 4851 2894 4919 appetat,
2911 4851 2967 4902 et
2980 4850 3190 4902 sancto
3209 4846 3599 4919 inspiramine

1935 4935 2202 4991 educatis
2225 4948 2396 4991 arma
2416 4935 2725 5007 prmliandi
2748 4936 3081 4992 ministrare
3109 4935 3373 5003 desistat,
3398 4940 3596 4993 tecum

1934 5025 2080 5080 mihi
2108 5023 2423 5097 paululum
2466 5024 2633 5098 loqui
2670 5024 2833 5097 libet,
2866 5041 2901 5082 ο
2921 5025 3206 5082 virtutum
3230 5026 3454 5081 meritis
3486 5026 3597 5082 ﬂo-

1931 5128 2069 5171 rens
2104 5116 2277 5171 Flora
2321 5114 2702 5171 sanctissima
2738 5130 2928 5185 soror,
2951 5120 3017 5171 ut
3044 5120 3261 5171 nostrae
3285 5115 3594 5171 familiari-

1932 5203 2065 5261 tatis
2088 5204 2339 5260 verbum
2357 5204 2568 5259 auditu
2589 5203 2827 5277 placido
2848 5210 3117 5277 captans,
3139 5204 3454 5261 secretario
3471 5217 3594 5258 cor-

1931 5296 2025 5351 dis
2046 5293 2391 5351 recondend
2401 5311 2499 5350 um
2513 5293 2816 5363 admittas,
2844 5300 3239 5367 nostrumque
3251 5293 3592 5350 consultum

1931 5384 2312 5442 sanctiﬁcatis
2344 5384 2648 5441 mentibus
2666 5385 2801 5449 tuis,
2828 5390 2892 5440 ut
2910 5385 2993 5460 pii
3017 5384 3206 5458 patris
3225 5386 3593 5457 praeceptum

1932 5491 2209 5547 reponas.
2243 5473 2392 5529 Audi
2422 5490 2584 5545 ergo,
2608 5473 2749 5543 filia,
2774 5479 2828 5530 et
2864 5474 3020 5543 vide,
3065 5470 3364 5529 etinclina
3386 5486 3590 5527 aurem

1931 5569 2118 5632 tuam,
2142 5568 2199 5618 et
2217 5561 2568 5620 obliviscere
2598 5564 2894 5636 populum
2917 5567 3108 5630 tuum,
3128 5565 3186 5620 et
3205 5560 3460 5617 domum
3489 5574 3595 5632 pa-

226 5729 243 5751 '
277 5724 595 5781 Causante.
625 5729 705 5783 Ita
723 5724 897 5793 intra,
927 5723 1338 5794 prwpediente
1357 5722 1641 5793 deliquio,
1669 5712 1747 5781 ad
1772 5722 2672 5798 ephoopumPampilonensem.
2702 5724 2908 5783 Scaor.
