4140 6188
442 122 537 180 831

1575 117 1630 172 S.
1672 112 1950 170 EULOGII
1991 110 2312 168 ARCHIEP.
2357 114 2610 175 TOLET.

3743 117 3847 168 832

441 247 543 303 tris
559 245 962 316 tui,quoniam
979 239 1346 311 concupiscit
1363 255 1464 295 rex
1478 239 1738 312 speciem
1756 242 1938 292 tuam.
1958 238 2084 290 Non
2119 238 2165 291 A
2203 237 2268 290 l0
2297 243 2465 312 seq).
2500 244 2581 298 Ac
2607 243 2656 298 si
2685 245 2955 315 patenter
2976 242 3204 297 diceres
3237 257 3248 295 :
3280 239 3709 296 Testimonium
3754 254 3848 292 ve-

437 337 638 408 itaque
660 332 894 388 vocatio
923 335 1025 384 tua
1041 335 1391 384 caeterorum
1413 327 1620 384 similis
1646 331 1753 382 est.
1775 324 2085 397 Siquidem

442 428 505 480 tu
520 423 729 495 lupino
743 423 945 474 ‘creata
964 418 1141 487 coitu,
1165 422 1220 473 et
1241 433 1351 473 ove
1377 422 1565 472 matre
1587 413 1919 489 progenita,
1945 429 2088 484 qua-

442 511 492 566 si
521 526 594 566 ex
621 507 896 565 sensibus
950 523 1088 564 rosa
1134 505 1490 562 frondescis.
1543 509 1604 561 In
1635 503 1800 559 nullo
1831 502 1938 558 tibi
1969 501 2090 556 eth-

441 599 876 666 nicum,semen
915 596 1230 662 obsistens,
1292 599 1493 651 tamen
1549 592 1881 649 Christiano
1935 591 2092 646 edita

441 695 616 765 partu
641 691 997 759 conceptum
1022 686 1330 750 divinitus,
1358 685 1589 757 piaeque
1619 682 1824 739 matris
1876 680 2094 750 magis-

445 780 588 836 terio
611 776 929 833 Dominum
947 776 1148 831 Jesum
1173 775 1470 832 Christum
1492 774 1644 828 adeo
1665 771 1909 828 credula
1932 785 2094 825 men-

443 872 498 924 te
525 865 796 933 colueris,
832 870 896 920 ut
921 869 1174 937 propter
1203 879 1425 919 nomen
1458 863 1587 932 ejus
1616 860 1946 917 acrioribus
1979 875 2092 913 caa-

445 972 513 1012 sa
536 955 808 1025 ﬂagellis,
836 953 1148 1026 pristinam
1178 951 1516 1008 nullatenus
1548 949 1985 1023 professionem
2010 964 2098 1003 re-

446 1045 686 1118 puleris.
707 1047 966 1100 Noveras
990 1042 1150 1098 enim
1168 1057 1461 1113 sponsum
1485 1045 1652 1095 tuum
1676 1038 1929 1093 dixisse:
1959 1039 2100 1092 Tra-

447 1135 588 1190 dent
602 1149 700 1190 vos
712 1135 775 1188 in
787 1132 1076 1200 conciliis,
1091 1137 1144 1186 et
1160 1132 1220 1184 in
1233 1127 1963 1199 synagegis/lagellabunt
1979 1137 2102 1196 vos;

447 1230 504 1281 et
529 1224 610 1280 ad
617 1222 894 1292 praesides
912 1236 1189 1291 regesque
1199 1220 1498 1275 ducemini
1505 1224 1757 1288 propter
1769 1217 1928 1272 mein
1949 1216 2104 1271 testi-

448 1313 710 1368 monium
738 1312 861 1366 illis
891 1316 946 1365 et
971 1309 1264 1379 gentibus.
1287 1308 1401 1376 Qui
1415 1313 1613 1362 autem
1631 1305 2102 1376 perseveraverit

449 1417 637 1472 usque
670 1401 730 1455 in
755 1401 954 1468 ﬁnem,
985 1398 1080 1453 hic
1102 1398 1305 1454 salvus
1335 1397 1448 1452 erit
1480 1396 1713 1466 (Matth.
1747 1411 1804 1455 Χ,
1841 1397 1918 1459 l7,
1944 1393 2098 1464 etc.).

521 1489 609 1544 2l.
639 1489 778 1543 Hinc
805 1488 932 1557 jam
965 1486 1271 1558 proposita
1303 1485 1546 1556 auspice
1594 1487 1712 1538 Deo
1762 1482 1950 1552 gloria
1982 1493 2099 1536 co:-

2195 328 2380 385 ritatis
2400 334 2533 397 tuae,
2560 333 2828 400 Domine,
2858 333 3144 388 hactenus
3171 331 3377 386 timore
3409 329 3605 385 carnis
3633 328 3846 394 celavi;

2192 416 2322 488 jam
2351 435 2531 483 nunc,
2583 422 2696 477 tuis
2726 426 2963 478 armata
3007 420 3256 487 viribus,
3291 418 3673 491 patefaciam,
3705 417 3850 488 quia

2199 507 2281 563 sic
2301 508 2508 566 timere
2529 511 2985 574 nescitDeicola,
3006 510 3089 565 sic
3105 509 3397 582 trepidare
3419 509 3660 578 ignorat
3680 522 3856 562 mens

2199 601 2303 654 tuo
2337 615 2583 656 munere
2613 602 2844 674 opima.

2270 687 2358 738 22.
2395 687 2522 740 Haec
2550 685 2705 753 ideo,
2738 685 2947 741 Christi
2973 683 3218 754 famula,
3249 681 3498 738 domina
3526 697 3698 736 soror
3721 696 3856 736 mea

2205 771 2391 839 Flora,
2421 773 2524 828 tibi
2566 773 2860 846 disposui,
2895 777 2960 828 ut
2989 777 3289 828 tantarum
3315 770 3603 826 virtutum
3635 768 3861 823 beneﬁ-

2203 860 2294 916 cia
2321 861 2611 929 recolens,
2635 878 2709 918 ne
2729 862 2846 918 tuis
2863 861 3079 918 collata
3099 860 3330 916 caelitus
3352 859 3578 914 meritis
3607 857 3863 931 perden—

2205 950 2284 1006 da
2304 957 2559 1023 reputes,
2591 969 2662 1008 ne
2698 951 3108 1008 conculcanda
3135 955 3477 1023 pertractes.
3511 948 3746 1004 Festina
3776 947 3856 1002 ad

2207 1041 2502 1113 bravium,
2535 1060 2703 1100 curre
2734 1044 2812 1099 ad
2843 1042 3182 1115 praemium,
3211 1042 3358 1097 dum
3392 1047 3630 1111 tempus
3651 1043 3860 1110 capes-

2211 1131 2379 1186 sendi
2405 1132 2582 1188 instat
2613 1133 3010 1205 potissimum.
3037 1135 3282 1187 Paratus
3311 1130 3471 1185 enim
3489 1133 3577 1184 est
3597 1143 3867 1201 sponsus

2209 1224 2348 1276 tuus
2381 1223 2668 1277 Dominus
2693 1222 2865 1277 Jesus
2895 1221 3163 1278 Christus
3195 1219 3432 1275 titulum
3459 1217 3566 1273 tibi
3592 1215 3868 1272 conferre

2208 1309 2606 1383 perfectionis,
2647 1311 2691 1366 si
2748 1326 3018 1384 pugnare
3050 1326 3241 1382 usque
3295 1307 3372 1364 ad
3429 1311 3684 1362 mortem
3741 1321 3869 1361 non

2210 1400 2550 1467 cessaveris,
2583 1399 2630 1455 si
2661 1415 2771 1472 pro
2801 1415 2872 1454 eo
2905 1398 3058 1454 mori
3080 1398 3229 1453 sicut
3266 1412 3302 1452 a
3333 1395 3631 1469 principio
3661 1393 3871 1464 elegis-

2209 1488 2250 1542 ti
2279 1504 2468 1560 usque
2502 1489 2580 1544 ad
2608 1505 2958 1562 supremum
3019 1485 3413 1548 contenderis,
3473 1485 3521 1539 si
3551 1485 3712 1539 hanc
3743 1498 3874 1555 per-

451 1578 536 1652 pit
569 1583 619 1632 te
650 1576 920 1632 comitari
951 1574 1238 1647 martyrii.
1295 1573 1437 1629 Hinc
1465 1573 1724 1628 nominis
1755 1571 1838 1627 tui
1864 1569 2099 1641 magni-
2137 1592 2176 1645 Β
2209 1577 2572 1634 functoriam
2601 1578 3005 1650 pmnalitatem
3067 1576 3301 1646 gaudiis
3331 1575 3631 1631 oblectata
3663 1588 3872 1645 super-

451 1667 568 1722 ﬁca
588 1670 708 1722 toto
729 1665 872 1720 orbe
894 1664 1058 1720 fama
1076 1662 1352 1728 diffundi,
1369 1662 1507 1716 hinc
1529 1677 1638 1733 pro
1661 1665 1713 1716 te
1735 1675 1941 1715 rumor
1967 1674 2105 1725 ago-

452 1758 565 1820 nis,
615 1755 873 1829 populos
905 1754 1299 1826 nationesque
1332 1767 1682 1824 peragrans,
1716 1749 1896 1821 coepit
1925 1747 2106 1820 pluri-

452 1846 568 1902 bus
597 1846 986 1901 innotescere.
1021 1843 1282 1914 Denique
1314 1841 1582 1896 evulsam
1617 1846 1633 1868 ⁸
1663 1838 1876 1895 ictibus
1906 1835 2106 1906 ﬂagel-

454 1935 651 1991 lorum
678 1933 1034 1990 venerabilis
1081 1931 1165 1987 tui
1209 1931 1442 1986 verticis
1491 1933 1709 1995 cutem,
1769 1927 2108 1999 rimamque

455 2041 578 2099 qua
607 2025 876 2079 caesaries
909 2021 1160 2094 pulchra
1183 2021 1532 2085 defluxerat,
1585 2034 1697 2087 ego
1748 2015 2108 2089 persecutio-

457 2115 550 2171 nis
576 2118 692 2170 tuae
721 2119 989 2184 tempore
1032 2111 1279 2166 intuitus
1307 2126 1463 2175 sum,
1517 2108 1802 2176 dignante
1858 2111 1911 2161 te
1963 2103 2111 2160 illud

457 2203 605 2261 mihi
625 2202 937 2259 ostendere
963 2200 1146 2258 veluti
1177 2198 1454 2272 proximo
1484 2196 1636 2270 patri
1668 2195 1919 2268 puritate
1949 2209 2114 2249 reve-

457 2294 660 2352 rentiae
679 2298 812 2348 tuae.
834 2295 899 2347 Et
924 2291 1148 2347 blanda
1165 2305 1352 2346 manu
1372 2285 1859 2358 attrectans,quia
1889 2283 2111 2340 osculis

457 2384 592 2457 ipsa
613 2383 864 2438 vulnera
886 2397 1006 2438 non
1029 2380 1333 2436 crederem
1356 2393 1482 2434 esse
1505 2375 1904 2432 demulcenda
1926 2393 1937 2443 ;
1956 2378 2113 2446 post-

460 2489 648 2546 quam
696 2487 731 2526 a
773 2476 825 2526 te
850 2469 1114 2538 discessi,
1147 2469 1252 2523 diu
1291 2468 1526 2539 alteque
1557 2469 1781 2521 memet
1828 2467 2113 2535 reputans

463 2559 780 2632 suspiravi.
816 2563 1156 2629 Exponente
1189 2572 1329 2611 vero
1361 2573 1566 2611 coram
1595 2571 1687 2610 me
1727 2553 1950 2608 diffusa
1994 2568 2111 2608 cce-

460 2649 598 2704 litus
631 2647 820 2716 gratia
842 2647 959 2700 oris
984 2647 1063 2700 tui
1109 2645 1371 2714 ingentia
1396 2644 1674 2698 dolorum
1705 2648 1969 2711 tuorum,
2019 2657 2113 2698 ca-

464 2752 686 2809 susque
707 2736 1131 2808 periculorum,
1155 2735 1258 2806 qui
1281 2740 1335 2788 te
1361 2738 1704 2806 presserant
1721 2737 1778 2789 et
1801 2733 2113 2804 quomodo

467 2833 639 2899 septa
669 2825 973 2890 custodiae,
1007 2841 1132 2896 qua
1173 2823 1518 2896 mancipata
1545 2822 1869 2890 exstiteras,
1899 2821 2115 2877 divini-

464 2923 558 2974 tus
615 2916 926 2990 patefacta,
981 2920 1276 2971 nocturna
1319 2913 1425 2969 tibi
1453 2912 1683 2969 silentia
1713 2912 1944 2968 aditum
1973 2911 2118 2966 effu-

470 3006 671 3076 giendi
696 3005 1111 3079 preestiterint;
1148 3003 1422 3078 reputavi
1471 3002 1846 3058 conformem
1875 3007 1930 3057 te
1985 3016 2120 3056 esse

466 3097 618 3152 Petri
645 3094 899 3168 apostoli
929 3094 1313 3167 passionibus
1346 3108 1451 3165 per
1479 3093 1606 3147 haec
1637 3091 1970 3163 eademque
1998 3106 2121 3160 ges-

465 3189 525 3242 ta
551 3201 688 3257 quae
713 3183 941 3240 cunctis
963 3183 1332 3238 ostenderas.
1369 3181 1602 3253 Quippe
1637 3196 1772 3252 quae
1802 3185 1942 3236 tunc
1970 3179 2120 3234 divi-

465 3275 624 3332 nitus
655 3274 954 3335 absoluta,
982 3279 1118 3346 post
1146 3272 1501 3328 sexennium
1532 3271 1606 3327 de
1623 3272 1857 3327 civitate
1887 3271 1946 3326 in
1980 3271 2125 3327 urbe

471 3365 545 3418 de
573 3363 705 3418 vico
726 3363 785 3416 in
818 3361 1042 3433 oppido
1063 3378 1169 3433 per
1197 3361 1387 3415 multa
1403 3364 1460 3415 et
1488 3360 1657 3415 varia
1687 3360 1914 3424 exsilia,
1946 3365 2124 3432 atque

476 3449 726 3504 latibula
770 3447 1036 3502 remedio
1069 3449 1225 3516 fugae
1273 3451 1554 3502 contenta
1609 3448 1827 3502 fueras.
1892 3451 1958 3502 Et
1991 3464 2125 3519 quae

465 3537 633 3610 prius
658 3536 874 3591 intuitu
909 3535 1204 3590 evadendi
1229 3551 1504 3591 enormes
1531 3536 1718 3591 moles
1745 3537 2128 3592 transcende-

466 3641 587 3693 ras,
614 3640 776 3680 nunc
793 3623 966 3696 quasi
1015 3624 1281 3679 monenti
1306 3625 1536 3680 Christo
1556 3640 1777 3696 sponso
1807 3630 1907 3680 tuo
1931 3641 2000 3680 ac
2025 3624 2130 3681 tibi

469 3714 690 3770 dicenti
716 3731 728 3769 :
766 3715 874 3770 Ubi
889 3715 1112 3784 pascis,
1146 3714 1249 3768 ubi
1276 3714 1456 3769 cubas
1485 3714 1547 3769 in
1586 3715 1833 3770 meridie
1855 3714 2056 3780 (Cant.
2087 3731 2126 3782 1,

465 3815 643 3860 'soror
696 3804 880 3858 mea?
968 3802 1184 3857 lterum
1257 3802 1432 3858 venio
1481 3802 1509 3842 δ
1538 3802 1832 3873 cruciﬁgi;
1866 3803 2130 3858 redivivo

469 3893 778 3968 praeliandi
810 3896 984 3948 aucta
1045 3906 1340 3962 regressu,
1391 3891 1586 3947 forum
1637 3891 1787 3960 adis,
1819 3891 2131 3965 publicum

475 3984 646 4057 petis,
681 3987 855 4055 teque
881 3981 1199 4054 intrepida,
1223 3982 1564 4038 conﬁtendo
1598 3982 1916 4051 Christum,
1949 3986 2006 4038 et
2035 3982 2132 4037 de-

471 4069 747 4128 testando
793 4070 930 4127 fidei
983 4071 1418 4140 adversarium,
1461 4070 1651 4142 judici
1704 4072 1914 4139 offers;
1967 4071 2131 4127 forti-

476 4163 682 4231 terque
705 4158 756 4214 ei
804 4157 1109 4226 resistens,
1141 4158 1401 4215 laudans
1434 4159 1731 4216 Christum
1758 4164 1873 4216 tuae
1927 4158 2133 4215 salutis

481 4253 810 4315 auctorem,
861 4247 1096 4320 pietatis
1157 4247 1389 4304 extollis
1441 4248 1810 4319 religionem,
1862 4264 1934 4305 ac
1970 4247 2134 4304 dein-

478 4353 622 4411 ceps
652 4336 1024 4410 impudicum
1059 4342 1253 4394 vatem
1276 4337 1600 4406 infamans,
1629 4337 1966 4394 nullatenus
1989 4353 2134 4393 vera

474 4428 739 4501 potuisse
773 4427 1124 4500 praedicare,
1157 4427 1474 4484 mendacio
1520 4427 1768 4500 plenum
1793 4427 2129 4483 denuntias.

478 4520 543 4574 Et
571 4517 649 4575 ob
697 4517 812 4574 hoc
841 4531 1104 4587 congrue
1152 4516 1496 4572 Davidieum
1541 4530 1786 4570 carmen
1817 4515 2130 4572 decantas:

475 4607 792 4682 Loquebar
843 4607 915 4662 de
969 4606 1314 4662 testimoniis
1369 4606 1507 4669 tuis,
1561 4605 1828 4674 Domine,
1872 4605 1934 4660 in
1972 4619 2135 4661 cons-

471 4702 651 4767 pectu
683 4711 912 4767 regum,
935 4701 1125 4751 etnon
1143 4693 1559 4763 con/undebar
1579 4694 1767 4760 (Psal.
1801 4709 1991 4762 cxvm,
2008 4695 2128 4762 46);

480 4790 540 4841 et
571 4785 785 4840 iterum
812 4801 826 4839 :
886 4785 1048 4840 Bene
1077 4784 1357 4840 nuntiavi
1390 4784 1695 4853 justitiam
1743 4789 1908 4840 tuam
1937 4783 2001 4839 in
2026 4784 2135 4838 Ec-

487 4874 672 4929 clesia
702 4887 944 4942 magna.
976 4873 1130 4927 Ecce
1156 4872 1318 4929 labia
1339 4887 1469 4928 mea
1499 4889 1619 4929 non
1646 4872 1988 4944 prohibebo,
2019 4873 2133 4927 Do-

485 4962 688 5017 mine:
770 4967 834 5016 lu
915 4962 1263 5030 cognovisti.
1309 4963 1619 5019 Justitiam
1679 4979 1799 5018 non
1853 4961 2140 5018 abscondi

493 5053 558 5107 in
587 5051 765 5107 corde
792 5065 918 5106 meo
947 5066 968 5106 .'
1000 5051 1308 5107 veritatem
1359 5057 1544 5120 tuam,
1581 5059 1637 5108 et
1662 5055 1934 5107 salutare
1968 5057 2135 5106 tuum

485 5140 635 5199 dixi.
694 5141 837 5195 Non
891 5140 1085 5196 celavi
1154 5141 1625 5198 misericordiam
1678 5147 1863 5206 tuam,
1905 5144 1959 5195 et
1989 5140 2136 5196 veri-

496 5237 680 5288 tatem
755 5236 918 5287 tuam
987 5245 1024 5285 a
1097 5245 1406 5302 synagoga
1467 5231 1660 5286 multa
1694 5229 1877 5299 (Psal.
1932 5244 2133 5296 xxxux,

553 5401 578 5426 ι
605 5394 747 5455 Quae
792 5395 1144 5463 sequuntur,
1175 5390 1364 5463 fusius
1391 5391 1448 5444 in
1480 5391 1696 5445 harum
1727 5388 1987 5463 duarum
2018 5391 2134 5463 vir-

484 5462 692 5532 ginum
719 5459 996 5539 passione
1021 5463 1082 5519 D.
1104 5462 1410 5539 Eulogius
1439 5465 1676 5539 narrat,
1719 5459 1818 5515 ubi
1851 5459 2030 5539 etiam
2062 5461 2136 5539 de

482 5529 850 5664 {partyribus
905 5551 1060 5609 quos
1104 5533 1200 5591 hic
1246 5529 1540 5599 nominat,
1601 5529 1716 5587 late
1768 5533 2132 5608 perscripsit.

535 5622 697 5665 ORAL.

2211 1666 2326 1732 nis,
2372 1683 2481 1740 pro
2509 1667 2694 1722 nihilo
2726 1666 3025 1739 penderis.
3053 1665 3202 1733 Quia
3235 1680 3354 1720 non
3385 1669 3526 1718 sunt
3559 1663 3874 1732 condigna:

2209 1759 2512 1827 passiones
2538 1758 2718 1827 hujus
2753 1757 3039 1826 temporis
3072 1756 3152 1812 ad
3176 1761 3682 1824 superventuram
3735 1753 3865 1822 glo-

2214 1848 2392 1911 riam,
2415 1862 2548 1919 quae
2577 1847 2943 1902 revelabitur
2974 1847 3036 1900 in
3061 1845 3226 1901 nobis
3243 1845 3428 1911 (Rom.
3463 1858 3580 1910 vm,
3612 1846 3721 1907 l8).
3749 1844 3876 1898 Cer-

2216 1940 2276 1992 ta
2304 1937 2536 1992 bonum
2565 1942 2888 2002 certamen,
2943 1951 3112 1990 soror
3136 1949 3272 1989 mea
3301 1933 3469 2002 virgo
3499 1932 3700 1998 beata,
3736 1935 3794 1986 et
3821 1930 3871 1985 si

2219 2027 2414 2082 acrius
2434 2026 2908 2098 vulnereris,non
2928 2024 3424 2090 ccdas.Quiahaec
3441 2021 3695 2078 vulnera
3711 2026 3873 2077 teter-

2219 2133 2312 2172 nte
2344 2121 2484 2172 sunt
2533 2115 2825 2172 felicitatis
2871 2115 3161 2188 auspicia,
3193 2119 3249 2169 et
3273 2112 3654 2186 sempiternis
3683 2111 3877 2168 confe-

2219 2211 2358 2262 runt
2382 2206 2680 2262 defectum
2710 2205 3040 2262 doloribus.
3073 2205 3299 2259 Cuncta
3321 2206 3683 2275 permanent
3709 2201 3871 2256 inco-

2217 2295 2424 2352 lumia.
2460 2299 2609 2352 Mors
2638 2296 2767 2351 haec
2795 2296 2977 2351 vitam
3006 2295 3210 2360 donat,
3241 2292 3495 2348 coetibus
3531 2295 3877 2346 sanctorum

2220 2384 2614 2455 agglomerat,
2644 2389 2700 2440 et
2730 2388 2952 2440 statum
2982 2384 3370 2455 perennitatis
3401 2380 3649 2435 ﬁdeliter
3675 2394 3746 2434 ac
3777 2377 3834 2431 vi
3845 2409 3868 2417 ο

2219 2473 2398 2529 riliter
2444 2474 2502 2528 in
2560 2489 2753 2543 agone
2803 2472 3324 2546 perseverantibus
3354 2474 3603 2543 praestat.
3638 2469 3850 2522 Verum

2221 2563 2365 2637 quia
2390 2579 2450 2618 se
2480 2564 2711 2636 pridem
2748 2563 2943 2619 claudi
2973 2564 3099 2635 jam
3130 2561 3280 2617 liber
3317 2564 3675 2633 speraverat,
3721 2571 3862 2612 cum

2224 2669 2320 2709 me
2347 2653 2453 2708 tibi
2479 2653 2859 2722 singulariter
2887 2652 3137 2709 verbum
3165 2652 3380 2720 facere,
3411 2667 3447 2705 ο
3471 2665 3639 2705 soror
3687 2645 3880 2715 Flora,

2224 2743 2368 2799 olim
2427 2747 2596 2812 gesta
2644 2741 3047 2814 primordialis
3126 2739 3394 2812 martyrii
3452 2739 3530 2793 tui
3584 2738 3882 2806 cogerent,

2227 2848 2388 2887 nunc
2419 2831 2496 2887 ad
2518 2835 2802 2905 utrasque
2834 2832 3094 2888 reditum
3133 2831 3378 2899 faciens,
3416 2826 3616 2884 adhuc
3673 2823 3887 2899 paulu-

2156 2942 2196 2995 ο
2226 2921 2352 2976 lum
2383 2921 2781 2977 communiter
2807 2920 2981 2976 vobis
3007 2920 3284 2992 loquens,
3323 2915 3490 2990 quod
3536 2912 3891 2971 mereamini

2229 3011 2548 3084 praemium
2577 3011 2892 3077 disseram,
2908 3015 2966 3066 et
2990 3011 3072 3065 sic
3102 3008 3384 3080 deinceps
3407 3005 3640 3079 proﬁxo
3662 3017 3889 3060 sermo-

2230 3100 2292 3156 ni
2320 3100 2501 3156 ﬁnem
2531 3100 2842 3173 imponam
2857 3142 2869 3155 .

2302 3194 2390 3245 23.
2428 3189 2851 3245 Inenarrabilia
2881 3191 3040 3257 sunt,
3072 3202 3303 3243 sorores
3329 3200 3496 3252 meae,
3520 3182 3771 3256 praemia
3790 3195 3891 3236 ve-

2234 3284 2373 3348 stra,
2402 3280 2640 3351 egregia
2663 3278 2918 3334 multum
2940 3277 3119 3333 nimis
3151 3275 3413 3349 reposita
3431 3289 3706 3330 munera.
3730 3269 3894 3327 Acci-

2233 3370 2404 3442 pietis
2435 3369 2593 3425 enim
2624 3385 2659 3425 a
2686 3368 2938 3424 Domino
2988 3368 3245 3422 fructum
3296 3362 3618 3434 virginitati
3649 3361 3897 3418 centesi-

2235 3476 2404 3515 mum
2429 3465 2484 3514 et
2502 3459 2741 3528 gloriosi
2770 3457 3037 3530 martyrii
3061 3454 3457 3513 inenarrabile
3473 3450 3888 3509 commodum.

2237 3552 2515 3606 Occurret
2543 3549 2714 3604 vobis
2743 3549 2988 3605 obviam
3019 3552 3225 3603 sancta
3257 3551 3311 3600 et
3342 3543 3694 3600 venerabilis
3739 3539 3892 3610 regi-

2239 3655 2318 3694 na
2368 3637 2580 3693 mundi
2635 3638 2816 3708 Virgo
2855 3637 3054 3703 Maria,
3103 3633 3537 3692 ﬂorentissimis
3590 3629 3893 3700 virginum

2239 3726 2433 3783 choris
2484 3731 2715 3783 ornata.
2769 3727 3073 3782 Aderunt‘
3105 3725 3279 3781 ctiam
3328 3721 3634 3779 fortissimi
3675 3717 3892 3774 milites

2239 3815 2360 3883 Dei,
2389 3817 2713 3872 confratres
2740 3815 2936 3885 vestri,
2969 3814 3290 3883 Perfectus,
3359 3813 3546 3877 Isaac,
3613 3807 3882 3876 Saucius,

2243 3908 2464 3971 Petrus,
2494 3904 2791 3959 Walabon
2805 3920 2922 3970 sus,
2953 3902 3333 3966 Sabinianus,
3381 3894 3888 3966 Wistremundus,

2242 3994 2584 4063 Habentius,
2617 3993 2925 4058 Jeremias,
2959 3991 3345 4062 Sisenandus,
3374 3989 3607 4053 Paulus,
3637 3990 3688 4040 et
3727 3983 3895 4038 The-

2242 4083 2569 4153 odemirus,
2601 4083 2706 4156 qui
2727 4098 2836 4138 vos
2864 4083 3297 4154 praecesserunt
3329 4095 3468 4135 cum
3521 4076 3679 4146 signo
3712 4069 3897 4143 ﬁdei,

2240 4175 2298 4228 et
2326 4172 2638 4227 victoriam
2663 4171 2738 4226 de
2776 4172 2945 4226 hoste
2988 4169 3268 4236 tulerunt,
3319 4167 3610 4240 vobisque
3637 4163 3906 4234 ianuam

2248 4259 2636 4332 perveniendi
2668 4259 2745 4316 ad
2779 4275 3032 4330 regnum
3079 4261 3461 4331 aperuerunt,
3510 4255 3755 4324 dignum
3808 4249 3907 4306 iti-

2241 4349 2369 4405 neri
2392 4353 2587 4406 vestro
2605 4351 3014 4422 praeparantes
3035 4361 3373 4413 occursum,
3397 4349 3575 4418 atque
3594 4341 3758 4397 dicen
3766 4343 3864 4395 tes
3886 4355 3903 4394 :

2243 4460 2272 4487 u
2304 4439 2524 4506 Venite,
2558 4454 2790 4495 sorores
2840 4437 3246 4505 sanctissimae,
3291 4431 3666 4506 ingredimini
3700 4428 3908 4486 thala-

2242 4545 2412 4585 mum
2444 4530 2654 4603 sponsi
2707 4529 2908 4599 vestri,
2967 4544 3150 4601 quem
3205 4531 3449 4583 eatenus
3501 4519 3782 4579 dilexistis
3831 4526 3911 4576 ut

2243 4623 2487 4692 propter
2514 4618 2684 4675 illum
2717 4618 2867 4675 mori
2899 4633 3022 4674 non
3049 4616 3352 4673 timeretis.
3377 4616 3515 4671 Jam
3540 4613 3688 4670 enim
3703 4609 3912 4665 hiems

2247 4715 2484 4777 transzt,
2517 4710 2706 4766 imber
2750 4709 2896 4766 abiit
2927 4713 2980 4764 et
3008 4708 3242 4764 recessit
3273 4707 3474 4777 (Cant.
3508 4721 3570 4768 ιι,
3611 4701 3712 4769 ll),
3739 4699 3916 4771 quia

2245 4798 2590 4872 temporalis
2628 4797 2929 4854 tribulatio
3001 4813 3037 4852 a
3083 4795 3255 4852 vobis
3313 4793 3548 4850 devicta
3592 4790 3912 4846 discessit.

2244 4889 2583 4961 Properate,
2617 4891 2839 4943 sanetae
2871 4901 3125 4951 sorores,
3156 4883 3500 4940 festinantes
3529 4878 3915 4949 cumjucun-

2243 4977 2424 5034 ditata
2451 4977 2662 5033 faciem
2695 4977 2826 5048 ejus
2859 4991 3117 5044 cernere,
3150 4974 3244 5030 cui
3284 4974 3345 5030 in
3397 4971 3639 5029 veritate
3690 4967 3918 5024 famu-

2243 5065 2425 5131 lastis,
2459 5081 2567 5137 pro
2595 5081 2718 5138 quo
2738 5066 2889 5122 mori
2916 5081 3036 5122 non
3061 5063 3401 5132 recusastis,
3427 5065 3491 5117 ut
3517 5061 3578 5117 in
3605 5063 3918 5114 aeternum

2243 5155 2474 5212 vivatis.
2507 5155 2787 5228 Percipite
2829 5155 3168 5212 mercedem
3214 5152 3391 5209 vestri
3421 5151 3662 5216 laboris,
3702 5152 3758 5204 et
3796 5165 3917 5205 su-

2245 5244 2389 5302 mite
2418 5243 2687 5301 lauream
2722 5243 2962 5315 gloriosi
2993 5242 3352 5300 certaminis.
3387 5260 3414 5294 ιι

2317 5388 2343 5427 b
2388 5387 2523 5443 Vid.
2560 5386 2754 5444 Schol.
2777 5387 2838 5442 in
2866 5385 3128 5443 Passion.
3163 5384 3366 5451 Florae,
3392 5398 3561 5439 num.
3590 5385 3644 5436 6.

2317 5465 2334 5487 θ
2361 5459 2589 5530 Horum
2620 5457 2893 5514 omnium
2920 5457 3278 5530 martyrium
3320 5450 3558 5530 sanctas
3587 5453 3698 5508 has
3743 5450 3916 5530 duas

2243 5529 2502 5667 K‘irgines
2541 5531 2944 5602 praecesserat.
3004 5527 3093 5586 ut'
3124 5527 3226 5584 lib.
3274 5543 3308 5581 ιι
3339 5529 3574 5583 Memor.
3633 5527 3910 5582 constat.

2296 5617 2458 5661 om.
