4140 6188
217 175 282 230 83
295 175 326 226 3
1438 172 1769 230 DOCUMEN

283 297 369 350 24.
401 292 540 358 Quis
571 295 711 348 tunc
741 293 1077 349 existimare
1124 296 1411 364 gaudium
1453 301 1622 352 tuum
1656 296 1868 370 poterit
1900 299 1946 350 A

211 399 248 440 ο
278 398 446 439 soror
476 380 656 437 Maria
676 385 704 437 Υ
734 384 875 448 Quis
899 384 1054 438 illius
1093 384 1446 440 felicissimae
1497 387 1658 442 hora;
1697 386 1868 441 ditiu-

208 489 337 529 sam
364 471 596 527 crrlitus
634 471 936 527 mentibus
969 473 1081 528 tuis
1134 473 1398 530 laetitiam
1430 474 1866 548 compensabit,

204 578 344 618 cum
388 559 542 616 inter
589 576 693 616 eos
738 562 998 617 Levitam
1049 563 1363 630 agnoveris
1407 564 1865 632 Walabonsum,

202 665 388 722 quem
421 648 526 704 tibi
558 648 656 720 pia
683 649 1005 720 parentalis
1040 650 1272 705 affectio
1299 666 1654 720 germanum
1688 666 1866 721 gene-

201 737 402 794 ravit?
429 737 571 802 Quis
598 742 985 809 utrarumque
1011 745 1338 794 vestrarum
1365 740 1690 812 tripudium
1716 755 1870 794 mor-

201 827 427 884 talibus
480 826 838 896 conjecturis
900 833 1000 881 aut
1031 827 1228 882 verbis
1260 828 1541 883 humanis
1577 828 1866 900 expediet,

201 932 365 990 quas,
398 913 602 969 divino
629 914 759 985 jam
785 916 1016 983 gremio
1046 916 1398 982 constitutae,
1431 917 1580 971 inter
1627 915 1871 971 afﬂuen-

199 1005 286 1060 tia
318 1003 663 1059 divitiarum
720 1002 982 1076 paradisi
1012 1003 1238 1069 locatae,
1273 1004 1684 1060 incunctanter
1712 1004 1870 1059 illius

197 1091 705 1150 remunerationis
736 1091 989 1146 donaria
1020 1091 1264 1164 capietis
1287 1093 1313 1147 ?
1345 1092 1494 1158 Quia
1515 1092 1724 1149 oculus
1748 1109 1871 1148 non

201 1181 370 1250 vidit,
402 1197 512 1236 nec
543 1180 705 1235 auris
732 1180 976 1246 audivit,
1011 1196 1116 1236 nec
1149 1181 1208 1235 in
1242 1198 1344 1236 cor
1369 1182 1629 1236 hominis
1662 1197 1870 1236 ascen-

122 1310 135 1320 .
201 1269 440 1335 derunt,
475 1285 609 1340 quae
640 1268 999 1340 praeparavit
1039 1269 1326 1324 Dominus
1377 1268 1760 1339 diligentibus
1809 1285 1870 1324 se

205 1359 369 1429 (Isai.
403 1374 555 1426 LXIV,
578 1358 655 1427 4).

274 1447 365 1502 25.
388 1445 559 1501 Unde
589 1444 839 1501 obsecro
864 1461 992 1513 vos,
1019 1445 1410 1501 sanctissima:
1441 1462 1676 1502 sorores
1698 1463 1868 1513 mete,

198 1536 466 1606 virgines
496 1533 1002 1607 prudentissimae,
1027 1551 1163 1606 quae
1183 1551 1419 1608 semper
1440 1534 1572 1591 oleo
1594 1536 1870 1591 castimo-

198 1628 318 1682 niae
368 1625 796 1691 redundantes,
848 1624 1231 1681 ornatissimo
1277 1625 1633 1698 lampadum
1672 1625 1871 1681 coeles-
1905 1652 1942 1704 Β

203 1715 360 1772 tium
393 1715 694 1770 emicastis
742 1713 994 1784 fulgore,
1026 1714 1274 1786 quando
1329 1714 1716 1771 tabernacula
1765 1718 1873 1770 Do-

201 1804 354 1860 mini
382 1799 758 1864 ihtraveritis,
786 1807 848 1858 ut
878 1803 996 1858 mei
1023 1818 1324 1859 memores
1345 1819 1473 1858 esse
1499 1803 1830 1874 dignemini
1855 1820 1867 1858 :

199 1895 356 1950 dum
401 1893 737 1949 thalamum
784 1891 961 1946 vestri
1018 1891 1279 1948 adieritis
1340 1893 1564 1966 sponsi,
1622 1893 1872 1964 ejusque

201 1980 590 2054 amplexibus
640 1979 983 2035 incessabili
1032 1981 1364 2036 merueritis
1417 1981 1692 2037 fruitione
1735 1997 1874 2037 con-

195 2072 397 2143 jungi,
427 2070 668 2126 tuemini
700 2085 794 2124 me
823 2069 1118 2142 precibus,
1154 2069 1457 2126 defensate
1492 2071 1715 2126 meritis
1748 2070 1872 2140 glo-

201 2160 382 2217 riosis
407 2174 430 2201 α
465 2201 478 2214 .
514 2159 701 2215 Prosit
730 2159 874 2214 mihi
906 2160 1202 2232 peccatori
1252 2161 1433 2232 hujus
1491 2160 1872 2216 mediocritas

207 2249 509 2305 succincta
565 2247 770 2318 libelli,
810 2264 991 2320 quem
1051 2249 1298 2320 spiritali
1355 2256 1550 2306 vestro
1608 2250 1873 2319 ﬂagrans

207 2355 444 2406 amore,
481 2344 686 2393 vestrte
748 2337 922 2393 saluti
975 2338 1294 2394 consulens
1319 2339 1511 2395 edidi:
1567 2338 1734 2412 quod
1768 2355 1874 2411 per

203 2445 353 2484 eum
375 2443 472 2483 vos
496 2425 720 2482 institui
747 2445 758 2481 :
783 2425 949 2498 quod
971 2427 1048 2482 ad
1074 2427 1440 2498 perﬁcienda
1460 2427 1618 2483 bella
1640 2426 1874 2483 Domini

201 2517 445 2575 incitavi
471 2535 483 2571 :
519 2515 686 2589 quod
711 2519 776 2571 ut
799 2516 861 2571 in
892 2517 1172 2572 conﬂictu
1202 2533 1326 2572 non
1352 2517 1703 2587 deiiceretis,
1733 2532 1873 2572 ense

201 2604 648 2680 praedicationis
700 2604 928 2660 armavi
969 2622 982 2659 :
1039 2605 1204 2677 quod
1248 2605 1557 2662 illecebras
1586 2622 1739 2678 quas
1791 2605 1876 2660 fu-

203 2712 345 2767 gere
377 2695 645 2751 debeatis
688 2693 919 2748 ostendi
947 2712 958 2749 :
1005 2694 1168 2766 quod
1203 2695 1453 2766 praemia
1482 2713 1618 2768 quae
1648 2712 1876 2751 merea-

205 2786 280 2843 tis
313 2783 583 2857 disposui
615 2800 626 2837 :
658 2783 824 2854 quod
854 2782 917 2838 in
951 2783 1229 2839 laudibus
1261 2784 1472 2840 vestris
1504 2789 1683 2856 prout
1709 2784 1877 2857 potui

200 2889 307 2931 me
332 2873 586 2929 versavi.
623 2875 734 2927 Vos
763 2871 950 2927 nostis
979 2871 1126 2944 quid
1155 2887 1192 2928 a
1214 2872 1381 2927 vobis
1412 2874 1704 2945 petierim,
1727 2873 1874 2945 quid

1951 173 2426 234 MARTYRIALE.

2299 318 2426 357 ITEM
2468 318 2668 358 ORATIO
2707 317 2939 358 EIUSDEM
2979 316 3196 356 EULOGI!
3246 318 3315 356 AD

2429 409 2602 449 SUPRA
2613 409 2802 449 DICTAS
2853 407 3109 447 VIRGINES
3139 403 3184 446 ⁸.

2051 478 2299 535 Domine
2330 480 2484 537 Deus
2505 482 2904 554 omnipotens,
2934 480 3039 552 qui
3063 479 3442 552 sperantibus
3479 481 3542 537 in
3579 485 3637 539 te

1978 580 2040 619 es
2067 566 2345 624 solatium
2371 586 2599 638 verum,
2643 569 2983 626 timentibus
3011 575 3064 624 te
3105 569 3438 624 remedium
3469 569 3638 627 inde-

1979 654 2225 727 fessum,
2247 663 2305 715 et
2331 662 2386 715 te
2415 660 2800 730 diligentibus
2828 663 3184 731 perpetuum
3211 658 3522 728 gaudium,
3545 674 3640 716 ac-

1981 746 2164 801 cende
2190 747 2325 817 igne
2352 750 2573 804 amoris
2595 765 2696 805 cor
2714 754 3006 814 nostrum,
3022 754 3079 803 et
3101 749 3344 803 ﬂamma
3372 752 3486 804 tute
3503 749 3640 804 cha-

1979 834 2165 890 ritatis
2196 837 2451 907 pectoris
2484 837 2671 894 nostri
2714 853 2894 893 exure
2925 852 3249 906 recessum,
3282 852 3405 908 quo
3442 837 3640 894 valea-

1980 940 2116 978 mus
2138 932 2400 998 cceptum
2426 943 2849 982 consummare
2875 926 3247 998 martyrium.
3282 926 3640 992 Ut,dilectio-

1978 1012 2072 1067 nis
2099 1017 2212 1069 tuae
2242 1015 2301 1069 in
2329 1031 2436 1070 nos
2467 1018 2701 1084 vigente
2750 1015 3048 1084 inccndio,
3076 1015 3355 1072 decidant
3383 1033 3419 1071 a
3460 1016 3638 1072 nobis

1978 1099 2275 1158 incentiva
2303 1104 2740 1176 peccaminum,
2775 1107 2832 1159 et
2870 1103 3234 1158 malesuada;
3283 1103 3636 1161 titillationes

1977 1192 2188 1263 procul
2207 1193 2496 1262 effugiant
2523 1193 2820 1248 vitiorum.
2843 1195 2931 1261 Ut,
2959 1192 3120 1248 dono
3147 1195 3344 1263 gratiae
3367 1211 3488 1249 ruas
3505 1193 3638 1250 illu-

1979 1280 2242 1352 minatae,
2273 1288 2487 1339 cuncta
2519 1282 2728 1338 mundi
2759 1281 3161 1338 oblectamina
3177 1282 3487 1338 valeamus
3507 1283 3639 1339 des-

1979 1369 2196 1442 picere,
2227 1377 2283 1427 et
2315 1377 2366 1428 te
2391 1372 2556 1444 puris
2604 1373 2905 1428 mentibus
2956 1387 3025 1427 ac
3070 1372 3222 1426 votis
3270 1372 3640 1444 simplicibus

1981 1475 2420 1532 usquequaque
2449 1461 2711 1531 diligere,
2747 1461 2972 1530 timere,
3005 1461 3364 1528 desiderare,
3395 1467 3451 1516 et
3475 1478 3638 1534 quaa-

1981 1563 2128 1605 rere.
2162 1550 2246 1605 Da
2276 1549 2470 1616 nobis,
2500 1549 2769 1620 Domine,
2819 1551 2879 1605 in
2908 1549 3286 1605 tribulatione
3327 1550 3638 1620 auxilium,

1980 1637 2125 1708 quia
2144 1654 2299 1694 vana
2325 1644 2412 1694 est
2429 1637 2592 1694 salus
2606 1639 2943 1694 hominum.
2965 1640 3047 1694 Da
3065 1638 3469 1694 fortitudinem
3492 1655 3640 1711 prte-

1979 1725 2165 1782 liandi
2195 1727 2254 1781 in
2285 1728 2399 1782 hoc
2421 1728 2762 1785 certamine.
2785 1733 2840 1782 et
2870 1727 2942 1782 de
2978 1728 3116 1784 Sion
3146 1727 3359 1783 intuitu
3389 1727 3644 1783 liberan-

1981 1818 2042 1872 di
2074 1833 2185 1873 nos
2232 1818 2492 1889 respice;
2548 1823 2845 1890 quatenus
2897 1817 3194 1890 passionis
3241 1817 3486 1873 calicem
3540 1821 3643 1872 tua

1980 1912 2411 1980 prosequentes
2441 1908 2710 1977 vestigia,
2735 1908 3035 1979 possimus
3072 1907 3342 1975 jucundo
3373 1923 3474 1962 ore
3522 1906 3644 1962 ebi-

1980 1996 2141 2052 bere.
2189 2001 2272 2052 Tu
2322 1997 2504 2064 enim,
2533 1997 2804 2067 Domine,
2848 1995 3135 2051 lsraelitas
3167 1986 3298 2052 tuos
3340 1995 3485 2052 olim
3527 1995 3640 2050 sub

1981 2085 2110 2142 diro
2140 2089 2552 2159 Egyptlorum
2595 2087 2745 2157 jugo
2780 2090 3103 2154 gementes,
3137 2101 3257 2140 non
3288 2084 3485 2141 solum
3534 2099 3643 2152 po-

1982 2175 2123 2232 tenti
2152 2175 2396 2231 dextera
2425 2175 2704 2241 liberasti,
2734 2191 2943 2231 verum
2975 2173 3153 2230 etiam
3182 2174 3558 2230 Pharaonem
3587 2177 3646 2230 et

1982 2265 2304 2320 exercitum
2335 2266 2467 2336 ejus
2498 2265 2558 2320 in
2588 2263 2787 2320 medio
2814 2263 2967 2318 mari
3014 2262 3378 2332 demersum,
3415 2263 3494 2318 ad
3523 2262 3645 2334 glo-

1981 2354 2132 2409 riam
2163 2359 2220 2410 et
2249 2355 2540 2410 honorem
2589 2353 2854 2408 nominis
2886 2353 2967 2408 tui
3005 2352 3254 2409 omnino
3299 2351 3641 2408 contrivisti.

1984 2445 2067 2499 Da
2085 2443 2385 2512 fragilitati
2415 2448 2628 2499 nostrae
2653 2443 2672 2471 “
2693 2443 2752 2498 in
2784 2443 2896 2497 hac
2918 2441 3338 2510 congressione
3356 2441 3645 2498 invictum

1982 2532 2294 2587 resistendi
2337 2532 2581 2586 inimico
2633 2530 2994 2603 praesidium.
3046 2529 3259 2586 Confer
3300 2530 3450 2584 inter
3488 2529 3646 2585 acies

1983 2620 2414 2676 daemoniorum
2435 2626 2490 2675 et
2516 2620 2831 2675 hominum
2845 2623 3052 2673 contra
3071 2634 3182 2673 nos
3211 2616 3648 2686 insurgentium

1983 2709 2447 2782 inexpugnabile
2485 2709 2739 2764 dexterae
2789 2713 2903 2763 tuae
2949 2705 3258 2776 auxilium.
3295 2708 3544 2778 Oppone
3586 2705 3648 2761 in

1983 2799 2392 2854 defensionem
2424 2802 2696 2854 nostram
2743 2796 3009 2852 numinis
3048 2795 3133 2851 tui
3182 2798 3443 2864 scutum,
3470 2798 3528 2851 et
3550 2811 3650 2850 us-

1985 2905 2101 2960 que
2125 2889 2200 2943 ad
2224 2893 2474 2942 mortem
2495 2891 2737 2959 propter
2762 2891 2815 2941 te
2851 2884 3092 2940 viriliter
3106 2882 3434 2938 dimicandi
3447 2882 3650 2955 praebe

3529 179 3634 239 83‘

203 2962 510 3020 charitatis
537 2961 754 3016 intuitu
781 2960 956 3016 vobis
994 2960 1331 3016 indixerim.
1364 2963 1430 3016 Ut
1471 2961 1658 3031 digno
1702 2963 1875 3018 inter-
1907 3003 1946 3058 Ο
1987 2976 2362 3044 suffragium,
2409 2991 2532 3047 quo
2588 2975 2903 3029 valeamus
2984 2972 3272 3027 effusione
3339 2971 3648 3040 sanguinis

201 3057 390 3109 ventu
448 3055 647 3107 vestro
703 3050 868 3105 omni
917 3049 1058 3106 vitio
1110 3066 1371 3113 caream,
1417 3050 1609 3122 culpis
1669 3067 1872 3119 exuar,

202 3141 598 3212 nesciamque
627 3137 1008 3210 delinquere;
1043 3155 1164 3211 quo
1196 3138 1356 3194 lideli
1401 3139 1696 3195 famulatu
1744 3155 1874 3195 om-

203 3229 502 3303 nipotenti
540 3231 657 3282 Deo
683 3244 820 3282 meo
850 3227 1176 3289 cohaerens,
1211 3227 1374 3283 fruar
1405 3231 1539 3299 post
1561 3227 1878 3283 transitum

211 3326 341 3375 tam
363 3324 627 3372 vestrum
655 3333 839 3390 quam
863 3316 1248 3373 dominorum
1267 3333 1539 3372 meorum
1557 3317 1874 3384 consortio,

212 3407 278 3462 in
309 3421 569 3478 quorum
616 3406 954 3462 defensione
994 3410 1051 3462 et
1081 3405 1260 3462 laude
1299 3422 1453 3478 opus
1483 3405 1726 3462 condidi
1753 3407 1878 3462 Me-

207 3497 474 3554 morz'ale
510 3502 868 3566 sanctorum,
917 3497 1084 3569 quod
1113 3497 1460 3553 immanitas
1490 3497 1517 3536 ι)
1546 3501 1882 3569 persecuto-

204 3587 289 3644 ris
321 3602 422 3642 me
478 3585 760 3659 compulit
797 3586 1130 3659 relinquere
1181 3587 1616 3659 imperfectum,
1653 3585 1880 3643 Christo

208 3677 442 3732 fautore
487 3675 852 3748 quandoque
883 3675 1271 3730 nihilominus
1302 3692 1411 3731 con
1433 3675 1876 3732 mmmandum.

211 3764 679 3836 Opitulationcm
721 3780 862 3820 sane
900 3781 1259 3837 perparvam
1312 3764 1634 3820 voluminis
1673 3764 1732 3818 in
1763 3764 1881 3819 line

211 3853 428 3925 adjeci,
460 3870 646 3927 quam
669 3858 727 3909 et
752 3853 948 3909 verbis
974 3853 1347 3926 simplicibus
1379 3854 1558 3918 edidi,
1591 3857 1648 3908 et
1685 3858 1881 3908 vestro

212 3944 614 3999 necessariam
667 3944 974 4015 prOposito
1007 3944 1131 3998 fore
1187 3943 1521 4016 percensui.
1557 3946 1627 3999 Ut
1675 3942 1883 3997 crebra

212 4033 600 4090 meditatione
630 4033 840 4089 vestris
869 4049 1005 4088 eam
1035 4033 1342 4089 memoriis
1385 4032 1717 4102 alligantes,
1759 4036 1883 4086 tam

213 4138 336 4195 pro
366 4123 540 4178 vobis
564 4124 692 4194 jam
725 4121 974 4178 crelestis
1007 4123 1155 4179 aulae
1195 4121 1525 4177 luminibus
1567 4119 1880 4189 vestigium

212 4211 415 4267 cordis
447 4228 627 4284 super
658 4211 1018 4277 tenentibus,
1048 4228 1234 4285 quam
1265 4227 1374 4284 pro
1408 4211 1584 4266 totius
1612 4207 1884 4264 Ecclesia

213 4299 525 4356 catholica:
579 4300 1006 4356 commoditate
1064 4301 1314 4356 Domino
1353 4299 1634 4365 offeratis,
1673 4297 1883 4354 nostri-

212 4407 335 4464 que
369 4389 757 4457 mentionem,
806 4395 985 4462 prout
1033 4394 1226 4446 textus
1273 4387 1630 4445 exorationis
1672 4390 1882 4460 poscit,

213 4473 350 4534 loco
384 4478 596 4534 ultimo
621 4478 872 4535 faciatis.
909 4483 992 4534 tta
1019 4496 1128 4535 vos
1160 4480 1314 4535 Deus
1350 4477 1514 4550 pacis
1540 4475 1619 4533 ad
1658 4475 1885 4543 perfec-

216 4573 344 4624 tum
380 4568 725 4635 sanctiﬁcet,
759 4573 824 4624 ut
844 4568 1078 4624 animas
1103 4573 1158 4623 et
1187 4583 1441 4640 corpora
1480 4566 1606 4621 sine
1645 4563 1888 4637 querela

213 4656 278 4711 in
309 4655 632 4712 adventum
655 4656 889 4712 Domini
907 4659 1043 4712 Jesu
1071 4657 1276 4712 Christi
1296 4655 1538 4712 servetis
1563 4671 1576 4708 :
1612 4653 1723 4719 Qui
1749 4669 1888 4708 cum

219 4748 395 4800 Patre
431 4751 485 4800 et
525 4745 742 4818 Spiritu
773 4750 981 4801 sancto
1030 4746 1171 4802 vivit
1209 4750 1264 4802 et
1302 4748 1512 4816 regnat
1559 4743 1617 4798 in
1669 4741 1890 4798 saecula

224 4832 608 4890 saaculorum.
641 4838 852 4890 Amen.

938 4981 1184 4996 ἡ

290 5160 315 5187 ιι
347 5145 632 5219 Epilogus
689 5147 938 5219 cocinne
976 5146 1306 5214 adhibitus,
1353 5151 1409 5204 et
1460 5145 1600 5203 artis
1659 5145 1892 5216 integu-

216 5218 428 5274 mento
451 5218 844 5274 artiﬁciosior.
873 5223 948 5274 In.

289 5289 319 5329 δ
347 5291 479 5354 Quo
512 5294 778 5362 tempore
808 5289 886 5346 ab
941 5289 1325 5362 Reccafredo,
1355 5289 1639 5362 episcopo
1670 5288 1894 5362 missus

213 5364 310 5416 est
335 5363 400 5415 D.
426 5358 710 5430 Eulogius
744 5361 803 5416 in
830 5377 1151 5427 carcerem,
1178 5358 1441 5416 necdum
1469 5358 1804 5416 secundum
1833 5358 1898 5413 li-

211 5431 676 5558 bi'umtfilnierat,
704 5449 884 5504 quem
925 5437 1157 5504 postea,
1185 5437 1250 5487 ut
1285 5432 1506 5487 ibidem
1539 5432 1761 5499 narrat,
1799 5444 1894 5484 ex-

213 5519 257 5558 n
285 5519 384 5558 evr
411 5543 426 5556 .
483 5520 615 5558 Dl-IM.

285 5503 426 5558 evit.
458 5508 615 5559 IDEM.

213 5519 432 5631 “fit:
693 5575 754 5629 in
777 5575 1063 5632 omnibus
1103 5572 1500 5644 editionibus;
1529 5570 1704 5644 nobis
1730 5570 1900 5644 aliter

209 5644 457 5704 videtur
505 5642 889 5705 inscribenda
911 5645 1040 5703 haec
1070 5645 1281 5714 oratio,
1327 5642 1549 5699 scilicet
1593 5642 1896 5700 Orationis

1984 3063 2171 3120 nostri
2191 3063 2492 3136 passionis
2525 3068 2637 3117 tua:
2671 3061 2916 3116 reddere
2939 3059 3229 3115 debitum.
3267 3061 3335 3114 Ut
3363 3058 3514 3113 sicut
3539 3073 3648 3129 pro

1984 3153 2161 3211 nobis
2186 3158 2250 3208 tu
2277 3153 2405 3224 ipse
2421 3152 2701 3222 dignatus
2721 3167 2783 3206 es
2811 3151 2984 3219 mori,
3003 3149 3085 3205 ita
3116 3165 3225 3203 nos
3247 3163 3490 3220 quoque
3513 3163 3651 3202 con-

1987 3245 2169 3314 digno
2215 3258 2323 3315 pro
2355 3248 2408 3298 te
2459 3239 2786 3312 martyriali
2844 3239 3010 3294 obitu
3039 3237 3224 3294 facias
3254 3237 3525 3292 interire:
3587 3239 3652 3290 ut

1987 3337 2284 3390 tormenta
2303 3330 2507 3386 aeterni
2529 3327 2802 3402 supplicii
2823 3343 2930 3400 per
2954 3325 3348 3398 temporalem
3379 3325 3650 3396 gladium

1988 3421 2332 3489 evadentes,
2365 3419 2635 3492 deposita
2691 3416 2928 3473 sarcina
2969 3415 3187 3484 carnis,
3218 3414 3298 3470 ad
3328 3418 3382 3469 te
3420 3429 3652 3469 merea-

1988 3527 2125 3566 mur
2149 3509 2457 3583 pervenire
2487 3507 2703 3567 felices.
2720 3505 2888 3561 Adsit
2915 3504 3116 3573 etiam,
3138 3501 3652 3574 Domine,absque

1989 3597 2300 3655 obstaculo
2329 3595 2634 3652 catholicae
2665 3593 2822 3666 plebi
2880 3597 2982 3648 tua
3007 3591 3191 3648 virtus
3224 3590 3516 3664 piissima,
3549 3590 3653 3646 de-

1991 3688 2239 3744 fendens
2266 3685 2585 3742 Ecclesiam
2621 3689 2784 3738 tuam
2816 3699 2851 3737 a
2879 3680 3192 3737 vastator-is
3223 3679 3512 3750 molestia,
3530 3694 3655 3734 om-

1991 3778 2280 3848 niumque
2311 3774 2690 3831 sacerdotum
2722 3779 2960 3826 tuorum
2991 3785 3217 3824 corona
3246 3767 3573 3824 sanctitatis
3599 3771 3655 3823 et

1991 3864 2357 3922 castimoniae
2386 3879 2499 3934 ope
2526 3861 2956 3931 subnixa,post
2985 3858 3282 3913 illibatum
3313 3872 3496 3911 sacrae
3523 3854 3654 3910 otti-

1992 3952 2271 4011 ciositatis
2323 3949 2715 4005 ministerium
2772 3947 3068 4002 caelestem
3104 3945 3265 4000 adire
3291 3943 3509 4014 jubeas
3555 3958 3659 4015 pa-

1994 4042 2187 4098 triam.
2223 4040 2376 4094 Inter
2405 4053 2560 4110 quos
2603 4051 2846 4091 servum
2889 4039 3061 4090 tuum
3116 4032 3452 4101 Eulogium,
3484 4031 3657 4102 cujus

1992 4134 2130 4204 post
2163 4133 2330 4184 tuum
2374 4142 2598 4182 munus
2645 4122 3022 4180 documentis
3053 4121 3424 4189 instruimur,
3453 4120 3656 4177 litteris

1994 4220 2337 4288 edocemur,
2383 4215 2609 4272 solatiis
2671 4214 3080 4278 cont‘ovemur,
3134 4211 3660 4283 praedicationibus

1995 4309 2370 4374 animamur;
2402 4305 2684 4361 omnibus
2712 4303 2969 4376 peccatis
3012 4300 3396 4368 mandatum,
3428 4300 3660 4356 sceleri-

1995 4397 2112 4454 bus
2140 4395 2430 4453 universis
2455 4394 2813 4460 abstersum,
2836 4391 3076 4448 ﬁdelem
3105 4390 3213 4446 tibi
3237 4389 3452 4446 etﬁcito
3472 4389 3661 4444 famu-

1995 4486 2203 4556 latum,
2239 4490 2338 4541 tuo
2363 4483 2701 4557 perenniter
2731 4480 3025 4552 obsequio
3054 4481 3506 4550 mancipatum;
3538 4493 3662 4548 quo

1995 4575 2056 4632 in
2089 4576 2204 4631 hac
2249 4572 2603 4630 mortalitate
2633 4569 2922 4644 placittun
2961 4568 3064 4623 tibi
3095 4566 3384 4623 exhibens
3413 4564 3664 4620 famula-

1999 4669 2146 4731 tum,
2179 4663 2515 4732 condignus
2542 4665 2782 4716 tuarum
2813 4658 2876 4713 in
2907 4656 3105 4712 futuro
3130 4655 3372 4711 habitus
3405 4652 3664 4709 muneri-

1999 4753 2112 4809 bus
2141 4750 2490 4821 gratiarum,
2527 4749 2735 4804 saltem
2774 4746 2867 4802 vel
2915 4745 3194 4801 ultimum
3247 4740 3665 4815 requiescendi

1999 4842 2265 4898 obtineat
2288 4837 2552 4894 loculum
2574 4837 2634 4892 in
2655 4835 2897 4907 regione
2917 4834 3214 4890 vivorum.
3241 4835 3346 4890 Per
3365 4831 3666 4890 Christum

2001 4930 2321 4987 Dominum
2353 4931 2649 4994 nostrum,
2694 4924 2798 4997 qui
2849 4928 3046 4980 tecum
3075 4921 3222 4978 vivit
3249 4927 3308 4979 et
3359 4925 3570 4992 regnat
3603 4919 3666 4976 in

2003 5018 2223 5077 saecula
2259 5016 2637 5073 saeculorum.
2670 5015 2885 5071 Amen.

2000 5139 2270 5212 formula
2308 5136 2382 5193 ab
2411 5136 2666 5212 Eulogio
2697 5134 3185 5212 compositaﬂua
3215 5138 3438 5212 sanctae
3489 5131 3670 5212 κλῦθθὶ-

2002 5204 2104 5269 ὴθε
2133 5227 2266 5268 cum
2288 5224 2404 5279 pro
2436 5204 2720 5265 universa
2740 5207 3008 5264 Ecclesia
3039 5204 3163 5261 tam
3190 5220 3303 5275 pro
3328 5205 3455 5274 ipso
3480 5204 3667 5258 Deum

2004 5285 2494 5353 deprecarentur,
2627 5350 2641 5353 _
2714 5349 2729 5353 _
2780 5349 2840 5353 Η
3060 5348 3070 5353 _
3258 5345 3289 5353 __
3610 5343 3620 5353 ,

2077 5345 2101 5391 δ
2135 5355 2460 5433 sumptum
2469 5349 2660 5433 haud
2694 5349 2885 5433 dunbnie.
2915 5365 2988 5405 ex
3014 5348 3115 5433 pia
3143 5345 3670 5433 oratione,qua_in

1987 5416 2420 5497 sacratissima;
2443 5424 2502 5476 V.
2523 5423 2712 5497 Mariae
2732 5420 2950 5497 ofﬁcio,
2980 5416 3043 5497 ut
3062 5423 3301 5497 vocant,
3326 5416 3670 5497 adsertam

2006 5498 2263 5553 utimur:
2301 5493 2588 5557 Concede,
2617 5494 2950 5550 misericors
2981 5493 3158 5557 Deus,
3202 5489 3541 5559 fragilitati
3567 5501 3668 5541 ηο-

2006 5575 2165 5636 strae,
2191 5571 2301 5624 etc.
2334 5568 2551 5622 MORAL.
3644 5593 3646 5596 .
