4110 6190
494 148 598 205 835

1689 145 1743 201 S.
1776 141 2069 201 EULOGII.
2094 137 2421 207 ARCHIEP.
2463 142 2703 203 TOLET.

1417 412 1783 530 SAN
1792 412 2088 531 σιτ-ι
2241 412 2977 531 Εῠιιοαιι

1534 596 2073 653 ARCHIEPISCOH
2112 596 2455 653 TOLETANI
2495 597 2838 652 MARTYRIS

1986 960 2409 974 _

545 732 681 881 DE
752 732 996 883 VITA
1066 734 1197 883 ET
1269 733 1767 887 PASSIONE
1855 732 2009 886 SS.
2086 734 2596 888 VIBGINUM
2696 734 3057 885 Fltllllli
3140 734 3270 884 ΕΤ
3351 734 3718 885 ΜΑΒΙᾹῈ
3774 742 3867 886 ³.

1026 1101 1306 1141 PREFATIO
1345 1100 1612 1140 AUCTORIS

568 1174 614 1230 ι.
651 1176 798 1230 Cum
828 1173 906 1230 ad
930 1173 1173 1231 laudem
1205 1174 1410 1231 Christi
1442 1174 1730 1246 pertineat
1756 1173 1953 1230 cultus
1982 1188 2143 1229 reve-

491 1262 822 1335 rentiae,qui
853 1263 1218 1335 martyribus
1243 1262 1571 1325 exhibetur,
1591 1261 1915 1336 respondet
1942 1267 2144 1318 tamen

490 1351 768 1409 ﬁdelibus
812 1352 874 1407 in
922 1352 1253 1408 remedium
1285 1352 1647 1419 animarum,
1692 1350 1992 1424 quidquid
2016 1348 2145 1407 reli-

491 1441 730 1511 giositer
755 1440 818 1497 in
849 1440 1265 1498 festivitatibus
1285 1441 1481 1511 agitur
1507 1440 1825 1498 beatorum
1852 1457 1864 1496 :
1900 1455 2144 1513 praeser-

490 1529 616 1597 tim,
648 1546 787 1587 cum
814 1545 920 1602 per
948 1530 1081 1595 hoc,
1116 1535 1173 1586 et
1195 1545 1302 1602 per
1331 1530 1601 1600 ipsorum
1630 1529 1959 1602 patrocinia
1988 1543 2144 1584 mar-

492 1623 692 1691 tyrum
713 1624 771 1675 et
794 1620 1018 1676 summi
1042 1619 1455 1691 Redemptoris
1469 1619 1798 1690 acquiritur
1827 1617 2144 1689 praemium

491 1708 548 1765 in
573 1708 743 1779 cujus
774 1708 1067 1765 honorem
1102 1708 1376 1763 virtutem
1426 1706 1697 1763 recolunt
1755 1711 2140 1773 sanctorum;

490 1813 633 1866 ergo
659 1803 1000 1854 nostrarum
1032 1796 1330 1866 virginum
1366 1795 1548 1853 Flora:
1588 1799 1644 1850 et
1686 1794 1876 1853 Marias
1921 1798 2146 1866 tropaea

491 1884 777 1955 digesturi
802 1886 1062 1955 insignia
1086 1901 1209 1943 non
1237 1884 1531 1942 facundiae
1560 1884 1767 1957 lepori,
1785 1900 1907 1941 non
1930 1891 2143 1940 tonan-

492 1972 649 2030 tibus
688 1974 1002 2045 euphoniis
1047 1973 1369 2030 verborum
1412 1973 1775 2039 serviamus;
1828 1971 1933 2028 sed
1978 1970 2145 2043 quod

488 2061 768 2119 ﬁdelibus
799 2061 1140 2133 simpliciter
1183 2061 1268 2118 rei
1299 2066 1479 2132 gestae
1509 2061 1817 2118 veritatem
1862 2060 2141 2128 insinuet,

489 2151 880 2209 observemus
904 2170 917 2209 :
946 2150 1091 2224 quia
1117 2149 1389 2207 sufﬁcere
1420 2150 1638 2208 nostris
1668 2148 1968 2206 credimus
1994 2147 2142 2204 veri-

492 2245 673 2299 tatem
702 2257 856 2312 pura
897 2240 1271 2312 simplicitate
1302 2240 1617 2311 digestazn,
1651 2255 1840 2312 quam
1869 2253 2027 2297 vano
2061 2237 2145 2295 in-

489 2329 742 2388 fulatum
774 2330 937 2387 cultu
965 2330 1284 2389 fallaciam.
1314 2332 1381 2387 Et
1433 2334 1523 2388 sat
1562 2328 1736 2387 nobis
1765 2331 1853 2384 est
1892 2325 2145 2382 ﬁdeliter

2169 1090 2215 1140 A
2254 1098 2429 1139 suam
2459 1082 2792 1151 invisibilis,
2831 1081 3471 1155 incomprehensibilis,
3508 1087 3566 1138 et
3590 1084 3930 1143 inextima-

2256 1172 2388 1229 bilis
2410 1187 2647 1244 semper
2677 1172 2910 1228 exstitit.
2938 1171 3298 1228 Venerabilis
3319 1186 3583 1245 namque
3610 1173 3817 1245 puella
3847 1180 3936 1232 te-

2253 1262 2525 1318 nerrimis
2553 1261 2726 1317 annis
2756 1260 2892 1316 ﬁdei
2922 1261 3204 1334 pietatem
3243 1260 3514 1328 ebibens,
3549 1262 3731 1334 coepit
3756 1264 3931 1322 intra

2253 1351 2467 1407 mentis
2496 1366 2798 1406 recessum
2826 1349 3010 1405 altare
3058 1354 3332 1405 sanctum
3390 1354 3756 1416 construere,
3790 1369 3929 1425 quo

2254 1440 2473 1513 placita
2501 1455 2755 1512 operum
2784 1438 3083 1495 bonorum
3133 1439 3626 1497 holocautomata
3679 1442 3922 1500 Christo

2255 1545 2490 1601 semper
2518 1527 2771 1584 offerret.
2804 1530 2943 1593 Quae
2975 1527 3052 1583 ab
3087 1526 3230 1600 ipsis
3258 1528 3616 1586 rudimentis
3644 1530 3921 1587 infantiae

2253 1617 2480 1673 cunctis
2506 1633 2568 1671 se
2589 1616 2952 1672 vanitatibus
2984 1615 3182 1671 saeculi
3207 1616 3473 1688 privans,
3525 1622 3714 1674 totum
3743 1622 3919 1693 quod

2252 1708 2353 1765 illa
2378 1711 2521 1763 aetas
2552 1712 2779 1779 (utpote
2804 1706 3173 1780 plenitudine
3212 1708 3474 1764 scientiae
3510 1713 3743 1782 expers)
3764 1727 3917 1783 pue-

2250 1797 2432 1854 riliter
2476 1796 2728 1863 affectat,
2770 1811 3031 1869 superno
3057 1797 3183 1867 jam
3216 1796 3483 1854 delibuta
3510 1814 3635 1854 rore
3660 1800 3912 1855 concul-

2252 1889 2364 1942 cat.
2420 1889 2564 1942 Nam
2601 1884 2871 1957 quodam
2901 1889 3188 1957 tempore,
3236 1901 3377 1941 cum
3401 1885 3726 1955 genitricem
3759 1887 3899 1956 ejus

2252 1973 2481 2030 adirem
2510 1989 2695 2029 causa
2731 1972 3124 2042 dignoscendi
3148 1974 3501 2046 principium
3525 1973 3702 2043 hujus
3725 1974 3899 2047 puel-

2252 2064 2322 2118 lze
2351 2061 2840 2131 conversationis,
2886 2061 3021 2133 ipsa
3051 2062 3300 2131 genitrix
3347 2062 3569 2135 inquit:
3605 2084 3633 2110 «
3655 2066 3725 2118 tu
3750 2062 3908 2119 veri-

2252 2156 2368 2208 tate
2397 2154 2425 2192 b
2450 2150 2622 2206 vobis
2647 2151 2882 2222 loquor,
2913 2151 3079 2223 quod
3109 2150 3456 2207 ineuntibus
3489 2152 3663 2208 annis
3692 2152 3909 2209 Christi

2252 2256 2523 2296 amorem
2553 2246 2788 2313 pectore
2819 2255 2928 2294 suo
2958 2240 3292 2297 recondens
3322 2240 3446 2296 filia
3475 2258 3636 2310 mea,
3668 2241 3909 2298 saecula-

2252 2329 2406 2386 rium
2434 2328 2905 2385 oblectationum
2932 2327 3157 2383 cultum
3190 2345 3628 2402 usquequaque
3674 2345 3910 2403 spreve-

490 2419 706 2477 referre
737 2418 904 2491 quod
955 2419 1095 2485 fuit;
1136 2420 1280 2491 quia
1309 2434 1431 2475 non
1460 2417 1736 2487 congruit
1790 2415 1903 2475 sub
1931 2430 2145 2470 venus-
2175 2437 2217 2489 Β
2251 2420 2341 2485 rit,
2377 2433 2446 2475 ac
2486 2433 2725 2489 semper
2744 2433 2878 2488 quae
2929 2416 3029 2473 Dei
3058 2422 3215 2484 sunt,
3249 2418 3429 2474 corde
3468 2419 3749 2475 meditari
3795 2425 3911 2475 stu-

490 2512 606 2565 tatc
655 2507 947 2563 sermonis
990 2522 1122 2563 rem
1158 2522 1297 2578 quae
1338 2521 1463 2562 non
1507 2504 1788 2561 exstiterit
1831 2502 2138 2559 adhibere.

491 2594 723 2653 illibata
748 2610 1015 2666 namque
1042 2594 1277 2658 veritas,
1299 2609 1548 2665 quoquo
1577 2592 1758 2648 modo
1785 2590 2140 2663 proferatur,

489 2682 739 2741 ﬁrmiori
789 2697 1002 2751 gressu
1048 2681 1336 2746 consistit,
1384 2688 1442 2737 et
1492 2680 1875 2737 ornatissime
1935 2678 2139 2737 ﬁctum

489 2769 875 2831 mendacium
923 2768 1240 2842 paululum
1302 2773 1661 2842 perseverat.
1734 2771 1848 2824 Nec
1923 2767 2144 2839 patitur

489 2861 756 2919 Christus
796 2864 1155 2917 assertorem
1181 2858 1419 2930 justiﬁes
1443 2859 1776 2918 immunem
1807 2872 1936 2914 esse
1965 2856 2143 2912 bene-

487 2950 763 3009 dictionis
786 2949 1055 3023 praemio,
1078 2964 1218 3005 cum
1249 2953 1445 3007 tamen
1499 2952 1670 3005 reatu
1698 2945 2007 3005 homicidii
2045 2961 2141 3003 as-

426 3086 430 3090 .
487 3040 780 3111 tringatur
799 3038 1062 3112 prolator
1082 3037 1399 3096 mendacii.

556 3134 611 3186 2.
644 3130 869 3189 Harum
896 3129 1073 3199 igitur
1098 3128 1476 3189 vocationem
1505 3126 1807 3198 virginum
1845 3142 1983 3198 quas
2023 3123 2140 3181 dis-

488 3219 618 3293 pari
639 3219 767 3276 solo
788 3218 1135 3292 progenitas,
1160 3221 1217 3276 et.
1240 3216 1372 3290 pari
1412 3215 1620 3275 mortis
1658 3231 1878 3272 occasu
1904 3213 2143 3270 caelesti-

487 3305 604 3361 bus
630 3304 912 3361 adunati}:
942 3307 1100 3369 sunt,
1133 3301 1435 3373 sigillatim
1463 3300 1683 3373 exponi
1731 3314 1982 3356 necesse
2019 3302 2139 3365 est;

488 3399 546 3449 et
570 3392 794 3464 quibus
822 3391 1019 3447 modis
1053 3404 1430 3461 unaquaeque
1461 3404 1673 3445 earum
1701 3387 2140 3461 praedestinatas

489 3480 973 3537 sanctificationis
1016 3479 1254 3534 culmen
1294 3477 1569 3546 attigerit,
1603 3480 1721 3533 Deo
1752 3477 2004 3546 fautore,
2031 3474 2142 3532 sal-

488 3568 595 3623 tim
625 3567 759 3625 exili
780 3566 1126 3634 digcramus
1156 3564 1328 3634 stylo.

488 3672 552 3729 S.
580 3673 779 3728 Flora
802 3672 1097 3742 genitores
1122 3674 1175 3724 et
1198 3683 1401 3725 eorum
1426 3670 1652 3738 patria.
1689 3668 1970 3742 Corduba
1992 3684 2137 3725 nas-

560 3744 720 3802 citur
755 3740 818 3799 et
861 3748 1036 3812 patre
1060 3746 1317 3810 mortuo,
1361 3743 1462 3811 pie
1498 3756 1536 3798 α
1589 3746 1779 3797 matre
1828 3740 2138 3799 educatur.

558 3816 721 3873 Mira
748 3815 947 3871 Florae
975 3812 1356 3889 abstinentia.

559 3929 612 3982 3.
641 3923 905 3979 Primum
919 3920 1097 3991 igitur
1119 3920 1315 3994 specie
1343 3919 1575 3977 decoris
1600 3923 1659 3977 et
1685 3923 1998 3977 venustate
2019 3934 2145 3975 cor-

488 4014 651 4089 poris
681 4012 937 4069 nimium
965 4011 1186 4069 ﬂorens
1207 4011 1372 4081 virgo
1408 4009 1787 4068 sanctissima
1816 4009 2010 4081 Flora,
2036 4008 2143 4066 sed

488 4101 750 4160 interiori
772 4099 987 4157 habitu
1004 4099 1447 4167 ﬂorentissima,
1466 4102 1721 4156 matrem
1745 4098 2143 4156 Christianam

487 4190 723 4248 habens
755 4190 830 4261 (1)
860 4205 934 4246 ex
962 4188 1095 4246 vico
1123 4188 1504 4258 Ausinianos,
1535 4189 1640 4261 qui
1688 4204 1757 4244 ex
1787 4192 1959 4261 parte
1984 4186 2141 4244 occi-

488 4279 710 4337 dentali
733 4277 1090 4336 milliaribus
1112 4281 1248 4334 octo
1279 4293 1315 4333 a
1344 4277 1622 4335 Corduba
1667 4277 1867 4347 distat,
1898 4276 2143 4349 purissi-

488 4371 605 4427 mis
636 4374 695 4428 et
715 4368 1043 4438 nobilibus,
1074 4370 1141 4425 ut
1166 4366 1248 4423 ita
1267 4366 1539 4430 dixerim,
1570 4364 1950 4439 perfunctam
1977 4369 2143 4423 nata-

484 4459 667 4530 libus,
698 4463 930 4533 patrem
986 4472 1129 4513 vero
1187 4455 1469 4528 gentilem
1527 4470 1600 4511 ex
1649 4454 1875 4528 oppido
1930 4452 2144 4512 habuit

487 4548 841 4624 Hispalensi.
874 4547 963 4617 Hi,
992 4544 1194 4603 nescio
1217 4560 1342 4618 qua
1359 4544 1694 4612 occasione,
1722 4544 1979 4616 propriis
1996 4543 2143 4601 locis

487 4639 742 4712 exsules,
792 4636 1136 4698 Cordubam
1184 4633 1441 4707 degendi
1498 4633 1690 4704 gratia
1740 4638 2137 4692 accesserunt.

488 4732 601 4797 Qui
628 4747 703 4787 ex
727 4728 935 4785 ultimo
973 4730 1150 4800 partu
1179 4741 1289 4782 suo
1317 4725 1476 4783 hanc
1518 4722 1875 4781 infantulam
1902 4738 2140 4797 procre-

488 4824 685 4885 arunt,
713 4823 771 4875 et
789 4817 1028 4875 sublato
1048 4831 1156 4890 per
1177 4819 1435 4874 mortem
1459 4813 1745 4886 genitore,
1773 4812 2142 4871 ﬁdelissimae

490 4905 787 4975 genitricis
814 4906 1000 4964 tutela
1022 4920 1248 4977 sponsa
1277 4903 1488 4962 Christi
1514 4903 1791 4962 nutritur.
1819 4906 2012 4970 Quam
2041 4902 2144 4975 pia

490 4997 685 5049 mater
739 5009 921 5049 sacrae
976 4993 1558 5064 religionis.legibus
1605 4992 1908 5060 imbuens,
1939 4991 2144 5050 docuit

489 5080 649 5138 ﬁdeli
693 5080 1039 5169 credulitate
1076 5081 1613 5169 colergwgistum
1658 5084 1869 5169 Deum,
1895 5080 1999 5152 qui
2035 5095 2144 5155 per

2251 2506 2399 2573 duit,
2423 2521 2660 2577 semper
2679 2520 2867 2578 opera
2896 2510 3104 2561 sancta
3133 2505 3463 2577 adimplere
3493 2522 3616 2564 non
3661 2507 3909 2564 distulit.

2253 2593 2419 2649 Adeo
2447 2600 2513 2649 ut
2549 2593 2611 2649 in
2640 2593 2899 2650 infantia
2928 2609 3038 2649 sua
3064 2609 3205 2648 cum
3252 2593 3470 2649 diebus
3501 2595 3906 2667 Quadragesiv

2251 2698 2367 2737 me:
2396 2682 2673 2756 parvitati
2698 2682 2829 2753 ejus
2859 2681 3199 2749 consulens,
3223 2682 3348 2738 sive
3374 2690 3439 2738 ut
3466 2683 3569 2741 illa
3597 2691 3746 2742 mtas
3771 2702 3909 2741 con-

2249 2773 2417 2840 tigna
2434 2769 2739 2826 robustius
2753 2769 3211 2839 convalesceret,
3231 2786 3336 2826 esu
3357 2773 3738 2844 quotidiano,
3754 2789 3913 2830 com-

2249 2862 2471 2935 petenti
2492 2860 2729 2933 prandii
2778 2861 2927 2916 hora
2949 2860 3151 2917 cibum
3181 2860 3233 2916 ei
3282 2861 3686 2933 porrigerem;
3718 2862 3821 2919 illa
3848 2864 3910 2918 in

2249 2953 2465 3009 virtute
2514 2950 2746 3007 Domini
2802 2951 3068 3024 positum
3126 2951 3358 3007 habens
3415 2969 3537 3020 cor,
3593 2953 3910 3024 egentibus

2249 3057 2388 3098 eum
2444 3040 2815 3107 ministrans,
2848 3040 3050 3096 furtim
3099 3040 3348 3097 beatum
3395 3041 3703 3097 exercebat
3737 3043 3903 3112 jeju-

2249 3132 2482 3187 ninum.
2514 3130 2726 3202 Sicque
2768 3128 2981 3185 diebus
3028 3129 3279 3201 singulis
3322 3131 3453 3202 ipsa
3479 3135 3703 3199 agente,
3734 3144 3897 3201 pene

2249 3220 2584 3276 maximum
2612 3218 2980 3274 abstinentiae
3013 3222 3251 3290 tempus
3280 3218 3543 3290 elapsum
3570 3222 3714 3287 erat,
3749 3233 3901 3274 cum

2250 3310 2621 3367 clandestina
2650 3307 2891 3365 infantis
2919 3306 3158 3364 devotio
3184 3308 3282 3364 vix
3333 3308 3699 3382 quibusdam
3738 3323 3907 3364 reve-

2249 3399 2407 3455 latur
2460 3397 2711 3454 indiciis.
2775 3399 2968 3463 Quam
3010 3396 3231 3453 talibus
3262 3398 3530 3454 inhibere
3586 3398 3740 3454 votis
3771 3398 3911 3469 ipsa

2250 3487 2547 3557 obnitens,
2580 3502 2654 3541 ne
2683 3486 2848 3558 prius
2879 3502 3068 3558 quam
3099 3486 3251 3542 illud
3269 3489 3661 3544 tenerrimam
3689 3502 3909 3559 corpus

2252 3576 2635 3646 adolesceret,
2678 3590 2947 3632 marcore
2974 3575 3347 3631 abstinentiae
3378 3581 3788 3649 quassaretur,
3814 3591 3911 3631 co-

2250 3669 2391 3720 nata
2415 3680 2549 3719 sum
2571 3664 2700 3736 jam
2730 3664 2807 3720 ad
2857 3664 3103 3736 epulum
3132 3665 3385 3722 suadere
3420 3665 3729 3722 diurnum.
3766 3668 3911 3721 Eam

2252 3756 2453 3808 tamen
2492 3767 2613 3807 non
2644 3752 2809 3824 potui
2852 3766 3180 3824 provocare
3235 3752 3315 3809 ad
3356 3752 3749 3820 vescendum,
3797 3753 3911 3808 nisi

2251 3856 2404 3910 sero,
2455 3844 2513 3897 et
2541 3840 3009 3897 comminatione
3038 3841 3356 3910 continua;
3408 3842 3657 3914 perfecit
3711 3847 3910 3899 tamen

2251 3934 2459 3985 votum
2491 3945 2670 3986 suum
2700 3929 2886 3986 electa
2917 3929 3126 3986 Christi
3157 3946 3403 4004 sponsa.
3432 3955 3460 3981 »

2326 4025 2374 4077 l.
2409 4023 2491 4076 Ex
2520 4035 2592 4076 eo
2624 4025 2889 4092 tempore
2918 4025 3108 4076 mater
3134 4021 3331 4077 solerti
3346 4020 3659 4092 vigilantia
3685 4019 3911 4076 sobolis

2250 4125 2449 4167 mores
2475 4125 2828 4182 procurans,
2844 4126 3101 4183 eamque
3122 4111 3182 4166 in
3204 4111 3491 4167 omnibus
3516 4110 3700 4167 rebus
3717 4109 3913 4167 Chris-

2252 4202 2312 4254 to
2342 4197 2710 4268 assignatam
2738 4213 2870 4254 esse
2918 4197 3336 4270 considerans,
3368 4199 3714 4256 nullatenus
3743 4198 3907 4253 dein-

2250 4302 2391 4359 ceps
2416 4286 2707 4342 contraire
2729 4285 2841 4359 piis
2872 4287 3086 4360 puellae
3125 4287 3439 4344 affectibus
3484 4287 3687 4345 audet.
3721 4288 3909 4343 Vene-

2248 4374 2455 4432 rabilis
2486 4391 2624 4432 vero
2655 4376 2853 4448 puella
2883 4380 3001 4433 Deo
3043 4377 3339 4435 duntaxat
3368 4378 3604 4452 placere
3637 4377 3909 4447 studens,

2250 4464 2505 4538 provida
2528 4465 2900 4522 observatrix
2931 4465 3235 4536 Evangelii
3262 4466 3610 4523 attendebat
3668 4467 3906 4523 Christo

2252 4554 2517 4611 monenti
2539 4559 2596 4610 et
2621 4553 2841 4610 dicenti
2874 4572 2887 4609 :
2920 4556 2989 4611 Si
3016 4558 3146 4626 quis
3193 4556 3396 4627 diligit
3419 4571 3531 4619 me,
3580 4571 3911 4611 sermonem

2250 4657 2440 4699 meum
2472 4643 2751 4713 servabit,
2781 4650 2837 4699 et
2886 4644 3070 4700 Pater
3105 4659 3267 4699 meus
3307 4645 3517 4715 diliget
3554 4659 3707 4709 eum,
3738 4651 3798 4699 et
3828 4644 3914 4699 ad

2250 4746 2382 4788 eum
2424 4732 2736 4803 veniemus,
2763 4737 2819 4789 et
2854 4733 3216 4789 mansionem
3244 4734 3411 4804 apud
3440 4749 3572 4789 eum
3615 4733 3911 4802 fac-ianus

2254 4822 2595 4890 (Joan.x1v,
2627 4822 2737 4892 23).
2788 4822 2874 4877 Ita
2924 4820 3315 4894 purissimum
3362 4821 3617 4879 caelestis
3664 4836 3910 4878 exsecu-

2250 4910 2409 4966 tione
2437 4911 2715 4983 praecepti
2738 4909 3029 4969 introrsus
3059 4925 3410 4983 prazparans
3469 4910 3910 4980 habitaculum,

2251 4997 2641 5054 nihilominus
2672 5004 2890 5056 sanctas
2938 5003 2994 5055 et
3020 4997 3344 5055 individuze
3374 5000 3669 5057 Trinitatis
3717 5000 3912 5073 quoti-

2251 5086 2434 5143 diano
2463 5086 2579 5143 frui
2608 5092 2868 5144 meretur
2888 5087 3169 5146 adventu.

491 5174 728 5229 uterum
750 5168 999 5241 Virginis
1026 5169 1217 5228 Maria:
1247 5166 1326 5229 ad
1367 5167 1480 5229 'n‘os
1509 5166 1718 5227 ultimo
1747 5166 2014 5243 tempore
2039 5185 2141 5227 ve-
2169 5190 2214 5246 ι)
2324 5179 2375 5230 5.
2409 5176 2625 5232 Verum
2638 5176 2786 5233 dum
2813 5176 3087 5233 exercitio
3105 5177 3433 5237 sanctitatis
3457 5177 3520 5235 id
3550 5178 3723 5253 quod
3754 5177 3914 5247 clam

491 5260 685 5329 niens,
711 5262 769 5316 et
795 5275 902 5332 per
926 5263 1303 5331 assumptam
1330 5258 1768 5314 humanitatem
1791 5256 2139 5317 hminibus

492 5349 805 5425 proximus
830 5347 1045 5441 fictus,
1069 5363 1177 5423 per
1194 5346 1557 5404 ineffabilem
1585 5361 1831 5419 quoque
1855 5344 2140 5404 Deitatem

564 5492 590 5522 ι
618 5481 752 5536 Haec
778 5474 906 5536 vitti‘
929 5447 1215 5548 et'passio
1246 5473 1304 5529 in
1324 5472 1549 5529 cateris
1563 5471 1922 5548 editionibus
1932 5471 2143 5548 legun-

498 5556 594 5634 tur_
608 5551 669 5608 in
691 5565 827 5624 cap.
859 5551 914 5620 8,
938 5542 1041 5605 lib.
1075 5563 1113 5602 ιι
1156 5548 1324 5603 Mem.
1369 5548 1625 5617 Martyr.,
1649 5548 1716 5602 ut
1735 5544 1866 5617 jam
1906 5542 1992 5605 ibi
2015 5560 2141 5605 mo-

494 5639 757 5684 nmmus.

2252 5262 2673 5339 meditabatm‘,
2686 5265 2931 5323 uberius
2958 5264 3023 5322 in
3043 5281 3314 5323 amorem
3343 5267 3558 5324 Christi
3573 5267 3911 5341 proﬁceret,

2250 5353 2667 5427 testareturque
2678 5370 2740 5411 se
2754 5354 2984 5411 Christo
3003 5369 3112 5428 per
3127 5354 3406 5413 eamdem
3427 5355 3785 5428 religionem
3811 5372 3915 5431 pc-

2322 5478 2350 5552 13
2380 5477 2790 5552 Hispanismus
2812 5495 3016 5534 merus
3039 5483 3255 5537 MORAL.
3289 5479 3427 5537 Vide
3456 5480 3696 5539 Scholia
3714 5482 3777 5538 in
3804 5481 3913 5537 lib.

2252 5563 2271 5605 ι
2299 5550 2563 5619 Memor,
2594 5565 2764 5608 num.
2820 5554 2907 5608 18.
3257 5573 3261 5577 ν
