4110 6190
268 178 372 232 837

1167 175 1254 229 DE
1296 176 1450 230 VlTA
1491 176 1573 232 ET
1613 173 1948 230 PASSIONE
1989 171 2086 228 SS.
2134 172 2374 228 FLORE
2416 175 2500 230 ET
2538 175 2791 231 ΜΑΗΙᾹΞ.

3586 185 3688 240 838

266 299 513 355 rennius
543 312 676 353 esse
709 297 984 362 ascitam,
1019 314 1128 353 nec
1161 301 1359 356 tamen
1404 299 1628 371 passim
1658 296 1924 354 ﬁdelium
1960 300 2009 352 A
2036 293 2186 361 legis
2220 296 2632 354 venerabiliter
2662 297 2958 369 excolens,
2995 299 3262 356 debitum
3291 318 3526 377 semper
3547 320 3690 374 erga

264 388 553 442 interesse
597 386 996 442 conventibus
1040 385 1306 452 auderet,
1354 403 1425 442 eo
1473 388 1638 459 quod
1688 387 1928 442 fratrem

267 475 532 548 pestiferi
563 474 864 544 dogmatis
889 475 1190 547 perfidum
1221 475 1470 533 haberet
1493 476 1802 544 cultorem,
1825 473 1928 546 qui

267 567 405 636 ejus
449 564 699 621 assidue
748 566 1266 622 conversationem
1301 565 1674 638 exploraret;
1708 570 1770 620 ut
1800 565 1930 636 ipsa

271 658 404 710 erat
430 659 649 710 natura
703 653 989 724 prudens,
1026 659 1081 710 et
1131 653 1332 711 calens
1375 655 1636 723 ingenio,
1665 652 1869 709 didicit
1895 667 1930 706 a

278 742 652 815 sapientibus
683 742 828 798 nihil
874 742 1162 813 prolicere
1192 742 1577 799 obscuratam
1621 740 1929 798 credulita-

281 837 422 900 tem,
451 839 506 887 et
525 831 774 887 celatam
797 830 1231 888 confessionem
1253 832 1579 901 Trinitatis,
1605 831 1929 904 praesertim

279 939 420 977 cum
479 923 757 993 scriptum
794 921 907 976 sit:
941 922 1132 978 Corde
1177 923 1445 977 creditur
1485 924 1565 978 ad
1606 923 1928 991 justitiam,

276 1025 382 1065 ore
411 1014 606 1065 autem
638 1011 923 1079 confessio
968 1010 1038 1079 ﬁt
1083 1011 1163 1065 ad
1208 1011 1459 1066 salutem
1491 1012 1678 1080 (Rom.
1713 1027 1772 1080 x,
1806 1009 1927 1080 10);

274 1103 331 1152 et
361 1099 573 1153 iterum
613 1098 671 1152 in
727 1098 1084 1165 Evangelio:
1123 1099 1324 1156 Omnis
1353 1101 1458 1170 qui
1502 1101 1818 1168 conﬁtetur
1843 1113 1932 1153 me

275 1202 478 1242 coram
533 1187 890 1251 hominibus,
943 1188 1264 1255 conﬁtebor
1311 1195 1365 1243 et
1420 1205 1524 1258 ego
1565 1205 1693 1243 eum
1730 1203 1928 1243 coram

269 1276 459 1331 Patre
499 1291 646 1341 meo,
679 1277 783 1346 qui
830 1281 914 1330 est
962 1277 1024 1330 in
1062 1279 1224 1332 cretis
1255 1292 1266 1330 :
1303 1282 1356 1332 et
1378 1279 1484 1347 qui
1510 1279 1817 1348 negaverit
1842 1291 1934 1331 me

275 1376 476 1416 coram
513 1360 870 1426 hominibus,
890 1361 1115 1430 negabo
1145 1368 1200 1417 et
1222 1377 1326 1431 ego
1356 1377 1487 1418 eum
1517 1377 1718 1419 coram
1750 1361 1933 1417 Patre

273 1465 422 1517 meo,
449 1453 553 1519 qui
574 1454 658 1505 est
692 1451 754 1504 in
785 1449 952 1505 enatis
985 1450 1222 1506 (Matth.
1255 1467 1314 1516 x,
1347 1454 1436 1516 3'2,
1465 1455 1578 1517 33).

271 1575 498 1630 Deserit
513 1580 833 1642 paternam
849 1573 1108 1645 domum,
1122 1575 1202 1630 ad
1213 1591 1383 1646 quem
1391 1581 1595 1645 postea
1611 1574 1830 1630 reverti
1835 1579 1935 1626 tur

344 1704 395 1756 6.
440 1701 620 1770 Igitur
667 1701 954 1757 instructa
998 1701 1213 1757 utiliter
1263 1702 1573 1774 quomodo
1606 1717 1666 1756 se
1698 1701 1756 1755 in
1788 1716 1930 1756 con-

273 1790 531 1846 fessione
577 1791 838 1846 nominis
886 1791 1098 1848 tlhristi
1142 1791 1410 1858 haberet,
1443 1791 1758 1863 sciensque
1810 1805 1931 1846 non

273 1879 403 1936 leve
432 1895 561 1936 esse
612 1878 933 1936 discrimen
981 1880 1230 1937 latenter
1260 1881 1502 1936 credere
1527 1880 1848 1948 Christum,
1877 1882 1934 1933 et

276 1967 515 2040 publice
547 1967 796 2024 existere
816 1967 1032 2024 vexillo
1066 1971 1298 2026 Satanan
1325 1970 1670 2026 denotatam
1697 1987 1710 2034 ;
1743 1972 1932 2024 matre

278 2057 417 2112 hinc
447 2056 785 2111 inconsulta
815 2056 1067 2113 domum
1098 2057 1461 2129 relinquens,
1490 2059 1643 2114 clam
1673 2074 1812 2112 cum
1844 2072 1935 2111 so-

281 2161 416 2200 rore
447 2159 560 2199 sua
585 2143 790 2212 fugam
816 2145 963 2199 iniit.
987 2147 1243 2216 Seseque
1277 2147 1586 2202 tutior-ibus
1612 2147 1756 2202 locis
1780 2146 1933 2201 inter

283 2230 665 2287 Christicolas
693 2232 1144 2299 collocantibus,
1174 2233 1502 2290 saevissima
1550 2235 1932 2290 insectatione

288 2319 466 2374 frater
517 2334 725 2376 earum
773 2322 976 2391 (quem
1031 2337 1212 2392 supra
1261 2321 1661 2390 meminimus)
1696 2327 1934 2394 propter

287 2407 420 2462 illas
451 2407 549 2462 Dei
577 2408 799 2464 lacerat
829 2409 1176 2477 Ecclesiam,
1204 2410 1357 2466 adeo
1387 2415 1448 2466 ut
1476 2410 1794 2466 nonnullos
1825 2411 1934 2466 cle-

283 2495 546 2550 ricorum
601 2497 819 2552 carceri
852 2498 1110 2564 tradens,
1143 2504 1504 2554 conventum
1558 2499 1777 2572 ubique
1807 2500 1935 2556 reli-

280 2585 590 2653 giosarum
621 2585 978 2642 feminarum
1007 2595 1479 2659 persequeretur.
1501 2591 1723 2646 Etcum
1753 2605 1938 2658 agno-

281 2679 512 2727 scerent
561 2673 1024 2743 infestationem,
1055 2692 1190 2747 quae
1240 2692 1380 2747 erga
1429 2681 1649 2734 sortem
1702 2677 1935 2732 Domini

281 2760 689 2831 grassabatur,
722 2762 1037 2832 indignum
1069 2764 1467 2835 dijudicantes
1499 2782 1562 2820 se
1596 2781 1725 2821 esse
1757 2770 1933 2836 tutas,

281 2855 338 2905 et
389 2849 709 2906 Ecclesium
769 2852 865 2907 Dei
916 2852 1197 2924 vapulare
1232 2873 1244 2910 :
1278 2853 1433 2910 illico
1486 2860 1695 2911 sancta
1743 2855 1932 2921 Flora,

280 2955 416 3009 quae
444 2956 506 2994 se
547 2947 792 2996 noverat
838 2940 917 2997 ad
963 2941 1076 2997 tale
1125 2943 1395 3014 praelium
1439 2943 1723 2999 divinitus
1753 2944 1937 3000 fuisse

2039 383 2265 438 cultum
2312 384 2448 439 fidei
2498 391 2715 442 nostrae
2765 385 3122 459 obsequium
3174 390 3532 458 exhibebat;
3585 393 3690 450 sed

2038 471 2351 528 Christiani
2379 473 2588 530 crebro
2640 489 2775 530 eam
2827 481 3106 546 urgentes
3162 477 3463 546 instinctu,
3493 486 3689 538 vatem

2037 565 2312 618 nostrum
2343 562 2666 633 abnegare,
2697 564 2996 637 ritumque
3021 565 3301 624 detestari
3333 568 3694 636 fecerunt,et

2036 650 2306 721 quadam
2349 650 2785 710 lenocinatione
2835 654 3133 711 Christum
3180 673 3308 713 esse
3351 661 3534 716 Deum
3565 675 3692 717 cre-

2038 737 2177 793 dere
2207 738 2538 797 illexerunt.
2566 765 2592 790 ››
2627 744 2816 806 Quam
2843 743 3051 814 judex,
3087 750 3286 802 utrum
3317 763 3378 802 se
3409 748 3491 803 sic
3514 748 3693 804 habe-

2037 832 2125 882 ret
2153 825 2253 881 illa
2290 827 2569 883 delatoris
2595 831 2865 898 germani
2896 834 3168 905 quaestio,
3201 835 3546 893 sciscitatur.
3583 841 3691 895 Ex-

2036 915 2261 986 templo
2291 915 2425 989 ipsa
2457 918 2698 975 fratrem
2729 919 2984 992 impium
3029 923 3310 993 abnegat,
3345 925 3691 999 cultumque

2039 1003 2521 1062 Mahometanum
2585 1023 2645 1061 se
2712 1007 3052 1066 nullatenus
3122 1014 3356 1069 novisse
3411 1020 3690 1083 testatur;

2040 1097 2097 1148 et
2150 1093 2470 1165 adjungit:
2513 1117 2528 1145 ι
2567 1095 2863 1152 Christum
2905 1099 2982 1153 ab
3034 1099 3284 1162 infantia
3338 1121 3474 1162 mea
3530 1109 3691 1175 novi,

2037 1181 2226 1252 ipsius
2281 1182 2657 1242 documentis
2700 1185 2984 1243 instructa
3031 1205 3186 1259 sum,
3219 1192 3420 1264 ipsum
3472 1195 3692 1253 habere

2040 1272 2227 1326 Deum
2258 1270 2516 1343 decrevi,
2565 1274 2793 1348 ipsique
2841 1277 3231 1346 integritatem
3266 1284 3532 1354 corporis
3575 1288 3692 1342 mei

2041 1358 2170 1429 ejus
2200 1358 2343 1416 olim
2376 1361 2660 1418 thalamis
2683 1363 3042 1420 oblectanda
3071 1369 3337 1438 promisi.
3371 1394 3396 1419 ››
3425 1372 3560 1428 Haec
3591 1374 3694 1429 ubi

2041 1446 2211 1516 virgo
2241 1450 2621 1507 sanctissima
2642 1452 2900 1524 protulit,
2933 1470 3076 1510 mox
3099 1457 3455 1529 sacrilegum
3488 1467 3695 1533 pectus

2034 1536 2256 1606 judicis
2287 1538 2451 1594 furor
2495 1540 2778 1596 immanis
2809 1543 3088 1614 exagitat,
3122 1551 3178 1602 et
3200 1546 3260 1602 in
3292 1549 3513 1607 caedem
3541 1567 3696 1608 mar-

1965 1653 2002 1706 B
2041 1625 2186 1696 tyris
2231 1626 2382 1682 iram
2438 1629 2790 1702 admovens,
2822 1631 2973 1689 inter
3017 1639 3338 1708 utrumque
3388 1639 3696 1698 satellitem

2042 1715 2432 1785 apprehensis
2460 1718 2741 1774 manibus
2770 1735 2905 1776 eam
2937 1723 3174 1779 extendi
3205 1729 3503 1800 praecepit,
3536 1729 3696 1788 diro-

2041 1817 2157 1875 que
2188 1803 2434 1860 verbere
2463 1811 2644 1878 caput
2673 1808 2802 1877 ejus
2844 1813 3230 1882 pertundens,
3261 1816 3468 1874 tandiu
3495 1818 3698 1888 ﬂagris

2041 1893 2257 1950 insistit
2285 1911 2600 1968 quousque
2632 1897 2834 1955 decisa
2865 1916 3002 1957 cum
3034 1905 3276 1961 caesarie
3298 1911 3449 1972 cute,
3471 1923 3538 1963 os
3568 1925 3696 1964 ver-

2043 1981 2168 2038 ticis
2225 1983 2459 2040 nudum
2503 1991 2748 2058 pateret.
2801 1990 3083 2047 Perdurat
3129 1993 3517 2051 nihilominus
3548 1997 3694 2053 ado-

2041 2069 2270 2126 lescens
2301 2079 2531 2145 martyr
2561 2080 2615 2130 et
2646 2076 2810 2147 virgo
2839 2079 2899 2134 in
2954 2097 3068 2138 sua
3110 2083 3500 2140 confessione.
3535 2089 3696 2142 Tunc

2035 2158 2224 2230 judex
2253 2161 2606 2218 semivivam
2657 2170 2712 2219 et
2751 2181 2903 2237 pene
2946 2170 3284 2228 exanimem
3318 2173 3502 2244 impio
3533 2173 3696 2232 fratri

2040 2264 2174 2303 eam
2219 2249 2530 2319 delegans,
2575 2252 2879 2326 admonet,
2912 2262 2974 2312 ut
3005 2259 3243 2315 conlota
3273 2262 3690 2330 medicamine,

2041 2341 2097 2392 et
2127 2337 2308 2392 verbo
2337 2338 2482 2409 legis
2522 2340 2807 2403 instructa
2856 2345 2963 2406 sibi
3013 2347 3280 2418 demum,
3309 2351 3420 2408 nisi
3450 2368 3510 2409 se
3551 2369 3691 2412 con-

2042 2426 2294 2494 verterit,
2328 2434 2734 2499 praesentetur.

2044 2555 2393 2609 Includitur
2421 2556 2581 2611 domi
2608 2573 2645 2612 a
2673 2559 2891 2635 fratre,
2922 2563 3023 2618 sed
3051 2565 3289 2635 aufugit
3321 2573 3375 2622 et
3406 2567 3691 2624 delitescit

2438 2643 2619 2698 usque
2644 2631 2723 2685 ad
2754 2638 2980 2701 tempus
3004 2631 3302 2706 martyrii.

2119 2754 2172 2811 8.
2214 2751 2562 2808 Perductam
2614 2755 2830 2812 deinde
2879 2759 2937 2814 in
2982 2761 3232 2818 domum
3283 2781 3453 2822 suam
3487 2768 3698 2823 Christi

2045 2839 2336 2909 virginem
2366 2840 2576 2912 hostis,
2598 2859 2721 2900 non
2747 2845 2944 2915 frater,
2968 2849 3063 2905 ille
3093 2852 3334 2924 iniquus
3356 2856 3698 2913 domesticis

2046 2941 2181 2982 eam
2203 2927 2440 2982 feminis
2471 2930 2934 2990 demulcendam
2963 2937 3229 2996 fomento
3251 2947 3308 2998 et
3335 2943 3516 3002 verbo
3539 2962 3697 3000 eom-

283 3006 554 3095 électam’
604 3029 844 3100 publico
899 3006 1171 3102 regressi
1229 3032 1289 3088 in
1337 3032 1591 3088 domum
1640 3038 1936 3090 revertens
1966 3006 2006 3060 C
2044 3016 2238 3081 mittit,
2288 3018 2524 3086 magnis
2579 3020 2962 3079 solummodo
3021 3027 3290 3083 trabibus
3348 3037 3695 3088 catenarum

279 3118 363 3174 ait
391 3135 403 3172 :
437 3140 463 3168 «ς
502 3121 583 3173 En
626 3133 759 3187 ego,
800 3136 984 3192 quam
1015 3130 1039 3155 ³
1067 3121 1350 3192 quaeritis,
1379 3120 1596 3176 adsum
1645 3122 1705 3177 in
1738 3123 1936 3180 medio

279 3206 482 3271 vestri,
532 3223 641 3279 pro
689 3223 814 3279 qua
862 3208 961 3264 Dei
1010 3214 1230 3264 sortem
1278 3209 1690 3264 insectamini:
1725 3212 1936 3269 assisto

278 3295 600 3367 intrepida,
635 3297 868 3353 Christo
900 3297 1165 3364 credula,
1199 3297 1468 3368 religioni
1501 3299 1707 3354 favens
1737 3301 1935 3357 catho-

277 3385 429 3455 licee,
461 3385 742 3456 stigmata
772 3387 964 3442 crucis
1003 3402 1236 3456 gerens,
1270 3391 1328 3442 et
1354 3387 1628 3443 omnium
1655 3405 1786 3460 quae
1813 3391 1935 3446 cul-

280 3479 408 3530 tum
456 3474 691 3546 pietatis
730 3475 1035 3534 insinuant
1085 3477 1431 3532 aﬁ'ectatrix.
1495 3479 1611 3533 Vos
1655 3479 1858 3549 modo,
1888 3481 1934 3536 si

280 3565 549 3636 potestis,
605 3565 761 3622 hanc
818 3570 1096 3623 enervate
1153 3566 1634 3623 confessionem:
1689 3571 1934 3640 satagite

281 3653 717 3710 crudelioribus
754 3654 1060 3710 tormentis
1099 3653 1280 3710 tidem
1327 3671 1527 3712 meam
1557 3658 1848 3727 evincere,
1881 3664 1938 3715 et

285 3741 478 3813 (quod
516 3743 639 3798 ﬁeri
677 3743 927 3800 omnino
969 3743 1200 3812 dubito)
1230 3760 1266 3802 a
1292 3744 1518 3802 Christo
1547 3761 1644 3801 me
1671 3748 1935 3818 separari

287 3831 670 3889 contendite:
714 3850 823 3906 pro
881 3834 1052 3904 cujus
1101 3850 1306 3891 amore
1351 3835 1648 3908 quidquid
1693 3837 1770 3893 ad
1801 3855 1938 3910 sup-

288 3919 537 3991 plicium
564 3937 766 3978 meum
798 3939 994 3978 saevus
1021 3922 1363 3995 imploderit
1401 3923 1640 3994 arbiter,
1673 3927 1935 3994 gratissi-

282 4008 403 4063 mis
447 4008 678 4066 decrevi
716 4011 931 4067 animis
985 4016 1358 4083 supportare.
1410 4012 1620 4078 Credo,
1657 4014 1936 4084 probabi-

279 4097 354 4155 tis
383 4113 481 4153 me
512 4097 664 4155 inter
689 4115 902 4171 poenas
933 4099 1156 4156 fortiori
1187 4101 1534 4172 pertinacia,
1561 4117 1749 4173 quam
1775 4118 1936 4159 nunc

274 4187 341 4242 in
388 4186 587 4259 prima
643 4189 1086 4259 congressione,
1144 4189 1440 4248 Christum
1492 4192 1694 4247 Jesum
1757 4192 1938 4248 conti-

276 4275 406 4334 teri.
447 4297 473 4324 ››

272 4402 329 4457 Α
351 4403 556 4476 fratre
573 4406 906 4476 torquetur,
931 4409 987 4458 et
1016 4408 1341 4459 accusatur
1360 4410 1424 4458 ut
1448 4403 1818 4476 Christiana,
1838 4407 1940 4461 sed

349 4474 596 4542 fortiter
642 4473 945 4530 Christum
991 4477 1307 4544 conﬁtetur
1339 4491 1356 4532 :
1393 4477 1776 4546 quamobrem
1804 4473 1938 4535 dire

355 4544 724 4602 verberatur.

353 4676 406 4725 7.
453 4671 654 4726 Frater
677 4674 877 4726 autem
899 4671 1030 4741 ejus
1055 4670 1147 4726 ille
1170 4685 1486 4744 perversus
1512 4672 1639 4728 haec
1665 4673 1937 4743 audiens,

285 4757 552 4814 caedibus
577 4775 646 4816 ac
663 4759 842 4815 minis
876 4759 1174 4816 interdum
1184 4763 1268 4830 ,et
1293 4759 1531 4815 blandis
1552 4776 1686 4816 eam
1718 4761 1944 4819 niteba-

290 4851 384 4902 tur
414 4862 690 4904 revocare
719 4847 1116 4903 sermonibus.
1153 4849 1262 4904 Sed
1297 4866 1433 4904 cum
1481 4853 1764 4920 cerneret,
1795 4851 1942 4906 nihil

286 4938 567 4991 conatum
599 4953 776 4992 suum
811 4938 1118 5010 proﬁcere,
1151 4937 1424 5009 quinimo
1446 4954 1507 4992 se
1537 4954 1760 5010 quasso
1789 4941 1944 5012 aspi-

280 5023 448 5080 ciens
481 5023 685 5080 labore
724 5027 1021 5093 consumi,
1050 5025 1129 5082 ad
1167 5026 1434 5096 judicem
1467 5043 1602 5083 eam
1633 5028 1939 5100 pertrahit,

278 5112 492 5169 dicens
521 5131 532 5169 :
564 5136 590 5161 ‹‹
648 5115 813 5171 Hanc
858 5115 1004 5170 mihi
1047 5130 1334 5181 sororem.
1369 5133 1405 5172 o
1447 5117 1655 5188 judex,
1698 5117 1942 5174 ultimus

277 5205 491 5276 partus
510 5203 716 5260 matris
738 5203 927 5275 ejecit,
941 5220 1077 5276 quas
1095 5204 1273 5261 simul
1287 5221 1526 5261 mecum
1552 5207 1942 5263 caeremonias

357 5356 380 5382 ⁸
421 5346 639 5419 Virgilii
654 5351 747 5419 est
775 5345 1239 5419 hemistichium,
1272 5348 1437 5419 quod
1481 5348 1676 5404 sciens
1711 5348 1945 5405 volens-

282 5434 402 5490 que
458 5418 742 5487 Eulogius
803 5418 950 5475 sicut
1009 5418 1130 5473 alia
1184 5418 1530 5490 hujusmodi
1587 5420 1936 5477 interscruit.

281 5493 636 5689 tingamus
683 5560 1010 5633 aliquando
1064 5561 1124 5616 in
1175 5574 1355 5616 usum
1403 5560 1627 5632 pessuli
1664 5563 1940 5623 deservit.

338 5647 512 5688 θυι..

338 5647 512 5688 ΟΒΔῙ..

2045 3105 2071 3143 b
2101 3104 2255 3160 feras
2277 3106 2610 3162 mansionis
2636 3108 2982 3167 obtrudens.
3010 3116 3159 3179 Quia
3185 3116 3410 3186 ingenti
3433 3121 3696 3177 maceria

2047 3193 2224 3248 totius
2270 3194 2536 3265 praedicit
2584 3197 2845 3253 ambitus
2890 3204 3300 3272 praemunitus,
3335 3208 3582 3265 omnino
3620 3210 3695 3265 de

2044 3282 2210 3337 nulla
2237 3283 2531 3338 evadendi
2563 3285 2956 3344 sollicitudine
2983 3306 3357 3365 quemquam
3381 3298 3692 3367 arguebat.

2045 3371 2304 3444 Ideoque
2337 3387 2458 3428 non
2490 3379 2629 3445 post
2659 3375 2881 3432 multos
2910 3379 3055 3434 dies.
3084 3382 3431 3442 vulneribus
3461 3388 3698 3461 expiata

2045 3461 2210 3515 fortis
2242 3461 2436 3528 Flora,
2469 3479 2608 3518 cum
2665 3482 2726 3521 se
2779 3469 3062 3541 sospitem
3093 3489 3223 3528 esse
3256 3476 3512 3544 sentiret,
3545 3496 3696 3552 qua-

2047 3549 2188 3605 dam
2217 3556 2389 3606 nocte
2437 3569 2540 3624 per
2571 3558 2918 3624 contiguinn
2947 3563 3022 3628 t2)
3053 3561 3208 3620 infra
3236 3572 3457 3623 cortem
3490 3549 3698 3626 domui

2042 3639 2278 3695 haerens
2306 3642 2632 3713 tugurium,
2667 3645 2891 3702 celsum
2922 3651 3210 3720 parietem
3224 3655 3473 3726 jnvante
3503 3659 3700 3715 Domi-

1991 3784 1996 3787 _
2044 3744 2123 3819 no
2175 3729 2494 3819 scandens,
2535 3732 2674 3788 inde
2724 3750 2785 3789 se
2817 3735 2956 3791 foris
2982 3739 3222 3810 plateali
3267 3744 3395 3800 solo
3429 3749 3696 3819 projecit.

2045 3817 2184 3880 Quae
2215 3816 2379 3871 nullo
2412 3818 2716 3875 stimulata
2759 3822 2984 3892 dolore,
3033 3831 3210 3900 coepit
3256 3849 3364 3902 per
3423 3816 3697 3892 tenebras

2043 3905 2256 3972 noctis,
2289 3906 2559 3975 angelico
2611 3909 2928 3966 comitante
2982 3915 3224 3985 ducatu,
3256 3936 3377 3992 quo
3412 3924 3698 3982 Dominus

2044 3992 2219 4048 vellet
2249 3993 2479 4063 ingredi
2509 4013 2520 4061 ;
2552 3996 2756 4069 sicque
2807 4000 3124 4069 cujusdam
3159 4006 3349 4064 ﬁdelis
3374 4009 3525 4067 inter
3554 4013 3694 4070 illud

2045 4082 2228 4138 chaos
2270 4087 2633 4140 nocturnum
2663 4087 2920 4159 hospitio
2949 4099 3232 4167 recreata,
3265 4114 3402 4155 cum
3434 4101 3702 4176 aliquan-

2047 4170 2152 4263 diu
2180 4171 2406 4263 ibidem
2431 4182 2861 4263 commaneret,
2893 4178 3174 4254 deincep
3227 4170 3588 4258 praeclarum
3621 4193 3700 4263 (3)

2050 4261 2388 4318 Tuccitanaa
2439 4261 2603 4319 urbis
2652 4265 2912 4324 viculum
2964 4279 2984 4305 °
3017 4272 3314 4333 Ossariam
3359 4278 3575 4340 intuitu
3620 4261 3702 4338 la-

1964 4354 2010 4414 D
2050 4350 2212 4406 tendi
2243 4356 2472 4424 petens,
2505 4352 2589 4410 ibi
2613 4371 2751 4412 cum
2779 4356 2802 4390 ι¹
2833 4374 3034 4415 sorore
3067 4377 3180 4418 sua
3227 4381 3418 4440 usque
3450 4369 3529 4426 ad
3556 4375 3700 4427 tem-

2049 4456 2189 4514 pus,
2238 4457 2361 4513 quo
2419 4444 2771 4517 martyrium
2828 4453 3290 4523 consummavit,
3339 4455 3586 4513 delituit.
3638 4463 3705 4515 Et

2050 4545 2195 4620 ego,
2216 4546 2327 4600 ego
2351 4531 2466 4620 ille
2496 4538 2793 4605 peccator,
2825 4552 2938 4608 ego
2965 4538 3128 4595 dives
3166 4541 3570 4616 iniquitatum,
3597 4549 3701 4620 qui

2048 4635 2085 4675 a
2111 4619 2402 4692 principio
2429 4623 2698 4695 martyrii
2729 4624 2821 4680 sui
2853 4627 3114 4685 amicitia
3142 4630 3272 4703 ejus
3297 4631 3511 4690 fruitus
3539 4619 3699 4707 sum,

2049 4707 2410 4766 combinatis
2438 4712 2722 4767 manibus
2749 4714 2898 4770 meis
2920 4716 3220 4778 cicatrices
3241 4725 3703 4785 reverentissimi

2049 4801 2106 4852 et
2149 4795 2383 4852 delicati
2442 4799 2597 4854 illius
2646 4801 2878 4858 verticis
2927 4809 3253 4879 attrectavi,
3299 4828 3438 4870 cum
3487 4814 3702 4876 ictibus

2049 4883 2422 4955 ﬂagellorum
2454 4887 2760 4958 virginalis
2791 4907 2967 4950 coma
3003 4894 3209 4970 elapsa
3239 4899 3462 4962 fuisset.

2047 5010 2276 5068 Sancta
2294 5011 2495 5094 Maria
2525 5015 2699 5084 Virgo
2721 5021 3050 5094 etmartyr.
3080 5023 3367 5085 Traditur
3388 5031 3704 5094 educanda

2463 5086 2523 5141 in
2554 5087 2816 5145 ccenobio
2850 5086 3280 5156 Cuteclarensi.

2119 5211 2170 5265 9.
2215 5209 2430 5264 Verum
2454 5209 2600 5281 quia
2622 5210 2742 5267 Deo
2771 5210 3001 5271 fautore
3036 5216 3225 5276 beatae
3252 5223 3495 5294 virginis
3517 5228 3702 5286 Florae

2083 5351 2303 5441 fulica
2329 5351 2644 5432 oppidum,
2675 5362 3415 5441 quanquamprzeclarum
3446 5369 3699 5441 dicatur,

2052 5422 2281 5501 nullam
2307 5422 2791 5501 sui—memoriam
2823 5422 3079 5501 reliquit:
3113 5435 3190 5490 In.

2122 5495 2146 5581 ιξ
2179 5495 2780 5581 Daldegotlione_sine
2807 5495 3118 5581 dubi'o,‘ad
3134 5522 3328 5581 quam
3356 5517 3495 5581 post
3521 5514 3700 5571 Florae

2051 5569 2407 5635 martyrium
2452 5569 2582 5637 ipse
2627 5569 2906 5641 Eulogius
2936 5569 3252 5644 epistolam
3283 5569 3466 5638 dedit.
3497 5569 3696 5641 Senor.
