4140 6188
491 217 596 273 839
1682 210 1738 266 S.
1778 206 2056 264 EULOGII
2096 201 2414 258 ARCHIEP.
2455 200 2698 257 TOLET.
3788 202 3899 258 διο

489 339 824 412 auspicium
855 333 1324 392 conversationis
1369 349 1437 389 ac
1481 331 1746 405 martyrii
1781 331 2133 388 adnotatum
2164 329 2207 381 A
2253 323 2554 392 religionis
2588 322 3029 380 sanctimoniali
3052 320 3271 412 puella,
3301 336 3438 376 cum
3468 336 3530 412 se
3560 321 3745 412 nimia
3763 324 3905 381 cha-

490 433 576 484 est
601 446 614 494 ;
637 441 832 498 operae
856 423 1113 498 pretium
1145 438 1297 489 reor,
1322 423 1370 477 si
1398 421 1600 477 itidem
1627 425 1848 476 sanctae
1879 416 2135 488 Virginis

488 515 678 571 Marias
722 518 778 569 et
822 511 1100 584 martyris
1131 507 1480 583 processum
1509 510 1855 576 nativitatis,
1887 507 2138 580 primor-

487 601 709 674 diaque
752 600 1053 670 religionis
1097 599 1462 666 edisseram;
1495 603 1560 655 ut
1606 598 1829 671 quibus
1871 612 1983 669 par
2032 593 2139 650 fuit

488 689 803 746 consensio
835 687 1144 761 praeliandi
1171 687 1452 760 idemque
1473 703 1754 743 assensus
1779 701 1888 759 pro
1913 683 2140 755 justitia

486 777 780 836 moriendi
830 776 1154 832 consimilis
1205 780 1392 831 exstet
1441 775 1500 831 in
1568 774 1760 831 relatu
1809 771 2140 829 vocationis

487 868 668 925 etiam
717 867 897 939 hujus
941 866 1186 936 virginis
1209 865 1455 921 intentio
1487 864 1719 921 calami.
1756 864 1943 934 Hujus
1971 865 2140 935 pater

487 974 560 1013 ex
604 957 828 1031 Oppido
869 954 1180 1028 Elephensi
1210 971 1332 1010 non
1377 954 1621 1009 infimus
1648 952 1952 1026 prosapia,
1984 949 2139 1008 Chri-

487 1047 716 1103 stianus
745 1051 965 1111 tamen,
1006 1046 1123 1100 huc
1157 1044 1513 1100 adventasse
1540 1043 1908 1116 perhibetur.
1933 1040 2041 1106 Qui
2068 1055 2141 1094 ex

487 1151 702 1206 genere
734 1134 1000 1190 Arabum
1033 1133 1355 1204 conjugem
1386 1132 1635 1199 ducens,
1665 1131 1844 1187 totius
1873 1128 2142 1202 impieta-

486 1224 558 1280 tis
583 1239 778 1280 errore
811 1239 944 1278 eam
977 1221 1316 1277 emundans
1343 1221 1551 1277 Christi
1577 1219 1719 1275 ﬁdei
1743 1217 2138 1287 consignavit.

487 1315 859 1384 Quapropter
908 1328 1043 1365 eum
1089 1310 1302 1366 eadem
1343 1309 1600 1379 conjuge
1645 1307 1960 1380 proprium
1983 1305 2143 1361 inco-

485 1401 603 1457 lere
635 1417 843 1458 arvum
878 1416 998 1454 non
1034 1399 1257 1465 valens,
1287 1413 1393 1470 per
1418 1397 1651 1452 diversa
1691 1396 1983 1469 profugus
2015 1394 2140 1464 agi-

485 1497 603 1562 tur,
630 1507 947 1563 quousque
1006 1489 1211 1544 divino
1265 1486 1675 1557 gubernaculo
1722 1486 1800 1542 ad
1845 1483 2136 1557 oppidum

490 1579 782 1636 Froniano
814 1578 1100 1650 pervenit,
1129 1577 1234 1650 qui
1261 1576 1320 1631 in
1352 1581 1643 1631 montana
1680 1573 2049 1630 Cordubensi
2080 1573 2140 1627 in

487 1674 655 1742 parte
687 1666 1040 1723 occidentali
1091 1665 1410 1721 duodecim
1459 1664 1537 1720 ab
1591 1662 1738 1719 urbe
1787 1660 2140 1718 milliaribus
2169 1678 2215 1734 Β

488 1757 685 1819 distat,
739 1762 993 1828 utroque
1045 1755 1294 1827 pignore
1351 1753 1692 1819 comitante,
1739 1751 1904 1824 quod
1949 1767 2020 1806 ex
2071 1767 2142 1805 ea

489 1851 850 1918 susceperat,
875 1844 1248 1900 \Valabonso
1277 1842 1517 1911 scilicet,
1541 1848 1598 1898 et
1623 1841 1799 1898 Maria
1845 1841 1929 1896 lbi
1957 1839 2142 1894 vitam

490 1951 662 1990 suam
697 1950 807 2008 pro
835 1933 1061 1989 viribus
1091 1936 1497 1988 sustentarunt
1522 1950 1534 1998 ;
1564 1930 1646 1985 ibi
1676 1929 1890 1985 mulier
1918 1928 2018 1984 illa
2049 1927 2140 1982 lu-

485 2040 706 2098 porum
745 2027 949 2095 erepta
996 2021 1293 2087 faucibus,
1323 2021 1384 2075 in
1435 2020 1550 2075 ﬁde
1610 2019 1818 2075 Christi
1861 2033 2141 2091 perseve-

488 2129 654 2177 rans,
680 2117 817 2186 post
856 2110 1217 2168 nonnullum
1265 2114 1501 2182 tempus
1534 2109 1592 2163 in
1624 2107 1878 2163 Domino
1909 2106 2141 2179 requie-

489 2203 604 2271 vit;
638 2202 718 2258 ihi
764 2205 1063 2274 superstes
1107 2199 1197 2255 vir
1234 2199 1428 2268 gradu
1471 2197 1866 2254 confessionis
1897 2196 2140 2267 potitus,

489 2291 891 2348 arctissimum
923 2289 1051 2345 vita:
1087 2287 1364 2360 perennis
1395 2286 1606 2342 callem
1669 2285 1904 2355 gaudiis
1944 2283 2142 2339 oblec-

488 2381 710 2437 tandus
740 2378 1079 2435 coelestibus
1123 2377 1472 2448 ingreditur.
1509 2375 1621 2432 Sed
1663 2390 1919 2448 puerum
1961 2372 2144 2427 eccle-

490 2469 740 2524 siasticis
761 2466 981 2538 regulis
998 2465 1406 2528 educandum,
1422 2465 1683 2536 sortique
1703 2461 1934 2518 Domini
1958 2460 2146 2515 admi-

491 2556 785 2611 scendum
811 2555 926 2626 piae
958 2554 1259 2608 memoriae
1292 2552 1579 2607 Salvatori
1610 2549 1982 2624 presbyterio
2024 2554 2142 2604 tra-

488 2643 657 2710 didit,
707 2644 812 2714 qui
861 2647 1002 2696 tunc
1053 2640 1340 2712 praeclaro
1393 2640 1680 2710 regimine
1721 2638 1908 2693 sancti
1941 2636 2143 2693 Felicis

489 2729 941 2800 monasterium,
973 2729 1139 2801 quod
1165 2731 1225 2783 in
1258 2743 1327 2783 eo
1354 2728 1486 2782 loco
1539 2727 1860 2782 fundatum
1891 2730 1997 2793 est,
2032 2741 2142 2795 gu-

487 2819 802 2876 bernabat.
834 2820 1114 2875 Sanctam
1143 2833 1282 2873 vero
1309 2817 1466 2872 hanc
1495 2815 1784 2885 virginem
1817 2818 1934 2871 Deo
1967 2815 2146 2870 devo-

489 2925 654 2976 vens,
682 2907 1076 2966 Cuteclarensi
1099 2906 1395 2972 ocenohio,
1416 2905 1582 2978 quod
1609 2905 1878 2976 gloriosae
1909 2909 1965 2960 et
1995 2921 2146 2960 sem-

488 3014 596 3071 per
627 2997 875 3068 Virginis
901 3002 1122 3052 sanctee
1147 2996 1338 3053 Mariae
1370 2995 1669 3086 genitricis
1693 2993 1928 3049 Domini
1960 2993 2147 3086 fulget
2171 3035 2212 3086 Ο

489 3086 803 3157 memoria,
878 3085 1270 3154 consignavit,
1335 3083 1701 3139 constituens
1774 3098 1910 3139 eam
1977 3082 2144 3154 apud

487 3175 820 3250 quamdam
852 3191 1106 3230 summa;
1135 3172 1543 3229 sanctimoniae
1569 3172 1854 3227 feminam
1878 3171 1952 3243 (4)
1985 3176 2144 3226 Arte-

492 3265 674 3321 miam
703 3265 968 3332 nomine,
1000 3279 1136 3336 quae
1165 3268 1222 3318 et
1249 3262 1382 3335 ipsa
1414 3261 1720 3330 geminum
1771 3261 1990 3333 pignus
2037 3276 2145 3332 per

488 3354 899 3425 martyrialem
929 3354 1160 3408 obitum
1193 3352 1336 3406 olim
1359 3351 1509 3406 coelo
1539 3352 1932 3423 praemiserat,
1959 3349 2143 3404 Adul-

489 3443 679 3513 phum
707 3441 944 3506 scilicet,
977 3445 1034 3496 et
1061 3443 1375 3505 Joannem,
1394 3439 1498 3510 qui
1524 3439 1584 3493 in
1615 3439 1944 3510 primordio
1973 3437 2143 3507 regni

486 3529 773 3602 principis
820 3529 1002 3597 hujus
1059 3527 1299 3581 viriliter
1344 3527 1417 3580 de
1462 3527 1630 3582 hoste
1680 3527 2137 3599 triumpharunt.

488 3619 755 3682 Quorum
808 3615 997 3670 instar
1045 3613 1308 3668 siderum
1350 3613 1481 3668 cceli
1517 3617 1684 3684 gesta
1732 3615 2015 3670 micantia
2063 3614 2144 3670 ad

487 3704 960 3761 emolumentum
992 3701 1261 3758 Ecclesiae
1294 3706 1535 3769 sanctae,
1569 3707 1626 3758 et
1662 3702 2005 3775 exemplum
2037 3703 2141 3758 de-

485 3794 719 3862 bilium,
749 3810 933 3849 senex
959 3799 1015 3848 et
1037 3793 1324 3863 magister
1353 3797 1572 3856 noster,
1605 3797 1784 3866 atque
1813 3792 2139 3848 illustrissi—

485 3900 624 3940 mus
657 3883 866 3940 doctor
894 3883 990 3955 (de
1016 3899 1138 3956 quo
1168 3881 1230 3937 in
1259 3882 1412 3939 libro
1440 3892 1466 3917 ε
1503 3882 1698 3955 primo
1729 3882 2140 3956 meminimus)

483 3973 675 4030 beatae
697 3971 1125 4029 recordationis
1150 3976 1207 4028 et
1233 3971 1539 4028 memoriae
1563 3971 1927 4044 Speraindeo
1949 3972 2140 4028 abbas

488 4062 645 4134 stylo
669 4062 860 4118 latiori
893 4061 1248 4135 composuit.

976 4187 1163 4254 Quam
1195 4187 1298 4255 pie
1334 4186 1648 4244 educatur.

561 4313 643 4369 10.
685 4311 947 4368 Artemia
989 4311 1167 4382 igitur
1202 4311 1392 4382 gratia
1440 4311 1788 4381 sanctitatis,
1817 4316 2137 4383 provectae-

375 4467 378 4470 ,
486 4416 604 4473 que
635 4399 840 4468 astatis,
874 4416 978 4455 seu
1003 4400 1252 4456 obtentu
1290 4404 1626 4470 martyrum
1655 4398 1937 4463 filiorum,
1970 4403 2136 4455 caete-
2160 4384 2203 4439 ί)

483 4489 564 4545 ris
611 4491 673 4546 in
725 4489 937 4566 eodem
981 4488 1257 4545 ccenobio
1314 4487 1838 4543 commanentibus
1899 4487 2135 4543 feminis

484 4579 863 4648 antecellens,
897 4580 1074 4636 totius
1105 4577 1450 4634 monasterii
1477 4577 1784 4646 virginalis
1810 4585 2137 4634 conventus

475 4669 655 4741 jussu
682 4669 1045 4726 auctoritatis
1074 4668 1204 4739 ejus
1235 4665 1673 4722 intendebatur.
1697 4666 1904 4722 Docuit
1933 4671 2136 4722 autem

483 4759 767 4832 puellam,
794 4759 948 4814 sicut
991 4758 1127 4830 ipsa
1156 4760 1426 4812 noverat.
1461 4755 1578 4811 Deo
1609 4755 1828 4811 servire
1862 4755 1926 4810 in
1970 4755 2138 4811 omni

481 4848 832 4914 humilitate,
866 4846 1151 4914 castitate,
1184 4850 1242 4901 et
1285 4843 1646 4914 obedientia,
1680 4849 1736 4900 et
1787 4844 1995 4901 timore
2027 4847 2138 4900 Do-

483 4935 632 4990 mini
659 4935 931 4990 animum
975 4935 1106 5004 ejus
1137 4949 1440 4990 exercens.
1472 4938 1543 4989 At
1571 4949 1696 4990 non
1721 4938 1858 5007 post
1876 4933 2133 4990 multum

482 5027 720 5094 tempus
767 5022 1052 5094 praedicto
1101 5021 1408 5079 sacerdote
1455 5022 1758 5079 Salvatore
1788 5023 2019 5079 mundo
2048 5039 2134 5078 re-

482 5110 746 5179 cedente,
795 5126 1052 5183 puerum
1091 5109 1270 5165 etiam
1314 5111 1392 5166 ad
1443 5127 1504 5167 se
1553 5111 1938 5167 nutriendum
1967 5117 2135 5182 pater

480 5199 736 5258 reduxit.
783 5198 895 5265 Qui
933 5198 1055 5254 duo
1107 5198 1288 5254 futuri
1321 5199 1600 5272 martyris
1649 5199 1840 5268 gratia
1885 5197 2132 5270 Spiritus

482 5287 672 5344 sancti
699 5287 762 5344 in
807 5287 907 5343 Dei
952 5287 1160 5344 timore
1202 5303 1570 5360 magnopere
1614 5285 1951 5360 proficiunt.
1982 5286 2136 5342 Tan-

481 5378 621 5434 dem
669 5393 812 5433 vero
869 5393 976 5450 per
1028 5377 1254 5448 gradus
1311 5375 1740 5434 ecclesiasticos
1783 5374 2133 5431 adolescens

480 5469 576 5526 ille
640 5468 1048 5525 Walabonsus
1119 5483 1524 5535 succrescens,
1581 5466 1808 5520 honore
1874 5464 2134 5521 diaconii

479 5557 747 5628 fungitur
777 5557 1060 5630 (pollente
1103 5554 1494 5612 nihilominus
1522 5553 1582 5608 in
1627 5553 1792 5609 omni
1820 5553 2131 5612 honestate

551 5674 577 5700 ⁸
615 5664 738 5721 Lib.
767 5680 785 5720 ι
815 5666 1081 5729 Memor.,
1110 5678 1281 5718 num.
1307 5667 1359 5715 7.

2244 413 2414 469 ritate
2443 412 2774 483 diligerent,
2803 417 2860 468 et
2914 411 3187 470 alternati
3245 410 3652 480 germanitatis
3705 411 3906 470 dulce-

2244 501 2384 557 dine
2413 501 2473 557 in
2513 501 2679 557 omni
2725 501 3039 558 dilectione
3088 498 3335 573 spiritali
3384 498 3619 555 sibimet
3647 499 3906 558 invicem

2245 589 2600 657 obedirent).
2631 590 2781 656 Quia
2802 605 2945 646 vero
2969 587 3350 663 prtecedebat
3364 591 3536 644 aetate
3565 589 3746 659 Virgo
3767 606 3908 647 san-

2246 678 2509 735 ctissima
2555 679 2996 736 adolescentem
3026 691 3406 754 germanum,
3433 675 3566 732 loco
3604 678 3907 749 genitricis

2247 783 2416 823 soror
2441 767 2518 823 ab
2545 783 2616 823 eo
2646 767 2954 835 excolitur,
2984 771 3042 822 et
3068 766 3129 822 in
3180 765 3365 839 prolis
3415 765 3697 822 affectum
3745 783 3910 824 com-

2247 856 2500 913 mutavit
2529 856 2859 913 fraternum
2885 871 3177 913 amorem.

2247 1000 2395 1070 Ejus
2435 1000 2634 1068 fratre
2679 1015 2792 1068 pro
2840 998 3078 1055 Christo
3108 998 3444 1066 interfecto,
3485 1013 3515 1052 e
3542 1000 3907 1070 monasterio

2325 1075 2537 1127 sancta
2562 1070 2888 1141 egreditur,
2913 1071 3079 1142 eique
3105 1071 3294 1126 Flora
3335 1069 3621 1133 occurrit,
3647 1075 3701 1126 et
3742 1081 3908 1126 utra-

2318 1157 2430 1212 que
2442 1143 2646 1211 judici
2670 1157 2732 1198 se
2759 1143 2955 1212 o/fert.

2323 1289 2407 1341 Η.
2449 1284 2631 1354 Igitur
2654 1284 2802 1340 dum
2831 1286 2980 1340 inter
3008 1299 3111 1340 eos
3168 1283 3296 1340 haec
3341 1282 3586 1339 assidue
3630 1299 3909 1355 gereren-

2248 1378 2362 1444 tur,
2409 1373 2793 1446 dispensante
2845 1375 2983 1439 Deo,
3018 1371 3216 1428 Levita
3271 1371 3660 1442 dignissimus
3713 1373 3908 1430 Wala-

2248 1462 2481 1518 bonsus
2511 1478 2649 1517 cum
2674 1461 2852 1518 beato
2883 1463 3055 1518 Petro
3085 1460 3460 1534 presbytero,
3489 1477 3594 1517 seu
3619 1476 3762 1516 cum
3795 1478 3907 1518 cte-

2250 1553 2389 1607 teris
2435 1551 2883 1608 confessoribus
2925 1551 3103 1622 (sicut
3151 1550 3425 1622 superius
3455 1550 3482 1590 b
3511 1551 3903 1623 comprehen-

2250 1657 2386 1696 sum
2407 1642 2513 1710 est)
2545 1640 2833 1712 martyrio
2876 1644 3218 1696 coronatur.
3251 1641 3321 1694 Et
3346 1638 3451 1710 qui
3485 1655 3614 1694 ωηο
3661 1639 3906 1695 ultimus

2250 1734 2376 1785 erat
2413 1728 2620 1795 sorori,
2654 1728 2717 1783 fit
2745 1727 2976 1800 primus
2996 1727 3281 1784 electione
3311 1727 3602 1799 martyrii.
3637 1728 3904 1801 Denique

2249 1822 2519 1874 remanet
2547 1816 2831 1872 destituta
2850 1815 3211 1889 praesentiali
3233 1815 3443 1871 solatio
3473 1815 3675 1871 fratris
3698 1817 3904 1873 Christi

2251 1905 2487 1971 ancilla,
2511 1919 2648 1976 quae
2690 1908 2827 1960 ante
2876 1904 3089 1960 mundi
3132 1903 3616 1960 constitutionem
3646 1904 3731 1961 ad
3755 1921 3902 1962 mar-

2249 1996 2472 2068 tyrium
2500 1994 2943 2067 praedestinata,
2975 1994 3134 2050 intus
3163 1999 3448 2066 extraque
3500 2010 3744 2067 semper
3790 1999 3905 2052 tue-

2250 2083 2427 2140 batur
2456 2083 2878 2140 intercessione
2907 2083 3189 2138 fraterna.
3224 2084 3291 2137 Et
3316 2083 3407 2152 (ut
3450 2099 3513 2139 se
3555 2083 3744 2139 habet
3771 2099 3904 2140 con.

2250 2172 2396 2229 ditio
2450 2171 2691 2243 fragilisl
2727 2188 2862 2226 cum
2906 2171 3173 2227 crebrius
3214 2171 3542 2226 fraternum
3575 2172 3905 2244 suspiraret

2250 2262 2549 2328 obtutum,
2582 2262 2752 2332 cujus
2797 2260 2857 2316 in
2888 2260 3164 2334 proximo
3193 2260 3444 2316 fruitura
3490 2265 3616 2317 erat
3666 2277 3903 2317 consor-

2250 2351 2330 2406 tio
2356 2367 2462 2424 per
2490 2350 2751 2423 quietem
2782 2350 3114 2422 quamdam
3146 2354 3389 2406 sanctus
3431 2355 3659 2423 martyr
3693 2367 3903 2423 quam-

2251 2440 2395 2496 dam
2445 2439 2732 2496 admonet
2786 2439 3149 2510 religiosam,
3207 2445 3269 2494 ut
3311 2440 3443 2509 jam
3501 2455 3663 2495 soror
3713 2441 3888 2495 Maria

2251 2544 2360 2601 pro
2411 2543 2474 2584 se
2522 2528 2758 2600 plorare
2806 2528 3131 2596 desisteret,
3161 2528 3453 2600 quoniam
3499 2528 3689 2584 vicino
3746 2533 3894 2583 tem-

2249 2633 2395 2691 pore
2448 2617 2525 2673 ad
2573 2634 2712 2672 eum
2759 2617 2820 2673 in
2862 2617 3135 2689 supernis
3175 2622 3329 2672 esset
3375 2621 3651 2673 ventura.
3703 2619 3787 2672 Ex
3832 2632 3902 2672 eo

2251 2707 2346 2762 die
2400 2707 2587 2761 uritur
2630 2722 2734 2762 cor
2779 2707 3023 2776 virginis
3071 2721 3276 2762 amore
3324 2705 3611 2777 martyrii,
3663 2711 3724 2762 et
3770 2722 3903 2778 quae

2250 2795 2447 2852 fratris
2497 2795 2730 2851 obitum
2769 2796 3151 2869 impatienter
3175 2795 3440 2865 lugebat,
3474 2795 3673 2851 subito
3699 2794 3904 2850 divini~

2251 2888 2344 2941 tus
2407 2883 2698 2940 illustrata
2755 2883 3089 2956 impatienti
3138 2883 3351 2940 ardore
3406 2883 3486 2940 ad
3549 2885 3905 2956 martyrium

2251 2972 2510 3030 anhelat.

2327 3063 2409 3117 l2.
2455 3061 2733 3129 Quodam
2762 3060 2941 3132 igitur
2968 3061 3085 3128 die,
3113 3061 3397 3118 invitante
3431 3066 3495 3118 ut
3521 3061 3725 3128 credo,
3748 3061 3904 3118 Chri-

2252 3157 2363 3220 sto,
2413 3151 2848 3208 monasterium
2903 3150 3348 3223 derelinquens,
3393 3150 3591 3207 forum
3649 3151 3904 3224 petitura

2253 3240 2578 3308 descendit,
2603 3257 2726 3313 quo
2759 3240 2909 3296 sicut
2934 3240 3130 3296 caeteri
3161 3244 3479 3312 martyres,
3511 3239 3618 3312 qui
3640 3239 3767 3311 jam
3793 3256 3905 3295 σω·

2249 3329 2378 3385 lesti
2431 3331 2680 3402 praemio
2721 3328 3194 3397 oblectabantur,
3246 3329 3374 3384 haec
3430 3345 3676 3402 quoque
3735 3330 3904 3398 virgo

2252 3419 2549 3476 Christum
2583 3418 2945 3485 conﬁtendo,
2975 3422 3032 3474 et
3069 3418 3210 3474 ﬁdei
3232 3422 3452 3474 sanctae
3490 3417 3902 3474 adversarium

2249 3507 2614 3580 repellendo,
2665 3523 2890 3563 corona
2932 3507 3203 3579 martyrii
3233 3508 3538 3579 potiretur.
3576 3509 3722 3572 Quae
3759 3507 3903 3564 dum

2249 3597 2561 3654 ecclesiam
2592 3596 2751 3652 beati
2782 3596 2992 3652 Aeiscli
3019 3596 3300 3668 martyris
3330 3596 3389 3652 in
3426 3595 3558 3668 ipso
3589 3595 3797 3651 adhuc
3828 3596 3905 3652 iti-

2248 3701 2388 3742 nere
2419 3685 2682 3758 positam
2712 3685 2928 3741 intuitu
2951 3685 3271 3741 Dominum
3301 3684 3660 3740 obsecrandi
3697 3684 3904 3741 intras-

2249 3781 2354 3844 set,
2385 3776 2484 3830 Dei
2511 3779 2662 3830 nutu
2690 3774 2910 3830 ibidem
2935 3780 3209 3830 sanctam
3240 3774 3474 3830 Floram
3505 3775 3564 3830 in
3615 3775 3904 3846 suffragio

2249 3881 2357 3921 suo
2387 3881 2594 3937 preces
2625 3869 2958 3937 martyrum
2988 3865 3380 3921 advocantem
3408 3864 3652 3920 invenit.
3687 3865 3834 3930 Quae
3854 3867 3905 3921 et

2246 3955 2385 4027 ipsa
2411 3954 2640 4010 Christo
2666 3953 2886 4010 dicenti
2917 3953 3029 4009 sibi
3067 3954 3146 4026 (5)
3175 3973 3187 4009 :
3222 3954 3439 4010 lterum
3491 3952 3666 4009 venio
3712 3953 3898 4009 cruci-

2245 4045 2371 4116 ﬁgi,
2393 4043 2660 4101 redivivo
2703 4042 3016 4115 praeliandi
3047 4043 3242 4099 studio
3273 4041 3496 4109 calens,
3546 4042 3684 4099 olim
3718 4040 3902 4114 coepti

2245 4133 2514 4205 martyrii
2546 4132 2818 4205 palmam
2848 4147 2880 4187 e
2904 4131 3038 4188 loco
3058 4131 3288 4188 latibuli
3337 4131 3428 4187 sui
3457 4130 3672 4187 alacris
3697 4130 3904 4186 inven-

2246 4225 2381 4278 tura
2426 4221 2836 4277 descenderat.
2866 4223 3028 4278 Tunc
3067 4237 3129 4276 se
3176 4221 3435 4277 invicem
3483 4220 3639 4276 datis
3685 4219 3905 4276 osculis

2247 4310 2592 4374 salutantes,
2625 4309 2854 4366 alterno
2883 4309 3162 4366 consultu
3193 4309 3508 4382 explorant
3548 4325 3634 4364 se.
3670 4311 3905 4365 Etcum

2247 4414 2436 4454 unum
2457 4398 2740 4471 idemque
2767 4403 2979 4455 votum
3011 4415 3189 4455 suum
3217 4398 3463 4455 existere
3511 4401 3727 4454 mutua
3772 4413 3906 4470 pro-

2243 4487 2410 4544 deret
2438 4487 2755 4558 confessio,
2787 4487 3142 4544 dimidiante
3194 4487 3423 4546 Christo
3464 4487 3568 4560 qui
3618 4486 3856 4543 dixerat
3887 4503 3898 4541 :

2255 4578 2592 4650 Ubicunque
2624 4579 2862 4647 fuerint
2905 4579 3044 4649 duo,
3080 4580 3173 4635 vel
3201 4584 3320 4634 tres
3368 4579 3432 4634 in
3482 4578 3723 4634 nomine
3774 4592 3903 4633 meo

2241 4668 2610 4739 congregati,
2641 4668 2728 4723 ibi
2754 4685 2884 4724 sum
2917 4669 2979 4724 in
3010 4668 3200 4725 medio
3231 4683 3432 4724 eorum
3462 4667 3707 4738 (Matth.
3740 4681 3902 4734 xviii,

2240 4758 2371 4830 20);
2399 4757 2554 4814 illico
2602 4757 3000 4814 indissolubili
3052 4757 3274 4814 {uadere
3324 4757 3628 4814 charitatis
3655 4761 3908 4812 nectun-

2244 4851 2356 4912 tur,
2375 4845 2542 4902 nulla
2569 4863 2630 4902 sc
2655 4845 2732 4902 ab
2755 4846 3012 4902 invicem
3038 4846 3353 4902 occasione
3375 4845 3750 4908 divellendaa,
3776 4843 3908 4902 nul-

2240 4935 2301 4993 la
2323 4936 2725 4992 intercedente
2758 4936 3000 4993 fortuna
3027 4935 3457 5003 desciscendaa,
3489 4935 3802 5008 nullisque
3833 4935 3906 4992 ab

2241 5023 2545 5093 alterutro,
2572 5025 2852 5096 quamvis
2877 5025 3241 5091 saevissimis,
3262 5024 3721 5081 imminentibus
3749 5025 3905 5083 casi-

2239 5113 2355 5168 bus
2379 5113 2782 5186 disparandee,
2813 5114 2918 5186 qui
2944 5114 3023 5170 ad
3043 5115 3344 5171 interitum
3373 5129 3586 5170 earum
3615 5129 3730 5187 pro
3763 5129 3904 5171 con-

2239 5201 2500 5258 fessione
2523 5202 2786 5258 veritatis
2808 5207 3332 5274 exaggerarentur,
3355 5219 3679 5276 quousque
3699 5208 3759 5260 et
3789 5203 3902 5260 ista

2239 5290 2557 5360 Christum,
2591 5294 2649 5348 et
2676 5290 2778 5348 illa
2800 5292 2861 5348 in
2884 5292 3224 5348 coelestibus
3265 5292 3510 5349 fratrem
3554 5292 3751 5348 adiret
3773 5295 3901 5348 Wa-

2238 5379 2583 5436 labonsum.
2618 5380 2831 5453 Sicque
2860 5380 2921 5436 in
2966 5381 3098 5453 ipso
3142 5381 3372 5454 impetu
3395 5380 3708 5452 judicibus
3757 5379 3901 5437 assi-

2240 5475 2478 5540 stentcs,
2524 5471 2605 5526 ita
2654 5469 2903 5526 ﬁrmiori
2953 5469 3313 5527 allucutione
3368 5470 3588 5543 prima,
3625 5476 3692 5526 ut
3744 5485 3894 5535 reor,

2239 5558 2620 5616 sanctissima
2648 5559 2822 5616 Flora
2850 5575 2954 5616 eos
2983 5559 3306 5630 egreditur,
3339 5559 3547 5615 dicens
3581 5577 3594 5614 :

2309 5665 2336 5705 ι
2366 5664 2488 5720 Lib.
2525 5681 2564 5720 ιι
2593 5668 2857 5734 Memor.,
2889 5681 3024 5739 cap.
3055 5669 3111 5722 4.

4079 5335 4081 5380 l
