4140 6188
259 196 357 250 841

1707 208 1710 212 ·
1778 192 1886 248 ΕΡΙ
1895 191 2151 249 STOLE.

3565 215 3677 274 862

333 321 415 373 t3.
441 340 469 368 α
490 319 573 372 En
603 332 716 387 ego
745 317 848 373 illa
879 333 1032 387 sum,
1065 334 1222 390 quae,
1253 335 1362 390 pro
1395 310 1474 374 eo
1493 318 1660 392 quod
1689 315 1914 387 gentili-
1945 320 1992 372 A
2020 321 2320 377 nectentes
2347 323 2408 379 in
2439 325 2621 382 ﬁnem
2662 328 2936 400 opusculi
2960 328 3294 386 orationem
3333 349 3443 389 suo
3491 341 3676 396 certa-

255 407 334 462 tio
364 407 593 463 semine
618 413 928 478 procreata
953 406 1178 464 Christo
1208 408 1585 475 adhaeserim,
1616 407 1850 463 dudum
1878 421 1917 462 a
2022 407 2186 479 mini,
2215 413 2499 486 omnique
2526 415 2796 472 Ecclesiaa
2827 422 3277 488 congruentem.

249 495 445 562 vobis,
489 500 554 552 ut
582 512 722 552 eum
767 496 1152 565 abnegarem,
1197 496 1328 553 diro
1369 497 1616 554 verbere
1654 496 1914 552 lacerata

248 603 406 642 sum.
440 588 582 652 Quae
605 587 895 642 hactenus
921 586 1260 643 inﬁrmitate
1291 589 1487 644 carnis
1507 589 1624 644 huc
1655 587 1912 659 illucque

243 675 506 749 profuga
535 676 890 735 delitescens
914 685 958 744 ⁸,
983 693 1143 732 nunc
1176 677 1304 749 jam
1333 678 1395 733 in
1426 679 1636 734 virtute
1667 677 1764 733 Dei
1793 676 1910 733 mei

244 765 527 834 subnixa,
559 766 764 821 vestris
798 765 1034 821 adstare
1063 782 1187 822 non
1225 783 1434 823 verens
1472 767 1781 840 praetoriis,
1817 783 1912 824 ea-

239 854 385 911 dem
417 871 540 927 qua
591 855 856 926 primum
913 856 1248 912 constantia
1298 857 1592 913 Christum
1632 856 1819 912 Deum
1849 857 1910 912 in

235 944 488 999 veritate
553 944 855 1016 proﬁteor,
927 944 1411 1018 scelerosumque
1481 945 1908 1016 dogmatistam

237 1040 509 1089 vestrum
566 1033 1182 1106 pseudoprophetam,
1225 1034 1586 1103 adulterum,
1612 1050 1905 1104 magnum

233 1127 297 1179 et
331 1123 673 1179 maleﬁcum
703 1139 832 1179 esse
869 1129 1186 1196 protestor.
1218 1147 1246 1174 »
1287 1125 1456 1180 Tunc
1482 1125 1698 1180 deinde
1736 1125 1906 1195 virgo

234 1212 599 1269 venerabilis
631 1213 808 1269 Maria
840 1213 1162 1269 diﬂ'usione
1193 1213 1527 1269 caelestium
1580 1213 1907 1284 gratiarum

239 1301 614 1358 sanctiﬁcato
642 1302 886 1375 protulit
906 1319 1040 1358 ore:
1069 1305 1178 1359 «Et
1204 1318 1337 1375 ego,
1359 1303 1566 1373 judex,
1594 1302 1737 1358 olim
1757 1303 1908 1358 inter

238 1392 375 1449 illos
420 1392 792 1448 confessores
843 1392 1201 1464 magnificos
1239 1393 1471 1449 habens
1525 1409 1904 1463 germanum,

231 1483 345 1555 qui
364 1498 485 1538 non
513 1482 626 1537 levi
680 1481 1155 1538 subsannatione
1205 1488 1401 1538 vatem
1445 1488 1715 1538 vestrum
1761 1483 1909 1538 infa-

233 1577 472 1626 mantes
503 1569 934 1636 occubuerunt,
968 1570 1266 1643 similique
1324 1571 1579 1627 audacia
1611 1572 1903 1628 Christum

2435 560 2584 616 Inde
2611 561 2840 618 eductae
2865 562 3242 619 occiduntur.

2096 684 2174 734 t5.
2210 681 2392 750 Igitur
2414 691 2832 754 permanentes
2856 685 2917 742 in
2938 686 3222 743 laudibus
3248 689 3369 754 Dei,
3391 695 3448 748 et
3473 707 3673 752 sacra-

2017 768 2256 824 tissimee
2287 770 2550 843 virginis,
2589 779 2724 846 post
2764 776 2998 832 tertiam
3043 776 3517 837 admonitionem
3536 799 3673 855 pro-

2016 860 2344 915 sternendae
2374 860 2436 916 in
2465 861 2662 918 forum
2694 863 2921 920 educta:
2973 871 3132 922 sunt.
3165 867 3425 925 Taceam
3449 870 3670 940 judicis

2016 949 2474 1006 sciscitationem
2515 952 2745 1009 vicibus
2776 953 3016 1011 allatam
3049 957 3154 1024 eis,
3191 957 3277 1012 vel
3306 975 3430 1016 una
3466 961 3562 1018 vel
3592 961 3671 1019 si-

2017 1039 2267 1106 gillatim
2295 1041 2372 1095 ad
2423 1041 2835 1098 beatissimam
2890 1044 3122 1101 Floram
3176 1051 3276 1116 (6),
3319 1049 3492 1106 sicuti
3538 1052 3670 1123 jam

2015 1127 2155 1182 alibi
2186 1141 2208 1168 ο
2239 1128 2622 1199 digessimus.
2659 1133 2726 1186 Et
2749 1131 2966 1188 intuitu
2992 1133 3418 1194 mediocritatis
3440 1139 3671 1213 aliquid

2017 1217 2275 1283 silentes,
2295 1233 2368 1274 ne
2399 1219 2705 1276 fastidium
2737 1226 3075 1293 protractus
3107 1238 3304 1281 sermo
3334 1226 3670 1298 legentibus

2015 1312 2275 1378 generet,
2309 1324 2472 1363 mors
2509 1308 2812 1379 virginum
2867 1311 3129 1383 pretiosa
3161 1313 3385 1385 stylum
3432 1333 3672 1392 compe-

2014 1397 2156 1452 tenti
2185 1397 2302 1452 ﬁne
2332 1403 2612 1454 coarctat.
2639 1398 2781 1454 Inde
2804 1400 3093 1473 praecipiti
3113 1401 3339 1460 ducatu
3364 1405 3441 1461 ad
3466 1406 3670 1466 locum

2013 1485 2422 1543 decollationis
2466 1487 2681 1555 ductae,
2717 1505 2889 1545 sacra
2919 1490 3230 1560 signacula
3267 1494 3530 1552 vultibus
3559 1498 3666 1554 im.

2009 1576 2296 1647 primunt.
2335 1579 2399 1631 Et
2446 1576 2548 1644 sic,
2581 1577 2838 1632 extensis
2868 1578 3056 1648 collis,
3089 1586 3230 1653 post
3257 1581 3500 1640 beatam
3544 1586 3670 1642 Flo-

235 1677 370 1716 esse
396 1659 457 1715 in
485 1660 727 1716 veritate
759 1661 943 1715 Deum
976 1675 1268 1730 asserens,
1300 1660 1484 1719 ritum
1508 1666 1771 1716 vestrum
1819 1660 1902 1715 le-
1931 1672 1971 1725 Β
2011 1680 2141 1720 ram
2185 1670 2393 1720 sancta
2449 1666 2626 1722 Maria
2664 1669 3078 1738 prosternitur.
3109 1671 3377 1735 Quorum
3407 1689 3664 1746 corpora

235 1750 454 1822 gisque
511 1749 901 1804 caeremonias
932 1748 1372 1806 daemoniorum
1438 1750 1725 1819 ﬁgmenta
1774 1765 1901 1805 esse

229 1839 603 1912 proﬁteor.»
657 1838 966 1911 Extemplo
1022 1839 1386 1895 saevissimus
1412 1839 1631 1896 arbiter
1678 1855 1902 1895 vesano

231 1928 570 1985 concitatus
601 1928 820 1997 furore,
857 1929 970 1983 sub
1019 1945 1162 1984 voce
1196 1929 1296 1996 illa
1325 1929 1567 1984 terribili
1599 1928 1898 1996 frendens,

231 2017 526 2086 virginale
586 2017 959 2090 propositum
1020 2017 1352 2090 asperrimo
1410 2017 1662 2073 deterret
1716 2017 1902 2073 boatu

228 2109 415 2164 minis
436 2107 777 2180 exprobrat,
805 2107 1170 2163 clamoribus
1207 2108 1421 2178 arguit,
1455 2107 1742 2179 adjiciens
1772 2123 1900 2162 car-

229 2197 388 2252 ceris
417 2195 781 2269 squalorem,
814 2200 872 2252 et
902 2196 1364 2252 contubernium
1403 2201 1754 2252 scortorum.

230 2340 490 2398 (ἔαγε-ε’νί
501 2342 947 2410 mancipantur,
964 2342 1068 2398 ubi
1081 2357 1173 2398 eos
1191 2343 1494 2411 conferta!
1510 2341 1569 2397 S.
1583 2341 1896 2412 Eulogius.

307 2470 326 2521 t
345 2469 391 2521 (ι.
409 2465 749 2538 Suscipiunt
767 2465 1026 2539 denique
1043 2465 1250 2523 abdita
1267 2466 1518 2522 carceris
1536 2482 1900 2539 sponsarum

223 2555 438 2610 Christi
473 2555 747 2611 membra
786 2555 1010 2611 tuenda
1054 2556 1249 2625 magis
1279 2572 1462 2628 quam
1509 2555 1896 2622 eliminanda,

223 2661 366 2718 quae
399 2661 638 2718 semper
663 2645 881 2718 pudico
915 2647 1228 2702 honestata
1257 2646 1472 2703 decore
1514 2646 1592 2702 ab
1622 2646 1769 2719 ipsis
1801 2663 1900 2702 cu-

220 2737 470 2792 nabulis
516 2742 654 2792 actu
695 2737 1099 2792 sanctimoniae
1129 2736 1565 2809 preepollentes,
1595 2738 1901 2810 praecipua

222 2825 513 2880 virtutum
548 2825 740 2895 gratia
789 2825 1149 2881 reluxerunt.
1181 2827 1243 2880 In
1287 2826 1509 2898 quibus
1550 2824 1897 2898 aliquandiu

224 2919 454 2970 sancta
502 2915 765 2984 virgines
825 2919 1267 2986 permanentes,
1326 2915 1599 2971 insistant
1648 2915 1897 2987 jejunio,

2009 1756 2262 1811 canibus
2291 1755 2639 1811 devoranda
2664 1773 2733 1812 ac
2764 1757 3110 1814 volucribus
3140 1759 3537 1834 discerpenda
3564 1763 3672 1820 ibi-

2009 1844 2148 1900 dem
2179 1844 2605 1916 relinquentes,
2637 1845 2753 1902 alio
2779 1846 2875 1901 die
2902 1847 2964 1902 in
2994 1847 3222 1904 ﬂumen
3264 1851 3672 1922 projecerunt-

2009 1937 2050 1988 E
2082 1932 2306 2006 quibus
2337 1932 2596 1989 cadaver
2623 1939 2846 1990 sancta:
2875 1935 3066 1991 Mariae
3087 1937 3328 2007 virginis
3361 1944 3417 1994 et
3444 1945 3668 2013 marty-

2010 2021 2089 2076 ris
2134 2021 2410 2077 coenobio
2459 2022 2877 2090 Cuteclarensi,
2926 2040 2962 2080 a
3013 2041 3136 2097 quo
3184 2025 3262 2082 ad
3309 2029 3669 2100 martyrium

2009 2109 2418 2179 descenderat,
2469 2110 2731 2167 donante
2758 2113 2878 2167 Deo
2908 2113 3247 2185 reponitur;
3294 2131 3433 2170 cum
3467 2123 3669 2172 tamen

2009 2215 2228 2271 corpus
2251 2198 2610 2255 beatissima:
2642 2199 2888 2269 virginis
2909 2206 2967 2256 et
2996 2201 3276 2273 martyris
3303 2203 3509 2273 Florae,
3543 2221 3668 2278 quo

2010 2287 2124 2342 situ
2154 2287 2443 2342 Dominus
2467 2287 2816 2359 reposuerit,
2846 2289 3084 2360 penitus
3112 2289 3438 2360 ignoretur.
3461 2293 3670 2366 Capita

2008 2392 2147 2432 vero
2169 2375 2406 2432 illorum
2437 2375 2498 2430 in
2524 2375 2770 2432 Basilica
2798 2376 2989 2433 sancti
3021 2377 3239 2433 Aciscli
3268 2381 3552 2454 martyris
3580 2397 3671 2438 re-

2009 2465 2368 2533 conduntur,
2405 2480 2529 2538 quo
2582 2465 2941 2538 praesentiali
2995 2467 3263 2540 corporis
3316 2470 3409 2526 sui
3463 2471 3670 2528 favore

2008 2554 2266 2628 populos
2287 2554 2648 2610 Christianos
2679 2559 2898 2611 tuetur.

2083 2647 2169 2699 l6.
2200 2643 2412 2700 Ultimo
2440 2643 2858 2700 tantummodo
2906 2643 3165 2700 historiae
3202 2644 3335 2702 loco
3363 2645 3669 2705 insinuare

2009 2750 2310 2801 curamus,
2334 2733 2522 2806 quod,
2538 2733 2894 2806 priusquam
2923 2733 3185 2803 virgines
3212 2733 3404 2791 beatae
3429 2736 3669 2795 decide-

2008 2828 2160 2894 rent,
2188 2822 2558 2896 quibusdam
2588 2822 3012 2879 consororibus
3040 2823 3451 2896 promiserunt
3497 2827 3668 2900 quod
3723 2828 3730 2836 ’

2010 2929 2081 2968 eo
2100 2913 2254 2985 ipso,
2287 2927 2408 2984 quo
2441 2911 2652 2966 Christi
2678 2912 3016 2967 coronatori
3046 2929 3155 2968 suo
3187 2912 3529 2971 assisterent
3554 2915 3666 2972 ob-

225 3004 485 3060 orationi
525 3005 904 3072 incumbunt,
936 3009 1247 3076 totumque
1269 3003 1438 3059 illum
1466 3005 1787 3060 horrorum
1816 3021 1901 3060 er.
1943 3028 1984 3082 ε
2012 3006 2175 3057 tentu
2201 2999 2434 3072 adeptae
2463 3000 2665 3069 gratiae
2698 3016 2993 3071 sponsum
3020 3005 3354 3072 precantes,
3383 3016 3495 3058 nos
3533 3003 3666 3058 vin-

225 3093 450 3164 gastuli
495 3093 824 3149 ecelestium
879 3092 1263 3148 meditatione
1312 3093 1679 3165 hymnorum
1721 3109 1900 3166 expe-

227 3182 424 3238 diunt.
450 3184 616 3238 Tunc
646 3198 757 3238 nos
788 3182 966 3238 etiam
995 3198 1068 3237 ex
1095 3186 1268 3237 antro
1290 3193 1317 3233 b
1345 3180 1608 3246 deducti,
1639 3199 1776 3236 cum
1803 3180 1900 3237 isti

229 3273 460 3327 carceri
509 3272 952 3344 deputarentur,
988 3276 1106 3328 Deo
1150 3272 1401 3338 favente,
1435 3271 1514 3328 ad
1558 3272 1897 3328 instructio-

236 3373 383 3414 nem
422 3359 674 3430 illarum,
703 3360 924 3417 librum
956 3363 1386 3417 Documentum
1414 3362 1705 3432 Martyrii
1754 3377 1895 3418 con-

237 3447 482 3516 dimus;
543 3449 743 3521 eisque
789 3451 920 3522 jam
975 3466 1129 3524 pene
1178 3466 1214 3506 a
1260 3449 1567 3522 proposito
1616 3450 1896 3506 suasione

229 3536 646 3609 quorumdam
670 3538 1026 3609 labentibus,
1059 3540 1120 3595 in
1149 3539 1429 3595 solatium
1468 3538 1798 3595 meditandi
1839 3544 1897 3596 et

228 3628 698 3683 consummandi
743 3629 949 3702 praelia
1005 3629 1287 3686 inchoata
1337 3628 1692 3700 dicavimus,
1749 3645 1894 3686 con-

305 3779 332 3806 ι
361 3772 466 3825 Per
487 3769 789 3842 integrum
819 3772 1173 3828 sexennium
1202 3788 1239 3828 a
1265 3772 1422 3842 fugae
1456 3788 1579 3828 suae
1624 3776 1893 3844 tempore

233 3844 301 3897 ut
327 3846 560 3899 constat
583 3859 656 3899 ex
676 3844 950 3913 Docum.,
975 3859 1144 3899 num.
1168 3848 1256 3898 2t.
1301 3846 1502 3901 Scuor.

308 3932 337 3972 ι)
364 3913 632 3970 Diximus
681 3915 813 3985 jam
866 3915 1089 3986 (Schol.
1140 3914 1202 3970 in
1235 3930 1368 3987 cap.
1410 3914 1467 3985 6,
1497 3914 1603 3971 lib.
1638 3931 1696 3983 ιι,
1721 3917 1916 3996 Mem.)

2011 3089 2158 3146 culis
2205 3088 2560 3155 liberarent;
2589 3087 2756 3160 quod
2802 3088 2884 3144 ita
2913 3091 3034 3143 Deo
3074 3087 3305 3145 fautore
3350 3094 3664 3162 peractum

2009 3185 2113 3236 est.
2148 3183 2295 3235 Nam
2324 3177 2438 3232 illa:
2467 3181 2676 3232 octavo
2706 3177 3110 3233 Kalendarum
3135 3177 3476 3236 Decembris
3504 3196 3665 3237 mar-

2010 3269 2230 3341 tyrium
2261 3270 2775 3328 consummantes,
2806 3281 2918 3321 nos
2948 3266 3117 3322 tertio
3163 3266 3516 3324 earumdem
3541 3269 3664 3326 Ka-

2005 3357 2324 3413 lendarum
2346 3353 2743 3428 compedibus
2790 3354 3082 3411 resolutos
3117 3355 3196 3412 ab
3227 3357 3503 3430 squalore
3533 3374 3664 3416 car-

2006 3450 2157 3504 ceris
2187 3450 2486 3515 eruerant,
2519 3461 2636 3501 aera
2658 3461 2782 3518 qua
2833 3461 3033 3518 supra.
3083 3448 3191 3502 Per
3217 3445 3516 3503 Christum
3546 3449 3662 3504 Do-

2005 3536 2240 3593 minum
2280 3539 2575 3604 nostrum,
2624 3533 2729 3607 qui
2783 3533 2930 3591 vivit
2986 3550 3125 3589 cum
3154 3537 3324 3591 Patre
3353 3539 3410 3592 et
3445 3536 3665 3608 Spiritu

2005 3630 2213 3683 sancto
2233 3625 2296 3680 in
2326 3624 2548 3681 saecula.
2575 3622 2950 3680 saeculorum.
2972 3627 3184 3680 Amen.

2004 3771 2080 3828 de
2118 3771 2432 3844 utriusque
2477 3769 2728 3827 carceris
2785 3767 2939 3824 Cord
2981 3767 3228 3824 ubensis
3293 3767 3660 3826 discrimine.

2006 3845 2389 3985 M(iniiinepist.
2420 3911 2496 3968 ad
2528 3911 2812 3966 Alvarum
2835 3925 2970 3982 quae
2998 3909 3286 3983 sequitur.

721 4264 1314 4388 SANGTI
1427 4261 2106 4388 EULOGII
2247 4255 3198 4385 EPISTULA?

778 4631 1016 4688 ΕΡΙὸΤο
1025 4633 1112 4687 LA
1149 4632 1364 4687 PRIMA

875 4737 948 4775 AD
973 4735 1260 4778 ALVARUM.

277 4823 643 4895 Martyrium
687 4826 950 4883 duarum
981 4828 1283 4954 vlirbgintum
1318 4827 1520 4883 Flora:
1567 4831 1623 4882 et
1650 4825 1862 4881 Maria

932 4914 994 4954 ce
1023 4914 1054 4954 e
1095 4914 1167 4954 ra
1202 4939 1216 4953 .

932 4914 1216 4954 cetearat.

932 4914 1216 4956 cetearat.

317 4983 679 5042 Charissimo
698 4986 761 5042 in
781 4987 1035 5044 Domino
1055 4989 1192 5044 Jesu
1209 4985 1438 5044 Christo
1454 4984 1620 5042 fratri
1638 4999 1774 5041 meo
1795 4987 1902 5040 A1.-

234 5089 394 5128 vaao
425 5077 726 5132 EULocws.

315 5164 774 5234 t.Magniﬁcavit
804 5165 1092 5222 Dominus
1109 5164 1585 5221 misericordiam
1606 5179 1782 5220 suam
1802 5178 1905 5218 no-

235 5249 500 5321 biscum,
537 5252 618 5309 mi
647 5253 848 5320 frater,
881 5257 938 5310 et
987 5252 1126 5310 facti
1157 5269 1371 5308 sumus
1418 5252 1686 5309 laetantes
1717 5250 1904 5323 (Psal.

237 5340 404 5408 exn,
436 5341 514 5413 3).
543 5342 691 5407 Quia
719 5341 944 5415 quibus
974 5341 1226 5398 verbum
1257 5340 1389 5397 vitae
1413 5340 1476 5396 in
1504 5338 1789 5411 lacrymis
1819 5352 1905 5392 se-

315 5475 341 5501 ³
364 5466 700 5549 Nonnullas
732 5471 968 5524 tantum
997 5469 1054 5549 ε.
1086 5467 1318 5549 Eulogii
1361 5465 1644 5549 epistolas
1685 5463 1782 5546 hic
1813 5479 1904 5549 re-

235 5543 706 5612 praesentamus,
738 5555 876 5595 cum
906 5543 1148 5612 caeteras
1180 5534 1302 5594 suis
1327 5534 1584 5612 propriis
1611 5536 1757 5592 locis
1776 5534 1906 5612 edi-

237 5607 538 5684 derimus,
555 5609 667 5665 illis
690 5610 996 5684 opusculis
1015 5612 1295 5684 praeﬁxas
1314 5607 1576 5683 quorum
1591 5607 1908 5664 occasione

239 5680 487 5753 scriptae
513 5684 671 5738 sunt.

687 5773 930 5830 ΡΑι-ιοι..
973 5773 1109 5831 CXV

1929 4645 1972 4700 ι)
1999 4626 2385 4694 minavimus,
2414 4625 2477 4680 in
2493 4623 2716 4695 gaudio
2744 4621 3003 4679 victoriae
3025 4621 3285 4678 fructum
3314 4618 3555 4675 metisse
3581 4618 3667 4675 vi-

2004 4717 2238 4773 demus.
2271 4713 2556 4769 Videmus
2585 4711 2746 4768 enim
2775 4710 3033 4780 virgines
3069 4713 3326 4777 nostras,
3369 4706 3667 4764 debellato

2003 4803 2274 4878 principe
2350 4801 2756 4867 tenebrarum,
2824 4797 3188 4854 conculcatis
3262 4794 3670 4853 mundialium

2006 4890 2461 4950 oblectamentis
2517 4889 2924 4957 affectionum,
2957 4886 3225 4944 accensis
3249 4886 3278 4928 δ
3308 4886 3670 4943 adorearum

2005 4981 2416 5054 lampadibus,
2440 4979 2684 5036 obviam
2707 4975 3013 5050 prosilisse
3043 4991 3271 5050 sponso
3306 4991 3376 5032 ac
3403 4975 3530 5047 regi
3556 4992 3674 5033 caa-

2006 5070 2224 5128 lorum.
2261 5072 2328 5125 Et
2379 5068 2524 5142 quia
2580 5083 2817 5140 semper
2855 5082 2921 5122 se
2948 5065 3209 5124 hostiam
3239 5064 3461 5134 vivam,
3497 5081 3672 5122 sanc-

2008 5164 2155 5232 tam,
2199 5163 2317 5216 Deo
2344 5158 2681 5232 placentem
2711 5160 3222 5230 praeparaverunt,
3254 5155 3390 5212 ideo
3418 5155 3672 5211 ccelestis

2011 5249 2163 5306 aulae
2182 5249 2392 5305 limina
2413 5247 2704 5305 adeuntes
2719 5246 3112 5317 intraverunt,
3135 5245 3422 5302 invitante
3441 5244 3672 5300 Christo

2013 5339 2093 5396 ad
2121 5339 2383 5412 nuptias,
2412 5339 2723 5394 cantantes
2752 5335 3055 5392 canticum
3083 5350 3334 5402 novum,
3384 5335 3565 5405 atque
3591 5330 3677 5387 di-

2084 5465 2112 5505 δ
2139 5467 2258 5536 Hoc
2289 5467 2396 5531 est,
2419 5462 2764 5536 palmarum
2791 5462 2848 5515 et
2869 5455 3676 5536 gloriaa_tri_u_mphalis._D_ixi_-

2013 5551 2151 5591 mus
2168 5535 2243 5589 de
2262 5525 2393 5590 hac"
2407 5525 2554 5589 voce
2583 5533 2645 5587 in
2667 5531 2798 5603 ipso
2811 5525 3423 5606 mbrterliDoéwp.
3451 5525 3674 5606 (Schol.

2014 5623 2182 5663 num.
2215 5609 2295 5670 2).
2327 5601 2708 5660 Manifestum
2747 5608 2950 5658 autem
3000 5605 3106 5667 est,
3129 5615 3318 5672 quam
3345 5601 3675 5656 Servatoris

2014 5676 2204 5736 nostri
2227 5674 2585 5749 parabolam
2614 5673 2912 5747 respiciat.
2945 5674 3160 5730 Mam.
3285 5761 3354 5816 2⁷
