4110 6190
179 162 273 223 διδ

1695 130 2074 216 remotae.

3482 170 3588 229 846

179 289 343 357 sima,
375 282 545 342 stude
568 283 757 341 vitam
785 286 955 339 tuam
985 281 1182 354 dignis
1212 286 1270 339 et
1292 284 1412 340 Deo
1430 280 1663 357 placitis
1693 296 1824 338 mo-
1857 280 1907 337 Α
1937 280 2063 351 tim,
2104 299 2240 341 cum
2290 300 2401 357 ego
2450 287 2750 361 plorarem
2776 285 2965 361 (Rom.
2998 305 3097 359 xu,
3132 294 3220 359 15,
3253 294 3311 350 et
3338 290 3410 350 II
3448 292 3585 352 Cor.

175 377 332 434 ribus
354 388 668 441 exornare,
700 372 923 449 quibus
974 373 1037 428 in
1091 376 1379 429 aeternum
1427 371 1631 429 valeas
1689 386 1827 428 cum

178 466 395 524 Christo
424 478 703 535 regnare,
733 466 787 518 et
815 462 1129 519 beatarum
1172 462 1476 533 virginum
1519 460 1828 519 consortiis

177 554 484 611 inhaerere.
518 557 599 609 De
629 556 842 608 caetero
870 551 1197 607 direximus
1228 550 1333 607 tibi
1371 566 1484 624 pro
1536 550 1829 607 memoria

178 643 536 700 venerabilis
558 641 774 699 sororis
796 647 909 698 tua:
930 640 1115 697 Florae
1141 641 1472 711 cingulum,
1498 655 1618 714 quo
1640 636 1738 696 illa
1768 638 1828 694 in

185 748 415 790 carcere
446 747 558 787 usa
588 736 692 788 est.
720 730 856 787 Vale
885 730 946 787 in
977 730 1252 799 Domino,
1273 733 1330 787 et
1358 746 1465 786 ora
1491 745 1601 803 pro
1630 727 1825 795 nobis,

187 821 534 879 charissima
554 835 739 877 soror.

780 927 1110 983 EPISTOLA
1151 925 1224 982 Ill

342 1034 415 1073 AD
446 1032 828 1075 WILIESINDUM
854 1031 1165 1073 EPISCOPUM
1208 1028 1666 1072 PAMPILONENSRII

182 1106 324 1163 Cum
356 1106 419 1161 in
454 1106 715 1162 Galliam
745 1104 862 1160 iter
891 1105 1063 1160 divus
1080 1104 1374 1173 Eulogius
1394 1104 1642 1173 faceret,
1664 1100 1829 1170 apud

243 1176 404 1233 hunc
459 1178 802 1232 Antistz'tem
844 1176 1053 1245 fuerat
1114 1176 1470 1238 diversatus,
1529 1175 1634 1245 qui
1674 1173 1831 1228 beati

240 1249 417 1318 Zoylz'
444 1250 734 1318 martyris
788 1247 1184 1303 Cordubensis
1211 1247 1285 1301 ab
1337 1262 1400 1301 eo
1425 1246 1710 1318 reliquias
1733 1259 1830 1318 pe-

243 1317 442 1376 tierat.
486 1317 641 1388 Ejus
669 1334 792 1375 sua
830 1319 1333 1388 peregrinationis
1378 1317 1687 1373 historiam
1728 1317 1825 1372 hic

241 1396 536 1472 reteajcm,
563 1391 851 1472 reliquias
882 1391 1057 1462 Zoyli
1084 1389 1389 1472 et‘Achsc‘li
1414 1387 1593 1469 etiam
1632 1394 1827 1472 trans-

236 1463 446 1531 mittit,
481 1458 878 1528 calamitates,
925 1458 1074 1533 quas
1116 1458 1514 1533 Cordubensis
1567 1458 1824 1529 perpeti-

239 1539 347 1589 tur
364 1530 658 1595 ECclesz‘a,
680 1530 1121 1602 multorumque
1146 1530 1445 1601 martyrio
1459 1545 1766 1586 recensens
1784 1533 1824 1584 ⁸.

1938 388 2009 439 χι,
2031 376 2145 438 29).
2180 377 2448 449 Cumque
2487 393 2583 433 me
2621 394 2740 434 uno
2784 378 3045 436 residere
3102 378 3236 438 loco
3277 382 3591 456 multiplex

1937 456 2110 516 dolor
2133 478 2253 518 non
2287 464 2522 536 sineret,
2549 465 2721 523 libuit
2747 465 2894 523 mihi
2921 463 3057 525 loca
3082 468 3326 526 visitare
3358 476 3591 529 sancto-

1937 565 2093 620 rum,
2124 567 2247 624 quo
2266 552 2565 626 dejectum
2616 556 2869 613 summis
2899 554 3263 615 mmroribus
3313 559 3588 617 animum

1936 638 2284 696 relevarem.
3326 670 3329 675 ·
3528 670 3533 673 Α

2007 729 2060 782 2.
2083 731 2148 785 Et
2173 732 2436 789 maxime
2483 730 2657 792 libuit
2677 734 2843 792 adire
2869 734 3032 794 beati
3060 734 3359 796 Zacharim
3392 751 3592 812 ascys-

1938 818 2172 885 terium,
2192 831 2215 860 ο
2238 821 2403 892 quod
2426 822 2604 879 situm
2631 822 2710 881 ad
2735 825 2969 882 radices
2997 827 3295 885 montium
3323 825 3592 901 Pyrene-

1937 920 2113 963 orum
2142 908 2203 963 in
2235 908 2493 982 praefatae
2525 912 2725 969 Galliae
2750 915 3028 987 portariis
3058 916 3159 989 (7i,
3183 914 3407 989 quibus
3452 920 3592 975 Ara-

1938 1011 2049 1065 gus
2074 995 2303 1054 ﬂumen
2331 999 2549 1072 oriens,
2583 1001 2795 1074 rapido
2818 1016 2997 1059 cursu
3025 1004 3303 1062 Seburim
3334 1008 3393 1063 et
3418 1006 3592 1063 Pam-

1934 1085 2205 1157 pilonam
2274 1087 2549 1158 irrigans,
2623 1091 2787 1147 amni
2866 1092 3163 1150 Cantabro
3223 1090 3589 1165 infunditur;

1936 1175 2102 1247 quod
2132 1174 2550 1234 famosissimis
2578 1179 2639 1235 in
2658 1174 3074 1238 exercitatione
3094 1182 3382 1253 regularis
3411 1182 3591 1242 disci-

1935 1262 2114 1335 plinae
2136 1264 2343 1321 studiis
2372 1266 2745 1335 decoratum,
2775 1272 2902 1325 toto
2932 1268 3267 1340 refulgebat
3316 1270 3588 1330 occiduo.

1936 1351 2048 1406 Sed
2080 1356 2163 1423 tu,
2192 1359 2383 1426 pater,
2407 1357 2587 1425 juvas
2634 1354 3038 1426 anhelantem,
3087 1363 3143 1415 et
3172 1358 3419 1416 salutari
3447 1373 3593 1418 con-

1938 1440 2095 1496 sultu
2124 1440 2367 1498 instruis
2401 1442 2745 1513 abeuntem,
2778 1446 3000 1520 pioque
3029 1445 3280 1505 fratrum
3311 1448 3595 1507 comitatu

1940 1531 2103 1585 {oves
2129 1538 2495 1603 pergentem.
2520 1534 2689 1589 Prius
2725 1539 2926 1591 autem
2961 1550 3148 1610 quam
3196 1534 3276 1594 ad
3313 1537 3596 1595 eumdem

238 1621 744 1677 Reverentissimo
774 1626 830 1677 et
856 1619 1233 1676 sanctissimo
1256 1619 1357 1675 Dei
1398 1618 1690 1683 ministro,
1724 1617 1828 1674 do-
1863 1633 1907 1689 Β
1937 1616 2139 1673 locum
2161 1618 2531 1692 accederem,
2563 1621 2765 1694 plures
2807 1622 2973 1697 apud
3003 1623 3086 1695 (8)
3116 1626 3441 1696 Legerense
3471 1638 3599 1683 mo-

175 1710 340 1766 mino
372 1714 429 1766 et
460 1710 607 1767 Patri
654 1725 790 1766 meo
828 1710 1166 1764 WILIESINDO
1205 1712 1306 1779 (1),
1351 1706 1827 1780 Pampilonensis

177 1799 337 1855 sedis
367 1799 674 1872 episcopo,
708 1800 989 1855 Eunomus
1019 1797 1331 1871 presbyter
1352 1796 1626 1853 salutem.

248 1893 299 1944 t.
335 1887 510 1953 Olim,
534 1891 610 1959 ('2)
650 1887 995 1943 beatissime
1044 1903 1227 1961 papa,
1266 1903 1404 1942 cum
1446 1885 1577 1943 dira
1629 1884 1829 1941 saeculi

178 1975 437 2044 fortuna,
469 1993 604 2049 quae
638 1976 846 2033 fratres
875 1991 1043 2031 meos
1076 1975 1362 2032 Alvarum
1388 1978 1444 2031 et
1472 1974 1772 2031 Isidorum
1793 1990 1830 2030 a

180 2065 422 2136 genitali
454 2064 581 2121 solo
612 2064 942 2129 abducens,
972 2080 1124 2136 pene
1171 2062 1232 2119 in
1262 2063 1566 2119 ulteriores
1590 2066 1828 2133 Togatm

179 2154 433 2211 Galliae!)
452 2156 650 2225 partes
680 2152 845 2224 apud
863 2155 940 2225 (3)
984 2151 1377 2207 ﬂludovicum
1396 2167 1598 2221 regem
1632 2154 1832 2224 Bajoa-

180 2242 286 2298 riae
319 2241 593 2297 exsulare
620 2241 758 2297 fecit
785 2259 799 2308 ;
831 2256 970 2296 cum
1004 2256 1100 2296 me
1132 2241 1310 2296 etiam
1334 2246 1578 2314 propter
1606 2256 1707 2297 eos
1749 2238 1833 2296 di-

181 2347 396 2386 versas
420 2329 586 2385 adire
612 2330 906 2399 regiones,
938 2333 995 2386 et
1038 2328 1246 2400 ignota
1284 2328 1585 2386 laboriosa
1627 2329 1836 2386 itinera

183 2417 390 2475 subire
422 2417 800 2492 compelleret
828 2419 1143 2492 (quoniam
1190 2418 1406 2493 stipata
1448 2418 1835 2493 pradonibus

180 2507 300 2575 via,
344 2510 425 2579 (4)
459 2513 515 2564 et
544 2506 824 2564 funeroso
861 2508 1175 2581 quondam
1201 2507 1533 2565 Willihelmi
1576 2514 1698 2566 tota
1729 2510 1835 2566 Go-

179 2596 306 2654 thia
328 2597 680 2670 perturbata
702 2602 827 2653 erat
855 2598 1120 2667 incursu,
1150 2598 1254 2670 qui
1301 2597 1623 2654 adversum
1664 2600 1837 2655 Caro-

176 2687 305 2743 lum
334 2701 541 2758 regem
566 2688 929 2743 Francorum
957 2703 1027 2742 eo
1067 2692 1332 2759 tempore
1377 2688 1598 2745 auxilio
1649 2688 1835 2745 fretus

179 2775 780 2847 Habdarraghmanis
854 2777 1013 2847 regis
1090 2778 1379 2847 Arabum,
1447 2776 1835 2849 tyrannidem

177 2880 388 2937 agens,
420 2864 581 2922 invia
633 2871 689 2921 et
718 2865 1029 2921 inadibilia
1075 2870 1291 2922 cuncta
1338 2865 1707 2939 reddiderat)
1756 2864 1836 2923 ad

175 2960 377 3028 partes
430 2954 918 3027 Pampilonenses
974 2953 1264 3024 diversus,
1316 2959 1672 3028 putaveram
1739 2970 1835 3010 me
1868 2988 1909 3042 ο

173 3044 314 3100 inde
342 3044 461 3100 cito
504 3043 902 3114 migraturum
930 3044 1026 3116 [5).
1076 3043 1191 3099 Sed
1232 3044 1367 3117 ipsa
1413 3045 1663 3114 iterum,
1698 3060 1834 3116 quae

179 3132 601 3207 Pampilonem
654 3136 711 3188 et
738 3132 1053 3188 Seburicos
1081 3131 1297 3188 limitat
1342 3130 1527 3187 Gallia
1568 3135 1833 3201 Comata,

178 3222 235 3277 in
262 3220 573 3278 excidium
605 3220 872 3293 praedicti
904 3220 1097 3277 Caroli
1147 3220 1626 3275 contumaciores
1657 3212 1838 3276 cervi;-

178 3326 270 3366 ces
302 3312 385 3385 (6)
437 3309 797 3367 factionibus
830 3309 1065 3365 comitis
1115 3308 1310 3365 Sancii
1361 3308 1670 3364 Sancionis
1724 3308 1835 3364 eri-

180 3413 346 3472 gens,
395 3404 603 3456 contra
637 3399 738 3470 jus
774 3397 1004 3471 praefati
1030 3396 1317 3469 principis
1345 3397 1608 3465 veniens,
1646 3400 1835 3453 totum

176 3487 322 3544 illud
345 3487 635 3544 obsidens
664 3488 790 3553 iter,
835 3488 1103 3542 immane
1136 3485 1471 3559 periculum
1496 3502 1835 3543 commean-

174 3576 337 3632 tibus
370 3575 700 3646 ingerebat.
755 3578 835 3630 Eo
875 3580 1145 3647 tempore
1192 3589 1482 3644 magnam
1523 3574 1666 3630 mihi
1698 3591 1836 3631 con-

180 3664 540 3721 solationem
583 3663 889 3720 Beatitudo
920 3667 1041 3721 Tua
1069 3664 1131 3719 in
1173 3663 1310 3736 ipsa
1357 3663 1835 3737 peregrinatione

179 3752 471 3809 exhibuit.
499 3755 567 3809 Et
594 3770 733 3809 vere
766 3752 987 3808 summi
1031 3752 1303 3823 magistri
1345 3757 1557 3825 typum
1599 3768 1830 3823 gerens,

182 3845 241 3898 et
272 3842 334 3897 in
384 3842 620 3897 veritate
645 3843 775 3914 ejus
816 3843 1128 3915 praeceptis
1161 3841 1468 3909 obediens,
1500 3858 1623 3898 non
1653 3842 1836 3897 distu-

182 3929 298 3986 listi
325 3929 583 4002 hospitio
607 3946 896 3995 recreare,
920 3944 1105 4002 quem
1142 3930 1245 3986 tibi
1271 3946 1417 3986 vera
1463 3928 1721 3986 charitas
1750 3931 1836 3985 Je-

182 4033 250 4074 sn
323 4019 536 4074 Christi
618 4018 1168 4085 commendaverat,
1235 4019 1534 4075 dicentis:
1604 4019 1840 4087 Hospes

177 4123 361 4176 eram,
399 4112 455 4164 et
482 4108 807 4179 collegz‘stz's
834 4122 931 4165 me
956 4108 1198 4179 (Matth.
1230 4124 1363 4176 xxv,
1417 4108 1528 4179 35).
1582 4109 1669 4164 ita
1718 4108 1834 4162 the-

176 4213 388 4254 sauros
451 4196 801 4253 meritorum
858 4197 1023 4270 apud
1060 4202 1291 4269 patrem
1338 4197 1399 4252 in
1445 4195 1609 4251 caelis
1661 4195 1831 4252 collo-

175 4301 307 4342 care
339 4285 615 4353 studens,
648 4285 877 4358 praebes
908 4286 1246 4342 necessaria
1303 4284 1618 4354 destitutis,
1668 4285 1831 4341 foves

174 4376 401 4446 omnia,
448 4374 730 4432 universa
785 4375 1024 4443 (utaris;
1083 4374 1236 4433 adeo
1292 4378 1357 4429 ut
1382 4374 1445 4429 in
1472 4373 1575 4431 illo
1624 4374 1835 4432 exsilio

173 4480 306 4521 meo
333 4463 486 4521 nihil
516 4468 733 4537 praeter
778 4462 1170 4521 aﬂ‘ectuosam
1198 4463 1653 4536 peregrinorum
1709 4464 1829 4521 fra-

174 4556 330 4611 trum
373 4558 433 4610 et
483 4552 777 4608 destitutae
824 4551 1069 4609 familiae
1122 4552 1507 4625 prmsentiam
1565 4553 1829 4626 suspira-

173 4656 319 4700 rcm.
354 4642 667 4713 Lngebam
717 4656 830 4711 ego
883 4657 1064 4715 saepe,
1122 4641 1224 4697 sed
1258 4646 1340 4710 tu,
1369 4647 1558 4715 pater,
1590 4641 1829 4699 assidue

175 4729 591 4788 consolabaris
635 4735 1026 4799 mcerentem;
1091 4729 1317 4786 ﬂebam
1382 4730 1660 4800 multum,
1724 4732 1829 4787 sed

173 4821 244 4877 tu
330 4821 436 4892 pia
519 4820 939 4893 compassione
1036 4819 1348 4877 relevabas
1438 4824 1827 4892 prostratum.

174 4907 681 4981 Quandoquidem
742 4914 915 4981 juxta
972 4908 1318 4981 apostolum
1370 4924 1611 4965 mecum
1664 4908 1827 4964 inﬁr-

168 4996 463 5068 mabaris,
494 5013 735 5055 mecum
775 4997 1127 5069 tristabaris,
1164 4996 1618 5071 plangebasque
1655 4997 1827 5055 uber-

236 5127 258 5153 '
541 5122 604 5178 in
628 5123 824 5206 bacet
960 5123 1185 5206 cmEeris
1224 5122 1509 5206 epistolis,
1537 5122 1826 5206 quemad:

170 5192 430 5268 modum
474 5194 560 5268 in“
577 5194 758 5268 veteri
805 5195 1011 5268 codice
1048 5192 1307 5263 fuerunt,
1354 5192 1725 5268 reliquimus.
1760 5197 1827 5251 Et

168 5262 263 5321 hic
292 5266 392 5348 ille
435 5265 813 5348 Vilissimae
855 5266 1180 5348 θρίξορρηε
1216 5272 1305 5348 es!
1346 5262 1521 5348 «ξὲιᾰειτε
1570 5267 1825 5348 multane

168 5338 545 5411 mentionem
573 5337 713 5394 facit
733 5337 921 5411 lnigui
944 5337 1151 5411 Ariciae
1168 5338 1325 5409 regis
1348 5337 1641 5411 diploma,
1659 5337 1825 5411 quod

162 5405 226 5463 in
258 5412 670 5481 Navarrorum
699 5405 965 5481 Historia,
998 5405 1341 5481 Garibafus
1379 5405 1700 5481 apposuit?
1748 5408 1824 5464 de

167 5493 293 5551 quo
321 5480 387 5537 in
418 5480 710 5537 Nuniloae
738 5485 797 5537 et
821 5480 1034 5538 Alodia
1054 5482 1187 5552 jam
1213 5480 1496 5536 diximus.
1527 5482 1749 5535 Monam.

174 5620 192 5626 _
234 5566 267 5626 ip
293 5552 619 5626 Cisalpina
650 5552 870 5626 Gallia
892 5568 1032 5626 pars
1078 5568 1238 5626 quae
1264 5551 1462 5626 Italiae
1503 5551 1823 5626 conjuncta

164 5620 300 5697 fuit,
320 5620 551 5695 Togata
562 5623 699 5682 ideo
722 5620 1052 5697 dicebatur,
1076 5620 1245 5698 quod
1268 5621 1421 5694 togis
1446 5620 1830 5697 incohaue-

1938 1706 2267 1762 nasterium
2288 1722 2676 1766 commorans
2704 1708 2854 1783 dies,
2896 1713 3239 1786 praecipuos
3280 1713 3342 1770 in
3389 1713 3491 1771 Dei
3533 1713 3602 1771 ti.

1938 1808 2107 1850 more
2134 1795 2295 1851 viros
2323 1795 2550 1854 ibidem
2586 1814 2835 1856 manere
2882 1801 3160 1872 cognovi.
3206 1801 3431 1860 Deinde
3478 1802 3600 1863 alia

1940 1887 2123 1956 atque
2178 1884 2296 1941 alia
2346 1884 2481 1943 loca
2518 1903 2872 1962 peragrans,
2922 1888 3167 1947 tandem
3217 1890 3426 1949 divino
3470 1906 3601 1951 mu.

1938 1984 2083 2029 nere
2106 1972 2185 2029 ad
2212 1971 2360 2031 illud
2388 1976 2556 2048 quod
2602 1978 2820 2050 saepius
2874 1977 3298 2038 desiderabam
3347 1981 3596 2055 perveni

1941 2061 2303 2118 coenobium.
2337 2063 2593 2121 Praeerat
2640 2065 2865 2140 quippe
2913 2068 2966 2123 ei
2995 2072 3135 2125 tunc
3176 2069 3469 2128 Odoarins
3497 2070 3600 2127 ab-

1941 2151 2051 2206 bas
2063 2151 2110 2220 d,
2135 2166 2391 2208 summa!
2419 2139 2766 2211 sanctitatis
2778 2139 3135 2230 magnaeque
3162 2139 3446 2216 scientia!
3486 2159 3596 2227 vir,

1942 2240 2069 2312 qui,
2144 2239 2297 2297 ultra
2371 2257 2561 2315 quam
2637 2244 2841 2300 referri
2917 2250 3143 2319 potest,
3229 2263 3341 2305 nos
3418 2248 3599 2320 digne

1944 2327 2295 2401 suscipiens,
2337 2344 2583 2387 omnem
2640 2347 2784 2403 erga
2811 2348 2923 2390 nos
2950 2335 3392 2394 humanitatem
3437 2336 3600 2395 exhi-

1943 2416 2092 2473 buit.
2366 2430 2369 2431 '
3294 2420 3299 2425 ’

2017 2509 2069 2562 3.
2094 2506 2159 2562 in
2177 2505 2285 2563 illo
2309 2508 2527 2564 etenim
2574 2509 2765 2567 beatae
2796 2513 3275 2585 congregationis
3318 2512 3597 2585 collegio,
3696 2546 3701 2553 ι

1945 2594 2114 2667 quod
2133 2604 2161 2632 ο
2184 2610 2339 2669 pene
2363 2598 2771 2655 centenarium
2791 2612 3113 2658 numerum
3137 2603 3485 2675 excedebat,
3505 2612 3605 2660 τι

1946 2683 2053 2739 luti
2084 2684 2280 2741 sidera
2306 2686 2459 2759 coeli,
2494 2685 2592 2743 alii
2618 2687 2868 2761 quidem
2916 2689 3022 2763 sic,
3054 2692 3251 2748 elateri
3302 2704 3451 2750 vero
3494 2692 3602 2763 sic,

1946 2773 2197 2829 diversis
2228 2775 2577 2832 meritorum
2609 2777 2921 2834 virtutibus
2944 2779 3308 2838 emicabant.
3329 2780 3605 2838 ﬂorebat

1946 2861 2007 2917 in
2037 2862 2341 2919 nonnullis
2371 2864 2629 2937 perfecta
2664 2866 2924 2925 charitas
2973 2869 3205 2941 Christi,
3264 2872 3403 2944 qum
3455 2869 3600 2927 forte

1947 2951 2122 3008 mittit
2142 2953 2416 3009 timorem
2439 2973 2450 3023 ;
2474 2954 2795 3028 plerosque
2844 2956 2965 3013 alta
2993 2958 3255 3015 culmine
3283 2958 3607 3018 extollebat

1946 3040 2273 3113 humilitas,
2303 3057 2425 3114 qua
2451 3058 2585 3098 sese
2613 3047 3033 3118 unusquisque
3074 3046 3313 3118 juniore
3357 3046 3602 3104 inferior

1946 3135 2252 3203 reputans,
2304 3131 2629 3188 imitatores
2669 3138 3109 3205 praeceptorum
3158 3135 3261 3192 Dei
3307 3136 3439 3192 ﬁeri
3465 3148 3605 3193 eon-
3630 3187 3645 3197 .

1947 3219 2292 3277 tendebant.
2323 3220 2489 3278 Multi
2504 3221 2706 3292 etiam,
2739 3236 2877 3278 cum
2909 3226 3107 3280 essent
3131 3237 3381 3298 corpore
3414 3225 3604 3283 imbe-

1947 3305 2133 3380 cilles,
2162 3309 2377 3365 virtute
2403 3312 2603 3365 tamen
2632 3310 3149 3380 magnanimitatis
3176 3313 3438 3383 subnixi,
3481 3313 3605 3372 ala.

1947 3398 2239 3455 clioribus
2265 3399 2480 3455 animis
2493 3399 2831 3471 injunctum
2847 3399 3209 3460 exercebant
3218 3403 3600 3479 obsequium.

1946 3488 2037 3542 Sic
2065 3504 2308 3561 quoque
2337 3489 2399 3545 in
2425 3490 2662 3563 aliquos
2689 3491 3094 3565 principatum
3125 3494 3605 3553 suumobedie'n-

1945 3576 2027 3633 tia
2040 3577 2196 3649 (qum
2218 3577 2495 3635 omnium
2515 3579 2799 3637 virtutum
2822 3582 3117 3653 magistra
3131 3582 3241 3657 est)
3264 3583 3599 3656 vindicans,

1948 3682 2091 3722 suos
2119 3682 2245 3722 non
2291 3668 2630 3738 patiebatur
2654 3669 3463 3743 exsecutoresdegenerare;
3492 3674 3604 3732 Sed

1947 3771 2132 3827 supra
2158 3756 2314 3811 vires
2340 3758 2596 3826 grandia
2633 3772 2913 3816 exercere
2957 3760 3377 3834 compellebat,
3423 3776 3605 3835 cruos-

1945 3858 2183 3914 cunque
2236 3860 2351 3899 suo
2403 3860 2657 3901 munere
2704 3847 3122 3905 illustraverat.
3184 3850 3604 3921 Operame

1944 3948 2161 3990 omnes
2190 3935 2503 4003 certatim;
2531 3936 2678 3991 alter
2724 3935 2989 3992 alterum
3046 3936 3331 4006 iuvitans,
3360 3948 3602 4000 conteris

1944 4019 2127 4078 debat
2156 4023 2515 4095 praecellere.
2559 4024 2907 4094 Augebatur
2957 4024 3215 4084 invicem
3267 4026 3462 4088 ardor
3481 4032 3603 4107 pla-

1945 4111 2120 4168 cendi
2149 4114 2263 4167 Deo
2295 4109 2352 4167 et
2379 4110 2686 4177 fratribus,
2704 4118 2761 4169 et
2790 4115 3495 4193 unusquisquepropriay
3513 4134 3602 4181 ar.

1942 4201 2015 4257 tis
2035 4199 2397 4257 industriam
2425 4201 2503 4258 ad
2525 4217 2925 4260 communem
2950 4204 3287 4278 promotum
3318 4212 3601 4270 exercita.

1942 4291 2065 4348 bat.
2104 4290 2475 4349 Exercebant
2530 4292 2629 4349 alii
2681 4294 3137 4366 peregrinorum
3186 4302 3250 4355 et
3292 4300 3600 4375 hospitum

1942 4380 2284 4450 diligentius
2317 4396 2546 4445 curam,
2576 4387 2653 4451 et,
2691 4383 2871 4457 quasi
2910 4383 3231 4443 declinauit
3262 4388 3497 4448 Christo
3519 4386 3601 4449 ad

1941 4469 2203 4541 hospitia
2221 4482 2453 4539 eorum,
2484 4470 2769 4527 omnibus
2814 4472 3285 4531 adventantibus
3306 4478 3599 4535 obsecun-

1941 4556 2189 4614 dabant.
2215 4560 2365 4615 Cum
2384 4574 2531 4615 vero
2564 4563 2644 4616 tot
2665 4562 2887 4631 essent,
2936 4560 3141 4618 nullus
3169 4578 3594 4631 murmurans,

1939 4659 2121 4702 nemo
2144 4661 2434 4716 arrogans
2480 4648 2781 4705 intererat.
2814 4648 3146 4717 Studebant
3176 4652 3373 4708 cuncti
3423 4652 3611 4709 silena

1941 4734 2041 4802 tio,
2082 4738 2392 4807 totamque
2444 4751 2553 4809 per
2602 4742 2839 4793 noctem
2897 4738 3129 4795 furtivis
3174 4738 3460 4815 precibus
3507 4742 3594 4800 in-

1940 4821 2315 4890 cumbentes,
2343 4827 2711 4885 nocturnum
2739 4825 2925 4885 chaos
2951 4828 3231 4900 pervigili
3255 4831 3593 4890 meditatio-

1938 4927 2013 4967 ne
2042 4910 2397 4979 vincebant;
2432 4926 2658 4983 magna
2696 4926 2763 4969 se
2808 4914 3345 4991 circumspectione
3367 4921 3613 4981 vallem

1938 5004 2047 5068 tes,
2077 5014 2152 5055 ne
2179 4998 2509 5057 Psalmistae
2538 5001 2977 5063 denotarentur
3016 5008 3297 5079 oraculis,
3327 5012 3434 5086 qui
3461 5012 3544 5073 ait
3576 5031 3590 5071 :

2366 5126 2636 5196 Romani,
2670 5131 2994 5188 uterentur.
3026 5131 3178 5203 Plin,
3207 5134 3313 5194 lib.
3345 5152 3426 5210 ui,
3453 5150 3590 5212 cap.

2006 5297 2033 5326 ο
2060 5268 2331 5351 Diximus
2363 5269 2438 5327 de
2469 5268 2938 5351 vocabulo
2979 5277 3166 5335 schol.
3225 5279 3291 5336 in
3333 5280 3587 5351 Praeferat,

1934 5336 2038 5395 lib.
2072 5356 2091 5393 ι
2115 5343 2379 5406 Mcmor.,
2422 5357 2483 5397 n.
2510 5346 2565 5398 2.
2598 5346 2816 5402 Mona.

2005 5420 2033 5461 ιι
2065 5414 2214 5494 Sunt
2262 5413 2369 5486 qui
2420 5412 2625 5494 dicant
2659 5416 2843 5494 hujus
3190 5432 3253 5494 se
3290 5420 3590 5494 quadam

1936 5484 2229 5565 opuscula
2253 5484 2475 5541 excusa
2496 5484 2933 5565 vidisseCCerte
2957 5484 3477 5565 Trithemiusfejus
3496 5494 3594 5551 in-

1935 5557 2023 5612 ter
2050 5557 2365 5626 scriptores
2391 5557 2822 5618 ecclosiastieos
2856 5575 2980 5619 non
3009 5562 3299 5620 mem'mit.
3327 5557 3407 5622 In.
3494 5600 3498 5603 -

2008 5633 2038 5664 ⁸
2062 5625 2283 5690 Schbt.,
2311 5626 2472 5684 bene.
2666 5666 2669 5669 -
3272 5662 3279 5669 ι
