4110 6190
579 89 684 143 847

1767 83 1824 139 8.
1852 75 2134 136 EULOGII
2162 71 2487 134 ARCHIEP.
2519 77 2770 136 TOLET.

3897 87 3988 144 848

574 207 966 265 Dormierunt
1007 221 1278 262 somnum
1328 220 1520 272 suum,
1562 212 1618 262 et
1666 204 1822 261 nihil
1863 205 2221 259 invenerunt
2251 200 2301 253 A
2326 199 2543 272 raptim
2574 217 2680 274 per
2703 200 3047 273 Segontiam
3078 201 3376 259 transiens
3409 202 3737 272 civitatem,
3772 205 3838 262 in
3877 225 3985 281 qua

579 298 764 370 (Psal.
791 311 963 358 Lxxv,
992 296 1068 365 6).

645 389 699 442 4.
731 383 846 440 Sed
869 381 1017 456 quid
1046 382 1262 439 referre
1292 383 1366 438 de
1401 389 1748 440 sanctorum
1778 381 2091 438 virtutibus
2118 379 2224 435 lin-

573 493 696 548 gua
726 480 920 548 potest
971 474 1259 542 mortalis,
1307 475 1413 548 qui
1442 476 1503 530 in
1537 475 1702 531 terris
1750 473 1927 547 positi
1959 471 2223 542 angelice

572 565 846 636 degunt?
876 567 932 619 et
955 562 1082 636 qui,
1113 561 1249 619 licet
1275 563 1426 619 inter
1451 563 1725 619 homines
1774 565 2221 629 conversentur,

570 653 952 729 propositum
999 668 1141 708 vero
1203 658 1416 722 gerunt
1469 653 1749 710 cceleste?
1800 654 1946 708 Cum
1999 650 2220 724 quibus

570 743 887 818 paululum
921 758 1330 810 commorans,
1363 759 1500 798 cum
1550 743 1627 798 ab
1677 743 1760 798 eis
1793 741 2004 798 vellem
2034 739 2222 795 disce-

569 834 731 904 dere,
763 849 976 889 omnes
1009 832 1140 888 solo
1165 837 1480 905 proruunt,
1513 849 1621 906 pro
1652 849 1712 888 se
1738 847 1983 888 exorare
2009 830 2222 902 depos-

568 928 729 992 cunt,
753 927 811 980 et
829 939 935 979 cur
965 927 1088 978 tam
1127 924 1242 978 cito
1274 939 1310 979 a
1371 939 1467 978 me
1497 923 1931 989 desererentur,
1965 918 2220 993 supplici

565 1029 742 1088 prece
794 1011 1338 1086 conquerebantur.
1399 1012 1721 1068 Praestabat
1779 1012 2006 1084 quippe
2079 1016 2218 1066 tunc

566 1103 714 1159 mihi
779 1102 1168 1160 charissimus
1225 1102 1382 1158 filius
1410 1109 1430 1131 '
1490 1119 1660 1157 meus
1715 1099 2219 1158 Theodemundus

565 1192 860 1249 diaconus
891 1192 1266 1256 comitatum,
1310 1191 1413 1264 qui
1443 1191 1521 1248 ab
1552 1191 1798 1247 exordio
1849 1190 2071 1246 itineris
2102 1187 2219 1244 mei

566 1299 758 1356 usque
803 1282 865 1338 in
911 1281 1186 1338 ultimum
1243 1281 1778 1337 inconvulsibiliter
1825 1279 2216 1336 contubernio

563 1389 702 1428 meo
725 1372 1054 1438 cohaerens,
1089 1386 1328 1426 mecum
1362 1371 1538 1426 totius
1561 1369 1910 1425 discrimina
1939 1369 2100 1424 illius
2116 1385 2214 1441 pe-

563 1459 984 1531 regrinationis
1017 1458 1288 1515 confecit.
1334 1459 1828 1529 Regredientibus
1864 1473 2006 1528 ergo
2037 1457 2212 1513 nobis

2333 295 2473 345 tunc
2501 291 2889 362 praesulatum
2913 291 3157 362 gerebat
3185 292 3274 347 vir
3302 292 3823 364 prudentissimus
3851 297 3981 354 Sise-

2330 379 2618 434 mundus.
2653 383 2735 447 Et,
2752 396 2891 436 cum
2920 380 2998 436 ab
3021 380 3278 436 antistite
3309 381 3723 453 Complutensi
3751 386 3978 444 Venerio

2331 467 2511 538 digne
2537 469 2890 542 susciperer,
2925 471 3034 541 (l2)
3058 475 3193 542 post
3218 470 3499 543 quintum
3529 472 3698 528 diem
3722 473 3976 533 Toletum

2330 559 2564 630 reverti,
2592 558 2693 614 ubi
2723 560 2922 616 adhuc
2968 561 3266 630 vigentem
3299 561 3763 618 sanctissimum
3795 580 3973 622 senem

2329 651 2624 715 nostrum,
2657 647 2919 704 faculam
2955 649 3203 721 Spiritus
3237 650 3450 716 sancti,
3475 656 3531 706 et
3555 649 3876 710 lucernam
3905 660 3972 711 to-

2330 735 2443 791 tius
2483 736 2773 810 Hispaniae
2796 739 2908 809 (13)
2943 738 3372 793 Wistremirum
3399 738 3764 811 episcopum
3782 742 3808 782 δ
3835 759 3970 800 com-

2328 826 2475 897 peri,
2505 826 2677 898 cujus
2705 826 2838 882 vitae
2870 827 3178 895 sanctitas,
3209 832 3400 883 totum
3421 827 3634 884 orbem
3665 829 3968 896 illustrans.

2327 914 2616 970 hactenus
2642 915 2950 972 honestate
2990 933 3228 972 morum
3270 916 3566 990 celsisque
3613 921 3842 977 meritis
3885 939 3966 978 ca-

2327 1005 2614 1061 tholicum
2657 1021 2898 1076 gregem
2942 1007 3182 1063 refovet.
3234 1007 3422 1063 Multis
3476 1009 3645 1081 apud
3697 1026 3835 1068 eum
3867 1012 3967 1069 die-

2325 1093 2440 1149 bus
2495 1095 2793 1164 degimus,
2825 1097 3076 1168 ejusque
3108 1097 3379 1166 angelico
3424 1099 3826 1157 contubernio
3861 1102 3964 1158 hie-

2327 1182 2533 1239 simus.

2396 1276 2448 1327 8.
2485 1275 2752 1345 Cumque
2792 1273 2852 1328 in
2880 1273 3131 1329 domum
3170 1291 3264 1329 me
3320 1290 3724 1346 revocassem,
3769 1285 3961 1337 cuncta

2324 1360 2650 1417 incolumia
2673 1363 2885 1434 reperi,
2919 1363 3262 1433 genitricem
3304 1363 3528 1420 scilicet
3561 1365 3847 1440 binasque
3877 1386 3957 1424 so-

2324 1467 2510 1518 rores,
2544 1457 2600 1506 et
2631 1451 2908 1507 ultimum
2941 1458 3287 1509 nostrorum
3330 1455 3607 1510 omnium
3659 1464 3819 1514 aetate
3871 1460 3954 1514 Jo-

563 1549 835 1622 prmbent
863 1547 1242 1604 sodalitatem
1269 1546 1461 1603 abbas
1492 1547 1586 1602 ille
1619 1545 1972 1602 venerabilis
2025 1545 2214 1602 Odoa-
2245 1555 2286 1608 Β
2327 1541 2496 1612 seph,
2528 1543 2642 1611 (14)
2667 1557 2848 1614 quem
2878 1558 3036 1598 saeva
3067 1542 3304 1614 tyranni
3352 1543 3684 1614 indignatio
3717 1563 3784 1602 eo
3830 1553 3951 1603 tem-

563 1640 706 1708 rius,
736 1643 792 1694 et
818 1639 1082 1693 Joannes
1112 1637 1465 1709 praepositus
1485 1638 1529 1701 ιι,
1576 1653 1682 1709 per
1711 1640 1899 1692 totum
1933 1651 2122 1708 usque
2153 1635 2214 1691 in

569 1743 891 1801 vesperum
921 1727 1080 1782 diem
1112 1725 1481 1798 colloquium
1535 1726 1608 1782 (le
1655 1725 1871 1781 divinis
1901 1725 2231 1798 Scripturisv

574 1823 862 1889 gerentes.
911 1817 1004 1874 Sic
1057 1832 1298 1889 quoque
1342 1815 1420 1871 ab
1476 1815 1728 1871 invicem
1785 1815 1939 1872 datis
1997 1816 2215 1872 osculis

562 1906 957 1975 discedentes,
1002 1906 1082 1962 ad
1147 1910 1224 1968 te,
1269 1905 1536 1978 apostole
1596 1905 1716 1974 Dei,
1771 1921 1802 1960 e
1850 1905 2098 1976 vestigio
2123 1923 2214 1962 re-

561 1996 940 2070 pedavimus,
1021 1996 1194 2066 cujus
1266 1994 1688 2050 informatione
1770 1999 1936 2050 tanta
2023 1995 2216 2052 hono-

560 2086 641 2144 ris
667 2084 1112 2143 venerabilitate
1145 2083 1222 2140 ab
1268 2083 1382 2140 illis
1434 2083 1707 2156 patribus
1761 2084 1948 2156 excipi
2003 2086 2217 2141 merui-

559 2194 719 2235 mus.

633 2274 685 2325 5.
733 2267 914 2339 Igitur
966 2281 1106 2322 cum
1136 2263 1448 2338 proprium
1503 2263 1759 2320 revisere
1806 2280 2042 2329 arvum,
2099 2264 2212 2337 piae

559 2358 769 2416 matris
819 2354 1116 2412 EIiSabeth
1172 2371 1277 2409 seu
1308 2369 1582 2409 sororum
1638 2354 1898 2409 duarum
1953 2353 2128 2409 Niolae
2159 2359 2216 2410 et

560 2447 897 2516 Anullonis,
924 2443 1300 2516 juniorisque
1345 2443 1538 2499 fratris
1592 2443 1814 2516 Joseph
1845 2459 2088 2513 urgerer
2130 2443 2214 2498 af-

561 2537 755 2602 fectu;
778 2534 942 2604 cogis
968 2537 1034 2588 ut
1056 2531 1256 2588 adhuc
1300 2547 1669 2594 remaneam,
1703 2547 1813 2586 nec
1865 2531 2009 2586 sinis
2047 2531 2210 2588 abire

559 2623 938 2677 maerentem.
971 2615 1086 2673 Sed
1118 2620 1373 2686 utroque
1417 2615 1656 2670 vulnere
1700 2631 2054 2687 percussum
2108 2633 2211 2673 cor

559 2724 768 2766 meum
794 2710 858 2762 tu
885 2706 1011 2777 jam
1037 2703 1264 2760 mederi
1289 2719 1412 2758 non
1441 2710 1705 2776 poteras,
1753 2704 1848 2759 cui
1878 2709 1934 2760 et
1957 2705 2211 2778 peregri-

558 2798 724 2854 natio
753 2796 1008 2852 fratrum
1066 2798 1123 2849 et
1167 2791 1456 2848 desolatio
1502 2792 1966 2849 domesticorum
2015 2795 2210 2867 quoti-

2323 1645 2468 1702 pore
2489 1645 2526 1684 a
2549 1630 2889 1702 principatu
2919 1631 3236 1700 dejecerat.
3292 1632 3549 1704 Suscipit
3594 1636 3949 1706 peregrinum

2324 1736 2502 1774 suum
2533 1719 2817 1776 destituta
2852 1720 3097 1791 familia,
3131 1727 3188 1778 et
3207 1722 3384 1794 quasi
3413 1738 3443 1778 e
3483 1724 3742 1796 sepulcro
3770 1726 3943 1781 susci-

2325 1813 2513 1864 tatum
2538 1808 2879 1864 laetantibus
2900 1809 3119 1865 animis
3139 1811 3364 1881 gaudet
3389 1811 3644 1866 revisisse
3665 1817 3793 1884 post
3811 1813 3936 1868 lon-

2325 1915 2467 1968 gum
2495 1903 2732 1972 tempus
2758 1899 3103 1956 Dominum.
3138 1903 3259 1971 Ego
3282 1917 3423 1957 vero
3448 1918 3665 1973 semper
3689 1902 3746 1957 in
3773 1901 3928 1958 omni

2323 1987 2621 2060 colloquio
2653 2005 2788 2044 meo
2819 1994 2874 2045 te
2903 1995 3136 2061 patrem
3163 2001 3185 2026 ο
3212 1990 3518 2056 extollens,
3547 2006 3759 2062 semper
3791 1991 3934 2046 inter

2323 2076 2645 2132 familiares
2703 2077 3231 2134 sermocinationes
3295 2083 3460 2135 tuam
3512 2078 3932 2135 beneﬁcentiam

2323 2166 2610 2236 recolens,
2651 2183 2889 2246 semper
2944 2173 3055 2224 tuae
3095 2168 3400 2226 charitatis
3456 2168 3729 2225 affectum
3780 2169 3935 2226 corde

2322 2261 2585 2326 gestans,
2617 2257 2833 2313 mentis
2862 2256 3021 2312 ulnis
3051 2257 3400 2331 amplector.

2391 2351 2442 2402 9.
2479 2348 2544 2401 Et
2571 2345 2736 2418 quia,
2763 2346 3163 2404 intercedente
3197 2352 3503 2404 terranum
3535 2348 3762 2422 prolixa
3791 2363 3936 2420 cape-

2318 2435 2478 2503 dine,
2507 2435 2710 2492 multis
2743 2436 2821 2492 ab
2841 2437 3096 2493 invicem
3136 2437 3522 2511 disparamur
3571 2439 3789 2511 spatiis,
3817 2438 3930 2494 obs-

2320 2529 2478 2580 tante
2499 2541 2742 2597 quoque
2775 2524 2890 2581 alio
2921 2527 3104 2582 chaos
3136 2526 3418 2593 immane,
3447 2544 3574 2600 quo
3608 2544 3713 2598 ego
3747 2527 3929 2584 Cordu-

2317 2613 2408 2669 bae
2438 2613 2667 2686 positus
2698 2615 2811 2671 sub
2854 2615 3042 2688 impio
3098 2616 3362 2672 Arabum
3413 2632 3659 2687 gemam
3696 2617 3927 2691 imperio,

2315 2721 2423 2760 vos
2453 2709 2653 2762 autem
2683 2705 3032 2778 Pampilona
3062 2705 3259 2773 locati,
3286 2709 3394 2777 (i5)
3419 2707 3772 2765 Christicolaz
3801 2708 3929 2781 prin-

2316 2794 2464 2866 cipis
2506 2795 2652 2850 tueri
2694 2795 3003 2850 meremini
3029 2795 3318 2862 dominio,
3353 2796 3458 2868 qui
3483 2798 3928 2871 semperinterse

556 2886 811 2942 diarium
840 2883 1172 2940 afferebant
1195 2881 1551 2938 lamentum.
1575 2883 1658 2938 Ita
1679 2881 1753 2937 de
1779 2888 1983 2939 nostra
2012 2884 2204 2940 chari-
2245 2909 2286 2964 ρ
2317 2883 2549 2956 utrique
2582 2885 2746 2954 gravi
2797 2885 3075 2940 conﬂictu
3124 2890 3437 2956 certantes,
3497 2887 3745 2944 liberum
3791 2903 3928 2943 com-

556 2979 676 3032 tate
714 2973 1020 3044 confusus,
1048 2987 1226 3043 rogas
1260 2975 1346 3041 ut,
1378 2970 1722 3028 Cordubam
1754 2976 2046 3044 repetens,
2073 2973 2204 3046 ipse

557 3065 634 3138 (9)
657 3063 938 3137 reliquias
979 3061 1084 3118 tibi
1116 3060 1303 3118 sancti
1334 3060 1618 3133 martyris
1644 3060 1806 3133 Zoyli
1859 3061 2201 3132 dirigerem,

555 3158 612 3210 et
638 3154 752 3209 hoc
807 3167 1056 3208 munere
1112 3149 1602 3223 Pampilonenses
1648 3149 1906 3223 populos
1958 3150 2206 3207 illustra-

550 3258 700 3298 rem.
731 3241 889 3298 Illico
919 3256 1016 3296 me
1048 3239 1389 3296 satisfacere
1417 3238 1684 3312 petitioni
1725 3245 1841 3294 tuae
1880 3240 2202 3312 respondi;

551 3336 607 3387 et
635 3331 818 3401 hujus
864 3329 948 3385 rei
977 3328 1310 3384 debitorem
1361 3343 1458 3383 me
1511 3328 1679 3384 vobis
1707 3344 1838 3384 esse
1871 3328 1932 3384 in
1961 3329 2204 3386 veritate

547 3418 818 3491 promisi.

622 3510 676 3561 6.
708 3507 978 3575 Cumque
1010 3520 1046 3560 a
1074 3504 1246 3559 vobis
1282 3502 1616 3573 egrederer,
1643 3503 1891 3560 festinus
1939 3506 2053 3575 (10)
2085 3507 2202 3562 Cae-

549 3598 972 3662 saraugustam
1024 3592 1262 3664 perveni
1332 3607 1516 3647 causa
1574 3591 1822 3648 fratrum
1875 3609 2149 3649 meorum
2183 3638 2196 3662 ,

547 3698 702 3758 quos
730 3681 891 3752 vulgi
929 3681 1132 3754 opinio
1173 3680 1616 3750 negotiatorum
1663 3681 2009 3738 cohortibus
2052 3683 2197 3740 inte-

542 3790 708 3832 resse
734 3788 927 3846 nuper
949 3772 1028 3828 ab
1057 3771 1348 3828 ulterioris
1370 3771 1633 3828 Francia;
1663 3786 1687 3814 ο
1710 3772 1937 3843 gremio
1970 3772 2195 3831 ibidem

541 3861 1045 3921 descendentibus
1067 3861 1399 3932 jactitabat.
1424 3861 1667 3932 Deinde,
1702 3861 1836 3918 urbi
1868 3865 2194 3936 appropin-

540 3968 712 4024 gans,
743 3951 1120 4023 negotiantes
1149 3949 1397 4022 quidem
1441 3951 1656 4023 reperi,
1709 3952 2061 4023 peregrinos
2091 3969 2194 4009 au-

537 4046 660 4098 tem
682 4056 852 4095 meos
879 4055 1088 4096 eorum
1113 4038 1399 4095 relatione
1428 4039 1591 4112 apud
1624 4040 1984 4110 Maguntiam
2016 4041 2191 4098 nobi-

534 4127 831 4186 lissimam
862 4127 1148 4199 Bajoariae
1178 4127 1476 4182 civitatem
1499 4126 1803 4183 exsulasse
1834 4129 2105 4198 cognovi.
2124 4131 2190 4185 Et

2315 2968 2656 3024 meantibus
2697 2972 3012 3026 transitum
3044 2976 3306 3040 negant;
3354 2971 3493 3027 inde
3542 2979 3644 3039 est,
3674 2971 3756 3026 vel
3781 2969 3927 3043 quod

2316 3073 2439 3114 non
2463 3058 2733 3114 debitum
2762 3065 2969 3116 vestra;
2993 3060 3245 3116 bonitati
3281 3059 3669 3134 dependimus
3697 3059 3921 3116 famula-

2313 3149 2464 3218 tum,
2498 3147 2591 3203 vel
2610 3149 2776 3220 quod
2807 3164 2928 3204 non
2959 3149 3058 3220 pio
3089 3148 3385 3206 desiderio
3435 3155 3624 3206 vestro
3673 3147 3919 3204 satisfeci-

2314 3253 2450 3292 mus
2502 3237 2564 3292 in
2594 3237 3046 3294 transmissione
3075 3238 3489 3311 reliquiarum,
3517 3256 3625 3297 seu
3653 3239 3779 3312 quia
3813 3253 3926 3294 non

2313 3326 2775 3400 quibuscunque
2826 3327 2969 3384 tales
3016 3332 3333 3401 tantasque
3393 3346 3540 3402 opes
3599 3328 3925 3386 committere

2311 3414 2595 3471 duximus
2623 3420 2841 3472 ratum.
2875 3419 3041 3473 Nunc
3070 3422 3292 3487 autem,
3341 3419 3504 3490 quia,
3556 3419 3678 3475 Deo
3717 3417 3924 3490 dispen-

2312 3509 2498 3571 sante,
2531 3503 2546 3534 ¹
2578 3506 2779 3560 Donus
2807 3506 2921 3576 (16)
2946 3505 3200 3562 Galindo
3253 3506 3570 3562 Enniconis
3612 3507 3689 3563 ad
3718 3507 3925 3580 propria

2309 3608 2606 3659 remeans,
2642 3610 2750 3649 suo
2777 3595 3032 3650 revisere
3064 3595 3211 3650 fines
3236 3600 3492 3668 exoptat,
3510 3596 3829 3669 peripsum
3843 3611 3922 3652 vo-

2306 3681 2399 3736 bis
2432 3682 2660 3754 praefati
2692 3684 2969 3756 martyris
3008 3684 3289 3756 reliquias
3333 3685 3786 3742 destinavimus.
3833 3684 3924 3740 Sed

2305 3775 2361 3826 et
2389 3771 2578 3826 sancti
2629 3771 2858 3840 Aciscli,
2889 3789 3044 3845 quas
3104 3789 3141 3829 a
3187 3773 3360 3830 nobis
3407 3789 3528 3829 non
3591 3774 3921 3848 postulastis,

2303 3860 2836 3931 transmisimus,ut
2853 3878 2962 3917 vos
2984 3863 3324 3934 sponsionis
3347 3868 3558 3918 vestrae
3595 3869 3795 3920 votum
3823 3862 3923 3919 feli-

2300 3948 2444 4005 citer
2457 3949 2872 4022 adimplentes,
2891 3954 2998 4022 (17)
3018 3967 3224 4008 eorum
3243 3952 3433 4008 beatae
3449 3954 3760 4010 memoriae
3776 3967 3923 4009 cons-

2299 4039 2552 4094 truendo
2583 4039 2912 4107 basilicam,
2935 4040 3111 4096 nobis
3145 4041 3261 4098 Deo
3279 4040 3508 4096 fautore
3532 4049 3778 4116 prOpter
3795 4043 3924 4098 hauc

2297 4127 2700 4184 obedientiam
2730 4129 3128 4200 patrocinium
3160 4129 3396 4186 illorum
3443 4137 3724 4189 occurrat
3753 4132 3824 4189 ad
3850 4146 3926 4185 νε-

533 4233 745 4274 verum
790 4217 969 4274 fuisse
1006 4218 1121 4273 hoc
1152 4216 1593 4287 negotiatorum
1642 4217 1940 4288 nuntium,
1986 4235 2186 4290 regre-
2219 4261 2262 4315 ο
2295 4217 2724 4286 niam,Christo
2745 4217 2913 4274 vobis
2934 4219 3136 4276 omnia
3153 4225 3509 4292 repensante
3526 4226 3712 4295 atque
3728 4222 3924 4278 donan-

532 4307 834 4363 dientibus
862 4309 983 4363 Deo
1013 4307 1243 4363 fautore
1291 4305 1630 4362 succedenti
1671 4311 1938 4378 tempore
1989 4308 2068 4364 ab
2100 4308 2186 4364 in-

529 4396 728 4454 teriori
756 4396 944 4454 Gallia
975 4395 1255 4452 fratribus
1285 4395 1521 4463 nostris,
1553 4394 1894 4452 didicimus.

598 4493 630 4543 7
673 4486 1039 4562 Aliquandiu
1062 4501 1202 4542 vero
1229 4485 1395 4560 apud
1447 4484 1751 4542 Seniorem
1805 4486 2177 4560 Pontiﬁcem,

521 4576 628 4650 qui
652 4580 792 4632 tunc
817 4575 991 4633 rectis
1019 4573 1150 4629 vitae
1172 4573 1444 4630 moribus
1466 4573 1741 4630 eamdem
1774 4573 1985 4631 urbem
2017 4592 2182 4648 rege-

517 4665 644 4737 bat,
675 4666 1019 4733 demorans,
1060 4664 1400 4737 postea(il)
1430 4661 1814 4736 Complutum
1864 4663 2173 4737 descendi,

2293 4310 2368 4373 te,
2391 4321 2528 4378 quae
2556 4305 2617 4361 in
2647 4306 2823 4362 nobis
2868 4308 3088 4377 egistis,
3123 4313 3180 4364 et
3216 4325 3352 4381 quae
3384 4325 3527 4379 erga
3573 4327 3689 4368 nos
3725 4309 3920 4385 operati

2291 4394 2465 4459 estis;
2495 4410 2677 4465 quem
2711 4401 2972 4451 vestrum
3014 4396 3076 4452 in
3126 4413 3237 4452 nos
3267 4397 3408 4452 olim
3458 4398 3791 4457 exhibitum
3819 4413 3919 4456 non

2287 4481 2428 4538 latet
2457 4481 2844 4555 obsequium,
2877 4489 2934 4540 et
2983 4485 3085 4556 pia
3130 4487 3620 4544 renumeratione
3668 4487 3919 4560 centupli-

2287 4574 2489 4627 catum
2532 4570 2704 4628 vobis
2734 4571 2888 4628 valet
2916 4573 3243 4645 rependere
3272 4575 3697 4648 commodum,
3723 4576 3814 4651 qui
3839 4574 3917 4630 di-

2283 4659 2398 4716 xit:
2434 4659 2549 4728 Qui
2577 4675 2674 4716 vos
2720 4662 2954 4732 recipit,
2982 4677 3074 4718 me
3102 4665 3355 4733 recipit;
3409 4670 3463 4720 et
3494 4667 3609 4736 qui
3633 4682 3734 4723 vos
3774 4679 3914 4735 sper-

587 4784 982 4861 '_Spiritahter
1011 4782 1201 4861 ﬁlium
1231 4783 1520 4861 nominat,
1569 4798 1754 4861 quem
1807 4783 1869 4861 in
1915 4784 2169 4861 Christo,
2282 4785 2490 4861 guntia
2509 4785 2822 4861 notissima
2844 4789 2904 4842 in
2935 4789 3251 4861 Germania
3274 4788 3570 4861 superiori
3603 4791 3828 4848 civitas.
3849 4795 3911 4861 In,

516 4855 583 4929 ut
609 4855 673 4929 Ι)Σ
706 4854 2170 4929 Ρειιιιιιείηῳιὶι,δρυμοί-δι;βιί1εἰὶθῃε,ᾐὶηδῐὶῐιιβηε’,
2290 4854 2309 4856 ᾖ
2350 4875 2377 4914 d
2408 4860 2723 4929 Perperam
2752 4859 2992 4926 Baron.,
3042 4854 3545 4917 Wistremohium.
3589 4862 3804 4920 Annal.
3849 4859 3912 4918 ad

514 4925 573 4976 et
598 4921 679 4976 ad
702 4937 859 4997 _eum
903 4921 1103 4997 _usq'ue
1149 4921 1451 4996 dignitatis
1479 4921 1562 4982 in
1610 4921 1869 4983 Ecclesia
1911 4921 2170 4997 gradum
2277 4942 2424 4984 ann.
2455 4921 2579 4995 84-4,
2611 4944 2780 4984 num.
2805 4933 2894 4984 22.

511 4991 871 5066 provehens
901 4991 1122 5066 Morini.
1214 4991 1244 4996 '
1485 5065 1489 5066 ν
1914 4991 1941 4997 ⁷
2347 5009 2368 5035 ο
2393 4991 2612 5066 801101ζ,
2639 5001 2932 5056 excoleris.

585 5069 612 5109 b
636 5063 833 5148 Nostri
862 5065 1146 5148 temporis
1160 5065 1536 5148 ‘monasteria
1565 5066 2024 5148 Benedictinaet
2046 5069 2167 5125 Cis-
2277 5141 2306 5148 _
2345 5068 2468 5148 {Ita
2517 5063 2670 5148 recte
2701 5072 2965 5148 Morales,
2995 5071 3142 5148 quin
3171 5087 3326 5148 opus
3356 5073 3758 5148 sit_corrigere
3788 5087 3909 5148 cum

509 5131 812 5221 tercientia
841 5131 1058 5221 praeter
1078 5132 1380 5221 abbatemz
1410 5138 1682 5221 Priorem
1717 5137 1895 5221 etiam
1927 5137 2167 5221 (ita-ap-
2274 5140 2534 5221 _Schotto,
2566 5141 2859 5221 dominus:
2896 5131 3042 5221 Nam
3068 5131 3231 5221 doni.
3267 5160 3374 5200 seu
3409 5131 3908 5221 domniuappella-

504 5203 753 5275 pellant)
780 5203 861 5259 ex'
871 5205 1072 5290 prisco
1093 5220 1205 5258 suo
1227 5205 1492 5290 instituto
1521 5206 1762 5290 habent.
1798 5209 1835 5260 Η
1847 5203 1960 5261 unc
1989 5203 2162 5265 nim'i-
2271 5210 2497 5290 tionem
2524 5203 2649 5290 pro
2697 5215 2932 5290 domini
2948 5214 3288 5290 frequenter
3337 5203 3724 5290 usurpatum‘
3745 5203 3908 5290 bemp

2266 5280 2802 5363 ignora—Aliunde
2835 5280 3200 5363 strictissime
3229 5280 3536 5363 loquendo
3575 5286 3908 5363 vox_Domi-

2267 5370 2378 5409 nus
2406 5355 2524 5410 Deo
2550 5359 2802 5421 tantum,
2830 5359 3082 5412 domnus
3114 5373 3255 5413 vero
3287 5355 3507 5415 sanctis
3539 5361 3635 5416 vel
3661 5355 3905 5415 clarissi-

2265 5425 2378 5479 mis
2405 5425 2542 5480 viris
2564 5442 2635 5482 ac
2659 5426 3012 5482 mulieribus
3058 5427 3351 5496 tribuitur,
3385 5431 3716 5486 abbatibus
3745 5423 3906 5485 simul

2263 5500 2319 5549 et
2361 5497 2694 5568 monachis,
2727 5504 2788 5554 ut
2815 5497 3014 5554 videre
3060 5505 3148 5555 est
3177 5501 3343 5571 apud
3371 5501 3742 5558 Glossarium
3771 5501 3903 5556 Can'

2262 5580 2546 5636 geanum.

502 5276 1052 5356 rurqpyaspoSitum
1085 5279 1263 5356 vocat
1286 5276 1349 5356 Ι).
1386 5276 1688 5356 Eulogius.
1714 5281 1802 5355 μ).
2019 5345 2052 5356 μ

574 5361 598 5388 ο
619 5345 921 5417 Bojariam
945 5361 1052 5418 seu
1083 5345 1419 5418 Bajoariam
1450 5346 1779 5418 Germaniae
1808 5345 2157 5418 superioris

544 5415 734 5473 artem
763 5423 919 5473 recte
948 5415 1288 5472 ulteriorem
1317 5417 1626 5472 Franciam
1653 5415 1956 5484 nominat;
2007 5435 2154 5478 nam

572 5503 864 5546 ancorum
891 5493 1031 5544 tunc
1062 5492 1119 5544 et
1155 5502 1411 5557 regnum
1445 5492 1500 5543 et
1528 5502 1751 5544 nomen
1800 5489 1879 5546 ad
1917 5492 2154 5550 Germa-

494 5557 661 5619 niam
692 5576 883 5634 usque
899 5559 1171 5617 ultimam
1198 5559 1792 5632 protendebatur.Est
1811 5565 2011 5620 autem
2041 5566 2154 5624 Ma-
