4110 6190
154 225 254 280 849

153 350 277 411 mit,
307 361 399 403 me
419 346 697 416 spernit;
745 349 801 401 et
825 344 934 416 qui
955 345 1168 414 recipit
1191 347 1549 416 prophetam
1599 347 1663 401 in
1704 359 1807 400 no-

150 438 303 492 mine
323 435 659 506 prophetas,
686 433 1011 490 mercedem
1055 436 1369 504 prophetae
1406 437 1700 505 accipiet;
1755 439 1809 490 et

151 528 247 598 qui
300 526 519 595 recipit
567 527 803 594 just-um
854 524 915 578 in
969 525 1208 579 nomine
1249 526 1425 594 justi,
1483 525 1805 581 mercedem

141 617 295 685 justi
321 616 579 684 accipiet
603 613 840 685 (Matth.
872 629 922 678 x,
954 615 1044 682 40,
1065 613 1178 684 41).
1213 615 1439 670 Cuncta
1465 615 1592 681 tibi,
1620 617 1804 682 Pater,

151 703 417 775 reposita
447 707 588 758 sunt
617 717 818 758 coram
849 700 1120 756 Domino.
1174 702 1390 758 Omnia
1419 703 1584 776 apud
1615 702 1805 772 illum,

154 807 290 864 quas
320 791 436 863 piis
461 790 766 847 laboribus
797 789 910 844 tuis
937 788 1256 859 debentur,
1303 791 1471 862 salva
1498 796 1556 847 et
1577 791 1808 847 incolu-

157 879 275 936 mia
299 883 699 952 perseverant.
732 877 1073 951 recipienda
1100 879 1178 934 ab
1209 895 1281 935 eo
1313 883 1582 952 tempore
1603 895 1806 936 neces-

156 968 310 1024 sario
344 984 484 1024 cum
513 968 707 1039 justus
729 967 916 1038 judex
945 967 1268 1032 advenerit,
1313 969 1636 1042 unicuique
1679 969 1810 1025 red-

150 1057 289 1113 dere
315 1072 427 1129 pro
455 1057 736 1130 qualitate
757 1056 1056 1123 laborum,
1081 1062 1186 1113 aut
1208 1058 1523 1130 praemium
1544 1063 1649 1115 aut
1671 1075 1810 1132 sup-

147 1144 412 1217 plicium.

221 1234 305 1290 10.
348 1247 371 1274 ι
419 1234 706 1306 Denique,
756 1233 1103 1290 beatissime
1152 1235 1343 1303 Pater,
1385 1233 1667 1291 nolumus
1699 1249 1808 1289 vos

144 1322 422 1393 ignorare
449 1322 896 1379 tribulationem
927 1326 1217 1388 nostram,
1249 1338 1435 1396 quam
1467 1324 1562 1379 his
1593 1322 1807 1378 diebus

143 1418 349 1469 nostro
366 1413 770 1486 praepediente
795 1413 824 1453 ι’
851 1413 1116 1485 deliquio
1142 1414 1530 1483 sustinemus,
1551 1417 1614 1470 ut
1634 1412 1806 1470 solito

144 1517 257 1558 nos
274 1502 631 1574 propensius
661 1503 1005 1558 orationum
1033 1501 1243 1574 clypeo
1264 1502 1674 1570 defendentes,
1708 1517 1806 1557 ve-

143 1593 279 1646 strae
305 1590 748 1646 intercessionis
775 1590 1184 1664 irrepudiabili
1209 1591 1442 1660 merito,
1465 1591 1630 1664 quod
1651 1589 1806 1646 mul-

1667 220 1773 274 EPI
1781 217 2038 275 STOLE.

3467 217 3571 273 850

1917 341 2146 407 dentes,
2176 343 2411 401 hostem
2438 343 2577 400 ﬁdei
2608 341 2971 416 repulerunt.
3003 339 3362 396 detestantes
3390 344 3572 414 atque

1915 432 2339 489 maledicentes
2390 433 2722 489 nefandum
2777 435 2835 488 et
2887 428 3250 485 scelerosum
3299 428 3573 500 ipsorum

1915 524 2113 577 vatem
2144 522 2442 580 Mahomat
2466 541 2480 578 :
2511 528 2568 579 et
2592 523 2706 578 hoc
2726 519 2912 576 modo
2941 522 3149 574 contra
3172 535 3311 574 eum
3343 518 3574 575 animo-

1916 625 2050 665 sum
2074 611 2347 683 spiritum
2374 612 2687 682 erigentes,
2717 607 3123 666 testimonium
3151 605 3528 679 protulerunt
3554 626 3569 664 :

1916 717 1945 746 «
1979 697 2177 753 Virum
2199 699 2381 768 hunc,
2404 715 2585 772 quem
2609 714 2711 753 vos
2737 711 2979 752 summa
2999 695 3381 750 veneratione
3403 710 3574 752 exco-

1915 785 2055 858 litis,
2069 792 2125 843 et
2147 789 2318 859 cujus
2341 794 2562 845 sectam
2583 784 3328 861 praestigiosamﬁnstinctu
3349 783 3573 842 daemo-

1915 875 2154 930 niorum
2195 875 2449 932 elicitam
2486 881 2650 932 tanto
2684 875 2911 930 honore
2953 872 3270 945 suscipitis,
3297 885 3570 944 magum,

1918 963 2276 1031 adulterum,
2297 965 2718 1020 etmendacem
2737 979 2868 1018 esse
2886 961 3302 1031 cognovimus,
3321 961 3572 1034 ejusque

1915 1052 2190 1108 credulos
2215 1057 2451 1108 aeternae
2479 1051 2825 1124 perditionis
2863 1049 3093 1121 laqueis
3131 1049 3572 1120 mancipandos

1913 1142 2293 1197 conﬁtemur.
2336 1144 2528 1208 Quare
2562 1156 2705 1210 ergo
2757 1155 2890 1208 vos,
2936 1154 3075 1193 cum
3124 1137 3249 1192 sitis
3295 1138 3572 1194 homines

1911 1232 2382 1306 prudentissimi,
2415 1233 2630 1289 talibus
2662 1229 2983 1301 sacrilegiis
3013 1228 3490 1300 communicatis,
3515 1233 3573 1285 et

1914 1337 2035 1377 non
2063 1322 2263 1394 potius
2293 1321 2710 1392 Evangelicam
2739 1320 3052 1376 veritatem
3081 1316 3426 1373 intenditis?
3468 1340 3496 1366 υ

1988 1415 2071 1466 12.
2108 1411 2244 1466 Haec
2274 1417 2330 1467 et
2357 1412 2448 1467 his
2479 1411 2719 1481 similia,
2751 1413 2932 1483 prout
2963 1407 3211 1481 Spiritus
3237 1406 3424 1464 dabat
3451 1407 3570 1464 elo-

1911 1501 2016 1574 qui
2045 1503 2149 1567 eis,
2183 1502 2241 1557 in
2275 1508 2603 1575 conspectu
2649 1517 2861 1572 regum
2905 1503 2963 1555 et
3000 1498 3342 1571 principum
3390 1497 3571 1554 conﬁ-

1912 1595 2119 1657 tentes,
2152 1607 2364 1648 omnes
2395 1592 2594 1661 gladio
2616 1590 2850 1647 vindice
2876 1587 3216 1661 interempti
3235 1591 3392 1642 sunt.
3417 1589 3573 1652 Quo-

144 1685 273 1736 tum
303 1679 468 1752 apud
487 1681 808 1736 Dominum
831 1681 1022 1736 valere
1045 1681 1424 1749 conﬁdimus,
1449 1697 1479 1736 e
1501 1679 1804 1753 profundo
1830 1703 1875 1757 Β
1911 1697 2046 1736 rum
2077 1681 2277 1737 decisa
2316 1697 2570 1754 corpora
2611 1680 2908 1754 stipitibus
2952 1676 3386 1751 suspendentes
3433 1680 3572 1749 post

138 1767 458 1824 taediorum
482 1768 826 1842 labyrintho
847 1770 971 1825 erui
998 1786 1358 1826 mereamur.
1381 1770 1608 1826 Etenim
1639 1785 1801 1825 anno

139 1857 444 1929 praesenti,
476 1857 578 1930 qui
609 1862 698 1913 est
726 1874 847 1914 aera
869 1859 1363 1929 octingentesima
1387 1859 1804 1928 octuagesima

136 1960 328 2011 nona,
350 1946 745 2002 exardescens
776 1963 972 2002 saevus
1005 1947 1294 2003 adversus
1333 1947 1431 2003 Dei
1479 1947 1801 2002 Ecclesiam

138 2033 307 2092 furor
330 2037 678 2108 tyrannicus
707 2036 914 2092 omnia
943 2037 1249 2108 subvertit,
1282 2041 1500 2093 cuncta
1522 2036 1800 2106 vastavit,

138 2125 430 2180 universa
476 2124 772 2196 dispersit,
813 2124 1128 2180 retrudens
1177 2141 1414 2181 carcere
1463 2124 1798 2198 episcopos,

134 2213 552 2285 presbyteros,
584 2213 859 2276 abbates,
902 2213 1146 2279 Levitas,
1186 2218 1244 2268 et
1279 2229 1524 2269 omnem
1553 2213 1798 2284 clerum,

135 2307 196 2357 et
225 2316 628 2373 quoscunque
649 2301 750 2356 illa
777 2306 1126 2374 tempestate
1151 2317 1366 2374 capere
1395 2301 1606 2374 potuit,
1647 2301 1801 2358 ferro

136 2389 482 2451 devinctos.
509 2391 682 2462 quasi
711 2396 979 2446 mortuos
1009 2391 1209 2447 saeculi
1238 2390 1638 2447 subterraneis
1670 2406 1802 2464 spe-

134 2478 343 2534 cubus
373 2478 682 2535 immersit.
711 2481 865 2535 Inter
887 2497 1041 2552 quos
1071 2496 1182 2551 ego
1208 2480 1304 2536 ille
1329 2484 1608 2556 peccator
1637 2496 1800 2536 ama-

130 2565 274 2622 bilis
314 2571 513 2621 vester
540 2567 851 2623 devinctus
882 2584 1036 2631 sum,
1081 2574 1137 2624 et
1175 2585 1294 2625 una
1341 2569 1562 2641 pariter
1585 2584 1798 2625 omnes

129 2653 418 2710 horridos
449 2655 884 2724 ergastulorum
914 2656 1135 2712 luimus
1165 2657 1494 2730 squalores.
1526 2658 1798 2715 Viduavit

131 2742 465 2799 Ecclesiam
496 2758 667 2799 sacro
695 2744 1046 2816 ministerio,
1085 2747 1338 2818 privavit
1357 2746 1625 2818 oraculo,
1658 2746 1796 2804 alie-

129 2832 307 2887 navit
337 2830 554 2896 oﬂicio,
578 2837 634 2888 et
658 2848 780 2888 non
803 2838 891 2889 est
911 2834 972 2889 in
996 2835 1111 2890 hoc
1137 2840 1403 2907 tempore
1424 2835 1601 2892 nobis
1629 2835 1795 2892 obla-

130 2921 233 2991 tio,
261 2937 466 2993 neque
498 2921 875 2990 sacriﬁcium,
906 2939 1102 2996 neque
1131 2924 1464 2995 incensum,
1486 2941 1684 2998 neque
1712 2923 1796 2980 lo-

129 3025 236 3064 cus
266 3009 695 3082 primitiarum,
725 3027 846 3083 quo
875 3011 1177 3084 possimus
1206 3012 1443 3085 placare
1470 3014 1792 3068 Dominum
1818 3051 1860 3104 ο

131 3104 447 3166 nostrum;
480 3099 584 3154 sed
615 3100 676 3154 in
708 3099 911 3156 anima
940 3101 1193 3157 contrita
1234 3107 1292 3157 et
1335 3102 1397 3156 in
1441 3101 1651 3173 spiritu
1688 3101 1796 3156 hu-

135 3187 408 3244 militatis
434 3187 744 3243 reddimus
777 3188 1007 3245 Christo
1034 3195 1171 3245 vota
1199 3189 1589 3259 laudationis,
1621 3189 1703 3245 ita
1731 3194 1796 3246 ut

133 3291 168 3331 a
196 3281 504 3334 conventu
531 3275 838 3332 desinente
868 3276 1228 3349 psalmodiae
1258 3283 1459 3345 cantu,
1514 3282 1797 3335 resonent

131 3364 466 3438 penetralia
505 3365 760 3422 carceris
790 3382 1100 3422 murmure
1146 3371 1352 3422 sancto
1402 3367 1792 3440 hymnorum.

133 3455 272 3518 Quae
324 3454 531 3511 omnia
573 3455 852 3527 prudenti
894 3454 1180 3512 relatione
1235 3456 1497 3512 domnus
1543 3457 1792 3515 Galindo

129 3544 306 3600 vobis
333 3560 404 3600 en
418 3543 691 3601 ucleatim
719 3545 933 3618 poterit
953 3561 1263 3615 enarrare;
1285 3547 1430 3619 quia
1449 3563 1559 3603 nos
1575 3547 1792 3620 partim

128 3648 395 3689 maerore
424 3634 709 3706 depressi,
752 3635 968 3707 partim
1007 3634 1317 3691 fastidium
1347 3636 1632 3709 impolita;
1663 3653 1790 3694 ora-

129 3721 315 3777 tionis
346 3721 614 3792 vitantes,
658 3724 780 3778 suis
817 3723 1103 3780 limitibus
1133 3724 1480 3781 schedulam
1532 3731 1794 3782 coarcta-

127 3809 362 3872 vimus,
389 3825 466 3865 ne
501 3811 560 3866 in
590 3812 840 3869 modum
874 3813 1286 3870 commentarii
1331 3814 1590 3871 brevitas
1635 3820 1792 3872 tran-

131 3898 279 3954 siret
309 3898 659 3970 epistolaris.

197 3992 214 4041 t
233 3992 252 4043 1
269 4032 282 4043 .
294 3991 402 4044 Pro
407 3988 569 4060 pterf
571 3995 876 4046 uturarum
889 3996 1089 4047 autem
1103 3994 1558 4061 generationum
1571 3993 1791 4050 saecula

122 4076 182 4133 ill
194 4079 508 4144 ustranda,
531 4085 587 4135 et
607 4085 671 4135 ut
685 4085 954 4151 expertes
972 4087 1316 4138 nostrarum
1336 4081 1788 4138 tribulationum

123 4172 182 4221 et
202 4184 620 4224 aerumnarum
643 4184 764 4224 non
789 4171 1015 4232 ﬁerent,
1039 4170 1233 4225 saltim
1263 4171 1358 4227 vel
1387 4188 1583 4244 pauca
1611 4171 1788 4244 pluri-

123 4257 239 4311 mis
270 4257 769 4329 perstringamus.
797 4258 1052 4323 Quidam
1073 4259 1233 4314 cnim
1253 4260 1784 4333 prassbyterorum,

120 4345 548 4410 diaconorum,
571 4348 1031 4412 monachorum,
1063 4348 1385 4419 virginum,
1414 4354 1468 4406 et
1494 4349 1783 4409 laicorum

119 4437 438 4508 repentino
455 4435 580 4492 zelo
609 4436 932 4493 divinitatis
960 4439 1195 4508 armati,
1226 4439 1285 4494 in
1313 4439 1509 4496 forum
1535 4440 1782 4499 descen-

190 4571 215 4633 ξ
260 4561 405 4633 Quir.
448 4564 737 4633 sequntur
783 4562 986 4617 omnia
1051 4562 1125 4618 de
1185 4563 1453 4620 Ecclesiae
1507 4569 1785 4624 nostratis

119 4629 570 4706 calamitatibus
601 4637 1065 4706 sanctorumque
1092 4635 1399 4706 martyrio.
1450 4643 1606 4693 retro
1635 4639 1735 4694 lib.
1767 4657 1784 4695 ι

119 4704 178 4780 et
209 4717 274 4768 ιι,
298 4701 603 4780 leguntur,
635 4710 814 4774 atque
835 4704 945 4780 ibi,
967 4701 1188 4780 siquid
1215 4701 1368 4780 opus
1395 4707 1520 4780 fuit,
1539 4709 1786 4767 adnota-

116 4775 350 4846 vitans.
385 4775 607 4846 Repetit
641 4791 783 4830 vero
833 4775 926 4830 hic
977 4775 1206 4830 eisdem
1247 4775 1441 4833 verbis
1497 4775 1782 4846 quaedam

116 4842 538 4970 36211103165,
566 4862 700 4918 quas
721 4847 783 4901 in
805 4848 1168 4903 Documento
1188 4842 1548 4919 Martyriali
1561 4853 1778 4924 posuit.

212 4930 291 4968 BA
337 4954 352 4965 .

170 4929 352 4968 ORAL.

188 4987 218 5026 δ
249 4985 445 5052 Fors.,
477 4986 710 5043 delicto.

187 5070 211 5098 ο
241 5058 876 5132 Αρρειινφῐᾶιὶειφβῐιίθ
903 5059 1216 5132 epistolam
1249 5060 1376 5118 sine
1408 5065 1778 5122 salutationi-

187 5073 211 5098 ο
241 5073 712 5183 έέριὲδῐθιθυειω
739 5073 876 5114 ante
903 5073 1216 5132 eprstotam
1249 5077 1376 5118 sme
1408 5073 1778 5122 salutationi-

114 5125 232 5208 bus
379 5130 588 5210 ogium
617 5130 882 5210 adhunc
908 5131 1189 5210 eumdem
1217 5133 1620 5210 Wiliesindum
1645 5139 1781 5195 scri-

115 5201 335 5278 psisse.
397 5203 516 5256 Hoc
573 5201 752 5278 credo
801 5202 1089 5278 intelligit.
1141 5206 1260 5274 Ego
1311 5206 1492 5264 verba
1535 5209 1684 5278 haec,
1716 5214 1782 5266 ut

115 5270 372 5345 erantin
400 5271 747 5345 exemplari,
781 5273 1010 5345 reliqui.
1043 5270 1259 5330 MORIL.

186 5342 214 5380 ά
242 5341 373 5397 Sub
405 5341 596 5398 sancti
623 5341 927 5398 Zachariaa'
967 5345 1209 5401 nomine
1253 5353 1309 5404 et
1349 5349 1528 5404 tutela
1581 5364 1778 5405 coeno-

112 5408 285 5468 bium
313 5413 434 5469 hoc
461 5414 572 5469 fuit
596 5414 925 5470 conditum.
953 5419 1070 5471 Hoc
1096 5417 1349 5474 alterum
1369 5435 1592 5474 nomen
1616 5422 1778 5476 Sera-

113 5483 332 5557 siense,
377 5500 503 5557 quo
538 5501 700 5541 nunc
742 5486 942 5553 utitur,
975 5487 1088 5543 loci
1121 5487 1228 5544 fuit
1253 5495 1356 5544 aut
1380 5490 1660 5557 regionis.
1695 5496 1772 5548 In.

113 5555 419 5639 Eamde'm'
444 5558 808 5639 sententiam.
821 5558 1105 5639 amplecti
1117 5555 1552 5639 tun-Yspesius,"
1569 5569 1776 5620 contra

110 5641 303 5704 quam
334 5628 688 5704 Ludovicus
709 5627 988 5704 Bultellus
1028 5627 1444 5704 Benedictinus
1466 5647 1497 5686 e
1515 5634 1773 5704 Congre-

112 5696 360 5764 éaﬁone
407 5700 462 5754 S.
509 5697 690 5754 Mauri
735 5699 1221 5770 distinguendum
1251 5705 1423 5776 putat
1455 5696 1776 5763 sancti'Za-

1913 1769 2141 1842 aliquot
2177 1770 2305 1826 dies
2356 1770 2492 1840 igne
2539 1772 2900 1840 cremarunt,
2960 1781 3291 1839 eorumque
3339 1765 3568 1822 cineres

1910 1857 2250 1914 ﬂuvialibus
2293 1860 2467 1932 aquis
2510 1857 2850 1932 perdendos
2896 1858 3222 1924 meserunt,
3278 1853 3566 1928 pleraque

1908 1962 2051 2002 vero
2087 1947 2404 2004 inhumata
2451 1964 2572 2020 prae
2611 1946 2840 2003 foribus
2887 1944 3092 2018 palatii
3139 1943 3562 2016 relinquentes,

1907 2034 2252 2092 volucribus
2309 2037 2678 2109 canibusque
2729 2033 3080 2090 devoranda
3135 2037 3560 2106 exposuerunt,

1908 2123 2188 2181 adhibitis
2214 2126 2498 2182 custodiis
2528 2125 2803 2196 militum,
2823 2140 2898 2180 ne
2918 2123 3052 2197 quis
3069 2121 3558 2190 Christianorum,

1906 2213 2120 2270 intuitu
2174 2214 2589 2284 humanitatis,
2643 2214 2926 2270 carnibus
2975 2211 3206 2269 nudata
3261 2211 3562 2268 cadavera

1908 2302 2202 2376 sepeliret,
2229 2303 2378 2360 sicut
2399 2305 2686 2376 scriptum
2721 2307 2843 2360 est:
2893 2304 3231 2359 Posuerunt
3273 2301 3558 2357 mortalia

1905 2407 2211 2448 servorum
2259 2399 2495 2449 tuorum
2540 2408 2701 2449 escas
2756 2391 3102 2448 volatilibus
3145 2389 3297 2455 caeli,
3347 2401 3559 2444 carnes

1904 2487 2248 2537 sanctorum
2280 2487 2517 2538 tuorum
2551 2482 2745 2538 bestiis
2772 2486 2947 2537 terrae
2975 2498 2988 2548 ;
3039 2479 3383 2549 e/fuderunt
3417 2491 3556 2531 san-

1903 2572 2144 2642 guinem
2174 2587 2376 2628 eorum
2407 2574 2568 2629 velut
2597 2587 2816 2643 aquam
2855 2572 2920 2626 in
2963 2569 3220 2626 circuitu
3266 2567 3558 2623 Hierusa-

1907 2659 2038 2726 lem,
2069 2665 2125 2716 et
2153 2676 2272 2716 non
2306 2667 2437 2717 erat
2465 2661 2572 2732 qui
2593 2661 2867 2730 sepeliret
2912 2659 3100 2726 (Psal.
3132 2671 3369 2727 Lxxvm,
3394 2658 3450 2724 2,
3479 2659 3555 2723 3).

1903 2749 2170 2812 Quorum
2201 2749 2452 2805 nomina
2474 2749 2723 2821 diesque
2753 2747 3097 2804 allisionum
3135 2745 3197 2801 in
3238 2744 3358 2800 ﬁne
3406 2741 3560 2816 epis-

1903 2835 2035 2891 tolas
2089 2837 2451 2907 digeremus.
2518 2839 2706 2909 Hujus
2758 2836 2843 2893 rei
2899 2851 3087 2892 causa
3135 2849 3248 2890 nos
3303 2831 3560 2889 devincti

1901 2940 2244 2998 manemus,
2272 2932 2516 3001 propter
2543 2927 2659 2983 hoc
2687 2925 3013 2999 compediti
3043 2922 3354 2980 existimas
3379 2938 3393 2978 :
3420 2937 3559 3001 nos:

1899 3017 1990 3069 tro
2023 2999 2731 3088 deputantes‘instinctui,
2774 3018 3115 3084 nostraeque
3149 2999 3563 3066 informationi

1901 3104 2266 3162 ascribentes
2284 3103 2580 3178 quidquid
2596 3103 2675 3159 illi
2692 3101 2972 3159 divinitus
2992 3099 3270 3156 illustrari
3288 3103 3556 3169 egerunt.

1904 3193 2090 3260 Unde,
2111 3209 2463 3265 quaesumus
2480 3196 2544 3247 ut
2559 3190 2844 3260 suffragia
2863 3188 3204 3246 orationum
3221 3191 3558 3243 vestrarum

1903 3281 1964 3338 in
1995 3282 2407 3350 defensionem
2445 3285 2714 3338 nostram
2762 3277 3116 3348 adhibeatis,
3165 3280 3558 3349 nostrumque

1903 3387 2207 3429 carcerem
2236 3371 2519 3428 omnibus
2549 3369 2925 3428 monasteriis
2954 3367 3161 3425 vestris
3189 3367 3560 3424 innotescere

1902 3461 2151 3526 faciatis,
2199 3466 2257 3518 et
2287 3466 2349 3518 ut
2377 3461 2552 3535 proni
2580 3461 2681 3535 pia
2719 3459 3063 3516 exoratione
3104 3457 3414 3529 invigilent
3460 3457 3559 3529 ju-

1902 3550 2129 3618 beatis;
2181 3551 2262 3607 ita
2321 3557 2458 3625 post
2504 3555 2814 3625 peractum
2869 3547 3172 3606 luctamen
3227 3546 3443 3604 mundi
3484 3547 3559 3604 de

1903 3643 2124 3695 esterno
2152 3640 2403 3712 praemio
2433 3640 2752 3698 exsultetis.

1977 3732 2061 3783 13.
2099 3731 2252 3785 Sane
2282 3730 2709 3786 salutationum
2730 3728 2946 3795 oﬁcia,
2969 3744 3108 3800 quas
3129 3727 3386 3796 dudum,
3410 3727 3559 3783 alias

1901 3829 1925 3856 ο
1955 3817 2334 3888 proferendo,
2366 3817 2706 3887 omisimus,
2754 3831 2917 3871 nunc
2947 3831 3170 3871 cernua
3197 3818 3396 3870 mente
3420 3831 3558 3886 per-

1901 3905 2190 3960 solvimus
2213 3921 2442 3976 vosque
2464 3903 2704 3959 feliciori
2725 3903 2873 3959 serie
2888 3907 3232 3974 temporum
3247 3901 3443 3971 vigere
3459 3917 3558 3956 ex-

1899 3993 2226 4067 poscimus.
2260 3996 2525 4047 Petentes
2555 3996 2638 4060 ut,
2688 3991 2854 4046 salva
2893 3990 3141 4045 honoris
3181 3989 3361 4045 vestri
3390 4004 3555 4045 reve-

1899 4082 2105 4147 rentia,
2140 4097 2261 4136 non
2283 4079 2690 4151 dedignemini
2710 4078 2884 4136 nobis
2913 4077 3172 4134 salutare
3188 4078 3478 4136 amabiles
3499 4084 3557 4137 et

1899 4171 2283 4228 charissimos
2313 4177 2511 4244 patres
2537 4175 2796 4241 nostros,
2834 4169 2897 4226 id
2938 4173 3028 4226 est
3069 4169 3417 4226 Fortunium
3448 4173 3554 4228 Le-

1899 4263 2162 4333 gerensis
2188 4261 2534 4318 monasterii
2563 4260 2868 4325 abbatem,
2921 4276 3058 4316 cum
3107 4259 3275 4316 omni
3303 4259 3551 4332 collegio

1897 4369 2026 4419 suo,
2060 4352 2346 4408 Athilium
2374 4351 2651 4409 Cellensis
2683 4349 3025 4408 monasterii
3054 4348 3358 4418 abbatem,
3409 4366 3549 4406 cum

1895 4441 2060 4499 omni
2087 4442 2338 4513 collegio
2368 4459 2498 4511 suo,
2522 4440 2848 4497 Odoarium
2877 4437 2904 4478 ἀ
2931 4437 3284 4494 Serasiensis
3331 4454 3546 4496 mona-

1893 4570 2110 4625 chariaa
2137 4568 2570 4625 monasterium
2591 4585 2628 4623 a
2651 4566 3000 4635 Sarasiensi,
3023 4565 3137 4620 hoc
3163 4563 3546 4637 potissimum

1894 4640 2189 4712 adductus
2219 4644 2596 4709 argumento,
2640 4638 2827 4712 quodq
2853 4637 3067 4710 prioris
3100 4640 3390 4712 patronus
3422 4639 3549 4712 erat

1896 4713 1951 4768 S.
1980 4704 2318 4776 Zacharias,
2351 4704 2694 4781 posterioris
2721 4711 2778 4781 S.
2807 4704 3037 4781 Petrus,
3082 4704 3148 4761 tit
3196 4704 3546 4781 egduobus

1892 4777 2572 4854 vetustisinstru'mentis
2602 4780 2890 4854 probatur
2917 4777 3178 4854 (Blanca.
3208 4778 3364 4854 East;
3391 4778 3548 4854 A_ra-

1889 4869 2050 4925 gon.,
2080 4851 2157 4907 ad
2185 4867 2413 4925 annum
2429 4847 2932 4925 7969).'_l‘ra3fuerat
2959 4847 3205 4921 quidem
3238 4850 3294 4905 S.
3325 4849 3544 4925 Zacha-

1889 4920 1986 4980 rian
2017 4922 2383 4978 monastorio
2415 4922 2706 4977 Odoarius
2734 4920 2945 4990 abbas,
2981 4920 3224 4976 summa:
3251 4922 3542 4978 sanctita-

1891 4998 1964 5052 tis
1992 5008 2340 5065 magnaeque
2367 4994 2628 5066 scientia:
2658 4995 2788 5064 vir;
2806 4991 2936 5066 sed
2967 4991 3145 5066 longe
3189 4997 3325 5049 ante
3353 5008 3542 5066 quam

1888 5068 2045 5122 hanc
2071 5061 2382 5139 epistolam
2412 5064 2690 5139 scriberet
2719 5061 3020 5139 Eulogius,
3051 5061 3112 5139 i_n
3141 5079 3263 5139 qua
3291 5061 3428 5139 eum
3455 5065 3542 5121 uti

1889 5133 2190 5194 mortuum
2238 5135 2465 5204 laudat,
2511 5140 2565 5192 et
2606 5136 2666 5191 in
2709 5135 2828 5191 fine
2877 5133 3182 5208 epistolae:
3213 5135 3536 5193 Odoarium

1885 5209 2238 5266 Serasiensis
2269 5210 2616 5264 monasterii
2643 5209 2915 5264 abbatem
2941 5223 3074 5263 cum
3099 5209 3263 5262 omni
3289 5209 3536 5278 collegio

1884 5295 1990 5336 suo
2021 5281 2254 5336 salutat.
2288 5279 2461 5346 Quod
2489 5283 2845 5348 argumento
2875 5282 2962 5334 est
2990 5293 3129 5333 eum
3159 5279 3536 5350 superstitem

1887 5351 2086 5422 fuisse,
2120 5368 2239 5406 non
2271 5351 2521 5407 alterum
2554 5351 2900 5422 Odoarium,
2929 5364 3110 5422 quem
3142 5364 3330 5404 unum
3370 5365 3537 5422 eum-

1885 5421 2145 5496 demquc
2203 5424 2403 5496 fuisse,
2469 5422 2743 5496 adeoque
2800 5419 3045 5496 unicum
3101 5419 3535 5496 monasterium

1884 5509 2012 5548 esse
2043 5491 2266 5565 opinati
2301 5499 2440 5548 sunt
2467 5491 2710 5550 Morales
2740 5498 2797 5550 et
2825 5491 3131 5565 Yepesifus.
3164 5491 3534 5565 Hmc‘omnia

1883 5560 2252 5620 Mabillonius
2304 5565 2363 5619 in
2414 5565 2692 5621 Annalib.
2735 5563 2872 5621 0rd.
2906 5560 2980 5619 'S.
3030 5560 3324 5617 Benedicti
3370 5575 3531 5616 anno

1882 5638 2006 5701 851,
2037 5650 2203 5691 num.
2235 5639 2302 5690 26
2329 5636 2390 5690 in
2417 5635 2556 5692 ﬁne.
