4110 6190
230 210 341 281 833

1335 196 1539 272 metu
1579 190 2119 270 APOLOGE'nCUS
2158 200 2562 268 MARTYRUM.

3545 177 3657 268 ’θεὲ

232 332 509 403 vanitatis
552 344 906 416 respirentes
956 335 1258 407 ail’ectum,
1307 340 1611 413 specimen
1647 334 1891 405 bellige-
1924 320 1974 388 Α
2004 328 2175 403 rum;
2235 342 2484 407 sperans
2514 353 2549 392 a
2598 336 2758 392 cultu
2806 322 3105 405 religionis
3161 322 3431 392 revocari
3478 352 3657 409 posse

231 433 404 492 randi
451 432 831 507 praecipuum
862 428 1214 487 mortalibus
1257 429 1644 503 reliquerunt,
1676 427 1812 482 licet
1859 434 1894 479 a

223 516 733 598 prudentioribus
763 517 1048 577 timeretis
1091 518 1381 589 indagare
1432 518 1505 573 sit
1532 522 1890 580 congruum,

230 619 291 670 ‘et
336 614 474 685 jure
506 629 543 668 a
564 610 898 683 justiticatis
926 608 1194 682 quodam
1240 607 1552 680 privilegio
1580 607 1893 662 sanctimo-

232 696 354 758 ‘nite
385 701 607 774 eXponi
637 701 710 756 sit
735 704 970 765 ratum:
1004 712 1127 753 non
1178 695 1378 753 tamen
1429 694 1753 752 abnuenda
1807 694 1895 748 est

238 799 359 846 vox
390 792 770 863 peccatorum
792 796 931 844 vera
954 786 1379 859 prementium;
1396 780 1889 857 quandoquidem

241 886 365 936 non
416 879 610 935 solum
669 874 1162 946 alienigenarum,
1192 876 1257 931 ut
1304 875 1505 930 Jethro
1554 878 1609 928 et
1664 870 1886 935 Hiram,

240 967 581 1025 consultum
602 966 939 1033 intenditur,
959 965 1107 1021 dum
1135 968 1190 1021 et
1210 964 1287 1020 ab
1316 977 1436 1019 uno
1458 965 1682 1035 Moyses
1704 977 1885 1033 expo-

238 1059 419 1114 sitam
442 1048 650 1129 judicii
680 1055 938 1112 formam
966 1054 1240 1123 custodit,
1273 1058 1328 1110 et
1357 1052 1434 1109 ab
1464 1046 1579 1108 alio
1604 1050 1887 1108 Salomon

232 1142 297 1204 in
341 1142 733 1202 aedificatione
761 1138 966 1217 templi
1016 1139 1372 1199 industriam
1400 1141 1646 1214 accipit;
1679 1152 1890 1195 verum

234 1237 413 1294 etiam
463 1231 854 1291 irrationabili
902 1228 1145 1290 animali
1177 1230 1517 1288 humaniter
1546 1228 1890 1285 facundiam

233 1326 557 1383 eXercltare
608 1320 956 1380 conceditur
1006 1318 1224 1393 (Exod.
1281 1337 1439 1385 xvni,
1492 1318 1550 1377 i3
1599 1334 1722 1392 seq.
1751 1338 1764 1385 ;
1797 1312 1898 1374 ῙΙῘ

232 1418 376 1486 Reg.
407 1431 461 1481 v,
494 1419 527 1470 2
563 1424 726 1486 seq.;
758 1410 940 1468 Num.
987 1424 1126 1479 xm,
1153 1414 1222 1467 28
1273 1411 1440 1482 seq).
1498 1412 1690 1475 Quare
1747 1422 1889 1477 ergo

233 1498 547 1575 eulpabilis
573 1501 873 1573 judicetur
895 1496 1034 1556 talia
1060 1508 1455 1573 praesumens,
1481 1514 1618 1554 cum
1645 1498 1704 1553 in
1735 1497 1885 1552 veri-

232 1597 350 1649 tate
406 1592 626 1661 dignus
676 1590 752 1648 sit
799 1591 1049 1663 praemio
1078 1584 1529 1656 benedictionis,
1582 1588 1889 1643 veritatem

2004 416 2306 495 suppliciis
2336 425 2589 491 animas,
2616 434 2793 497 quas,
2828 424 3073 497 spiritali
3122 424 3401 481 conﬂictu
3441 426 3655 482 introra

2004 529 2108 567 sus
2136 514 2263 583 jam
2291 515 2572 579 eruditas,
2616 519 2907 571 noverant
2960 515 3141 570 etiam
3167 512 3444 570 facillime
3476 518 3658 572 mate-

2000 598 2175 657 riales
2235 594 2663 660 debellantiuin
2714 603 2985 659 evi’nCcre
3036 618 3294 676 pugnas.
3328 604 3418 660 Sic
3470 602 3655 660 hebes

2000 684 2147 746 (inm
2196 691 2648 749 invictissimam
2680 690 3138 748 fortissimorum
3197 692 3451 765 militum
3480 692 3657 749 virtu-

2000 783 2119 835 tem
2150 780 2499 850 admiratur,
2518 781 2592 837 de
2622 783 2931 838 immensis
2957 798 3200 855 quoque
3224 782 3654 839 miraculorum

2002 868 2252 924 ostensis
2282 870 2731 942 obstupescens,
2768 871 3034 937 insultat,
3066 869 3414 927 daemonicis
3467 871 3653 943 depu-

2000 954 2183 1013 tando
2210 958 2521 1031 praestigiis
2552 972 2685 1032 quae
2716 964 2938 1016 emeata
2958 954 3153 1016 mente
3186 960 3419 1033 pietatis
3450 956 3656 1032 nequi-

1998 1045 2105 1102 bat
2132 1042 2408 1102 eﬂ’ectum
2440 1044 2767 1104 advertere.
2804 1044 3121 1121 Erantque,
3148 1054 3211 1104 ut
3264 1046 3429 1123 apud
3467 1049 3652 1122 pluri-

1998 1150 2100 1191 ma
2118 1134 2373 1204 legimus
2392 1136 2780 1209 exemplaria,
2805 1135 3119 1193 beatorum
3140 1138 3483 1194 oceasiones
3513 1155 3653 1195 con-

2000 1222 2265 1279 vertendi
2322 1222 2401 1281 ad
2448 1220 2767 1291 Christum,
2800 1222 3077 1298 prodigia
3130 1227 3261 1299 ipsa
3317 1226 3646 1295 signorum.

2002 1316 2146 1370 Nam
2179 1307 2270 1369 isti
2302 1316 2541 1377 tirones,
2576 1318 2630 1371 et
2655 1320 2996 1371 nostrorum
3050 1316 3386 1388 temporum
3419 1316 3649 1373 confes-

2001 1416 2188 1474 sores,
2244 1403 2321 1459 ab
2377 1406 2496 1461 ictu
2554 1405 2857 1461 mucronis
2913 1386 3191 1460 celerem?
3230 1386 3662 1462 tantummodo,

2000 1491 2359 1566 excipientes
2395 1493 2715 1561 interitum,
2772 1488 3000 1551 nullam
3056 1488 3379 1550 furentium
3430 1495 3651 1551 acerbi-

2002 1587 2178 1638 tatem
2214 1585 2485 1656 perpessi
2516 1582 2826 1653 tortoruin,
2851 1594 2975 1640 non
3006 1576 3118 1641 sub
3149 1577 3448 1641 diutinum
3475 1585 3651 1643 desu-

233 1690 522 1739 enarrans
545 1680 573 1737 ‘i
604 1674 691 1750 Et,
722 1681 771 1737 si
810 1680 1089 1736 sanctitas
1136 1680 1478 1735 renumerat
1513 1678 1765 1748 justum,
1800 1668 1887 1731 di-
1920 1682 1961 1744 Β
2000 1672 2219 1728 darunt
2267 1673 2595 1729 stimulum.
2630 1674 2953 1730 Praesertim
3001 1683 3139 1731 eum
3182 1675 3258 1730 ab
3302 1672 3649 1732 hominibus

236 1780 545 1843 gnumque
604 1766 781 1825 eﬂicit
840 1768 1181 1824 concionari
1244 1772 1454 1823 sancta
1520 1766 1885 1834 sanctorum,

234 1868 422 1933 quare
474 1868 594 1914 non
625 1858 859 1914 tueatur
910 1857 1126 1931 pietate
1181 1859 1462 1930 peccator
1490 1856 1889 1924 magniﬁcans

229 1948 483 2021 justum,
502 1944 836 2004 dummodo
862 1940 938 2004 ad
970 1948 1296 2002 multorum
1326 1946 1659 2019 profectum
1693 1944 1890 2000 studet

234 2036 569 2111 patefacere
624 2037 905 2093 victorias
954 2034 1319 2093 beatorum?
1366 2034 1505 2101 Quae
1558 2034 1608 2090 si
1673 2028 1890 2089 fuerint

236 2127 588 2185 oblitteratae
614 2126 865 2195 silentio,
902 2122 1137 2181 nullum
1168 2116 1743 2197 poteruntﬂdelibus
1774 2124 1886 2196 piae

236 2214 713 2274 conservationis
733 2210 1009 2271 exhibere
1042 2215 1387 2285 exemptum
1414 2232 1427 2277 ;
1452 2216 1515 2269 ut
1532 2208 1888 2269 elucubratis

240 2304 567 2361 electorum
593 2294 829 2376 tropaeis
860 2300 984 2358 tam
1014 2303 1245 2375 possint
1273 2294 1506 2357 desides
1530 2300 1784 2357 excitare
1812 2300 1889 2356 ad

245 2393 541 2467 praelium,
573 2401 759 2465 quam
814 2394 1106 2448 certantes
1150 2389 1471 2446 informare
1517 2389 1889 2463 perfectionis

241 2478 549 2538 intendere
572 2476 910 2538 terminum.
946 2474 1114 2548 Nam,
1144 2488 1281 2536 ctim
1313 2492 1521 2536 omnes
1566 2480 1753 2536 sancti
1780 2482 1888 2535 ter-

237 2573 389 2627 reno
430 2585 551 2626 non
601 2575 816 2641 egeant
854 2568 1213 2626 laudationis
1259 2568 1575 2642 praeconio,
1609 2569 1711 2642 qui
1764 2570 1888 2641 tam

232 2650 567 2716 cmlestium
600 2650 933 2715 exuberant
961 2658 1309 2714 muneribus
1348 2658 1757 2730 praemiorum,
1786 2666 1888 2714 ne-

233 2749 493 2804 cessario
521 2750 723 2804 tamen
755 2758 964 2803 eorum
994 2747 1216 2803 meritis
1237 2747 1570 2820 applicatur
1591 2745 1890 2821 quidquid

233 2837 516 2893 bomtatis
544 2844 791 2893 sitorum
824 2836 1013 2907 gratia
1054 2826 1487 2907 exemplarium
1528 2824 1886 2892 mortalibUs

233 2928 535 2999 operatur.

303 3010 359 3071 2.
402 3006 681 3071 Promam
731 3008 906 3084 igitur
952 3012 1342 3069 dominorum
1400 3026 1675 3068 meorum
1725 3013 1891 3083 gesta
1919 3041 1961 3096 ο

232 3100 517 3169 victricia,
546 3102 602 3160 et
630 3100 690 3159 in
722 3104 1019 3175 quantum
1062 3116 1243 3175 posse
1277 3099 1506 3157 coalitus
1537 3098 1683 3156 mihi
1714 3097 1890 3157 colla-

232 3198 361 3249 tum
402 3197 511 3261 est,
540 3192 602 3247 in
641 3186 859 3247 talibus
913 3191 1097 3248 rebus
1151 3194 1402 3247 conatus
1458 3202 1625 3246 meos
1679 3196 1893 3263 expen-

232 3283 379 3338 dam
406 3298 420 3345 ;
447 3274 592 3353 quia
618 3296 741 3336 non
771 3278 939 3336 dubii
988 3282 1062 3334 tte
1110 3278 1425 3334 clementia
1456 3276 1889 3350 Redemptoris,

230 3386 358 3427 non
415 3368 613 3425 solum
663 3369 981 3442 culparum
1029 3362 1246 3423 talibus
1302 3364 1509 3422 studiis
1556 3367 1888 3423 remedium

231 3462 571 3533 Speramus,
594 3470 800 3515 verum
842 3455 1023 3513 etiam
1056 3470 1285 3518 eorum,
1309 3466 1462 3528 quos
1493 3456 1690 3512 votivo
1738 3455 1887 3513 cele-

228 3550 483 3606 bramus
513 3544 687 3621 stylo,
721 3540 1085 3603 consortium
1118 3545 1365 3617 adispict
1397 3541 1774 3615 confidimus,
1804 3542 1890 3601 di-

230 3642 402 3694 cente
452 3636 707 3693 Domino
743 3642 755 3691 ἑ
792 3636 905 3703 Qui
928 3646 1026 3692 vos
1076 3632 1294 3705 diligit,
1326 3648 1417 3691 me
1444 3632 1679 3705 diligit;
1708 3642 1763 3691 et
1789 3637 1893 3706 qui

230 3736 337 3783 vos
366 3724 598 3795 recipit,
631 3738 725 3782 me
759 3726 993 3796 recipit,
1026 3730 1080 3781 et
1128 3726 1234 3795 qui
1278 3725 1486 3793 recipit
1529 3724 1887 3793 prophetam

235 3817 302 3870 in
326 3817 560 3870 nomine
576 3809 907 3885 prophetae,
928 3814 1251 3870 mercedem
1279 3812 1586 3883 prophetae
1612 3812 1884 3881 accipiet;

236 3908 297 3961 et
346 3902 451 3975 qui
480 3906 685 3975 recipit
715 3908 944 3976 iustum
989 3905 1052 3959 in
1096 3905 1331 3959 nomine
1360 3904 1535 3973 justi,
1563 3903 1887 3959 Mercedem

220 3995 390 4065 justi
414 3995 659 4064 accipiet
690 3988 932 4066 (Matth.
961 4010 1020 4059 x,
1040 3994 1130 4058 40,
1157 3991 1267 4063 41).
1304 3994 1369 4047 Et
1395 3994 1610 4047 iterum
1640 3991 1699 4045 in
1730 3988 1887 4046 Psal-

226 4081 349 4139 mis
377 4094 390 4139 :
422 4082 578 4140 Mihi
605 4089 801 4140 autem
828 4082 1208 4152 honoriﬁctzti
1230 4086 1369 4137 sunt
1392 4081 1572 4137 amici
1592 4078 1699 4147 tui,
1736 4081 1886 4135 Deus

225 4170 424 4242 (Psat.
456 4186 729 4241 cxxxvm,
765 4164 868 4244 l7).

299 4262 354 4319 3.
397 4261 508 4318 Sed
542 4262 708 4335 prius
735 4268 920 4334 quam
949 4270 1155 4316 eorum
1180 4272 1475 4331 exsequar
1494 4248 1719 4326 tropaea
1748 4255 1884 4312 insi-

219 4351 394 4424 gnia,
428 4362 627 4425 operte
675 4353 933 4425 pretium
982 4348 1255 4407 resistere
1308 4340 1530 4405 credidi
1572 4347 1879 4421 imperitis,

220 4438 326 4515 qui
359 4454 463 4497 ore
510 4441 851 4515 basphemo
882 4436 1096 4496 horum
1148 4436 1486 4509 temporum
1518 4436 1881 4510 martyribus

220 4531 609 4600 derogantes,
659 4545 781 4585 non
839 4545 970 4585 esse
1018 4528 1148 4584 illos
1197 4526 1538 4583 consimiles
1584 4525 1883 4598 prioribus

220 4618 597 4691 martyribus
634 4614 862 4675 volunt.
907 4612 1009 4675 tlla
1034 4614 1312 4689 denique.
1345 4615 1529 4679 aiunt,
1569 4610 1881 4686 gentilitas,

222 4708 371 4763 olim
400 4706 861 4763 simulacrorum
888 4702 1145 4763 cultibus
1168 4700 1390 4775 dedita,
1413 4696 1709 4777 variisque
1739 4707 1886 4761 ima.

225 4795 440 4865 gtnum
468 4795 794 4866 sacrilegiis
826 4798 1138 4869 occupata,
1169 4792 1409 4849 milleno
1439 4795 1655 4850 exstitit
1691 4790 1881 4853 idolo-

224 4892 369 4939 rum
402 4886 670 4955 pertento
721 4884 1008 4951 subacta;
1042 4887 1099 4940 et
1126 4882 1289 4955 quod
1342 4878 1739 4938 mundialium
1771 4882 1882 4940 mi-

222 4976 363 5030 rata
418 4975 506 5030 est
550 4974 779 5047 species
826 4982 1047 5037 rerum,
1082 4974 1166 5028 tot
1216 4966 1326 5028 sibi
1378 4970 1628 5028 instituit
1656 4972 1880 5031 formas

218 5063 479 5119 deorum
510 5082 524 5132 ;
550 5068 771 5136 putans
802 5078 925 5119 non
969 5062 1117 5119 alias
1146 5061 1396 5118 obtineri
1440 5072 1620 5134 posse
1645 5060 1878 5135 tempo-

217 5152 449 5209 ratium
483 5153 895 5216 commodum,
928 5152 1007 5208 ob
1060 5146 1225 5225 quod
1271 5162 1447 5207 suum
1480 5150 1879 5210 miserabilem

221 5242 483 5297 summis
514 5238 741 5297 viribus
763 5236 1143 5314 expendebat
1172 5241 1603 5307 conatum,nisi
1630 5236 1879 5298 haberet

216 5338 614 5388 numerosam
644 5332 1085 5388 observantiam
1107 5332 1444 5387 numinum.
1474 5330 1655 5401 Cujus
1680 5340 1876 5386 errore

214 5422 492 5495 decepta,
522 5418 747 5477 creduli
794 5421 1206 5495 persecutione
1239 5421 1611 5476 resistentem
1643 5433 1713 5474 ac
1767 5419 1874 5475 ad-

212 5517 562 5573 versantem
593 5509 704 5567 sibi
728 5510 1119 5568 Christianam
1147 5509 1408 5565 vexabat
1442 5508 1709 5563 militiam
1730 5525 1872 5566 con-

213 5600 409 5669 viciis,
436 5592 923 5668 lacerationibus,
955 5596 1177 5671 ﬂagris,
1220 5596 1511 5671 equuleis,
1558 5597 1871 5670 incendiis,

211 5686 449 5760 bestiis,
480 5684 784 5761 ﬂuctibus,
810 5702 880 5748 ac
928 5684 1177 5747 diversis
1206 5685 1525 5760 generibus
1552 5689 1875 5747 tormento-

1997 1760 2183 1817 Deum
2217 1762 2565 1831 colentibus,
2600 1766 2654 1819 et
2686 1764 2946 1821 coelestia
2970 1767 3108 1837 jura
3138 1756 3460 1821 fatentibus
3492 1783 3651 1822 com-

1995 1852 2289 1924 pendiosa
2311 1856 2498 1908 morte
2547 1854 2837 1926 perempti
2866 1852 3000 1910 sint.
3036 1853 3202 1909 Unde
3252 1856 3341 1910 sat
3368 1854 3450 1910 eis
3479 1854 3567 1911 est
3597 1854 3649 1911 si

1995 1938 2427 2012 praeteritorum
2460 1943 2829 1997 curationem
2873 1936 3073 2016 adepti
3123 1946 3259 1999 sunt
3305 1943 3644 2015 criminum,

1996 2030 2160 2102 quod
2208 2036 2329 2085 non
2378 2032 2538 2086 tersit
2587 2036 2935 2087 catenarum
2994 2020 3230 2102 stridor,
3276 2024 3413 2087 ferri
3464 2042 3642 2101 onus,

1998 2114 2244 2190 squalor
2301 2120 2577 2191 carceris,
2626 2134 2735 2176 nec
2791 2121 3023 2177 diversa
3078 2118 3392 2195 poenalitas
3449 2139 3647 2196 perse-

1994 2208 2252 2279 quenﬁs.

2067 2295 2118 2353 4.
2164 2297 2342 2368 igitur
2366 2292 2493 2354 haec
2526 2302 2683 2355 ‘vana
2706 2290 3269 2373 parvlpendentium
3300 2292 3643 2358 adiuventio

1996 2394 2256 2457 congrua
2291 2400 2531 2443 necesse
2560 2394 2647 2444 est
2665 2384 2864 2457 legum
2898 2391 3242 2447 auctoritate
3272 2388 3642 2461 retundatur,

1998 2478 2071 2543 et,
2090 2476 2148 2530 in
2182 2476 2474 2546 rptantUm
2501 2468 2788 2533 Dominus
2822 2468 3060 2551 iuverit,
3086 2476 3345 2535 veridiCo
3376 2481 3647 2536 assertio-

1997 2576 2141 2620 nmn
2172 2567 2350 2621 ariete
2382 2564 2751 2640 impellatur;
2786 2571 2849 2624 ut
2894 2585 3064 2624 mens
3094 2562 3507 2639 religiosorum
3555 2587 3650 2625 sa-

2000 2655 2345 2710 cratissimis
2370 2655 2601 2711 imbuta
2631 2650 2906 2725 oraculis,
2934 2657 3125 2715 discat
3154 2675 3226 2714 ex
3257 2648 3497 2715 veritate
3544 2675 3648 2715 no-

1998 2742 2188 2814 vitios,
2222 2738 2388 2800 sicuti
2420 2747 2653 2817 priscos
2710 2748 2977 2803 venerari
3005 2752 3311 2820 patronos,
3346 2753 3499 2821 quos
3546 2764 3647 2819 ge-

1999 2822 2187 2889 nerali
2236 2832 2547 2891 devotione
2575 2849 2682 2908 per
2708 2840 2960 2893 mortem
3010 2837 3332 2907 gloriosam
3358 2830 3441 2893 ire
3468 2828 3654 2896 cernit

2000 2918 2077 2977 ad
2100 2921 2301 2977 caelos.

2072 3016 2123 3066 5.
2170 3008 2322 3077 Quid
2354 3012 2511 3068 enim
2563 3010 2749 3069 celere
2780 3004 3067 3069 militibUs
3100 3015 3320 3071 sanctis
3351 3004 3653 3073 excidium

2001 3098 2199 3167 ofﬁcit,
2228 3112 2334 3174 per
2385 3102 2550 3175 quod
2581 3103 2657 3158 ad
2704 3098 2765 3157 id
2814 3105 3028 3159 cursim
3068 3096 3352 3176 pervenit,
3394 3121 3517 3177 quo
3548 3118 3654 3177 per

2002 3191 2163 3246 Varia
2194 3195 2251 3246 et
2272 3196 2485 3264 aspera
2515 3194 2809 3248 tormenta
2830 3186 2972 3249 olim
3001 3191 3310 3264 catalogus
3335 3188 3653 3252 beatorum

2001 3276 2292 3336 accessit?
2325 3278 2440 3336 Aut
2469 3280 2613 3354 quid
2644 3283 2883 3338 interest
2910 3299 3032 3355 quo
3072 3283 3279 3339 mortis
3311 3278 3525 3354 genere
3578 3300 3655 3342 ex

1998 3371 2111 3426 hac
2137 3371 2258 3425 vita
2290 3372 2496 3426 mortis
2520 3364 2786 3440 excedat,
2818 3372 3086 3447 quando,
3120 3374 3182 3429 ut
3211 3369 3497 3446 scriptum
3523 3379 3648 3431 est:

1997 3456 2202 3516 Justus
2228 3464 2583 3532 Quacunque
2612 3464 2800 3517 morte
2820 3469 3279 3533 praeoccupatus
3296 3462 3507 3533 fuerit,
3527 3463 3654 3520 ani-

1998 3560 2097 3604 ma
2127 3550 2255 3619 ejus
2286 3544 2347 3604 in
2379 3550 2695 3621 refrigerio
2741 3555 2853 3607 erit
2883 3555 2911 3607 ?
2937 3550 3096 3625 (Sup.
3128 3570 3203 3624 ιν,
3235 3550 3310 3625 7.)
3346 3553 3458 3610 Aut
3503 3550 3652 3627 quid

1999 3630 2169 3693 obest
2199 3641 2397 3694 utrhm
2440 3655 2546 3712 per
2576 3640 2759 3711 longa
2807 3640 3194 3711 cruciamina,
3227 3659 3305 3699 an
3335 3634 3651 3700 subitaneo

1997 3725 2164 3781 obitu
2192 3722 2447 3791 decidat,
2480 3729 2727 3801 quando
2760 3745 2881 3786 una
2911 3730 3244 3803 eademque
3275 3748 3368 3787 res
3398 3736 3487 3788 est
3513 3749 3650 3806 quae

1997 3819 2283 3887 utrosque
2313 3822 2580 3881 coronat,
2613 3817 2770 3872 zelus
2801 3818 3018 3874 scilicet
3052 3820 3171 3886 Dei,
3201 3822 3255 3875 et
3282 3836 3452 3877 amor
3480 3821 3651 3890 regni

1996 3899 2316 3975 perpetui?
2346 3904 2431 3985 An
2482 3918 2602 3959 non
2629 3900 2870 3975 perfecti
2899 3906 3274 3961 exsecutores
3324 3912 3649 3979 praecepto-

1995 4007 2131 4046 rum
2159 3990 2368 4046 Christi
2398 3990 2679 4046 censendi
2710 3995 2865 4058 sunt,
2898 3993 3021 4065 qui,
3056 3988 3371 4051 subitanea
3398 3994 3647 4053 mortiﬁ-

1994 4080 2227 4136 catione
2276 4080 2534 4144 accensi,
2564 4096 2763 4137 rerum
2813 4080 3253 4139 oblectamenta
3277 4091 3645 4160 spernentes,

1994 4167 2175 4224 etiam
2205 4174 2544 4242 parentum,
2561 4160 2842 4237 ﬁliorum,
2867 4170 3646 4246 conjugum,fratrum,cun-

1995 4258 2349 4331 ctorumque
2380 4250 2721 4315 affectiones
2751 4256 3022 4317 afﬁnium
3054 4258 3134 4317 ad
3179 4261 3475 4334 punctum
3502 4269 3647 4322 tem-

1996 4348 2156 4419 poris
2173 4342 2592 4420 abnegarunt?
2618 4352 2682 4405 Et
2702 4348 2845 4423 quid
2868 4351 3019 4407 inter
3048 4351 3323 4410 universa
3351 4344 3644 4425 supplicia

1996 4438 2297 4494 cruentius
2327 4444 2515 4495 morte
2562 4444 2694 4495 est?
2723 4436 2875 4506 Quid
2934 4436 3271 4508 terribilius,
3303 4458 3489 4514 quam
3536 4443 3644 4499 ml-

1993 4530 2227 4584 cantem
2273 4533 2409 4585 antc
2462 4528 2669 4585 oculos
2712 4546 2950 4586 cernere
2995 4520 3261 4599 gladium
3311 4530 3642 4586 cervicibus

1991 4612 2400 4675 confitentium
2450 4616 2720 4693 protinus
2776 4612 3174 4693 illapsurum‘?
3203 4618 3317 4675 Aut
3360 4617 3505 4691 quid
3535 4634 3643 4692 per

1988 4705 2171 4775 longa
2191 4704 2519 4762 certamina
2538 4708 2651 4762 nisi
2672 4724 2835 4762 mors
2860 4704 3077 4763 Sanctis
3094 4701 3457 4783 martyribus
3477 4722 3641 4779 quae-

1988 4790 2183 4850 ritur?
2209 4794 2313 4850 Illa
2364 4794 2565 4868 utique
2596 4806 2757 4851 mors
2783 4796 2857 4851 de
2895 4813 3019 4869 qua
3059 4796 3371 4853 Psalmista
3393 4796 3559 4853 canit
3584 4800 3641 4854 et

1989 4875 2166 4938 dicit:
2196 4878 2466 4939 Pretiosa
2496 4882 2557 4939 in
2586 4890 2900 4954 conspectu
2932 4882 3172 4942 Domini
3215 4903 3372 4943 mors
3401 4894 3638 4944 saneto-

1987 4988 2123 5028 rum
2154 4966 2281 5043 ejus
2310 4968 2501 5043 (Psal.
2526 4989 2650 5039 cxv,
2686 4974 2790 5044 15).
2826 4970 2951 5029 Non
3007 4972 3165 5031 enim
3214 4976 3318 5033 diu
3366 4977 3636 5050 patienti,

1989 5061 2094 5117 sed
2124 5058 2385 5117 vincenti
2416 5074 2638 5119 corona
2676 5062 3056 5135 promittitur.
3090 5062 3155 5120 Et
3185 5063 3428 5123 feliciori
3457 5068 3636 5140 perti-

1983 5151 2158 5207 nacia
2210 5148 2371 5209 beati
2419 5153 2629 5219 agonis
2672 5153 2991 5209 terminum
3023 5155 3398 5226 praestolans,
3429 5158 3503 5213 de
3531 5174 3635 5232 spe

1987 5236 2193 5298 salutis
2221 5242 2455 5298 aeternae
2485 5240 2943 5316 quodammodo
2970 5240 3165 5314 magis
3194 5247 3517 5316 animatur,
3548 5247 3637 5302 di-

1984 5337 2150 5388 cente
2174 5325 2427 5388 Domino
2452 5349 2464 5388 :
2501 5332 2615 5403 Qui
2633 5337 3103 5403 perseveraverit
3132 5352 3314 5407 usque
3342 5338 3406 5392 in
3432 5338 3634 5407 ﬁnem,

1986 5418 2082 5478 hic
2110 5422 2313 5479 salvus
2343 5426 2457 5479 erit
2489 5418 2724 5494 (Matth.
2760 5442 2810 5492 Χ,
2843 5424 2959 5497 22).
2993 5424 3123 5482 Sive
3178 5433 3378 5483 autem
3408 5426 3636 5483 dilatio-

1984 5511 2184 5577 nibus,
2256 5513 2375 5567 sive
2452 5508 2703 5569 fortuitis
2769 5513 3009 5570 casibus
3075 5515 3426 5589 passionum
3494 5520 3636 5572 stre-

1983 5601 2118 5657 nuis
2147 5595 2433 5657 militibus
2456 5604 2698 5675 propter
2728 5602 3020 5659 Christum
3053 5603 3465 5681 pugnan‘tibus
3492 5620 3633 5675 pro-

1982 5705 2129 5762 pera
2176 5705 2281 5746 seu
2328 5690 2502 5748 tarda
2539 5708 2704 5749 mors
2744 5683 3038 5763 occurrat,
3080 5693 3196 5748 hoc
3248 5691 3630 5747 solummodo
