4140 6188
481 126 589 180 855

1673 126 1732 179 S.
1773 123 2052 179 EULOGll
2101 124 2430 182 ARCHIEP.
2467 128 2707 184 TOLET.

479 245 919 303 advertendum
976 250 1088 315 est,
1116 247 1165 302 si
1214 261 1399 303 causa
1450 247 1590 303 ﬁdei
1643 246 1958 322 passiones
1984 247 2136 304 exci-
2165 249 2216 303 Α
2315 257 2369 305 7.
2400 251 2815 308 Miraculorum
2833 267 2973 307 vero
2990 248 3249 319 insignia
3269 247 3401 304 ideo
3423 247 3565 304 olim
3588 247 3737 302 inter
3756 261 3902 319 sup-

477 336 669 410 piant,
704 335 752 391 si
800 339 1045 408 propter
1095 335 1392 392 Christum
1449 342 1875 393 coronatorum
1917 341 2136 410 marty-

479 439 637 491 rum,
683 426 750 480 ut
793 423 855 478 in
906 427 1196 480 aeternum
1246 424 1572 494 salventur,
1605 426 1841 482 animas
1889 425 2136 498 perdere

479 511 788 579 anhelant,
818 512 972 568 sicut
1001 513 1289 586 scriptum
1311 520 1400 571 est
1433 532 1446 570 :
1481 517 1544 570 Si
1571 517 1703 587 quis
1729 516 1984 572 voluerit
2008 517 2136 572 ani-

478 617 638 658 mam
666 617 835 658 suam
867 603 1098 658 salvam
1120 605 1347 676 facere,
1370 605 1580 674 perdet
1609 621 1757 671 eam,
1786 611 1838 661 et
1869 607 1974 676 qui
1996 621 2136 675 per-

479 691 701 748 diderit
727 692 989 748 animam
1023 708 1192 749 suam
1237 699 1488 764 propter
1513 711 1623 763 me,
1646 695 1708 750 in
1752 696 1934 751 vitam
1974 700 2139 751 aeter-

478 795 623 839 nam
668 780 957 836 custodiet
987 795 1116 836 eam
1165 781 1362 852 (Ibid.,
1396 784 1506 854 39).
1538 787 1707 845 Nam,
1740 788 1796 838 et
1847 783 1892 838 si
1947 782 2137 854 culpis

479 868 728 926 obnoxii
774 873 1080 932 maneant,
1114 874 1170 926 et
1220 887 1292 926 ex
1341 871 1609 943 qualibet
1652 873 1826 928 sorde
1856 873 2136 928 vitiorum

478 957 680 1014 infecti
710 957 790 1014 ad
830 959 1186 1030 martyrium
1213 960 1478 1029 veniant,
1509 961 1656 1017 nihil
1683 961 1932 1035 impedit
1957 981 1969 1029 ;
1997 978 2137 1017 cum

479 1047 766 1104 omnibus
808 1049 1140 1120 martyriali
1188 1055 1414 1123 tropaeo
1461 1051 1668 1106 deletis
1712 1051 1790 1107 ad
1840 1051 2138 1108 Christum

480 1135 813 1194 coronandi
843 1137 1151 1193 accedant.
1174 1138 1338 1193 Idem
1370 1139 1529 1194 enim
1561 1144 1650 1196 est
1679 1156 1785 1212 per
1813 1139 2002 1196 multa
2025 1143 2140 1195 tor-

479 1229 686 1282 menta
715 1224 776 1280 in
800 1225 1044 1280 nomine
1076 1226 1353 1282 Cruciﬁxi
1383 1227 1653 1284 animam
1695 1228 1756 1284 in
1787 1234 1975 1284 morte
2026 1233 2140 1283 tra-

481 1314 644 1377 dere,
663 1319 721 1370 et
750 1314 938 1370 semel
963 1331 1087 1371 uno
1107 1315 1228 1371 ictu
1256 1322 1500 1389 propter
1528 1317 1728 1390 ipsum
1759 1318 2137 1380 occumbere.

481 1405 590 1478 qui
611 1404 785 1461 dixit:
809 1404 876 1461 Si
899 1407 1030 1477 quis
1048 1407 1384 1475 perdiderit
1406 1409 1670 1464 animam
1700 1425 1869 1465 suam
1893 1415 2142 1478 propter

481 1511 594 1564 me,
621 1496 684 1551 in
715 1496 897 1552 vitam
932 1501 1217 1552 aeternam
1246 1498 1504 1555 inveniet
1533 1515 1681 1555 eam.
1714 1503 1778 1555 Et
1824 1500 1957 1555 licet
2005 1500 2142 1555 scri-

2243 338 2421 411 plicia
2445 356 2552 412 per
2577 340 2823 396 eosdem
2850 338 3103 396 athletas
3131 337 3231 394 Dei
3262 337 3446 392 virtus
3498 333 3726 390 mundo
3751 350 3904 408 prte-

2245 427 2462 499 stabat,
2500 432 2566 484 ut
2594 429 3006 500 prodigiorum
3033 425 3346 482 virtutibus
3370 423 3464 480 vel
3495 423 3789 492 mitigaret
3814 422 3906 478 fu-

2244 520 2482 572 rentum
2502 517 2823 586 insaniam,
2852 532 2989 589 qua;
3019 515 3337 572 beatorum
3357 512 3753 570 constantiam
3775 511 3907 567 fati.

2247 605 2457 675 gabat;
2481 606 2569 662 vel
2602 607 2977 663 incredulum
3001 621 3190 677 genus
3215 604 3292 661 ab
3322 601 3684 660 infidelitatis
3705 616 3904 658 errore

2245 698 2634 766 converteret,
2669 697 2773 770 qui
2805 694 3133 752 ccelestium
3160 694 3298 765 jura
3330 691 3767 764 Scripturarum
3797 689 3908 745 ob-

2244 783 2472 840 duratis
2502 786 2845 858 praecordiis
2869 783 3212 858 respuebat.
3237 786 3488 854 Eratque
3514 780 3612 836 illo
3635 786 3906 853 tempore

2245 873 2544 930 multoties
2583 875 2990 930 necessarium
3025 873 3124 928 Dei
3162 875 3340 928 testes
3371 870 3558 940 signis
3587 885 3905 926 coruscare

2243 962 2550 1027 virtutum,
2601 963 2890 1035 quoniam
2941 961 3154 1017 rudem
3202 976 3310 1033 per
3357 975 3556 1013 aevum
3610 957 3905 1016 diffusum

2247 1051 2764 1108 Christianismum
2792 1068 2954 1107 nunc
2975 1049 3362 1106 instructione
3381 1047 3721 1118 verborum,
3739 1063 3905 1103 nunc

2245 1140 2663 1197 exercitatione
2684 1141 3146 1214 Scripturarum,
3165 1154 3326 1194 nunc
3347 1135 3682 1192 ostensione
3703 1137 3904 1206 signo.

2246 1243 2402 1295 rum,
2429 1243 2591 1284 nunc
2617 1228 2795 1284 etiam
2827 1227 3064 1300 tropaeis
3085 1225 3321 1298 inclytis
3344 1224 3690 1298 passionum
3711 1240 3903 1280 cona-

2246 1316 2468 1372 bantur
2504 1317 2787 1374 radicitus
2817 1318 2944 1373 fieri
2976 1318 3220 1372 ﬁrmum
3251 1315 3312 1371 in
3343 1314 3626 1372 cordibus
3656 1314 3906 1369 creden-

2248 1407 2396 1463 tium
2428 1408 2814 1482 populorum,
2848 1409 2998 1464 sicut
3028 1407 3316 1480 scriptum
3376 1411 3462 1461 est
3497 1422 3509 1459 :
3543 1406 3772 1460 Euntes
3797 1420 3907 1474 per

2251 1499 2592 1554 universum
2622 1495 2934 1567 mundum,
2964 1498 3288 1568 pradicate
3323 1495 3720 1564 Evangelium
3748 1497 3908 1549 omni

481 1591 656 1660 ptum
688 1586 782 1654 sit,
815 1588 975 1659 quod
998 1603 1108 1657 per
1150 1589 1372 1644 multas
1422 1591 1840 1648 tribulationes
1869 1597 2138 1662 oporteat
2171 1603 2214 1656 Β
2253 1591 2566 1642 creaturce.
2594 1586 2708 1653 Qui
2736 1587 3076 1652 crediderit,
3103 1592 3154 1641 et
3188 1584 3522 1654 baptizatus
3549 1584 3763 1652 fuerit,
3789 1583 3902 1638 sal-

482 1693 591 1733 nos
621 1678 1012 1734 conscendere
1049 1678 1131 1733 ad
1159 1694 1409 1748 regnum
1457 1681 1613 1748 (Act.
1643 1698 1761 1749 xiv,
1795 1682 1908 1752 2t),
1936 1683 2141 1755 utique

483 1782 625 1824 cum
669 1771 1014 1840 suppetunt,
1043 1768 1462 1825 sustinendum
1511 1775 1599 1827 est
1650 1787 1842 1844 usque
1891 1772 1969 1828 ad
2018 1772 2145 1829 obi-

482 1859 648 1923 tum;
682 1855 773 1911 sin
822 1872 964 1912 vero
1018 1855 1286 1913 celeritas
1333 1860 1744 1932 persequentis
1785 1860 2143 1917 intercidens

483 1944 826 2017 expeditam
857 1945 1301 2002 confessoribus
1337 1947 1549 2003 Christi
1577 1948 1835 2006 intulerit
1865 1955 2141 2021 mortem,

485 2037 544 2090 et
571 2035 632 2090 in
661 2034 776 2090 hoc
801 2033 1143 2090 nullatenus
1175 2035 1363 2105 gloria
1408 2053 1616 2093 eorum
1666 2038 2004 2095 mutilanda
2032 2045 2142 2110 est,

483 2123 629 2196 quia
655 2129 1191 2197 perseveraverunt
1220 2141 1410 2198 usque
1441 2127 1501 2182 in
1533 2127 1736 2184 ﬁnem.

557 2217 610 2269 6.
652 2214 892 2270 Frustra
920 2230 1064 2284 ergo
1095 2215 1220 2271 zelo
1275 2215 1376 2272 Dei
1418 2233 1707 2273 accensus
1751 2219 1830 2274 ad
1868 2219 2143 2276 bravium

483 2301 789 2359 festinaret
818 2304 990 2360 miles
1035 2304 1333 2375 egregius,
1373 2309 1432 2362 et
1471 2323 1646 2363 casso
1680 2312 1898 2364 conatu
1939 2309 1999 2364 in
2030 2309 2145 2382 pri-

484 2391 764 2448 mordiali
791 2393 1211 2450 exercitatione
1240 2394 1396 2449 vires
1417 2412 1560 2452 suas
1589 2397 1972 2469 expenderet,
1997 2398 2044 2453 si
2064 2399 2143 2454 ab

482 2478 842 2550 imperatore
870 2481 1130 2536 emeritae
1159 2481 1419 2537 victoria
1468 2483 1786 2556 triumphis
1823 2483 2142 2540 defrauda-

483 2571 666 2631 retur,
701 2581 812 2638 pro
841 2583 912 2622 eo
967 2569 1135 2640 quod
1182 2569 1243 2624 in
1291 2569 1604 2642 procinctu
1646 2576 1705 2628 et
1752 2572 1812 2626 in
1842 2572 1974 2644 ipso
2003 2572 2141 2628 belli

484 2653 757 2726 auspicio
785 2654 1056 2726 palmam
1086 2656 1161 2711 de
1193 2660 1448 2728 tyranno
1479 2659 1754 2727 obtinuit,
1786 2677 1982 2732 neque
2006 2677 2141 2717 eam

483 2742 716 2800 diutina
741 2747 798 2800 et
822 2743 1128 2800 laboriosa
1159 2746 1593 2804 conﬂictatione
1624 2750 2005 2822 conquisivit,
2039 2757 2143 2808 aut

485 2847 594 2905 per
623 2831 1050 2888 multimodum
1083 2836 1542 2892 concertationis
1571 2837 1914 2895 discursum
1953 2840 2141 2913 adep-

2253 1688 2358 1728 vus
2387 1673 2542 1744 erit;
2571 1675 2676 1745 qui
2705 1689 2840 1729 vero
2871 1689 2989 1728 non
3022 1672 3361 1738 crediderit,
3389 1669 3898 1727 condemnabitur.

2249 1762 2440 1832 Signa
2468 1767 2666 1818 autem
2697 1778 2790 1819 eos
2830 1765 2934 1834 qui
2956 1762 3317 1819 crediderint
3341 1775 3362 1830 ,°
3391 1760 3514 1816 haec
3544 1766 3898 1830 sequentur:

2257 1853 2324 1906 In
2351 1853 2587 1908 nomine
2606 1868 2731 1909 meo
2748 1853 3040 1908 daemonia
3061 1852 3319 1922 ejicient,
3344 1851 3566 1921 linguis
3586 1852 3898 1921 loquentur

2254 1942 2440 2007 novis,
2470 1949 2767 2012 serpentes
2799 1943 3030 2010 tollent,
3062 1947 3115 1998 et
3147 1942 3201 1996 si
3224 1940 3604 2009 mortiferum
3650 1940 3795 2009 quid
3822 1938 3895 1992 bi-

2255 2031 2469 2097 berint,
2503 2047 2620 2086 non
2648 2032 2729 2088 eis
2769 2031 3017 2087 nocebit.
3041 2032 3237 2100 Super
3261 2044 3448 2100 aegros
3482 2043 3700 2083 manus
3726 2029 3895 2096 impo-

2252 2127 2415 2188 nent,
2440 2127 2493 2177 et
2523 2122 2664 2178 bene
2686 2121 3005 2178 habebunt.
3039 2121 3149 2176 Illi
3165 2127 3358 2176 autem
3381 2120 3670 2189 profecti,
3689 2118 3894 2187 praedi-

2253 2214 2542 2264 caverunt
2573 2210 2786 2280 ubique
2812 2210 3064 2264 Domino
3095 2213 3466 2278 cooperante,
3500 2213 3554 2262 et
3579 2220 3895 2262 sermonem

2255 2299 2647 2366 conﬁrmante
2667 2298 3042 2370 sequentibus
3063 2298 3248 2366 signis
3273 2297 3488 2363 (Marc.
3503 2312 3624 2354 xw.
3645 2299 3706 2350 t5
3729 2298 3895 2366 seq.).

2255 2386 2321 2440 Et
2339 2385 2553 2441 iterum
2579 2402 2591 2440 :
2616 2386 2863 2452 Euntes,
2882 2386 3235 2455 pradicate,
3254 2385 3510 2440 dicentes
3530 2385 3669 2454 quia
3689 2397 3899 2451 appro-

2250 2474 2569 2544 pinquavit
2599 2490 2850 2544 regnum
2878 2475 3182 2530 caelorum.
3207 2474 3483 2542 Inﬁrmos
3505 2478 3718 2536 curate,
3741 2485 3894 2524 mor-

2254 2568 2384 2618 tuos
2414 2565 2715 2627 suscitate,
2748 2566 3006 2634 leprosos
3025 2563 3330 2629 mandate,
3359 2563 3636 2618 daemones
3661 2560 3896 2629 ejicite;

2251 2655 2442 2722 gratis
2471 2655 2801 2724 accepistis,
2833 2656 3022 2724 gratis
3053 2655 3191 2709 date
3236 2651 3479 2724 (Matth.
3509 2667 3561 2715 χ.
3583 2655 3639 2720 ’1,
3661 2653 3736 2720 8).
3767 2651 3900 2704 Haec

2252 2741 2448 2813 prima
2491 2741 2631 2797 ﬁdei
2685 2747 2902 2798 nostra:
2955 2742 3295 2798 rudimenta
3336 2741 3576 2796 fuerunt
3622 2757 3636 2794 :
3685 2738 3897 2794 harum

2251 2818 2670 2887 exercitatione
2700 2832 3009 2898 virtutum,
3037 2831 3216 2904 quasi
3241 2831 3590 2887 laetantium
3620 2828 3896 2902 parvulo-

485 2919 580 2976 sit.
638 2919 754 2976 Illis
805 2921 1010 2994 utique
1058 2921 1374 2980 laboriosis
1413 2926 1854 2997 vexationibus,
1906 2933 1963 2985 et
2017 2945 2138 2984 non
2170 2954 2212 3008 ο
2248 2935 2385 2975 rum
2416 2921 2704 2993 auspicia,
2730 2921 3062 2977 teneritudo
3091 2921 3221 2992 ejus
3245 2926 3302 2976 et
3331 2920 3571 2976 confota
3601 2925 3694 2976 est
3718 2924 3775 2975 et
3801 2934 3899 2974 nu-

483 3008 775 3083 expeditae
805 3009 1066 3067 victoriae
1095 3027 1321 3069 corona
1349 3012 1684 3078 deberetur,
1711 3017 1758 3071 si
1785 3017 1979 3088 magis
2006 3034 2141 3091 pro-

483 3097 678 3155 lixitas
707 3114 951 3172 pugnae,
986 3117 1175 3173 quam
1205 3101 1551 3160 festinatum
1586 3109 1880 3178 tropaeum
1922 3122 2138 3179 pensa-

479 3191 663 3244 retur.
681 3189 944 3255 Qualitas
969 3189 1171 3264 itaque
1193 3207 1315 3248 non
1338 3195 1644 3265 quantitas
1669 3195 2013 3252 intentionis
2035 3197 2140 3252 ob-

480 3277 780 3334 servanda
804 3283 894 3334 est
916 3279 1306 3337 discurrentis
1338 3282 1416 3337 ad
1451 3284 1790 3354 praemium,
1823 3301 1962 3341 cum
1991 3303 2140 3358 quo-

477 3366 792 3438 quomodo
843 3367 929 3422 rei
975 3367 1328 3426 desiderata;
1361 3371 1632 3443 capiatur
1674 3373 1939 3430 effectus.
1976 3378 2138 3432 Unus

479 3456 684 3509 tamen
715 3453 998 3526 idemque
1024 3461 1117 3512 est
1143 3473 1245 3512 rex
1277 3463 1550 3527 aeternus,
1581 3477 1692 3533 pro
1723 3464 1896 3534 cujus
1935 3481 2140 3520 amore

481 3539 915 3612 temporalibus
947 3557 1008 3597 se
1027 3544 1415 3616 passionibus
1446 3548 1630 3604 sancti
1653 3565 1864 3606 omnes
1889 3553 2140 3609 submit-

480 3633 631 3685 tunt.
685 3628 841 3696 Quid
892 3630 1052 3687 enim
1104 3632 1320 3689 latroni
1369 3637 1717 3706 evangelico
1772 3639 2016 3711 obstitit,
2069 3644 2138 3715 (l)

479 3717 646 3790 quod
668 3717 930 3776 fraterno
953 3736 1162 3778 cruore
1185 3722 1341 3779 illitis
1362 3725 1648 3782 manibus
1674 3744 1910 3785 crucem
1935 3747 2140 3788 ascen-

479 3804 613 3862 dit?
641 3807 761 3863 Aut
785 3807 1066 3880 qualibus
1096 3809 1250 3868 inter
1284 3812 1419 3885 ipsa
1445 3814 1655 3870 mortis
1684 3817 2002 3890 dispendia
2027 3822 2138 3876 mi-

478 3895 698 3952 raculis
733 3899 1095 3966 coruscavit,
1127 3901 1234 3973 qui
1263 3902 1352 3973 (ut
1381 3902 1463 3960 ita
1483 3903 1758 3974 dixerim)
1786 3908 1965 3963 totius
2006 3911 2138 3966 vitae

480 3999 605 4039 suae
636 3989 860 4041 metam
891 3986 1237 4059 latrociniis,
1267 3991 1516 4064 rapinis,
1547 3995 1884 4068 praedisque
1906 4000 2140 4068 exegit?

481 4074 552 4127 Et
580 4075 784 4128 tamen
827 4074 942 4130 sub
985 4077 1165 4133 unius
1214 4079 1586 4138 confessione
1633 4086 1919 4141 momenti
1975 4091 2138 4144 tanto

481 4158 701 4216 scelere
743 4176 867 4218 non
912 4163 1110 4221 solum
1157 4167 1399 4237 eruitur,
1432 4185 1644 4226 verum
1686 4173 1865 4229 etiam
1920 4175 2139 4246 dignus

480 4247 773 4305 comitatu
819 4252 1231 4320 Redemptoris
1279 4257 1510 4328 primus
1540 4261 1803 4332 paradisi
1828 4278 2139 4334 possessor

479 4334 758 4406 habetur,
791 4339 1024 4398 dicente
1077 4345 1329 4401 Domino
1363 4365 1375 4403 :
1411 4349 1606 4405 Hodie
1653 4366 1880 4408 mecum
1911 4355 2025 4408 eris
2072 4356 2135 4410 in

476 4426 764 4493 paradiso
795 4430 962 4495 (Luc.
993 4448 1155 4498 xxm,
1177 4436 1288 4504 43).
1316 4437 1382 4490 Et
1405 4437 1475 4505 si,
1503 4454 1681 4493 nemo
1713 4439 2003 4510 majorem
2029 4443 2135 4498 ha-

479 4511 581 4602 bet
607 4513 1008 4583 dilectionem,
1030 4537 1217 4594 quam
1243 4523 1347 4596 qui
1377 4525 1645 4582 animam
1669 4544 1843 4585 suam
1862 4545 1972 4602 pro
1993 4533 2140 4588 ami-

479 4601 562 4658 cis
594 4604 717 4660 suis
747 4608 916 4677 ponit
967 4611 1163 4680 (Joan.
1195 4628 1295 4680 xv,
1331 4612 1435 4685 l3),
1485 4621 1712 4688 quanto
1741 4601 2140 4677 excellentiori

477 4691 764 4751 charitate
815 4696 1099 4754 ferendus
1149 4706 1258 4770 est,
1288 4702 1394 4775 qui
1422 4719 1533 4776 pro
1585 4708 1704 4763 Deo
1737 4723 1846 4764 suo
1877 4709 2142 4768 decertat

477 4795 671 4851 usque
699 4783 780 4838 ad
807 4791 1061 4843 mortem
1079 4789 1108 4842 ‘t
1134 4792 1282 4846 Nam
1319 4795 1378 4847 et
1399 4793 1828 4864 paterfamilias
1867 4815 1990 4856 non
2018 4817 2140 4857 una

478 4866 629 4956 hora
658 4869 886 4926 colonis
917 4873 977 4928 in
1004 4875 1244 4933 vineam
1275 4879 1474 4936 missis
1505 4897 1744 4956 mquam
1800 4889 2138 4946 mercedem

476 4952 856 5052 dispensans,
887 4976 1006 5052 non
1038 4979 1407 5040 magnopere
1442 4970 1518 5026 de
1544 4952 1830 5047 temporis
1861 4983 2030 5034 curat
2054 4979 2138 5033 di-

477 5047 789 5137 versitate;
818 5048 962 5120 quia
981 5049 1043 5106 in
1077 5055 1496 5115 exercitatione
1521 5060 1744 5119 laboris
1774 5079 1895 5120 non
1935 5082 2137 5137 exper-

476 5131 598 5186 tem
636 5148 674 5190 a
701 5134 970 5206 priorum
1008 5140 1336 5202 intentione
1362 5148 1706 5208 ultimorum
1744 5131 2137 5212 mercenario-

476 5233 611 5276 rum
639 5237 888 5295 operam
911 5239 1283 5304 compensat.
1324 5236 1480 5293 Multi
1509 5244 1710 5295 autem
1740 5246 1914 5296 erunt
1939 5243 2136 5299 novis-

476 5305 610 5401 simi
631 5311 852 5401 primi,
881 5320 939 5372 et
962 5318 1143 5391 primi
1171 5323 1480 5381 novissimi
1508 5328 1745 5397 (Matth.
1775 5343 1886 5394 xix,
1920 5332 2043 5401 30);
2077 5335 2136 5388 et

475 5397 645 5484 multi
674 5403 916 5462 venient
969 5408 1048 5465 ab
1094 5412 1318 5469 oriente
1349 5419 1407 5471 et
1436 5416 1765 5484 occidente,
1805 5422 1862 5472 et
1906 5397 2134 5476 recum-

472 5483 614 5575 bent
637 5503 777 5546 cum
803 5493 1134 5569 Abraham,
1167 5505 1334 5560 Isaac
1364 5506 1422 5562 et
1445 5502 1629 5571 Jacob
1654 5503 1714 5575 in
1741 5483 1927 5572 regno
1957 5509 2134 5566 coelo-

470 5573 667 5634 lorum
695 5579 890 5650 (Ibid.,
923 5601 1048 5657 vni,
1085 5587 1195 5656 ll.)

2166 4309 2213 4363 D

2249 3009 2418 3077 trita;
2450 3015 2514 3067 ut
2542 3010 2866 3067 ministerio
2899 3011 3212 3082 signorum
3240 3010 3335 3066 vel
3365 3014 3686 3081 augeretur
3717 3008 3899 3065 multi-

2249 3099 2396 3156 tudo
2439 3100 2730 3167 ﬁdelium,
2757 3099 2842 3156 vel
2872 3101 3255 3156 roboraretur
3295 3099 3446 3155 ﬁdes
3494 3099 3896 3163 credentium;

2250 3205 2320 3245 ac
2336 3189 2512 3246 veluti
2541 3189 2822 3263 quaedam
2851 3190 3247 3246 instrumenta
3265 3189 3769 3244 ferramentorum
3787 3187 3898 3241 fue-

2249 3284 2410 3344 runt,
2447 3295 2552 3352 per
2579 3296 2715 3352 quae
2748 3283 3104 3335 ornamenta
3131 3295 3205 3334 ex
3234 3293 3382 3334 auro
3413 3283 3766 3348 argentove,
3794 3282 3896 3331 tor-

2251 3385 2400 3440 ques
2427 3368 2665 3438 scilicet,
2698 3367 2966 3435 monilia,
3001 3383 3333 3440 regumque
3364 3366 3718 3423 diademata
3746 3381 3896 3422 com-

2249 3457 2554 3528 ponenda,
2583 3457 2870 3530 aptanda,
2889 3461 2946 3512 et
2973 3455 3438 3528 compingenda,
3465 3455 3730 3512 formata
3752 3458 3894 3510 sunt.

2320 3548 2372 3601 8.
2416 3551 2640 3618 Itaque,
2673 3546 2863 3617 gratia
2893 3545 3367 3602 conﬁrmationis
3399 3544 3712 3600 catholicae
3751 3543 3896 3608 ﬁdei,

2249 3636 2309 3691 in
2334 3635 2665 3708 primordio
2690 3636 2781 3691 sui
2808 3639 3083 3708 portenta
3129 3640 3310 3708 atque
3353 3633 3643 3690 miracula
3674 3633 3897 3690 Christo

2249 3728 2607 3796 cooperante
2662 3724 2965 3798 profusius
3019 3740 3150 3780 esse
3208 3728 3449 3780 ostensa
3502 3723 3822 3788 videmus;
3850 3724 3900 3777 et

2249 3815 2383 3871 ideo
2403 3830 2526 3870 non
2553 3815 2842 3872 miracula
2867 3815 3051 3870 ﬁdem
3081 3813 3447 3887 praecedunt,
3477 3817 3582 3869 aut
3605 3812 3764 3868 ﬁdes
3797 3810 3896 3867 mi-

2249 3904 2465 3960 raculis
2494 3904 2650 3960 cedit
2668 3903 2748 3960 ad
2767 3920 3028 3977 quorum
3053 3902 3428 3959 efﬁcientiam
3454 3901 3569 3957 nisi
3591 3918 3702 3974 per
3721 3901 3894 3957 ﬁdem

2247 4011 2370 4050 non
2399 3995 2758 4067 pervenitur.
2795 3994 2886 4050 Sic
2916 3997 3149 4066 Moyses
3179 3992 3385 4062 legifer
3432 3997 3696 4058 sanctus,
3728 3989 3894 4046 alter-

2247 4087 2487 4141 natione
2518 4084 2700 4141 divini
2732 4083 3011 4156 colloquii
3041 4083 3281 4152 dignus,
3309 4081 3427 4137 ﬁde
3459 4081 3708 4150 grandis
3737 4080 3897 4136 effec-

2248 4180 2342 4230 tus
2369 4181 2480 4230 est.
2512 4174 2602 4230 Sic
2622 4175 2741 4229 Deo
2771 4172 3050 4228 credulus
3079 4172 3384 4228 Abraham
3409 4170 3734 4242 justiﬁcari
3773 4185 3896 4242 pro-

2248 4263 2484 4332 meruit,
2515 4262 2746 4318 dicente
2772 4262 3103 4334 Scriptura:
3131 4261 3396 4318 Credidit
3418 4260 3740 4316 Abraham
3765 4261 3893 4329 Deo,

2249 4361 2301 4410 et
2333 4358 2675 4422 reputatum
2704 4357 2786 4408 est
2832 4353 2930 4407 illi
2973 4351 3054 4408 ad
3071 4352 3398 4421 justitiam,
3431 4357 3483 4407 et
3533 4351 3770 4406 amicus
3799 4349 3898 4405 Dei

2247 4443 2590 4511 appellatus
2616 4447 2696 4496 est
2729 4442 2890 4508 (Cen.
2926 4457 3023 4506 xv,
3057 4444 3122 4507 6;
3153 4441 3281 4496 Jac.
3331 4456 3387 4502 ιι,
3419 4435 3507 4508 23)
3540 4438 3632 4495 Sic
3656 4439 3804 4509 justi
3829 4453 3892 4494 ex

2247 4531 2366 4588 ﬁde
2395 4531 2623 4598 vivunt,
2657 4535 2712 4587 et
2735 4546 2946 4588 omnes
2976 4529 3166 4586 sancti
3190 4545 3297 4602 per
3323 4527 3505 4584 ﬁdem
3535 4543 3730 4598 regna
3759 4528 3891 4582 vice-

2247 4625 2406 4691 runt,
2434 4620 2663 4694 operati
2685 4625 2822 4676 sunt
2843 4607 3157 4691 justitiam,
3185 4617 3384 4690 adepti
3417 4620 3557 4672 sunt
3585 4615 3892 4689 repromis-

2249 4711 2470 4773 siones,
2521 4710 2971 4775 obturaverunt,
3013 4723 3120 4764 ora
3171 4707 3437 4773 leonum,
3491 4706 3893 4762 exstinxerunt

2245 4799 2537 4873 impetum
2583 4799 2756 4870 ignis,
2811 4797 3167 4868 fugaverunt
3208 4795 3398 4851 aciem
3444 4793 3648 4864 gladii,
3681 4808 3892 4851 conva-

2244 4888 2486 4945 luerunt
2531 4889 2605 4944 de
2652 4888 3013 4955 inﬁrmitate,
3042 4885 3221 4941 fortes
3268 4883 3408 4939 facti
3455 4889 3594 4938 sunt
3642 4883 3710 4939 in
3749 4881 3893 4939 bello

2246 4979 2450 5050 (Hebr.
2482 4994 2543 5046 u,
2575 4982 2664 5046 33,
2695 4978 2804 5048 34).

2316 5074 2369 5122 9.
2415 5065 2660 5122 Videsne
2693 5067 2747 5136 (ο
2774 5070 2836 5120 tu
2865 5063 3138 5137 quisquis
3191 5062 3286 5118 ille
3315 5079 3401 5129 es,
3435 5061 3539 5134 qui
3564 5067 3780 5118 contra
3807 5075 3890 5115 as-

2245 5155 2462 5225 surgis)
2488 5154 2653 5220 quod
2683 5155 2810 5209 haec
2839 5153 3046 5209 omnia
3075 5152 3470 5208 instrumento
3491 5149 3635 5206 ﬁdei
3655 5155 3818 5216 sunt,
3843 5149 3891 5201 et

2242 5246 2419 5318 quasi
2438 5244 2712 5301 clientulo
2730 5243 3021 5300 famulatu
3035 5242 3150 5316 piae
3161 5241 3430 5311 religioni
3443 5241 3738 5311 subjecta,
3754 5244 3816 5294 ut
3828 5250 3890 5292 ex

2242 5333 2357 5390 hoc
2389 5350 2549 5390 nunc
2574 5335 2700 5405 jam
2728 5339 2782 5390 te
2820 5333 2881 5388 in
2910 5331 3153 5388 veritate
3182 5329 3421 5386 credere
3450 5333 3745 5402 oporteat,
3778 5339 3887 5383 non

2242 5423 2532 5494 prodigiis
2571 5429 2750 5496 atque
2787 5421 3099 5494 portentis,
3128 5419 3234 5475 sed
3281 5417 3613 5488 integritate
3655 5416 3815 5500 ﬁdei,
3841 5417 3890 5468 et

2241 5511 2632 5582 professionis
2643 5513 2980 5568 constantia
2990 5508 3432 5565 excellentiores
3443 5505 3886 5576 ﬁerimartyres:

2241 5597 2508 5671 illudque
2531 5601 2952 5663 tantummodo
2982 5600 3043 5655 in
3064 5599 3149 5655 eis
3171 5597 3244 5655 sit
3262 5595 3712 5658 admirandum,
3728 5589 3887 5666 quod
