4110 6190
246 152 359 225 85?.

1360 163 1561 219 LIBER
1599 154 2129 218 APOLOGETlCUS
2169 156 2571 217 MARTYRUM.

3567 158 3677 222 858

247 293 452 351 animo
482 288 708 347 fortiori
736 291 996 346 mortem
1031 292 1394 361 exceperunt
1435 290 1679 360 propter
1720 283 1911 342 Chris-
1936 282 1986 337 Δ
2023 282 2373 353 mysterium
2389 288 2456 340 ut
2467 300 2644 342 verus
2662 284 3000 341 Antichristi
3020 300 3358 358 praecursor
3372 302 3677 359 exercens,

244 386 397 447 tum,
457 379 559 454 qui
616 379 764 436 dixit
814 398 827 435 :
877 378 992 447 Qui
1041 379 1378 448 perdiderit
1421 391 1684 435 animam
1742 390 1909 431 suam

235 476 497 543 propter
510 484 624 539 me,
640 470 705 525 in
729 468 911 525 vitam
934 473 1218 524 mternam
1244 468 1504 525 inveniet
1525 483 1652 524 eam
1670 464 1907 538 (Matth.

245 568 302 626 Χ,
336 562 453 632 39).
471 561 626 617 Sane
656 559 925 615 omnium
945 557 1231 613 virtutum
1258 557 1431 613 radix
1462 574 1532 615 ac
1557 557 1914 613 fundamen-

248 653 384 707 tum
403 648 554 705 ﬁdes
586 651 692 716 est,
706 664 839 721 quae
872 650 1162 703 certantes
1190 646 1459 718 adjuvat,
1475 647 1777 703 vincentes
1806 661 1908 701 co-

251 743 453 809 ronat,
483 742 539 794 et
563 736 781 793 ccelesti
810 735 971 792 dono
1000 735 1303 809 quosdam
1332 736 1566 792 defectu
1598 736 1908 806 signorum

255 830 617 885 remunerat.
658 826 808 883 Nihil
835 830 925 882 est
954 825 1116 882 enim
1145 825 1311 898 quod
1342 824 1585 881 sincerae
1624 824 1765 881 ﬁdei
1806 825 1910 881 de-

253 922 526 987 negetur,
552 915 695 988 quia
722 930 830 972 nec
854 913 1017 970 aliud
1045 930 1081 970 a
1106 913 1281 970 nobis
1306 916 1460 970 Deus
1478 930 1663 987 quam
1686 912 1868 969 ﬁdem
1888 922 1913 949 ι

2018 371 2220 427 nescio
2262 388 2449 445 quam
2494 374 2774 431 novitatis
2817 372 3013 443 legem
3056 389 3166 446 pro
3223 389 3332 430 suo
3379 373 3568 443 libito,
3620 382 3678 434 et

2017 458 2300 516 instinctu
2329 462 2767 519 daemoniorum
2808 462 3040 535 perdito
3082 461 3264 533 vulgo
3294 463 3562 521 instituit.
3600 468 3677 523 De

2018 564 2278 621 quorum
2306 551 2607 623 impietate
2641 552 2852 609 beatus
2874 551 3096 608 Paulus
3122 552 3429 625 apostolus
3453 554 3676 626 patulis

2017 640 2410 711 prephetismi
2428 641 2685 697 oraculis
2709 646 2916 698 sancto
2938 641 3240 698 revelante
3264 643 3483 717 Spiritu
3503 643 3682 700 Thes-

2019 727 2490 784 salonicensibus
2523 729 2680 786 dicit:
2711 732 2833 787 Pro
2862 746 2926 787 eo
2948 732 3108 803 quod
3139 731 3497 788 charitatem
3528 735 3681 789 veri-

2021 819 2162 873 tatis
2197 834 2316 874 non
2354 827 2725 889 receperunt,
2769 827 2834 876 ut
2882 823 3038 878 salvi
3072 822 3303 890 ﬁerent,
3336 822 3465 895 ideo
3494 825 3680 880 mittit

2019 908 2142 962 illis
2176 908 2326 963 Deus
2356 910 2633 977 spiritum
2657 910 2880 965 erroris
2906 916 2971 965 ut
2992 910 3242 966 credant
3266 912 3595 983 mendacio,
3621 918 3678 969 et

250 1005 454 1077 exigit.
512 1005 673 1061 Hanc
722 1003 933 1074 diligit,
977 1003 1136 1059 hanc
1194 1002 1460 1076 requirit,
1508 1002 1648 1058 huic
1696 1007 1914 1059 cuncta
2009 997 2368 1066 judicentur
2386 1012 2583 1053 omnes
2604 999 2709 1069 qui
2731 1014 2851 1054 non
2878 999 3262 1055 crediderunt
3288 1002 3547 1065 veritati,
3577 1003 3680 1059 sed

246 1092 542 1168 promittit
571 1097 626 1148 et
654 1091 876 1148 tribuit.
918 1092 1121 1161 Fides,
1164 1091 1375 1164 inquit,
1423 1098 1527 1148 tua
1577 1098 1632 1148 te
1675 1093 1910 1149 salvum

244 1183 412 1254 fecit.
447 1185 514 1238 Et
548 1199 562 1238 :
596 1187 717 1238 esto
762 1182 960 1251 ﬁdelis
1000 1195 1185 1252 usque
1221 1182 1303 1237 ad
1340 1188 1611 1247 mortem,
1659 1187 1713 1238 et
1756 1181 1910 1237 dabo

247 1272 361 1328 tibi
385 1285 669 1327 coronam
709 1272 846 1327 vita?
885 1272 1089 1341 (Apoc.
1139 1286 1198 1333 ιι,
1250 1274 1359 1337 10).
1402 1269 1551 1326 Nihil
1590 1285 1732 1340 ergo
1770 1268 1911 1325 ﬁdei

247 1360 559 1429 Subtraxit,
589 1358 739 1416 nihil
767 1359 821 1415 ei
851 1359 1224 1431 impossibile
1255 1375 1384 1416 esse
1422 1359 1740 1432 depromit.

324 1485 409 1541 10.
449 1488 565 1542 Nec
594 1499 963 1557 magnopere
1002 1483 1076 1540 de
1119 1484 1530 1557 prodigiorum
1573 1484 1911 1554 insignibus

246 1571 678 1629 conﬁdendum
709 1576 816 1641 est,
860 1588 997 1645 quae
1043 1571 1399 1645 plerumque
1439 1571 1517 1627 ab
1566 1569 1910 1627 inﬁdelibus

246 1665 590 1732 exeruntur,
621 1665 686 1718 ut
710 1661 771 1717 in
804 1662 1009 1717 Exodo
1032 1660 1310 1717 scribitur
1342 1680 1354 1716 ε
1390 1662 1687 1717 Fecerunt
1716 1667 1771 1716 et
1788 1674 1912 1715 ma-

249 1752 407 1821 leﬁci
449 1766 557 1821 per
605 1753 1065 1819 incantationes,
1106 1751 1261 1806 sicut
1308 1755 1361 1806 et
1410 1750 1639 1819 Moyses
1688 1748 1908 1819 (Exod.

248 1855 354 1903 vn,
389 1844 473 1907 11,
507 1844 596 1904 22,
624 1848 679 1897 et
709 1857 831 1911 vui,
863 1845 919 1909 7,
968 1840 1073 1905 15).
1118 1840 1194 1894 De
1224 1854 1348 1910 qua
1377 1838 1709 1911 quaesticne
1754 1836 1914 1892 sutil-

248 1928 491 2000 cienter,
532 1932 599 1985 ut
640 1929 854 2003 opinor
903 1928 962 1984 in
1014 1926 1502 1984 illoMemorialib
1554 1929 1909 1984 Sanctorum

246 2010 429 2090 opere
459 2017 831 2090 disputatum
869 2020 976 2072 est.
1012 2015 1143 2072 Sive
1182 2015 1343 2071 enim
1378 2016 1478 2071 Dei
1520 2020 1699 2071 testes
1736 2014 1914 2070 mira-

247 2105 400 2162 culis
424 2105 701 2174 emicent,
730 2105 851 2160 sive
882 2104 1112 2176 absque
1137 2103 1425 2175 prodigiis
1454 2104 1700 2160 beatum
1730 2107 1915 2158 certa-

249 2210 397 2252 men
443 2193 781 2266 expediant,
828 2193 978 2249 nihil
1030 2193 1310 2260 interest;
1354 2210 1493 2249 cum
1547 2192 1624 2248 ab
1668 2194 1750 2248 eis
1798 2193 1914 2248 hoc

253 2281 512 2340 celestis
542 2286 746 2337 auctor
783 2281 1168 2338 solummodo
1208 2284 1464 2352 expetat,
1507 2285 1571 2355 ut
1609 2295 1796 2352 usque
1836 2279 1915 2336 ad

253 2370 441 2428 ﬁnem
481 2372 881 2427 constantiam
922 2372 1049 2444 spei
1075 2388 1196 2427 suae
1229 2387 1350 2427 non
1381 2371 1742 2439 deserentes,
1781 2369 1916 2425 viri-

249 2459 387 2515 liter
426 2476 684 2530 agonem
722 2466 1163 2532 consumment,
1191 2477 1312 2534 quo
1342 2461 1402 2516 in
1432 2466 1717 2516 aeternum
1758 2463 1916 2515 cata-

242 2546 401 2617 logis
448 2547 697 2603 adunati
740 2553 1107 2617 sanctorum,
1151 2548 1226 2605 de
1268 2550 1655 2621 perpetuitate
1705 2546 1914 2603 salutis

248 2634 534 2699 exultent,
603 2634 834 2692 dicente
892 2637 1145 2692 Domino
1201 2655 1213 2692 :
1273 2637 1388 2704 Qui
1437 2637 1914 2706 perseveraverit

250 2740 440 2797 usque
468 2726 532 2780 in
557 2726 758 2795 ﬁnem,
792 2726 890 2782 hic
918 2728 1121 2783 salvus
1150 2728 1261 2783 erit
1291 2727 1530 2795 (Matth.
1555 2743 1617 2793 x,
1648 2729 1763 2792 22).

324 2850 410 2905 ll.
474 2850 736 2923 Simplex
787 2850 1054 2923 profecta
1099 2851 1410 2925 dispositio
1463 2857 1672 2908 nostra
1734 2851 1911 2907 exsti-

2020 1091 2444 1141 consenserunt
2485 1087 2798 1157 iniquitati
2848 1088 2912 1142 in
2962 1089 3124 1142 omni
3180 1089 3521 1147 seductione
3567 1092 3677 1158 (II,

2021 1174 2189 1230 Thes.
2222 1189 2288 1237 ιι,
2326 1175 2411 1239 10,
2437 1174 2542 1246 11).
2564 1174 2726 1230 Idem
2756 1191 3001 1248 quoque
3028 1175 3106 1231 ad
3130 1179 3433 1233 Romanos
3460 1178 3638 1235 refert
3662 1196 3676 1234 :

2016 1262 2404 1318 Revelabitur
2448 1265 2603 1319 enim
2642 1264 2739 1320 ira
2782 1266 2893 1321 Dei
2933 1265 3005 1321 de
3043 1266 3190 1321 ctelo
3227 1281 3408 1335 super
3449 1283 3676 1325 omnem

2020 1351 2405 1420 impietatem,
2453 1358 2504 1409 et
2545 1354 2907 1423 injustitiam
2953 1353 3257 1410 hominum
3313 1369 3534 1423 eorum,
3576 1358 3682 1429 qui

2019 1441 2327 1495 veritatem
2360 1442 2422 1495 in
2448 1442 2752 1510 injustitia
2772 1443 3082 1513 detinent;
3110 1444 3253 1514 quia
3280 1444 3440 1515 quod
3470 1451 3678 1501 notum

2018 1532 2101 1584 est
2130 1529 2242 1583 Dei
2260 1530 2644 1597 manifestum
2672 1536 2754 1587 est
2777 1532 2841 1586 in
2868 1532 3011 1586 illis.
3058 1534 3124 1587 Et
3153 1548 3165 1586 :
3195 1532 3343 1588 Cum
3378 1534 3675 1601 cognovis-

1936 1629 1983 1684 Β
2017 1622 2145 1673 sent
2181 1618 2382 1687 Deum,
2423 1634 2543 1674 non
2584 1620 2735 1675 sicut
2782 1620 2970 1676 Deum
3011 1621 3532 1691 gloriﬁcaverunt,
3574 1628 3681 1678 aut

2015 1706 2250 1777 gratias
2276 1713 2568 1777 egerunt;
2597 1708 2699 1765 sed
2728 1715 3102 1765 evanuerunt
3128 1710 3191 1765 in
3220 1711 3681 1780 cogitationibus

2017 1796 2161 1857 suis,
2194 1800 2249 1850 et
2287 1795 2668 1852 obscuratum
2711 1803 2795 1853 est
2840 1798 3125 1867 insipiens
3165 1814 3269 1854 cor
3312 1814 3535 1856 eorum.
3579 1801 3684 1855 Di-

2019 1891 2213 1943 centes
2244 1887 2398 1943 enim
2425 1902 2486 1943 se
2504 1902 2626 1944 esse
2652 1888 2967 1957 sapientes,
2999 1889 3174 1945 stulti
3194 1890 3356 1959 facti
3375 1894 3536 1946 sunt.
3567 1890 3681 1959 Qui

2018 1980 2536 2033 commutaverunt
2565 1978 2874 2034 veritatem
2916 1978 3029 2034 Dei
3066 1979 3130 2034 in
3172 1979 3551 2035 mendacium
3575 1992 3599 2050 ,'
3624 1984 3679 2035 et

2020 2065 2355 2131 coluerunt,
2372 2071 2426 2121 et
2452 2068 2790 2123 servierunt
2811 2068 3071 2123 vanitati
3090 2068 3286 2136 potius
3301 2083 3481 2138 quam
3501 2067 3680 2124 Crea-

2020 2155 2158 2219 tori,
2199 2155 2301 2224 qui
2336 2160 2421 2210 est
2464 2156 2621 2211 Deus
2664 2156 3001 2212 benedictus
3036 2157 3101 2211 in
3138 2157 3380 2213 sarcula.
3421 2157 3682 2227 Propter

2020 2243 2180 2314 quod
2211 2243 2464 2299 tradidit
2484 2259 2579 2301 eos
2609 2245 2672 2300 in
2698 2245 3015 2314 reprobum
3042 2260 3297 2312 sensum,
3339 2250 3405 2300 ut
3441 2246 3678 2315 faciant

2021 2348 2153 2404 qum
2204 2349 2325 2388 non
2384 2335 2782 2405 conveniunt;
2814 2336 3069 2404 repletos
3126 2336 3291 2392 omni
3337 2336 3676 2407 iniquitate,

2020 2423 2280 2491 malitia,
2329 2424 2756 2494 fornicatione,
2814 2425 3075 2481 avaritia
3125 2426 3434 2497 nequitia;
3471 2426 3679 2495 plenos

2018 2510 2271 2577 invidia,
2296 2510 2649 2575 homicidiis,
2673 2513 3065 2583 contentione,
3081 2513 3238 2583 dolo,
3261 2514 3681 2584 malignitate;

2021 2602 2391 2669 susurronei,
2405 2600 2916 2666 detractores,Deo
2932 2602 3679 2673 odibiles,contumeliosos,

2020 2689 2303 2758 superbos
2342 2690 2551 2760 elatos,
2591 2691 2928 2747 inventores
2969 2692 3288 2757 malorum,
3326 2690 3679 2762 parentibus

2018 2793 2139 2837 non
2170 2778 2522 2843 obedientes,
2553 2779 2921 2849 insipientes,
2949 2780 3387 2850 incompositos,
3426 2781 3553 2836 sine
3590 2779 3682 2849 af-

2016 2869 2291 2940 fectione,
2316 2868 2536 2939 absque
2547 2869 2793 2940 foedere,
2815 2870 2943 2925 sine
2962 2871 3391 2926 misericordia.
3411 2870 3524 2937 Qui
3545 2884 3679 2925 cum

246 2944 425 3040 ierat}.
463 2944 547 3007 ut.
591 2940 882 3040 Ῡίοῐοξξιῐξ
927 2940 1206 3040 νξϐΐίξτίδε
1256 2942 1699 3040 ἀθρνοωεξῐιῖθε,
1754 2957 1916 3040 00111-
1944 2982 1986 3040 ο
2009 2958 2313 3027 justitiam
2338 2960 2441 3013 Dei
2460 2959 2889 3028 cognovissent,
2916 2973 3036 3013 non
3071 2960 3522 3024 intellexerunt,
3545 2972 3680 3028 quo-

244 3028 552 3102 pendioste
608 3029 879 3085 brevitati
944 3030 1320 3087 studeremus
1364 3048 1379 3086 :
1441 3030 1549 3086 sed
1605 3030 1911 3103 repagulis

244 3117 632 3174 insolentium
661 3119 1046 3191 praepeditus,
1078 3119 1249 3175 nisus
1302 3136 1438 3174 sum
1469 3119 1583 3175 hoc
1619 3119 1911 3191 Apologe-

245 3206 430 3263 ticum
452 3206 692 3262 incertis
716 3207 1114 3263 assertoribus
1134 3207 1299 3273 dare,
1320 3211 1374 3262 et
1399 3206 1535 3261 ideo
1565 3206 1733 3276 forte,
1758 3207 1913 3264 ultra

243 3310 434 3368 quam
456 3295 659 3360 debui,
683 3295 939 3351 modum
961 3295 1191 3352 excessi
1210 3294 1493 3351 historiae.
1518 3297 1732 3351 Contra
1759 3312 1911 3368 quo-

242 3399 382 3439 rum
422 3384 745 3455 pravitates
794 3384 1103 3457 paulisper
1147 3383 1347 3439 adhuc
1393 3382 1755 3439 veniendum
1800 3388 1911 3456 est,

243 3488 370 3546 quo
412 3471 607 3528 fidelis
646 3478 980 3529 conventus
1029 3472 1225 3528 discat
1270 3472 1419 3528 votis
1469 3471 1911 3529 ardentioribus

241 3561 383 3635 plus
415 3576 620 3617 amare
650 3560 818 3634 quod
848 3560 1054 3626 credit,
1086 3560 1233 3617 dum
1250 3576 1321 3617 ex
1345 3561 1693 3617 auctoritate
1723 3577 1908 3617 sacrae

241 3649 398 3720 legis
424 3655 483 3707 et
510 3651 820 3707 veritatem
851 3650 1154 3722 religionis
1191 3656 1250 3708 et
1277 3666 1539 3708 errorem
1565 3650 1767 3723 impia:
1806 3666 1913 3708 no-

243 3739 447 3795 vitatis
470 3740 844 3812 compererit.

327 3844 414 3901 l2.
457 3846 657 3904 Dicunt
693 3848 856 3904 enim
894 3847 1060 3920 quod
1107 3847 1186 3903 ab
1226 3847 1572 3904 hominibus
1618 3847 1807 3904 Deum
1856 3851 1915 3904 et

245 3933 443 4003 legem
474 3934 804 3991 colentibus
826 3936 991 4009 passi
1024 3941 1180 4001 sunt,
1214 3951 1325 3991 nec
1351 3937 1427 3991 ad
1447 3936 1758 4005 sacrilegia
1784 3936 1913 3992 ido-

241 4021 465 4090 lorum,
512 4023 616 4078 sed
659 4023 736 4078 ad
777 4022 1002 4079 cultum
1047 4023 1170 4080 veri
1204 4023 1303 4079 Dei
1332 4022 1584 4090 invitati,
1616 4021 1913 4094 perempti

240 4115 419 4179 sunt;
452 4115 510 4167 et
552 4110 688 4167 ideo
726 4127 847 4167 non
890 4115 953 4167 ut
993 4112 1260 4185 priorum
1306 4115 1641 4182 martyrum
1693 4110 1910 4165 horum

238 4200 534 4273 martyria
580 4199 929 4255 veneranda
974 4203 1129 4255 sunt.
1179 4201 1367 4255 Deum
1417 4215 1560 4269 ergo
1607 4203 1664 4254 et
1711 4199 1905 4268 legem

233 4288 334 4348 isti
364 4288 643 4346 vanitatis
689 4288 943 4345 cultores
974 4288 1095 4345 ullo
1127 4288 1313 4345 modo
1359 4288 1581 4344 habere
1621 4286 1904 4343 credendi

235 4383 403 4445 sunt,
446 4378 555 4451 qui
590 4378 955 4446 Evangelicas
1000 4378 1386 4434 institutionis
1429 4393 1535 4450 per
1579 4382 1770 4433 totum
1815 4394 1907 4432 or-

236 4468 382 4526 bem
419 4468 625 4525 vitalia
652 4468 874 4525 diffusa
911 4473 1211 4541 praecepta
1245 4483 1366 4523 non
1400 4466 1594 4522 solum
1631 4483 1753 4523 non
1789 4482 1908 4523 cre-

234 4557 416 4625 dunt,
431 4572 642 4613 verum
668 4557 845 4613 etiam
864 4557 1029 4613 omni
1045 4556 1168 4612 zelo
1190 4556 1591 4628 perversitatis
1613 4571 1907 4625 magnum

238 4646 568 4703 discrimen
607 4662 679 4703 ea
714 4645 1040 4702 fatentibus
1080 4646 1376 4716 ingerunt.
1419 4660 1670 4700 exosum
1711 4651 1767 4701 et
1805 4644 1911 4700 ini-

241 4750 433 4806 quum
463 4739 743 4807 putantes
778 4734 1075 4791 Christum
1113 4750 1324 4789 verum
1370 4736 1557 4790 Deum
1602 4739 1660 4789 et
1698 4748 1909 4789 verum

241 4822 552 4879 hominem
578 4823 861 4879 credere?
892 4826 975 4878 Ac
1000 4823 1083 4878 sic
1105 4823 1372 4878 irrisione
1396 4821 1624 4878 nefaria
1641 4821 1907 4893 quotidie

242 4910 346 4968 Dei
402 4917 619 4968 sortem
676 4910 1060 4981 infamantes,
1110 4911 1291 4967 ritum
1353 4927 1540 4967 sacra:
1600 4910 1906 4980 religionis

235 4999 469 5072 ubique
523 4999 845 5068 lacessunt,
892 4998 1141 5055 irrident
1188 5004 1247 5055 et
1295 5000 1681 5063 maledicunt,
1737 5014 1907 5071 spem

234 5088 603 5146 credulitatis
632 5092 691 5145 et
718 5087 859 5143 ﬁdei
890 5103 1012 5143 suae
1056 5088 1119 5144 in
1160 5088 1478 5160 cujusdam
1516 5088 1906 5162 pestilentiosi

235 5193 310 5235 ac
332 5176 692 5234 daemoniosi
713 5177 1065 5234 homunculi
1097 5177 1568 5235 divinationibus
1605 5179 1904 5235 collocan-

232 5270 342 5324 tes.
376 5267 490 5335 Qui
519 5267 598 5323 ab
621 5267 831 5340 spiritu
849 5265 1168 5323 immundo
1195 5272 1547 5340 praereptus,
1571 5266 1903 5339 iniquitatis

305 5398 326 5424 ⁸
353 5393 630 5466 Vividam
658 5393 943 5466 nimirum
975 5397 1032 5449 et
1059 5392 1343 5466 operibus
1372 5393 1615 5466 plenam
1639 5391 1907 5466 intelligit

233 5466 304 5537 Π.
322 5464 772 5537 -Ειιιοδίιιελᾳυί
791 5464 865 5520 de
884 5463 1220 5537 martyrum
1237 5464 1357 5537 ti_d_e
1372 5463 1651 5537 loquitur,
1680 5479 1803 5536 qua
1825 5463 1904 5519 vi-

235 5533 539 5607 vidiorem
566 5533 793 5591 nullam
823 5533 1105 5607 reperies,
1137 5533 1568 5607 siquidemper
1594 5533 1899 5607 ingentem

233 5606 593 5680 charitatem
621 5604 919 5674 operatur.
954 5605 1117 5663 Illam
1151 5604 1312 5661 enim
1328 5604 1619 5676 majbrem
1644 5604 1896 5663 charita-

1939 4331 1989 4388 D

2020 3048 2182 3102 niam
2208 3050 2312 3118 qui
2341 3048 2492 3102 talia
2517 3052 2705 3117 agunt
2728 3047 2900 3117 digni
2915 3053 3056 3102 sunt
3086 3052 3275 3102 morte
3292 3061 3317 3102 .·
3343 3061 3463 3101 ηοη
3485 3047 3679 3100 solum

2018 3137 2124 3207 qui
2140 3137 2400 3205 faciunt,
2414 3136 2514 3192 sed
2528 3142 2580 3192 et
2597 3137 2705 3206 qui
2722 3136 3097 3192 consentiunt
3108 3136 3470 3205 facientibus
3488 3134 3674 3205 (Rom.

2035 3238 2051 3276 ι
2078 3224 2338 3295 18).Νειω
2368 3223 2647 3279 ctbeatus
2676 3226 2899 3289 Petrus,
2927 3222 3210 3295 princeps
3241 3222 3677 3294 apostolorum,

2018 3310 2436 3367 ﬁrmissimum
2494 3310 2766 3367 Ecclesiee
2823 3311 3128 3367 catholicas
3189 3311 3676 3377 fundamentum,

2020 3406 2222 3473 utpote
2262 3402 2357 3456 cui
2388 3401 2466 3457 ab
2486 3402 2618 3473 ipso
2646 3401 3041 3475 Redemptore
3070 3401 3296 3458 dictum
3327 3406 3417 3457 est
3446 3418 3459 3456 :
3504 3401 3590 3456 Tu
3621 3415 3680 3456 es

2018 3491 2257 3555 Petrus,
2289 3496 2344 3547 et
2365 3507 2546 3561 super
2567 3492 2725 3548 hanc
2753 3492 2993 3548 Petram
3017 3491 3320 3561 aediﬁcabo
3348 3491 3678 3547 Ecclesiam

2018 3595 2210 3636 meam
2239 3581 2480 3652 (Matth.
2522 3599 2636 3646 xw,
2682 3583 2790 3654 18),
2833 3586 2914 3638 Ita
2962 3581 3022 3637 in
3065 3582 3190 3636 suis
3238 3580 3509 3654 Epistolis
3550 3581 3676 3636 ait:

2018 3667 2287 3733 Fratres,
2324 3671 2608 3726 habemus
2643 3672 2968 3739 ﬁrmiorem
3000 3670 3420 3740 propheticum
3467 3685 3681 3726 sermo-

2016 3771 2170 3827 nem,
2203 3759 2304 3813 cui
2328 3759 2675 3827 benefacitis
2695 3759 3087 3829 intendentes,
3112 3759 3289 3830 quasi
3312 3760 3559 3815 lucerna
3588 3759 3677 3813 lu-

2019 3845 2180 3898 centi
2223 3845 2286 3898 in
2328 3846 2655 3913 caliginoso
2688 3847 2812 3900 loco
2843 3846 3028 3899 donec
3060 3846 3183 3900 dies
3213 3846 3470 3900 lucescat
3498 3850 3554 3899 et
3594 3846 3685 3899 lu-

2019 3931 2172 3998 cifer
2200 3932 2437 3984 oriatur
2463 3932 2525 3985 in
2556 3931 2831 3986 cordibus
2860 3933 3098 3986 nostris.
3144 3932 3274 3985 Hoc
3296 3931 3562 3999 primum
3593 3932 3683 3986 in-

2017 4018 2535 4088 telligentes,quod
2544 4019 2733 4073 omnis
2745 4003 3067 4087 prophetia
3082 4020 3417 4089 Scriptura:
3423 4021 3680 4089 propria

2015 4108 2511 4176 interpretatione
2526 4123 2645 4162 non
2657 4107 2889 4177 ﬁt.Non
2906 4108 3061 4164 enim
3084 4109 3396 4166 voluntate
3414 4110 3681 4167 humana

2017 4198 2214 4254 allata
2240 4203 2323 4253 est
2342 4198 2674 4269 aliquando
2697 4199 3018 4269 prophetia
3040 4213 3065 4268 ;
3093 4198 3194 4255 sed
3220 4199 3449 4269 Spiritu
3476 4206 3682 4257 sancto

2016 4290 2351 4357 inspirante
2376 4289 2565 4344 locuti
2583 4295 2722 4345 sunt
2753 4289 2951 4345 sancti
2976 4290 3088 4345 Dei
3115 4288 3679 4346 homines.Fuerunt

2018 4392 2152 4432 vero
2183 4384 2237 4432 et
2253 4378 2786 4447 pseudoprophetae
2815 4379 2878 4433 in
2902 4378 3318 4447 populo,sicut
3345 4384 3402 4433 et
3423 4381 3486 4434 in
3518 4379 3680 4435 vobis

2016 4473 2191 4524 erunt
2214 4469 2493 4538 magistri
2506 4468 2834 4533 mendaces,
2855 4468 2959 4538 qui
2979 4466 3469 4523 subintroducent
3492 4473 3679 4522 sectas

2010 4557 2389 4625 perditionis,
2404 4562 2457 4612 et
2482 4572 2613 4612 eum
2635 4556 2741 4627 qui
2760 4557 2898 4611 emit
2922 4557 3475 4620 eos,dominatorem
3506 4554 3682 4611 abne-

2015 4650 2246 4715 gantes,
2280 4645 2683 4713 superducent
2713 4645 2829 4699 sibi
2864 4645 3111 4701 celerem
3152 4643 3567 4714 perditionem.
3602 4643 3677 4698 Et

2014 4734 2528 4803 multisequentur
2537 4748 2740 4789 eorum
2759 4733 3179 4802 luwuriasmer
3194 4748 3336 4805 quos
3353 4732 3451 4789 via
3467 4733 3681 4789 verita-

2014 4823 2088 4877 tis
2103 4821 2637 4892 blasphemabitur;
2647 4827 2701 4877 et
2713 4822 2775 4876 in
2790 4821 3051 4877 avaritia
3061 4821 3215 4891 ﬁctis
3228 4822 3420 4878 verbis
3433 4821 3507 4879 de
3518 4822 3681 4880 vobis

2013 4910 3169 4982 negotiabuntur.Quibusjudiciumjam
3182 4913 3322 4968 olim
3335 4928 3456 4968 non
3468 4918 3679 4978 cessat,

2006 5000 2269 5069 perditio
2279 5015 2479 5056 eorum
2496 5015 2614 5055 non
2627 5000 2915 5056 dormitat
2932 5001 3281 5071 (lI.Petr.1,t
3295 5004 3422 5056 9-21
3445 5001 3678 5074 ;n,l-3)-

2089 5094 2172 5146 t3.
2206 5091 2349 5155 Quae
2372 5090 2597 5155 omnia,
2623 5089 2775 5145 sicut
2799 5089 2926 5145 haec
2948 5089 3125 5147 beata
3145 5089 3557 5163 apostolorum
3580 5106 3683 5146 an-

2015 5179 2308 5236 nuntiatio
2346 5179 2626 5245 continet,
2668 5194 2790 5235 non
2832 5179 3027 5235 solum
3070 5179 3263 5236 eidem
3304 5179 3681 5251 pseudopro-

2015 5268 2230 5340 phetse,
2259 5266 2361 5323 sed
2381 5272 2438 5324 et
2450 5267 2564 5323 illis
2581 5267 2684 5340 qui
2701 5283 2837 5323 eum
2856 5272 3190 5324 reverenter
3206 5267 3528 5340 accipiunt,
3543 5280 3682 5322 con-

2016 5397 2132 5448 tem
2160 5409 2293 5448 esse
2344 5393 2607 5448 Christus
2659 5392 2928 5461 astruxit,
2981 5409 3121 5448 cum
3178 5392 3450 5450 animam
3505 5407 3687 5448 suam

2010 5464 2361 5537 ponatquis
2394 5480 2506 5537 pro
2536 5464 2745 5519 amicis
2776 5464 2922 5519 suis.
2955 5467 3174 5521 MORAL.

2084 5536 2110 5575 b
2140 5534 2266 5589 Lib:
2299 5550 2339 5603 ι,
2372 5534 2541 5591 rium.
2579 5539 2640 5590 13
2673 5550 2799 5607 seq.
