4140 6188
377 155 479 211 861

1484 154 1689 210 uena
1713 149 2672 213 APOLOGE’HBUS‘IARTYRUM.

377 291 516 333 vera
542 273 798 331 dicenda
827 276 935 345 est,
960 289 1070 347 pro
1100 280 1259 333 certo
1297 277 1466 349 vigor
1510 277 1853 336 Christiana
1901 274 2030 331 reli-
2062 283 2109 335 A
2136 277 2432 350 propheta
2447 279 2653 337 audire
2682 294 2806 336 non
2826 278 3066 351 patitur.
3092 279 3282 345 Quem
3304 278 3625 352 impietatis
3645 279 3807 337 rudis

374 363 567 436 gionis
592 362 1015 420 inﬁrmabitur.

447 455 530 510 l8.
576 452 714 517 Etsi.
742 453 907 524 quod
950 453 1010 509 in
1046 454 1283 512 veritate
1326 455 1637 513 fatendum
1677 458 1784 523 est,
1822 453 2034 510 notitia

371 546 593 599 sanctae
670 540 809 601 ﬁdei
865 541 1044 598 totius
1097 544 1309 601 mundi
1363 544 1624 617 compita
1678 543 2028 616 penetravit,

372 634 620 687 cunctas
676 628 948 685 nationes
1002 634 1167 686 terrae
1220 647 1573 705 peragrans,
1613 632 1847 687 nullam
1898 631 2030 702 jam

369 724 607 792 partem
636 716 797 777 orbis
829 724 1131 792 expertem
1177 720 1420 777 luminis
1449 722 1578 792 ejus
1617 720 1743 777 fore
1787 720 2034 777 conﬁdi-

368 825 527 866 mus.
562 808 888 865 Praesertim
918 807 1062 880 quia
1090 808 1151 864 in
1201 825 1445 866 omnem
1476 814 1698 867 terram
1727 809 1902 866 exivit
1939 826 2030 865 so-

366 913 485 955 nus
514 896 947 969 apostolorum,
975 902 1030 954 et
1058 897 1118 955 in
1138 897 1290 955 ﬁnes
1319 899 1481 956 orbis
1514 904 1678 955 terrae
1702 898 1887 956 verba
1907 897 2031 954 illo-

367 1002 528 1055 rum,
556 990 611 1043 et
635 1000 815 1043 omne
838 984 998 1041 aliud
1024 987 1652 1061 Evangelium,praeter
1668 988 1832 1061 quod
1854 1002 2031 1060 apos-

367 1074 474 1133 toli
520 1074 799 1145 gentibus
856 1074 1246 1143 tradiderunt,
1281 1078 1606 1133 anathema
1658 1077 1853 1146 magis
1898 1092 2030 1132 esse

366 1181 557 1238 quam
585 1164 839 1221 verbum
868 1163 1074 1221 salutis
1125 1165 1398 1233 fatemur,
1434 1166 1583 1222 sicut
1610 1166 1752 1222 dicit
1774 1170 2030 1238 Aposto-

365 1253 462 1310 lus
486 1271 498 1309 :
529 1255 598 1311 Si
622 1254 754 1325 quis
778 1254 940 1309 vobis
963 1256 1465 1325 euangelizaverit
1491 1261 1714 1324 praeter
1749 1256 1908 1325 quod
1929 1270 2027 1311 ac-

366 1344 621 1412 cepistis,
651 1343 974 1398 anathema
1000 1347 1074 1398 sit
1105 1344 1261 1415 (Gal.
1288 1362 1327 1414 ι,
1351 1345 1425 1416 9).
1461 1347 1526 1400 Et
1551 1345 1764 1401 veritas
1788 1360 1889 1400 ore
1919 1360 2028 1399 suo

363 1429 693 1504 discipulos
733 1435 1119 1498 contestatur,
1157 1432 1397 1488 dicens:
1444 1434 1630 1489 Multi
1670 1434 2030 1503 pseudopro-

358 1521 563 1591 phetis
590 1526 857 1590 surgent,
894 1525 947 1576 et
986 1521 1264 1577 seducent
1296 1523 1512 1578 multos
1534 1535 1559 1593 ,'
1605 1529 1659 1578 et
1688 1523 1920 1578 dabunt
1952 1522 2026 1577 si-

2140 370 2267 423 tum
2296 367 2445 425 dum
2466 369 2621 425 divas
2640 368 2951 425 memorias
2980 383 3129 423 avus
3158 384 3331 423 meus
3352 368 3637 438 Eulogius
3657 383 3803 425 aure

2140 461 2423 530 captaret,
2473 458 2672 515 ferunt
2710 457 2997 514 continuo
3042 456 3258 513 vexillo
3308 457 3500 512 crucis
3545 456 3802 514 frontem

2139 547 2563 619 priemuniens,
2595 564 2736 604 cum
2763 546 2990 617 gemitu
3018 546 3181 602 hunc
3212 544 3521 601 Psalmum
3558 544 3801 602 solitum

2139 635 2323 692 fuisse
2347 641 2627 695 cantare:
2658 638 2837 703 Deus,
2868 637 3002 707 quis
3035 634 3246 692 similis
3289 635 3447 690 tidi?
3482 635 3574 690 Ne
3603 640 3802 692 taceas
3889 691 3893 694 .

2140 740 2328 796 neque
2354 727 2553 791 sileas,
2582 727 2764 790 Deus,
2805 726 3089 796 quoniam
3118 739 3253 781 ecce
3289 724 3518 780 inimici
3552 724 3663 791 tui,
3692 727 3803 781 Do-

2138 815 2316 881 mine,
2334 820 2665 871 sonuerunt
2678 827 2704 885 ί
2730 820 2788 872 et
2816 815 2921 885 qui
2948 819 3005 871 te
3029 815 3308 885 oderunt,
3337 814 3688 870 levaverunt
3706 826 3804 871 cae

2133 908 2249 973 put
2276 904 2467 974 (Psal.
2500 920 2712 973 Lxxxn,
2743 908 2798 971 2,
2821 904 2895 974 3).
2931 907 3044 960 Nos
3077 908 3279 959 autem
3312 918 3455 958 mox
3481 906 3549 958 ut
3596 901 3801 958 fallen-

2141 993 2211 1053 tis
2242 1009 2452 1050 vocem
2476 992 2769 1066 praeconis
2798 992 3103 1059 audimus,
3137 991 3454 1049 confestim
3507 1004 3754 1048 oramus
3782 1006 3798 1048 :

2138 1083 2327 1140 Salva
2356 1097 2482 1153 nos,
2513 1083 2782 1153 Domine,
2810 1082 2889 1138 ab
2911 1082 3126 1138 auditu
3152 1082 3336 1148 malo,
3366 1088 3423 1138 et
3449 1097 3613 1138 nunc
3650 1086 3707 1138 et
3736 1082 3800 1137 in

2141 1177 2446 1228 aeternum.
2500 1174 2565 1227 Et
2618 1172 2872 1228 iterum:
2928 1170 3405 1240 Confundantur
3457 1185 3655 1227 omnes
3697 1166 3805 1241 qui

2139 1260 2399 1315 adorant
2427 1261 2757 1329 sculptilia,
2797 1266 2851 1316 et
2882 1259 2988 1330 qui
2999 1259 3431 1329 glorianturin
3458 1259 3801 1314 simulacris

2138 1349 2259 1404 suis
2289 1349 2474 1417 (Psal.
2509 1363 2662 1417 xcvx,
2694 1353 2772 1410 7).
3150 1406 3157 1413 ,

2209 1440 2296 1491 20.
2329 1436 2511 1507 Cujus
2539 1436 2787 1508 quidem
2816 1434 3034 1491 erroris
3075 1433 3400 1502 insaniam,
3433 1433 3802 1506 praedicatio-

2138 1525 2230 1581 nis
2254 1524 2666 1591 deliramenta,
2702 1530 2755 1581 et
2785 1524 2984 1597 impiae
3007 1523 3285 1580 novitatis
3315 1527 3615 1596 praecepta
3634 1523 3800 1595 quis-

361 1625 487 1681 gna
517 1625 740 1681 magna
767 1615 821 1665 et
842 1610 1146 1681 prodigia,
1170 1612 1256 1666 ita
1282 1618 1345 1666 ut
1373 1613 1435 1667 in
1456 1627 1717 1668 errorem
1739 1612 2030 1668 inducan-
2063 1629 2103 1682 Β
2137 1615 2273 1686 quis
2325 1614 2755 1670 catholicorum
2807 1628 3170 1682 cognoscere
3226 1612 3407 1684 cupit,
3471 1611 3801 1668 evidentius

363 1706 489 1767 tur,
517 1698 569 1755 si
589 1698 725 1766 ﬁeri
754 1702 968 1768 potest,
1000 1700 1174 1754 etiam
1226 1701 1400 1757 electi
1451 1700 1693 1772 (Matth.
1727 1717 1881 1765 xnv,
1917 1703 2026 1764 ll).

365 1789 437 1843 Et
468 1788 687 1843 iterum
720 1804 734 1842 :
768 1788 969 1844 Nolite
998 1790 1161 1845 omni
1188 1791 1433 1859 spiritui
1460 1789 1716 1856 credere,
1760 1790 1864 1846 sed
1888 1804 2029 1859 pro-

366 1878 503 1934 bate
530 1877 797 1948 spiritus,
830 1878 882 1933 si
909 1892 984 1933 ea:
1029 1880 1149 1933 Deo
1196 1885 1335 1934 sunt
1384 1880 1440 1946 (Ι
1466 1881 1644 1935 Joan.
1678 1895 1755 1945 Iv,
1793 1880 1862 1950 l).
1901 1880 2030 1943 Qua

362 1966 796 2038 consequentia
828 1965 1196 2021 credendum
1223 1971 1313 2023 est
1333 1968 1771 2023 daemoniosum
1792 1971 2028 2024 etmen-

362 2056 540 2112 dacio
568 2055 817 2129 plenum
840 2055 1141 2112 veritatem
1171 2055 1433 2128 proferre
1453 2058 1479 2112 ?
1505 2056 1752 2115 fallaciis
1764 2055 2025 2113 obvolu-

364 2150 495 2201 tum
523 2144 716 2215 legem
747 2144 1010 2201 donare?
1030 2160 1248 2202 nemus
1282 2161 1633 2217 perversum
1661 2146 1887 2202 fructus
1918 2145 2025 2201 bo-

368 2251 483 2291 nos
510 2234 783 2292 exhibere
804 2235 832 2292 ?
870 2232 966 2290 Ille
996 2234 1234 2291 interim
1265 2235 1562 2291 nefandus
1590 2236 1664 2292 de
1709 2236 1870 2292 malo
1896 2253 2025 2293 cor-

365 2324 460 2382 dis
472 2340 578 2381 suo
594 2325 873 2381 thesauro
885 2324 1194 2398 proferens
1209 2325 1523 2393 malum,et
1533 2326 1715 2397 vulgo
1726 2326 2028 2398 insipienti

360 2413 651 2473 ducatum
699 2413 1022 2487 impietatis
1071 2415 1434 2483 ministrans,
1468 2419 1718 2489 uterque
1765 2415 2029 2488 praecipi-

359 2501 510 2558 tium
531 2500 592 2558 in
624 2501 809 2559 chaos
833 2506 1125 2558 aeternum
1151 2502 1633 2575 pmnasluiturus
1654 2503 1921 2561 incurrit.
1945 2504 2025 2559 De

357 2606 481 2665 quo
513 2594 692 2663 atque
712 2591 763 2662 ej
773 2607 842 2647 us
859 2590 1152 2648 similibus
1172 2591 1457 2648 Dominus
1482 2608 1588 2665 per
1603 2594 1818 2649 Oseam
1836 2592 2027 2665 loqui-

356 2683 455 2736 tur
477 2676 685 2737 dicens
711 2696 724 2734 :
752 2680 881 2750 Ipsi
900 2687 1326 2752 regnaverunt,
1359 2686 1414 2737 et
1446 2697 1566 2736 non
1596 2697 1671 2739 ex
1700 2697 1827 2739 me:
1861 2683 2027 2752 prin-

359 2769 516 2839 cipes
548 2768 926 2838 exstiterunt,
959 2774 1012 2825 et
1033 2785 1152 2825 non
1182 2770 1434 2840 cognovi
1461 2770 1611 2839 (03c.
1640 2787 1756 2839 vm,
1782 2772 1859 2842 4).

435 2862 519 2913 l9.
541 2857 807 2930 Denique
828 2858 981 2914 inter
1020 2862 1264 2914 caeteros
1297 2863 1435 2931 post
1470 2860 1887 2917 ascensionem
1921 2863 2027 2915 Do-

2137 1705 2215 1760 ab
2245 1703 2517 1775 ejusdem
2548 1707 2721 1759 sectae
2742 1702 3072 1759 cultoribus
3121 1701 3554 1774 perscrutando
3590 1700 3800 1758 adver-

2138 1797 2234 1850 tet.
2270 1793 2567 1860 Quoniam
2598 1808 2840 1849 sacrum
2871 1808 2933 1847 se
2976 1790 3293 1864 quidpiam
3338 1794 3542 1847 tenere
3582 1794 3641 1846 et
3680 1805 3803 1846 cre¢

2136 1886 2277 1938 dere
2303 1885 2704 1945 autumautes,
2738 1896 2862 1936 non
2917 1880 3100 1936 modo
3133 1879 3405 1952 privatis,
3435 1878 3543 1935 sed
3579 1878 3800 1951 apertis

2135 1973 2385 2029 vocibus
2410 1973 2563 2028 vatis
2591 1972 2684 2027 sui
2712 1972 3001 2041 dogmata
3027 1969 3373 2042 praedicant.
3415 1967 3590 2025 Multa
3618 1967 3798 2024 etiam

2136 2060 2301 2134 apud
2356 2060 2653 2134 quosdam
2708 2063 3054 2115 nostrorum
3115 2058 3474 2130 scriptorum
3516 2055 3796 2118 inveniet,

2136 2151 2240 2223 qui
2268 2150 2394 2207 zelo
2425 2149 2526 2205 Dei
2556 2149 2773 2205 armati
2802 2148 3091 2204 adversus
3127 2147 3331 2218 ipsum
3357 2149 3556 2202 vatem
3606 2143 3801 2216 impw

2135 2240 2340 2297 dicum
2396 2238 2678 2312 prudenti
2723 2240 3073 2294 exarserunt
3132 2236 3310 2309 stylo.
3340 2234 3456 2292 Sed
3498 2238 3556 2291 et
3581 2249 3694 2290 nos
3734 2233 3799 2289 in

2132 2329 2232 2385 illo
2261 2329 2602 2386 Memoriali
2634 2327 3002 2383 Sanctorum
3047 2324 3341 2399 opusculo
3389 2323 3573 2395 hujus
3623 2326 3796 2378 sectae

2134 2435 2364 2476 errores
2397 2434 2471 2474 ex
2498 2421 2665 2490 parte
2693 2415 3083 2487 digessimus,
3105 2414 3493 2471 refutavimus
3520 2417 3579 2470 et
3595 2411 3801 2470 confo-

2133 2509 2359 2564 dimus.

2203 2597 2292 2654 21.
2313 2594 2658 2666 Restatjam
2674 2609 2857 2659 nunc,
2871 2591 3162 2665 expeditis
3178 2589 3569 2664 apologeticis
3592 2591 3802 2647 Beato-

2133 2701 2290 2756 rum,
2314 2687 2379 2740 ut
2424 2681 2653 2755 aliquid
2695 2680 2770 2738 de
2797 2680 3060 2736 victoriis
3115 2695 3324 2737 eorum
3369 2677 3451 2734 ad
3479 2675 3803 2734 aemulatio-

2133 2791 2274 2830 nem
2316 2770 2623 2829 catholicas
2660 2769 2854 2843 plebis
2902 2768 3363 2841 pandamus(7).
3386 2769 3601 2823 Beatus
3624 2765 3803 2837 igitur

2134 2862 2460 2919 Rudericus
2509 2859 2822 2932 presbyter
2857 2873 2929 2913 ex
2968 2857 3241 2929 quodam
3284 2856 3419 2911 vico
3471 2853 3804 2924 Egabrensi

356 2947 507 3004 mini
538 2948 831 3005 haeresum
862 2951 1134 3005 auctores
1180 2947 1342 3003 solus
1372 2948 1466 3004 hic
1497 2948 1797 3005 infaustus
1852 2964 2025 3004 novae
2062 2985 2104 3038 ο
2133 2950 2502 3026 progenitus,
2528 2949 2591 3004 in
2607 2947 2820 3003 eadem
2850 2945 2999 3002 urbe
3022 2950 3243 3001 sancta:
3270 2943 3418 3014 legis
3443 2942 3800 3038 doctrinam,

360 3036 798 3111 superstitionis
856 3040 1078 3094 sectam
1131 3037 1414 3094 instinctu
1465 3037 1691 3095 diaboli
1736 3037 2025 3109 condens,

358 3125 574 3199 procul
597 3126 675 3183 ab
718 3126 991 3184 Ecclesiae
1030 3129 1252 3183 sanctas
1311 3133 1611 3184 conventu
1660 3127 2024 3198 desciscitur,

362 3215 774 3273 auctoritatem
804 3215 1019 3289 priscae
1049 3215 1199 3287 legis
1244 3214 1549 3272 infamans
1596 3218 2027 3291 prophetarum

367 3305 646 3361 vaticinia
673 3322 984 3378 respuens,
1015 3307 1202 3364 sancti
1232 3307 1535 3378 Evangelii
1559 3308 1869 3364 veritatem
1889 3323 2029 3363 con-

372 3394 636 3465 culcans,
659 3400 713 3450 et
755 3396 1166 3469 apostolorum
1214 3398 1550 3454 doctrinam
1594 3397 1895 3454 detestans
1926 3398 2026 3470 (6),

365 3483 473 3557 qui
494 3482 805 3540 ridiculum
836 3485 1036 3558 potius
1075 3501 1261 3558 quam
1305 3502 1506 3543 rerum
1552 3486 2029 3543 necessariarum

363 3589 584 3631 causas
626 3590 732 3647 per
777 3575 1056 3631 eamdem
1087 3580 1311 3633 sectam
1348 3592 1524 3633 suam
1559 3575 1896 3639 insinuans,
1928 3591 2031 3632 ore

361 3663 719 3736 blasphemo
737 3665 1250 3722 docuitChristum
1263 3666 1365 3723 Dei
1388 3665 1654 3723 Verbum
1670 3673 1886 3735 esse,et
1909 3665 2033 3738 Spi.

365 3752 543 3809 ritum
570 3754 721 3825 ejus,
750 3759 807 3810 et
843 3754 1203 3827 prophetam
1234 3755 1491 3828 quidem
1519 3771 1834 3826 magnum,
1867 3754 2034 3811 nulla

366 3857 503 3897 vero
529 3842 768 3900 Deitatis
788 3844 1054 3916 potentia
1080 3844 1422 3916 praeditum.
1444 3843 1587 3898 Adae
1611 3843 1885 3911 similem,
1908 3859 2032 3900 non

367 3931 487 3987 Deo
512 3930 671 3988 Patri
719 3930 1052 4003 aequalem;
1092 3932 1196 4003 qui
1236 3930 1315 3987 ob
1370 3932 1648 3986 meritum
1708 3931 2034 3987 sanctitatis

365 4025 574 4076 sancto
590 4019 851 4093 repletus
880 4019 1116 4092 Spiritu,
1138 4035 1246 4093 per
1272 4020 1551 4077 virtutem
1605 4018 1704 4074 Dei
1728 4019 2034 4075 miraculis

365 4108 599 4175 claruit,
626 4110 813 4180 signis
841 4115 1020 4195 atque
1042 4102 1333 4183 portentis
1362 4110 1593 4181 enituit,
1616 4109 1764 4166 nihil
1800 4125 1874 4164 ex
1901 4125 2038 4181 pro-

364 4198 500 4270 pria
520 4199 829 4269 majestate
852 4203 957 4255 aut
974 4199 1193 4256 Deitate
1216 4199 1572 4273 praevalens,
1591 4199 1697 4254 sed
1719 4203 1784 4254 ut
1806 4199 1896 4255 vir
1911 4200 2036 4270 jus-

2136 3039 2515 3110 gradumque
2534 3033 2971 3092 sacerdotalem
2984 3031 3334 3105 promeruit.
3364 3030 3509 3087 Huic
3538 3029 3661 3085 duo
3680 3028 3801 3085 fra-

2135 3133 2252 3185 tres
2269 3127 2534 3193 fuerunt;
2579 3122 2687 3179 sed
2712 3139 2785 3178 ex
2824 3122 2916 3177 his
2952 3136 3109 3176 unus
3149 3119 3333 3176 ﬁdem
3354 3117 3569 3175 Christi
3585 3116 3802 3174 rectius

2136 3222 2364 3285 tenens,
2409 3214 2555 3270 alter
2585 3211 2862 3282 gentilico
2893 3210 3261 3282 depravatus
3298 3221 3519 3276 errore,
3552 3204 3802 3263 catholi-

2136 3322 2272 3366 cam
2325 3301 2550 3377 sprevit
2594 3300 2968 3370 religionem.
3015 3297 3146 3367 Qui,
3181 3297 3334 3353 sicut
3363 3295 3592 3351 discors
3618 3310 3656 3351 a
3682 3293 3803 3351 ﬁde

2138 3399 2345 3453 sancta
2377 3391 2680 3462 manebat,
2704 3391 2787 3446 ita
2818 3404 3059 3463 semper
3087 3386 3458 3444 discordanti
3499 3385 3803 3442 conﬂicta-

2138 3486 2297 3543 tione
2327 3484 2406 3540 ob
2439 3483 2817 3537 diversarum
2843 3494 3043 3535 rerum
3073 3477 3422 3534 occasiones
3452 3492 3593 3533 cum
3622 3475 3804 3531 fratre

2140 3573 2431 3631 catholico
2472 3570 2846 3627 movebatur.
2878 3571 3027 3624 Nam
3056 3565 3326 3639 quadam
3372 3570 3567 3634 nocte,
3599 3563 3805 3620 nescio

2139 3661 2629 3737 qua_occasione,
2652 3656 3043 3716 tumultuaria
3063 3657 3123 3712 in
3154 3656 3505 3712 alterutrum
3534 3653 3806 3725 litigatio-

2141 3770 2216 3810 ne
2250 3770 2313 3809 se
2332 3749 2809 3812 conserentibus,
2831 3752 2889 3804 et
2907 3748 2967 3803 in
2996 3763 3125 3803 sese
3143 3747 3397 3803 invicem
3419 3745 3579 3802 fmda
3600 3743 3807 3800 simul-

2142 3846 2259 3898 tate
2279 3838 2716 3896 bacchantibus
2764 3839 3007 3891 sanctus
3038 3833 3320 3890 sacerdos
3367 3832 3528 3889 litem
3571 3831 3809 3890 medius

2141 3930 2455 3987 sedaturus
2488 3924 2818 3983 intervenit.
2852 3923 2963 3989 Qui
2991 3938 3204 3979 omnes
3235 3921 3423 3977 nimio
3446 3921 3577 3991 jam
3607 3920 3807 3978 furore

2142 4016 2399 4088 accensi,
2430 4030 2590 4072 caeca
2615 4012 3026 4084 indignatione
3071 4011 3443 4067 sacerdotem
3472 4009 3804 4068 involvunt.

2143 4113 2218 4180 et,
2247 4106 2442 4175 magis
2472 4103 2802 4160 nescientes
2822 4118 3012 4175 quam
3039 4100 3329 4171 volentes,
3353 4115 3493 4156 eum
3515 4114 3708 4172 usque
3729 4098 3810 4156 ad

2142 4212 2353 4255 necem
2401 4194 2721 4253 lacessunt.
2754 4195 2834 4246 Ex
2886 4206 3010 4264 qua
3060 4190 3220 4245 caede
3272 4189 3449 4247 valde
3497 4189 3806 4255 contritus,

365 4291 466 4342 tus
491 4291 549 4341 et
576 4287 678 4360 pia
695 4288 971 4345 servitute
992 4289 1111 4345 Deo
1134 4290 1461 4353 cohterens,
1486 4289 1638 4345 votis
1666 4288 2036 4361 supplicibus
2070 4337 2115 4361 η
2145 4288 2292 4343 dum
2350 4282 2516 4340 omni
2563 4281 2882 4338 destitutus
2920 4282 3146 4351 vigore,
3174 4278 3481 4336 confracta
3533 4277 3810 4335 membra

368 4376 451 4432 ab
474 4376 894 4449 Omnipotente
913 4379 1104 4437 multa
1131 4377 1818 4452 impetrare‘promeruit.
1843 4376 1956 4433 Sed
1981 4382 2039 4433 et
2072 4367 2114 4391 ”
2143 4374 2359 4432 lectulo
2388 4375 2720 4447 reponeret,
2750 4368 3041 4442 profanus
3068 4368 3165 4425 ille
3195 4368 3374 4424 frater
3398 4367 3613 4424 feretro
3639 4367 3809 4422 illum

368 4464 491 4520 alia
540 4464 812 4523 inaudita
859 4467 1139 4523 vanitatis
1195 4466 1420 4524 scelera
1468 4467 1829 4539 praedicans.
1871 4465 2039 4522 adin-
2146 4465 2485 4537 imponens,
2519 4477 2626 4534 per
2653 4460 2818 4515 vicos
2844 4462 2901 4514 et
2936 4456 3153 4513 vicinia
3177 4472 3435 4529 quaeque
3464 4454 3810 4512 vehentium

370 4554 653 4610 ventione
690 4556 1037 4628 versipellis,
1072 4572 1108 4611 a
1158 4572 1281 4629 quo
1328 4556 1745 4627 obsidebatur,
1776 4554 2037 4637 inventa,
2147 4553 2412 4619 humeris
2442 4550 2581 4608 duci
2611 4566 2681 4605 ac
2727 4547 2931 4604 reduci
2983 4546 3246 4637 fecit,get,
3279 4549 3343 4637 ut
3398 4559 3575 4599 verus
3617 4543 3811 4599 imita-

372 4644 478 4714 qui
508 4660 571 4699 se
600 4643 798 4700 eidem
818 4644 1234 4714 tranﬁguravit
1261 4644 1321 4701 in
1353 4644 1639 4715 angelum
1669 4644 1840 4709 lucis,
1876 4633 2041 4699 deluQ
2148 4648 2240 4699 tor
2268 4640 2513 4702 diaboli,
2547 4636 2926 4695 fraudulenta
2970 4633 3412 4692 machinatione
3467 4647 3647 4705 super
3674 4646 3811 4688 exa-

377 4730 489 4789 bra
514 4732 577 4788 in
630 4732 854 4805 quibus
898 4733 1234 4806 pessimum
1282 4734 1509 4804 dogma
1546 4750 1726 4789 suum
1756 4734 2044 4790 coleretur
2150 4733 2376 4788 minem
2400 4728 2772 4784 sacerdotem
2797 4726 3203 4782 testimonium
3223 4721 3549 4796 iniquitatis
3571 4736 3814 4793 compo-

382 4821 685 4892 exstruxit,
709 4823 1075 4879 constituens
1105 4822 1169 4878 in
1189 4822 1400 4879 ultimo
1421 4822 1770 4879 idololatrias
1792 4823 1908 4878 situ
1928 4827 2045 4877 tur-

380 4926 525 4979 rem,
549 4911 743 4967 altiori
775 4912 1104 4984 pinnaculo
1138 4912 1362 4968 caeteris
1394 4912 1622 4968 aedibus
1669 4912 2045 4984 prominente

377 5013 447 5055 ex
464 5014 588 5071 qua
608 5000 848 5071 populis
878 5014 1111 5057 veneno
1140 5001 1418 5073 nequitias
1451 5017 1574 5055 suae
1628 4999 1835 5056 illectis
1863 4999 2045 5056 sacri-

373 5088 493 5158 legi
548 5088 766 5145 furoris
812 5089 1268 5146 concionaretur
1331 5089 1660 5160 decretum,
1714 5089 1881 5163 quod
1941 5091 2048 5148 ho.

374 5178 474 5234 die
530 5193 653 5233 sua:
705 5177 1031 5251 impietatis
1091 5178 1433 5235 sacerdotes
1478 5180 1557 5236 ab
1600 5179 1700 5235 illo
1725 5179 1918 5235 edocti
1946 5180 2051 5236 ob-

377 5274 635 5324 servant.
677 5270 763 5325 lta
813 5272 878 5324 ut
919 5284 1087 5326 more
1142 5268 1311 5325 aselli
1366 5268 1610 5325 dissutis
1658 5268 2046 5354 mandibulis’

378 5356 755 5430 impurisque
804 5357 1150 5431 patentibus
1197 5357 1372 5413 labiis
1420 5356 1792 5412 horrendum
1833 5372 2051 5427 praeco-

378 5445 554 5501 nium
578 5460 698 5502 non
722 5446 890 5518 prius
920 5446 1210 5517 emittant,
1244 5461 1431 5518 quam
1472 5444 1762 5500 obseratis
1795 5446 2048 5518 utroque

381 5535 570 5605 digito
592 5536 1031 5609 auribus,quod
1050 5536 1181 5593 aliis
1193 5534 1652 5607 exsequendum
1667 5534 2046 5602 annuntiant,

381 5623 560 5700 quasi
587 5624 900 5703 quoddam
929 5625 1191 5687 edictum
1211 5623 1471 5696 sceleris,
1486 5623 1648 5681 idem
1676 5622 1808 5709 ipse
1836 5638 2047 5683 eorum

2154 4822 2291 4892 suit,
2322 4819 2560 4876 dicens:
2607 4815 2759 4871 «Hic
2805 4814 2985 4871 frater
3021 4829 3193 4869 meus
3245 4811 3576 4885 presbyter,
3607 4809 3811 4867 visita-

2154 4911 2310 4967 tione
2334 4908 2434 4964 Dei
2454 4908 2872 4977 compunctus,
2900 4902 3041 4958 ﬁdei
3080 4906 3298 4960 nostra:
3342 4900 3569 4957 cultum
3615 4898 3811 4969 elegit,

2155 5004 2214 5057 et
2240 4999 2394 5055 sicut
2421 4994 2675 5062 cernitis,
2702 4993 2832 5065 jam
2858 4992 2921 5048 in
2946 4990 3170 5048 ultimis
3194 5007 3407 5061 agens,
3434 4988 3622 5046 noluit
3644 4989 3813 5062 prius

2156 5086 2386 5147 mundo
2411 5083 2736 5154 discedere,
2768 5098 2955 5154 quam
2976 5080 3149 5138 vobis
3169 5081 3231 5137 id
3247 5086 3459 5138 notum
3483 5078 3811 5135 existeret.»

2157 5181 2243 5237 Ita
2271 5192 2409 5233 cum
2437 5190 2507 5230 eo
2535 5172 2670 5230 loca
2698 5171 2936 5228 diversa
2981 5186 3334 5244 peragrans,
3366 5169 3495 5226 haec
3533 5172 3589 5223 et
3616 5167 3711 5222 his
3741 5165 3814 5221 si-

2156 5267 2322 5324 milia
2350 5261 2683 5321 criminosis
2711 5260 2787 5317 de
2815 5276 2888 5317 eo
2930 5259 3128 5318 verbis
3172 5258 3481 5325 narrabat,
3512 5254 3813 5312 nesciente

2155 5357 2291 5429 ipso
2316 5369 2584 5428 prorsus,
2615 5348 2737 5407 imo
2793 5366 2903 5406 nec
2954 5348 3261 5416 sentiente,
3286 5347 3434 5419 quid
3485 5348 3692 5429 contra
3747 5356 3812 5396 se

2155 5428 2246 5499 vir
2274 5443 2368 5499 ille
2414 5442 2657 5516 iniquus
2703 5439 2971 5512 aptabat.
3012 5434 3113 5494 Dei
3159 5450 3300 5494 vero
3344 5428 3809 5508 dispensatione,

2157 5532 2632 5606 postnonnullos
2658 5530 2786 5587 dies
2816 5527 3102 5585 molestiis
3132 5523 3501 5597 aegritudinis
3532 5519 3812 5606 sacerdos

2158 5604 2381 5689 erutus,
2395 5636 2465 5678 ac
2480 5619 2708 5680 viribus
2725 5617 3110 5685 reformatus,
3126 5630 3267 5672 eum
3291 5610 3551 5669 subdola
3564 5604 3811 5665 notandi
