4110 6190
370 173 472 229 863

1579 182 1636 237 S.
1671 177 1947 235 EULOGII
1973 173 2298 232 ARCHIEP.
2327 177 2572 233 TOLET.

3709 177 3816 231 864

364 297 558 355 fratris
588 299 902 356 molimina
926 302 1318 369 cognovisset,
1337 303 1613 377 exemplo
1635 302 1889 364 Domini,
1912 300 2017 373 qui
2047 301 2097 354 Α
2126 299 2360 370 legibus
2387 301 2597 356 vestris
2620 300 2824 366 dediti,
2847 299 3176 372 ritibusque
3201 299 3469 372 profanis
3496 298 3815 371 immersi,

366 387 445 444 ad
489 387 906 443 informandos
945 404 1056 443 nos
1105 389 1355 448 insidias
1405 392 1726 449 declinavit
1772 389 2017 447 Herodis

369 477 606 548 (Matth.
635 491 754 544 xiv,
790 478 896 547 t3),
931 477 1052 533 sive
1084 481 1271 535 sancti
1313 481 1612 551 Evangelii
1642 497 1761 537 non
1803 479 2020 535 surdus

367 564 625 625 auditor,
659 579 782 636 quo
813 564 888 620 de
919 565 1151 624 civitate
1183 569 1242 624 in
1270 569 1586 638 civitatem,
1611 587 1797 626 causa
1825 569 2020 624 vitan-

367 653 458 709 dae
508 653 955 724 persecutionis,
1002 655 1343 714 delitescere
1384 659 1670 730 jubemur
1716 657 1916 727 (Ibid.,
1958 672 2019 723 x,

373 742 481 812 l3),
499 740 700 797 relicto
722 743 966 816 proprio
996 761 1151 812 rure,
1181 747 1321 803 alibi
1351 765 1412 803 se
1437 749 1663 806 Christo
1679 747 1860 803 libere
1882 760 2022 801 con-

369 829 499 886 tulit
546 830 886 887 serviturus.
914 835 1095 899 Quasi
1145 842 1347 906 posset
1399 836 1727 910 temporale
1769 834 2023 892 evadere

372 918 758 990 supplicium,
783 921 877 976 cui
920 922 1202 980 divinitus
1257 942 1293 981 a
1348 926 1762 982 constitutione
1811 921 2026 979 mundi

369 1007 860 1080 praedestinatum
915 1012 1245 1084 parabatur
1286 1017 1680 1088 martyrium;
1732 1018 1835 1069 aut
1876 1013 2028 1068 sicut

371 1096 448 1152 ad
466 1102 702 1170 tempus
730 1115 858 1156 sese
889 1101 1219 1158 occulenuo
1245 1104 1406 1160 insec
1417 1109 1646 1160 utorem
1667 1102 1868 1158 fefellit
1893 1115 2028 1174 pro-

371 1184 601 1254 fanum,
619 1187 701 1244 ita
721 1203 965 1262 quoque
986 1190 1197 1246 abesse
1220 1193 1619 1264 possetoculis
1640 1192 1722 1264 pii
1739 1191 2029 1260 Redemp-

371 1275 534 1338 toris,
567 1281 623 1332 et
651 1279 942 1334 vocatoris
975 1281 1064 1336 sui
1111 1282 1187 1338 ad
1219 1298 1495 1351 regnum.

444 1369 535 1420 2'2.
568 1370 673 1422 Per
700 1368 859 1424 idem
891 1387 1032 1440 ergo
1059 1377 1295 1446 tempus
1326 1374 1584 1443 graviter
1613 1373 1673 1427 in
1717 1387 1831 1427 nos
1878 1386 2031 1444 prae-

376 1453 604 1510 sidialis
635 1459 1026 1525 grassabatur
1046 1461 1299 1527 insania,
1331 1463 1414 1518 ita
1437 1468 1500 1518 ut
1519 1461 1838 1518 nonnullas
1867 1458 2031 1532 apud

377 1543 742 1614 Cordubam,
775 1546 917 1603 olim
947 1550 1284 1616 Patriciam,
1305 1567 1466 1606 nunc
1509 1556 1708 1607 autem
1741 1548 2032 1605 ﬂorentis-

379 1632 598 1687 simam
654 1635 819 1705 regni
875 1637 1110 1694 Arabici
1165 1639 1377 1695 urbem
1425 1639 1814 1696 basﬂicarum
1844 1643 2032 1694 turres

379 1724 680 1791 everteret,
708 1724 1068 1797 templorum
1089 1744 1256 1783 arces
1277 1729 1554 1796 dirueret,
1574 1733 1630 1784 et
1652 1727 1885 1784 excelsa
1906 1726 2035 1798 pin-

379 1809 733 1866 naculorum
766 1820 1160 1885 prosterneret
1201 1820 1298 1888 (8),
1335 1834 1470 1891 quae
1501 1819 1810 1889 signorum
1840 1821 2035 1886 gesta-

381 1898 548 1954 mina
597 1908 783 1962 erant,
813 1902 891 1958 ad
945 1912 1306 1962 conventum
1364 1908 1722 1964 canonicum
1769 1904 2034 1978 quotidie

383 1987 743 2045 Christicolis
790 1991 1184 2051 innuendum.
1214 1997 1478 2069 Denique
1508 2014 1648 2053 cum
1687 1998 2032 2067 exoptatum

382 2077 569 2149 patris
601 2079 691 2134 sui
722 2080 956 2138 libitum
982 2086 1299 2156 progenies
1343 2087 1553 2159 iniqua
1572 2099 1594 2126 ι
1627 2086 2034 2154 cognOSceret,

383 2171 449 2222 ut
475 2167 938 2243 quibuscunque
969 2174 1164 2228 modis
1197 2190 1266 2229 ac
1307 2175 1532 2230 viribus
1577 2178 1798 2247 posset,
1840 2172 2036 2228 Eccle-

384 2255 538 2311 siam
563 2256 885 2328 infestaret,
909 2276 1154 2317 omnem
1193 2263 1554 2320 crudelitatis
1587 2263 1865 2318 adnisum
1897 2277 2039 2330 erga

383 2344 537 2400 ﬁlios
564 2345 714 2402 lucis
747 2349 1062 2406 tenebrosa
1090 2352 1286 2423 proles
1317 2353 1589 2409 alacriori
1619 2357 1757 2409 voto
1787 2354 2038 2421 exercet,

385 2435 706 2508 minusque
737 2453 798 2491 se
840 2443 1011 2510 putat
1041 2440 1289 2514 adipisci
1319 2444 1618 2508 meritum,
1652 2442 1765 2498 nisi
1799 2455 2040 2497 summo

386 2525 582 2582 furore
613 2531 896 2584 exarserit
926 2529 984 2586 in
1033 2533 1402 2588 eversionem
1437 2533 1724 2589 ﬁdelium.
1759 2531 2043 2588 Praedixe-

387 2618 478 2670 rat
506 2615 728 2688 quippe
780 2619 893 2674 hoc
941 2621 1162 2676 Veritas
1206 2629 1414 2679 sancta
1465 2623 1836 2679 auditoribus
1895 2620 2058 2686 suis,.

388 2704 632 2761 dicens:
666 2708 896 2780 Absque
933 2713 1252 2780 synagogis
1295 2713 1523 2780 facient
1565 2729 1698 2778 vos;
1745 2719 1795 2767 et
1853 2709 2042 2766 omnis

392 2795 497 2864 qui
520 2796 818 2865 interfecit
847 2813 947 2853 vos
977 2800 1378 2855 arbitrabitur
1407 2817 1468 2857 se
1495 2803 1833 2873 obsequium
1857 2814 2044 2870 praes-

391 2888 522 2938 tare
540 2885 680 2939 Deo.
719 2887 780 2940 Et
809 2885 1023 2940 iterum
1049 2905 1061 2941 :
1095 2889 1238 2944 Haec
1264 2891 1494 2944 locutus
1523 2905 1651 2945 sum
1679 2890 1861 2958 vobis,
1886 2893 1951 2943 ut
1979 2888 2043 2942 in

389 2987 482 3027 me
503 2987 709 3041 pacem
748 2975 1034 3032 habeatis.
1071 2978 1137 3032 In
1189 2979 1409 3034 mundo
1457 2985 1654 3036 autem
1701 2993 2043 3048 pressuram

393 3059 681 3117 habebitis
702 3063 897 3133 (Joan.
930 3081 1046 3128 xvr,
1064 3070 1114 3129 2,
1149 3071 1258 3134 33).

461 3153 549 3206 23.
587 3150 782 3219 Igitur,
811 3151 957 3208 dum
988 3155 1067 3210 ob
1124 3156 1205 3211 rei
1258 3157 1568 3214 familiaris
1627 3157 2042 3214 necessitatem

394 3252 467 3292 ex
496 3237 755 3296 interiori
810 3248 1098 3299 montana
1129 3245 1521 3310 Cordubensi,
1554 3264 1674 3319 quo
1719 3264 1782 3303 se
1813 3246 2043 3319 pridem

391 3325 604 3382 beatus
635 3330 912 3385 sacerdos
942 3332 1155 3388 intuitu
1179 3334 1402 3390 latendi
1429 3335 1778 3404 contulerat,
1801 3336 1860 3390 in
1891 3349 2048 3390 nun-

393 3417 567 3473 dinas
632 3418 1054 3486 descendisset,
1112 3423 1172 3477 in
1217 3423 1438 3495 quibus
1488 3440 1689 3479 rerum
1739 3425 2046 3480 distractio

393 3505 800 3572 exercebatur,
833 3510 910 3565 ab
943 3509 1148 3581 iniquo
1197 3511 1374 3566 fratre
1417 3511 1632 3567 obvius
1683 3512 2043 3582 agnoscitur.

395 3597 584 3661 Quem
615 3601 679 3652 ut
717 3600 900 3654 cernit
930 3600 1209 3669 stigmata
1251 3601 1362 3672 piae
1411 3601 1710 3670 religionis
1740 3602 2048 3665 ferentem,

394 3700 513 3740 non
544 3686 798 3742 modicis
830 3687 856 3726 ι)
881 3687 1223 3744 lacessitum
1254 3689 1484 3760 injuriis
1513 3693 1583 3760 (9)
1617 3689 1695 3744 ad
1720 3690 1912 3745 vicem
1955 3707 2050 3744 ex-

394 3775 595 3847 quisiti
635 3776 900 3832 muneris
943 3777 1131 3848 judici
1185 3779 1373 3846 offert,
1403 3778 1712 3852 deponens
1759 3779 2048 3835 adversus

395 3879 532 3920 eum
559 3881 763 3922 coram
789 3866 1011 3922 arbitro
1041 3873 1317 3940 questum
1341 3869 1850 3942 praevaricationis
1874 3874 2048 3925 sectae

396 3953 844 4021 Mabometanee,
870 3973 1053 4028 quam
1091 3975 1154 4014 se
1181 3960 1414 4015 dudum
1436 3960 1720 4016 veraciter
1735 3960 2051 4016 coliturum

395 4041 588 4096 fuerat
613 4044 939 4100 confessus.
972 4048 1072 4101 Dei
1099 4065 1241 4103 vero
1290 4050 1477 4116 miles,
1511 4051 1729 4106 ccelesti
1766 4051 1890 4120 jam
1923 4065 2052 4104 ωηο

397 4146 538 4185 nere
567 4131 916 4196 illustratus,
939 4149 1060 4188 non
1088 4137 1237 4190 sicut
1262 4137 1404 4192 olim
1432 4139 1787 4194 adversariis
1819 4145 2049 4208 tergum

399 4217 660 4289 exponit,
703 4219 808 4274 sed
861 4236 1085 4290 magna
1137 4225 1448 4295 praeditum
1502 4227 1863 4289 fortitudine.
1903 4245 2054 4283 nun-

397 4323 672 4390 quam_se
702 4325 738 4364 a
769 4309 995 4365 Christo
1026 4311 1207 4368 fuisse
1237 4314 1525 4381 decisum,
1561 4332 1877 4388 nunquam
1916 4334 2050 4390 per-

398 4411 572 4452 verso
597 4383 895 4466 'dogmati
941 4398 1267 4472 aliquando
1305 4383 1936 4475 consensisse,—judici-
1966 4422 2052 4461 re-

400 4486 508 4542 fert
534 4505 546 4555 ;
581 4503 834 4561 seseque
860 4503 980 4545 non
999 4489 1192 4546 solum
1213 4492 1630 4561 Christianum,
1646 4511 1850 4551 verum
1875 4495 2051 4551 etiam

401 4577 612 4634 Christi
635 4578 849 4634 fatetur
877 4595 1005 4635 esse
1037 4580 1396 4639 ministrum.
1431 4585 1619 4649 Quem
1650 4585 1844 4657 primo
1868 4586 2057 4657 judex

401 4665 638 4722 blandis
651 4685 932 4725 revocare
949 4669 1227 4726 affatibus
1251 4677 1469 4744 putans
1493 4691 1506 4728 :
1537 4698 1564 4723 ‹‹
1585 4676 1821 4741 Poteris,
1843 4676 2053 4748 inquit,

401 4769 602 4810 rerum
630 4757 951 4814 afﬂuentiis
983 4765 1039 4815 ct
1067 4761 1421 4829 dignitatum
1456 4763 1718 4820 fascibus
1751 4766 2054 4831 honorari,

404 4845 480 4907 et,
513 4859 646 4914 quae
673 4845 775 4899 tibi
815 4848 1104 4911 imminet,
1134 4852 1488 4908 sententiam
1537 4855 1742 4911 mortis
1780 4857 2053 4918 evadere,

407 4931 456 4984 si
497 4937 548 4986 te
605 4934 867 5003 pristinis
919 4941 1069 4994 votis
1125 4941 1388 4999 redivivo
1441 4946 1653 5001 ardore
1699 4947 2054 5014 reformans,

409 5018 662 5073 missum
703 5020 780 5074 ab
838 5025 1251 5094 Omnipotente
1299 5033 1360 5084 in
1413 5032 1654 5088 veritate
1702 5034 2057 5104 prophetam

412 5113 752 5162 nostrorum
824 5111 1189 5183 credideris,
1265 5119 1680 5192 Christumque
1757 5121 2059 5175 testaveris

411 5196 598 5252 Deum
626 5211 747 5252 non
779 5212 927 5253 esse.
949 5218 979 5251 »
1006 5201 1110 5255 0.ιὶ
1142 5201 1351 5258 beatus
1390 5208 1669 5263 sacerdos
1701 5209 1818 5262 ait:
1857 5230 1884 5254 ‹‹
1916 5207 2052 5271 Illis,

408 5285 680 5359 inquam,
702 5287 908 5358 judex,
926 5289 1054 5344 haec
1077 5290 1456 5348 observanda
1475 5311 1765 5367 propone,
1787 5296 1891 5367 qui
1911 5294 2060 5351 forte

483 5429 508 5456 ι
535 5413 996 5495 Abdarrahman
1025 5419 1253 5485 patrem
1285 5421 1342 5470 et
1365 5417 1679 5472 Mahomad
1716 5419 1845 5490 ejus
1873 5419 2059 5475 filium

411 5501 583 5555 reges
613 5485 898 5554 intelligit.
929 5489 1148 5542 Mean.
1747 5485 1762 5490 '

484 5557 512 5637 ιξ
540 5557 625 5612 Ita
640 5561 814 5637 recte
831 5557 1094 5637 Bolland.
1114 5556 1191 5637 ad
1212 5557 1392 5614 diem.
1419 5559 1479 5614 13
1500 5559 1683 5637 Martii
1707 5578 1720 5629 ;
1747 5577 2064 5637 perperam

413 5631 615 5686 autem
638 5629 836 5688 Moral.
869 5635 926 5687 et
957 5628 1199 5695 Schott.,
1230 5645 1348 5686 non
1377 5632 1605 5688 mediis.

2127 389 2339 462 potiori
2372 389 2586 445 intuitu
2615 391 3002 446 commodum
3026 389 3376 462 temporale,
3403 405 3602 462 quam
3640 393 3817 444 aeter-

2130 494 2277 534 num
2326 478 2606 535 affectant
2649 480 2959 536 honorem.
2994 483 3109 536 Nos
3137 493 3161 520 ο
3191 483 3394 534 autem
3435 478 3695 550 (quibus
3738 479 3819 534 vi~

2131 583 2266 624 vere
2290 569 2564 624 Christus
2612 575 2718 635 est,
2751 575 2804 626 et
2845 570 2999 624 mori
3041 569 3278 624 lucrum
3318 567 3580 638 (Philip.
3608 585 3650 622 1.
3699 569 3814 637 2t),

2131 657 2223 712 cui
2255 663 2496 713 sanctus
2528 657 2621 713 ille
2651 657 3074 714 Clavicularius
3098 657 3267 728 regni
3296 656 3480 712 futuri
3514 656 3812 712 dicebat:

2133 748 2392 814 Domine,
2419 748 2500 803 ad
2527 763 2696 819 quem
2728 748 2942 804 ibimus
2963 753 2991 802 ?
3032 748 3211 803 verba
3257 749 3392 803 vita
3419 753 3678 802 aeterna:
3711 747 3818 802 ha-

2135 834 2228 890 bes
2258 836 2453 906 (Joan.
2485 852 2566 898 vr,
2600 880 2613 906 ,
2646 838 2757 907 69),
2785 837 2894 907 (10)
2926 835 3030 908 qui
3053 833 3417 907 discipulum
3455 835 3519 890 in
3565 849 3816 890 carcere

2134 925 2579 994 commonebat,
2607 925 2848 981 dicens:
2885 926 3104 982 Beatus
3135 926 3240 996 qui
3263 941 3382 980 non
3404 925 3610 995 fuerit
3641 940 3816 980 scan-

2133 1013 2432 1069 dalizatus
2465 1015 2525 1070 in
2559 1030 2646 1070 me
2679 1014 2920 1086 [Matt/i.
2953 1031 3012 1085 ιι,
3045 1015 3146 1086 6]),
3204 1019 3268 1070 ut
3313 1013 3460 1086 quid
3514 1012 3815 1086 perennis

2135 1103 2313 1158 fontis
2361 1105 2646 1176 poculum
2699 1105 3126 1177 relinquemus,
3166 1105 3438 1160 hausturi
3500 1105 3809 1175 gurgitem

2137 1207 2307 1246 caeno
2333 1192 2630 1248 mendacii
2660 1210 2730 1249 ac
2759 1194 3036 1249 vitiorum
3060 1193 3338 1249 sordibus
3353 1192 3808 1249 turbulentum?

2136 1285 2250 1336 Aut
2275 1297 2398 1353 qua
2429 1282 2647 1338 ultione
2689 1283 3021 1356 procacitas
3049 1283 3357 1355 punienda
3403 1288 3492 1339 est
3516 1283 3802 1348 ﬁliorum,

2138 1370 2264 1442 qui,
2295 1371 2394 1442 pia
2425 1377 2742 1443 parentum
2785 1373 2924 1444 jura
2967 1377 3334 1446 spernentes,
3363 1372 3656 1443 injustum
3698 1373 3804 1427 vic-

2139 1458 2264 1514 trici
2299 1459 2757 1516 contubernium
2790 1461 3167 1534 expetunt?»
3221 1461 3322 1516 His
3368 1461 3571 1516 verbis
3612 1459 3800 1532 judex

2146 1548 2476 1604 vehementi
2507 1549 2703 1605 furore
2753 1556 3110 1619 commotus,
3141 1549 3428 1623 applicari
3475 1554 3796 1622 martyrem

2071 1652 2113 1704 η
2145 1637 2456 1706 ergastulis
2471 1638 2690 1709 jubens
2716 1657 2728 1695 :
2779 1660 2808 1692 ‹
2831 1639 3036 1705 Abeat,
3083 1639 3296 1712 inquit,
3325 1655 3464 1694 cum
3494 1639 3796 1696 damnato-

2145 1741 2280 1781 rum
2310 1729 2618 1794 custodia;
2648 1729 2894 1786 horrida
2923 1729 3358 1785 macerandum
3404 1735 3567 1784 antra
3591 1742 3784 1782 carce-

2148 1828 2281 1868 rum
2308 1814 2624 1886 excipiant;
2649 1817 3086 1888 parricidarum
3103 1821 3162 1872 et
3189 1816 3382 1871 furum
3407 1815 3602 1870 solatio
3622 1813 3772 1867 frua-

2147 1904 2277 1970 tur;
2308 1907 2364 1958 et
2383 1905 2548 1959 omni
2579 1906 2814 1976 penitus
2841 1906 3051 1962 solatio
3067 1905 3362 1974 destituta,
3380 1903 3468 1959 vel
3489 1903 3569 1958 sic
3590 1899 3767 1974 pervi-

2151 2007 2261 2048 cax
2293 1991 2546 2048 elidatur
2577 1995 2946 2050 temeritas.»

2218 2081 2309 2136 24.
2343 2080 2480 2136 Adit
2508 2083 2606 2138 Dei
2655 2082 2916 2139 famulus
2950 2083 3125 2139 hilari
3176 2082 3366 2151 vultu,
3397 2077 3784 2136 exnltantibus

2149 2170 2385 2237 animis,
2413 2186 2660 2242 specum
2716 2171 2882 2228 illum
2931 2189 3193 2242 reorum,
3235 2171 3340 2244 qui
3396 2186 3533 2225 vere
3579 2166 3795 2223 sciebat

2149 2265 2454 2314 auctorem
2508 2277 2629 2315 SUtB
2683 2260 2888 2318 salutis
2932 2262 3155 2334 ubique
3184 2262 3531 2316 invocatum
3571 2258 3794 2323 adesse,

2149 2363 2259 2402 nec
2299 2347 2501 2420 aliquo
2555 2366 2732 2422 posse
2789 2351 2998 2407 abesse
3057 2351 3189 2410 situ.
3243 2351 3418 2420 cujus
3476 2346 3798 2403 dominatio

2150 2451 2393 2492 omnem
2452 2445 2719 2509 penetrat
2775 2440 3020 2508 locum;
3074 2440 3179 2512 qui
3234 2440 3414 2496 etiam
3463 2436 3686 2510 potenti
3727 2435 3800 2491 di~

2149 2526 2365 2582 vinetis
2414 2528 2664 2600 imperio
2691 2529 2833 2584 olim
2865 2529 3255 2585 sectatoribus
3289 2529 3414 2583 suis
3450 2526 3627 2582 fidele
3678 2541 3805 2598 pro-

2151 2617 2408 2672 missum
2438 2617 2704 2684 dederat,
2730 2618 2962 2674 dicens:
3018 2620 3170 2674 Ecce
3198 2635 3301 2690 ego
3350 2617 3646 2675 vobiscum
3680 2631 3803 2670 sum

2151 2706 2422 2760 omnibus
2451 2706 2655 2762 diebus
2689 2722 2870 2778 usque
2893 2707 2974 2762 ad
3002 2708 3568 2763 consummationem
3609 2703 3808 2759 saeculi

2156 2794 2393 2865 (Matth.
2427 2811 2624 2864 xxvui,
2658 2797 2768 2867 20).
2813 2797 2927 2867 (tl)
2977 2797 3074 2851 Hae
3137 2802 3296 2862 sunt,
3329 2795 3591 2855 diabole,
3625 2793 3806 2848 mina-

2153 2901 2250 2941 ces
2277 2885 2511 2940 saevitia:
2563 2891 2674 2940 tuae
2711 2886 2893 2958 leges,
2921 2887 2978 2942 hi
3039 2891 3178 2942 sunt
3219 2884 3495 2958 exquisiti
3535 2890 3801 2938 terrores.

2084 3006 2124 3061 ο
2160 2974 2271 3030 Sed
2299 2975 2526 3030 dictum
2559 2981 2645 3030 est
2676 2976 2882 3031 nobis:
2911 2978 3111 3032 Nolite
3141 2977 3347 3031 timere
3392 2989 3484 3030 eos
3528 2973 3634 3044 qui
3665 2971 3803 3026 occi-

2154 3064 2306 3118 dunt
2336 3079 2571 3133 corpus,
2611 3066 2752 3136 quia
2794 3082 2910 3120 non
2964 3065 3182 3121 habent
3213 3065 3359 3136 quid
3415 3063 3672 3131 amplius
3708 3061 3795 3128 fa-

2156 3157 2354 3220 ciant;
2386 3154 2488 3210 sed
2529 3155 2724 3223 potius
2754 3171 2882 3210 eum
2917 3157 3112 3210 timete
3156 3155 3262 3224 qui
3282 3158 3472 3223 potest
3513 3165 3719 3219 corpus
3747 3152 3792 3202 et

2157 3245 2418 3299 animam
2455 3245 2722 3314 perdere,
2755 3251 2807 3300 et
2857 3246 3091 3299 mittere
3133 3244 3194 3298 in
3236 3243 3572 3313 gehennam
3614 3238 3804 3309 (Ibid.,

2155 3348 2214 3397 x,
2243 3336 2354 3397 28).
2396 3336 2460 3388 Et
2511 3336 2762 3389 iterum:
2827 3333 3131 3388 Traddent
3181 3347 3278 3387 vos
3324 3332 3387 3385 in
3445 3329 3808 3392 concitiis,et

2158 3423 2219 3477 in
2263 3424 2584 3493 synagogis
2647 3423 2768 3477 suis
2809 3421 3212 3492 ﬂagellabant
3259 3435 3392 3486 vos;
3440 3425 3494 3475 et
3535 3418 3616 3474 ad
3669 3431 3824 3486 prae-

2159 3511 2310 3566 sides
2363 3517 2417 3567 et
2474 3526 2636 3581 reges
2689 3512 2988 3566 ducemini
3028 3515 3281 3579 pr0pter
3327 3524 3419 3564 me
3455 3509 3517 3563 in
3564 3509 3819 3563 testimo-

2158 3601 2324 3655 nium
2383 3601 2526 3668 illis,
2557 3606 2613 3655 et
2663 3600 2954 3669 gentibus.
2988 3598 3101 3666 Qui
3153 3605 3350 3654 autem
3406 3611 3820 3666 perseverave-

2159 3691 2240 3744 rit
2271 3704 2451 3760 usque
2480 3688 2542 3742 in
2566 3690 2765 3757 ﬁnem,
2794 3689 2890 3744 hic
2919 3689 3122 3744 salvus
3149 3689 3260 3743 erit
3287 3687 3487 3758 (Ibid.,
3520 3701 3668 3755 xvu,
3709 3685 3818 3750 18).

2157 3778 2214 3832 Si
2243 3792 2384 3846 ergo
2437 3780 2626 3848 potes,
2685 3776 3046 3846 congredere
3094 3775 3384 3831 adversus
3443 3773 3739 3837 animam,
3769 3777 3824 3827 et

2159 3866 2525 3938 pertinacem
2566 3866 2625 3920 in
2668 3865 3045 3920 confessione
3094 3881 3204 3920 sua
3255 3863 3528 3936 spiritum
3575 3877 3821 3934 supera,

2158 3955 2391 4010 videbis
2420 3971 2516 4010 me
2546 3954 2739 4024 magis
2764 3970 2869 4027 per
2897 3957 3190 4009 tormenta
3219 3951 3507 4024 proficere
3535 3967 3547 4004 :
3582 3955 3638 4004 et
3677 3965 3820 4005 cum

2162 4049 2225 4101 tu
2257 4046 2394 4119 plus
2427 4045 2739 4113 exarseris,
2765 4043 2903 4117 plus
2931 4057 3170 4114 semper
3215 4040 3474 4106 deficies,
3509 4043 3565 4095 et
3602 4037 3825 4094 felicio-

2165 4151 2291 4191 rem
2322 4152 2418 4191 me
2451 4135 2630 4191 facies
2659 4131 2968 4206 pervenire
2997 4131 3074 4186 ad
3107 4130 3382 4200 gloriam.

2235 4227 2563 4298 25.Reperit
2575 4239 2716 4278 vero
2732 4221 2791 4277 in
2807 4236 3042 4276 carcere
3055 4219 3380 4275 Rudericns
3396 4217 3641 4273 beatum
3659 4216 3825 4273 Salo-

2093 4355 2136 4405 υ
2170 4331 2410 4372 monem
2435 4329 2614 4387 quem
2635 4313 2713 4368 ob
2735 4309 3172 4366 confessionem
3198 4307 3458 4362 nominis
3483 4305 3694 4361 Christi
3714 4305 3827 4360 du-

2166 4404 2314 4461 dum
2348 4403 2662 4460 crudelitas
2693 4397 3179 4474 persequentium
3196 4396 3422 4452 ibidem
3444 4395 3825 4464 religaverat.

2168 4495 2348 4552 Simili
2362 4493 2584 4566 quippe
2599 4495 2653 4545 et
2665 4490 2789 4562 ipse
2803 4487 3047 4543 crimine
3065 4485 3462 4557 impetebatur
3475 4501 3520 4549 d,
3541 4500 3610 4540 eo
3627 4483 3800 4556 quod
3812 4528 3824 4548 ,

2166 4588 2388 4642 sanetze
2409 4580 2708 4651 religionis
2739 4578 2964 4634 cultum
2987 4591 3294 4649 spernens,
3327 4574 3530 4646 aliquo
3553 4579 3825 4645 tempore

2174 4681 2345 4731 secttr.
2396 4673 2822 4729 Mahometana:
2855 4665 3222 4722 adhaesisset.
3262 4663 3570 4736 Extemplo
3605 4663 3824 4719 indivi-

2164 4765 2283 4820 duo
2297 4769 2435 4819 voto
2449 4763 2859 4826 nectuntur,ac
2873 4755 3111 4811 sibimet
3123 4753 3376 4808 invicem
3392 4753 3824 4809 consolationis

2165 4853 2450 4921 suffragia
2472 4850 2897 4917 ministrantes,
2922 4843 2999 4900 ab
3041 4843 3322 4900 alterutro
3345 4859 3406 4898 se
3425 4843 3501 4897 ad
3526 4858 3824 4915 peragen-

2164 4945 2310 5000 dum
2333 4956 2587 5012 agonem
2611 4940 2949 5002 armantur;
2972 4933 3033 4989 id
3057 4933 3117 4989 in
3144 4948 3466 4988 commune
3499 4937 3824 4988 statuentes

2165 5037 2248 5095 ut,
2272 5029 2513 5086 calcatis
2531 5026 2740 5081 mundi
2762 5023 3091 5089 affectibus,
3115 5023 3216 5095 pia
3245 5020 3511 5094 quotidie
3542 5022 3824 5077 servitute

2168 5123 2286 5176 Deo
2316 5118 2662 5174 inluereant.
2692 5115 2774 5170 Fit
2803 5129 3053 5170 concors
3079 5112 3137 5167 in
3165 5111 3261 5165 llei
3290 5111 3497 5166 timore
3529 5114 3826 5165 utrorum-

2166 5226 2283 5282 que
2301 5221 2604 5271 assensus;
2625 5208 3004 5259 macerantur
3020 5199 3293 5255 membra
3305 5197 3826 5270 jejuniis,fatigan-

2168 5304 2261 5356 tur
2286 5295 2514 5368 vigillis,
2531 5294 2816 5349 limantur
2863 5291 3086 5357 ciliciis,
3117 5287 3606 5345 meditationibus
3665 5304 3818 5343 com-

2238 5433 2264 5462 ο
2294 5421 2435 5477 Male
2453 5420 2618 5475 nobis
2648 5418 2708 5472 in
2726 5416 2922 5474 Moral.
2946 5421 3002 5472 et
3024 5415 3220 5472 Schot.
3245 5433 3257 5482 ;
3286 5413 3437 5470 bene
3459 5429 3563 5468 nos
3602 5412 3663 5467 in
3695 5411 3822 5468 Bol-

2170 5491 2520 5628 18ῐέἓαὶιοῐμ
2547 5559 3003 5632 impediebatur.
