4110 6190
285 141 386 221 865

1388 124 1589 184 ΗΕΒ
1618 121 2152 183 APOLOGE‘I‘ICUS
2184 126 2588 186 MARTYRUM.

3588 137 3694 194 866

289 261 652 332 panguntur,
683 255 1057 312 orationibus
1082 253 1460 320 refoventur;
1495 250 1936 324 sicque,ardore
1967 253 2010 304 Α
2051 254 2176 305 tum
2235 257 2650 309 coronatorem
2710 258 2983 310 nostrum
3035 272 3237 312 rerum
3302 258 3696 318 ineﬂabilium

286 347 551 421 quodam
591 345 846 401 caelestis
895 344 1102 417 patriae
1155 341 1526 411 conﬂagrati,
1577 339 1818 395 dissolvi
1844 355 1941 394 cu-

287 436 454 510 piunt
485 441 543 490 et
581 450 709 490 esse
739 450 880 489 cum
909 433 1160 498 Christo,
1189 432 1538 486 festinantes
1571 429 1782 484 faciem
1813 427 1942 496 ejus

288 524 511 594 videre,
541 523 637 580 cui
666 523 991 578 servierunt
1017 540 1028 576 :
1064 538 1173 594 pro
1205 521 1380 590 cujus
1410 535 1614 574 amore
1644 517 1941 572 defectum

294 612 579 684 temporis
605 627 726 667 non
756 618 1041 680 verentes,
1097 613 1279 663 vitam
1322 609 1498 672 lianc,
1546 611 1604 661 ut
1631 605 1942 677 quoddam

298 702 616 758 discrimen
644 701 927 760 immane,
961 698 1277 769 refugiunt.

367 796 455 846 26.
486 791 662 860 Igitur
689 788 1178 862 pernianentibus
1222 786 1442 842 sanctis
1468 786 1528 840 in
1559 784 1833 840 exercitio
1862 781 1945 838 of-

305 879 568 936 ficiorum
613 877 960 945 caelestium,
1007 883 1064 932 et
1110 874 1498 931 reddentibus
1557 873 1820 946 quotidie
1847 871 1946 944 pio

299 968 676 1041 Redemptori
705 968 1096 1023 caeremonias
1121 965 1393 1031 laudum,
1428 981 1536 1037 pro
1570 963 1823 1018 summis
1849 962 1948 1018 de-

293 1057 442 1113 liciis
477 1062 714 1113 antrum
743 1056 891 1111 illud
912 1055 1232 1111 habebant.
1259 1057 1633 1125 Quapropter
1657 1052 1779 1107 zelo
1801 1052 1946 1106 duc-

293 1151 385 1203 tus
413 1146 790 1219 iniquissimo
817 1146 1023 1217 judex,
1069 1145 1234 1200 ferali
1281 1143 1472 1198 edicto
1507 1143 1788 1197 custodes
1819 1157 1947 1197 car-

290 1235 440 1292 ceris
472 1235 686 1306 arguit,
713 1250 939 1307 eosque
961 1235 1037 1290 ab
1059 1235 1314 1289 invicem
1347 1232 1544 1287 divelli
1575 1232 1874 1304 praecepit,
1895 1235 1952 1286 et

285 1341 362 1382 ne
398 1341 436 1381 a
461 1340 776 1398 quoquam
806 1323 1160 1379 visitationis
1189 1321 1380 1393 gratia
1411 1321 1950 1385 illustrareiitur,to-

289 1415 359 1471 tis
393 1413 652 1469 vesania:
687 1430 810 1468 suae
846 1411 1148 1468 furoribus
1172 1412 1367 1483 jussit.
1419 1410 1532 1468 Sed
1573 1410 1634 1464 in
1689 1409 1852 1464 nullo
1899 1414 1951 1464 te

281 1504 492 1575 juvas,
525 1501 787 1570 diabole,
815 1501 1063 1574 quando
1110 1517 1216 1574 per
1266 1501 1382 1556 hoc
1426 1499 1746 1554 discidium
1774 1513 1952 1553 cons-

2048 357 2193 412 opes
2257 358 2520 408 manere,
2566 359 2720 415 quas
2771 344 2980 400 oculus
3026 361 3151 402 non
3188 347 3354 417 vidit,
3396 363 3506 405 nec
3536 351 3697 407 auris

2048 429 2294 494 audivit,
2320 447 2429 486 nec
2451 432 2512 488 in
2542 449 2646 488 cor
2664 433 2925 488 hominis
2959 435 3311 506 ascendunt,
3362 454 3424 492 se
3454 438 3700 509 diligen-

2049 519 2206 574 tibus
2244 521 2639 593 repromissas
2672 522 2698 577 ?
2745 522 3000 595 Ideoque
3046 524 3310 581 celeriter
3338 527 3700 587 crudelitatis

2051 613 2163 664 tuae
2194 613 2253 663 in
2284 625 2395 664 nos
2433 626 2636 666 exsere
2681 611 2987 674 ultionem.
3033 630 3187 685 quos
3221 615 3414 671 cernis
3453 617 3703 674 nullate-

2049 713 2166 751 nus
2198 713 2233 752 a
2263 698 2637 776 confessione
2669 700 2876 755 Christi
2904 699 3188 758 desistere
3218 720 3408 777 usque
3440 706 3516 761 ad
3545 724 3706 764 mor-

2053 789 2169 840 tem
2201 803 2214 851 ;
2250 791 2312 840 ut
2337 791 2393 840 et
2411 803 2546 857 qua;
2580 787 2874 844 debentur
2902 790 3174 846 hostibus
3191 792 3312 859 Dei,
3347 793 3452 849 tibi
3479 810 3706 853 accres-

2051 874 2264 929 cantin
2293 875 2626 939 cumulum,
2654 882 2709 931 et
2738 877 2842 932 diu
2872 879 3046 934 nobis
3075 879 3326 937 dilatum
3351 883 3464 939 cito
3496 901 3704 957 prove-

2052 963 2178 1019 niat
2203 964 2542 1036 praemium.
2573 988 2600 1014 ››

2125 1055 2214 1106 29.
2254 1052 2400 1106 Hinc
2432 1053 2763 1108 acrioribus
2821 1055 3103 1111 frendens
3151 1059 3479 1117 scelerosus
3519 1063 3706 1133 judex

2054 1140 2438 1210 clamoribus,
2472 1141 2743 1198 ultimam
2795 1161 2916 1199 suae
2955 1145 3315 1203 crudelitatis
3354 1153 3707 1209 sententiam

2054 1245 2362 1301 promens,
2397 1253 2424 1279 «
2455 1230 2870 1298 Perducllium,
2906 1234 3096 1305 inquit
3125 1234 3451 1302 lictoribus,
3498 1256 3710 1314 prope-

2056 1322 2182 1373 rate
2215 1317 2568 1374 abscindere
2599 1320 2770 1383 colla,
2825 1326 2883 1376 et
2925 1321 3190 1378 debitam
3235 1325 3294 1380 in
3346 1328 3536 1399 capite
3569 1346 3709 1386 con-

2058 1412 2421 1480 temptorum
2462 1409 2710 1464 celerius
2759 1416 3091 1483 retorquete
3136 1414 3477 1474 vindictam.
3516 1442 3542 1468 ››
3600 1421 3709 1491 (l3)

2061 1497 2152 1552 Sic
2176 1513 2355 1568 super
2383 1498 2750 1570 crepidinem
2773 1499 2924 1555 alvei
2947 1503 3270 1570 constituti,
3297 1507 3488 1562 crucis
3518 1509 3713 1578 signa-

286 1593 545 1650 tantiam
592 1597 772 1664 putas
815 1591 1049 1662 fatigari
1099 1595 1466 1659 sanctorum,
1511 1589 1951 1661 quibusunum
1982 1603 2026 1654 Β
2063 1586 2197 1641 culo
2228 1602 2289 1642 se
2333 1588 2758 1658 praemuniunt,
2809 1595 2866 1644 et
2896 1591 2976 1644 sic
3007 1590 3207 1648 denuo
3238 1610 3378 1649 ense
3407 1603 3713 1668 prostrau-

286 1682 578 1755 idemque
607 1697 716 1754 pro
755 1681 988 1736 Christo
1039 1680 1335 1736 moriendi
1387 1685 1592 1734 manet
1637 1677 1953 1733 indissolu-

289 1773 414 1828 bile
444 1778 672 1827 votum.
721 1775 870 1827 Nam
902 1772 961 1826 hi
991 1771 1360 1827 confessores
1384 1769 1564 1836 beati,
1598 1774 1712 1838 (l2)
1743 1768 1954 1824 ordine

291 1865 351 1917 et
376 1861 620 1916 natione
651 1859 989 1927 dissimiles,
1041 1860 1326 1915 charitate
1378 1874 1501 1914 non
1550 1859 1840 1930 impares,
1872 1856 1957 1911 di-

291 1966 474 2006 verso
516 1950 652 2006 licet
681 1955 947 2022 tempore
979 1947 1322 2004 certaminis
1353 1963 1639 2019 campum
1666 1945 1953 2017 aggressi,

294 2055 423 2095 uno
455 2046 657 2094 tamen
689 2038 1024 2109 eodemque
1068 2036 1209 2092 ﬁdei
1239 2036 1449 2092 ardore
1479 2036 1793 2106 ﬂammati,
1826 2050 1956 2107 spe-

298 2127 497 2182 cimen
541 2126 729 2181 beatae
768 2126 1071 2198 passionis
1126 2124 1433 2194 egregium
1463 2125 1593 2179 orbi
1623 2125 1953 2179 instituunt.

377 2220 467 2271 27.
501 2219 745 2280 Interea,
766 2230 888 2270 non
913 2219 1050 2286 post
1077 2214 1295 2269 multos
1324 2212 1470 2280 dies,
1502 2213 1807 2269 obtutibus
1837 2213 1958 2268 suis

301 2303 495 2374 judex
551 2319 654 2359 eos
703 2303 967 2358 exhiberi
1014 2302 1389 2375 praecipiens,
1457 2301 1612 2357 illico
1664 2301 1742 2357 ad
1781 2303 1957 2358 ritum

308 2409 493 2447 suum
523 2392 747 2456 invitat,
781 2407 850 2447 ac
877 2391 950 2447 de
979 2407 1180 2446 rerum
1215 2391 1442 2463 copiisIl
1467 2395 1521 2446 et
1543 2390 1824 2461 dignitate
1855 2391 1960 2446 ho-

300 2497 528 2538 norum
559 2481 903 2537 suadendos
934 2486 1198 2545 attentat,
1221 2497 1373 2554 quos
1393 2486 1527 2536 ante
1543 2480 1753 2536 mundi
1783 2496 1957 2536 cons-

305 2571 645 2626 titutionem
671 2570 888 2626 electos
932 2575 988 2626 et
1028 2570 1480 2642 przedestinatos
1525 2570 1587 2624 in
1634 2569 1958 2641 adoptione

296 2659 568 2716 ﬁliorum
599 2659 700 2714 Dei
725 2659 1004 2714 divinitas
1024 2664 1228 2715 sancta
1250 2659 1957 2732 perscripserat.Quorum

292 2748 699 2823 pertinaciam
725 2748 786 2803 in
834 2749 935 2804 Dei
977 2748 1344 2820 professione
1375 2747 1786 2814 considerans,
1820 2751 1960 2818 post

293 2839 636 2896 secundam
664 2843 721 2895 et
751 2839 981 2895 tertiam
1011 2837 1485 2894 exhortationem
1513 2855 1587 2892 ex
1612 2838 1851 2893 decreto
1871 2853 1958 2891 re-

285 2929 387 3000 gis
451 2928 577 2984 fore
621 2927 968 3001 plectendos
1024 2927 1242 2983 statuit.
1307 2927 1473 2982 Prius
1522 2933 1722 2983 tamen
1772 2941 1956 2998 quam
1989 2955 2028 3009 C
2067 2931 2364 2984 tormenta
2405 2944 2418 2991 ;

282 3018 725 3091 egrederentur
753 3016 832 3072 ad
852 3016 1182 3089 publicum,
1214 3016 1670 3071 convinctorum
1699 3030 1762 3068 se
1788 3013 1954 3086 pedi-

280 3108 409 3164 bus
446 3106 834 3162 advolventes
871 3110 1086 3175 rogant
1110 3109 1172 3160 ut
1202 3104 1500 3159 continuis
1531 3102 1954 3158 obsecrationi-

278 3197 410 3253 bus
443 3196 816 3266 juvarentur,
863 3209 959 3260 ne,
1012 3193 1332 3248 tentatione
1363 3193 1632 3246 humana
1661 3190 1952 3263 praerepti,

279 3292 630 3344 retrorsum
676 3285 1062 3358 respicerent,
1111 3286 1168 3343 et
1215 3282 1293 3336 ab
1347 3280 1562 3336 intuitu
1591 3279 1958 3352 percipiendi

280 3375 590 3434 vexillum
620 3374 880 3430 victoria:
910 3371 1315 3428 turbarentur.
1341 3370 1425 3426 Ita
1454 3369 1619 3442 pacis
1644 3368 1850 3425 osculo
1879 3385 1959 3425 re-

283 3464 622 3533 conciliati,
665 3463 772 3536 qui
819 3477 1139 3534 nunquam
1169 3460 1404 3516 fuerant
1451 3458 1634 3529 litigio
1679 3458 1958 3530 separati,

285 3570 518 3612 omnes
547 3569 670 3625 prae
699 3552 923 3623 gaudio
952 3550 1377 3622 lacrymantes,
1404 3553 1751 3604 sanctorum
1782 3562 1844 3602 se
1875 3547 1961 3603 fa-

284 3642 553 3700 voribus
575 3640 720 3696 tueri
752 3644 1019 3695 exorant.
1042 3638 1272 3710 Sicque,
1292 3635 1640 3706 urgentibus
1657 3635 1962 3705 ministris,

289 3738 452 3787 voto
483 3729 750 3786 alacriori
776 3728 1111 3801 prosiliunt,
1167 3727 1413 3782 celerius
1454 3730 1844 3798 properantes
1887 3722 1966 3779 ad

292 3817 517 3874 locum
536 3834 654 3889 quo
679 3816 1028 3890 passionem
1059 3819 1570 3871 consummarent.

378 3911 478 3962 28.
516 3909 578 3961 Et
607 3923 740 3962 cum
769 3908 895 3977 jam
927 3905 1079 3960 hora
1103 3903 1421 3959 decisionis
1449 3903 1717 3968 instaret,
1751 3902 1963 3956 iterum

289 4016 330 4055 a
349 3996 568 4070 judice
594 3996 878 4052 blandius
906 3996 1294 4051 exhortantur
1320 4009 1460 4048 cum
1503 3990 1701 4063 specie
1739 3990 1966 4046 divitia-

285 4103 465 4156 rum,
484 4086 906 4157 honorumque
926 4082 1296 4150 sublimium,
1327 4081 1552 4154 quibus
1579 4079 1784 4152 utique
1813 4077 1967 4134 frue-

283 4183 533 4247 rentur,
567 4173 617 4229 si
649 4177 1095 4229 reverterentur.
1144 4171 1434 4227 Abnuunt
1477 4169 1693 4236 sancti,
1726 4167 1897 4224 sicuti
1927 4183 1965 4224 a

281 4264 626 4340 principio,
662 4261 881 4333 judicis
923 4261 1250 4334 optionem,
1310 4261 1392 4315 ita
1445 4265 1507 4315 ut
1548 4257 1961 4315 sanctissimus

283 4354 637 4413 Rudericus
666 4351 932 4424 quadam
970 4356 1277 4422 vegetatus
1327 4348 1722 4417 animositate,
1757 4364 1963 4420 super-

281 4463 370 4502 no
402 4446 546 4516 jam
589 4457 836 4498 munere
876 4440 1292 4513 perlustratus,
1324 4438 1608 4495 audacter
1637 4437 1690 4493 ei
1718 4454 1966 4510 respon-

283 4535 496 4602 deret,
529 4531 771 4587 dicens:
807 4553 835 4581 ‹‹
873 4529 1190 4596 Quomodo
1221 4545 1332 4585 nos
1363 4527 1529 4597 cogis
1560 4526 1763 4582 relicta
1788 4527 1966 4599 pieta-

281 4629 346 4681 te
370 4621 690 4680 declinare
717 4620 780 4676 in
809 4619 1072 4684 devium,
1089 4619 1194 4693 qui
1226 4622 1445 4674 sanctae
1471 4615 1608 4671 ﬁdei
1629 4630 1968 4671 sacramen-

288 4713 373 4769 tis
395 4709 930 4779 instructi,fortiter
949 4706 1349 4778 ignorantiam
1371 4709 1630 4761 vestram
1653 4702 1965 4768 deﬂemus,

291 4817 467 4874 quos
513 4805 675 4857 tanto
727 4799 1007 4856 videmus
1057 4812 1254 4852 errore
1304 4795 1605 4852 infectos?
1651 4797 1800 4850 Nam
1857 4808 1968 4847 nos

291 4889 470 4947 adeo
499 4889 655 4944 hanc
683 4892 910 4944 sectam
932 4883 1381 4942 detrectabilem
1405 4884 1772 4955 judicamus,
1799 4886 1864 4937 ut
1891 4896 1967 4936 ne

283 4977 532 5036 nostris
573 4977 823 5050 quidem
852 4991 987 5032 eam
1025 4972 1413 5030 incolendam
1467 4973 1717 5029 canibus
1741 4975 1970 5046 patere-

283 5085 467 5135 mur,
494 5070 726 5140 quanto
753 5064 948 5136 magis
977 5063 1380 5136 nosmetipsos
1409 5060 1808 5118 fallacissimis
1838 5061 1968 5132 ejus

280 5157 612 5231 ﬁgmentis
640 5155 998 5212 subdamus.
1045 5155 1162 5209 Aut
1205 5169 1394 5226 quare
1425 5153 1612 5225 copiis
1641 5168 1839 5208 rerum
1866 5154 1970 5206 aut

281 5247 598 5318 dignitate
627 5245 930 5301 honorum
957 5242 1295 5299 labentium
1333 5241 1718 5306 oblectemur,
1749 5239 1812 5293 in
1837 5240 1968 5310 ipso

281 5337 562 5394 forsitan
587 5332 1001 5406 objectationis
1020 5330 1738 5399 momento,intercidente
1755 5332 1966 5392 morte,

280 5425 588 5501 protinus
614 5424 820 5481 omnia
835 5422 1136 5492 amissuri,
1158 5421 1262 5496 qui
1291 5419 1570 5478 novimus
1591 5417 1754 5490 apud
1786 5418 1972 5474 Chris-

2063 1682 2174 1733 tur.
2205 1680 2244 1732 E
2275 1677 2496 1748 quibus
2526 1679 2687 1750 prior
2709 1679 2806 1734 Dei
2844 1681 3124 1736 sacerdos
3157 1686 3714 1760 occumbens,praa-

2060 1766 2192 1821 vius
2226 1766 2622 1838 triumphator
2651 1768 2870 1823 coelum
2900 1769 3156 1826 intravit.
3184 1773 3353 1836 Quod
3376 1775 3511 1832 ideo
3525 1756 3715 1848 judex
3755 1756 3765 1761 ~

2061 1855 2189 1911 ﬁeri
2216 1856 2404 1911 voluit
2433 1860 2495 1911 ut
2526 1857 2573 1911 si
2600 1856 2748 1912 forte
2767 1858 3011 1914 horrore
3036 1860 3220 1916 decisi
3244 1863 3548 1920 cadaveris
3576 1866 3715 1923 bea-

2063 1944 2105 2000 ti
2129 1943 2463 2000 Salomonis
2490 1945 2728 2001 animus
2745 1946 3074 2003 ﬂecteretur
3103 1967 3114 2015 ;
3144 1967 3327 2022 quem
3349 1959 3486 2025 post
3518 1956 3715 2012 varias

2063 2034 2484 2106 deceptionum
2516 2035 2824 2091 illecebras
2853 2043 3224 2094 constantem
3247 2045 3304 2096 et
3325 2041 3716 2102 fortissimum

2065 2122 2492 2195 comprobans,
2516 2124 2723 2181 ultimo
2767 2125 2966 2195 gladio
2998 2128 3228 2184 vindice
3264 2132 3545 2194 trucidari
3573 2151 3716 2207 prae-

2066 2212 2238 2284 cepit.
2275 2213 2448 2267 Haesit
2477 2218 2678 2268 tamen
2711 2231 2821 2271 suo
2861 2215 3012 2272 collo
3056 2233 3177 2272 non
3216 2218 3484 2277 funditus
3512 2228 3716 2281 vertex

2066 2301 2307 2369 incisus,
2350 2302 2493 2373 quia
2532 2303 2959 2374 expelitiorem
2988 2305 3165 2362 beato
3197 2308 3486 2367 Ruderico
3528 2328 3716 2384 quam

2066 2390 2204 2445 huic
2230 2389 2530 2446 Salomoni
2555 2389 2782 2447 framea
2813 2391 3006 2448 intulit
3035 2393 3286 2451 obitum.

2137 2485 2224 2536 30.
2261 2481 2374 2537 Sed
2403 2480 2548 2551 quia
2577 2481 2864 2537 caelorum
2895 2497 3081 2553 regna
3102 2485 3460 2543 adeuntibus
3491 2490 3722 2546 anima-

2065 2570 2180 2626 bus
2203 2569 2411 2641 nequit
2437 2569 2729 2624 obsistere
2756 2570 3018 2626 callidus
3051 2589 3314 2646 serpens,
3349 2576 3548 2634 adhuc
3578 2594 3720 2634 con-

2067 2664 2157 2716 tra
2182 2659 2523 2714 exanimata
2572 2674 2828 2731 corpora
2873 2659 3096 2718 bellum
3130 2665 3452 2722 exsuscitat
3493 2685 3505 2736 ;
3547 2668 3723 2741 quasi

2066 2753 2306 2804 mortua
2333 2763 2615 2819 superare
2638 2757 2839 2820 posset
2861 2750 3176 2820 cadavera,
3204 2769 3344 2810 cum
3361 2756 3490 2826 jam
3518 2757 3722 2814 nullus

2068 2842 2221 2894 esset
2252 2837 2515 2910 spiritus,
2566 2837 2669 2909 qui
2717 2839 2916 2910 potius
2949 2839 3216 2898 irrideret
3264 2859 3452 2916 quam
3484 2846 3725 2902 sentiret

2461 2931 2564 2981 aut
2602 2926 2775 2997 quasi
2806 2927 3021 2999 aliquis
3052 2930 3254 2986 titulus
3275 2938 3584 3003 putaretur
3612 2935 3725 2989 vic-

2062 3017 2248 3086 toriae,
2280 3031 2418 3070 cum
2445 3013 2741 3069 defunctis
2768 3014 2993 3070 bellum
3026 3017 3191 3074 inire.
3225 3022 3293 3074 Ut
3321 3036 3463 3090 ergo
3488 3021 3722 3093 passio-

2060 3107 2243 3165 nibus
2276 3102 2484 3160 Christi
2529 3102 3046 3160 communicarent
3085 3112 3402 3178 martyres,
3429 3109 3716 3165 instinctu

2064 3193 2384 3253 ferocitatis
2416 3207 2452 3247 a
2491 3189 2733 3246 diabolo
2775 3207 2998 3263 praeses
3045 3200 3336 3262 armatus,
3389 3197 3501 3252 sub
3551 3197 3725 3268 cujus

2063 3285 2194 3341 dira
2238 3280 2584 3338 crudelitate
2643 3279 2820 3336 totius
2850 3280 3111 3351 dignitas
3153 3283 3556 3342 Cordubensis
3585 3291 3726 3343 tunc

2068 3373 2324 3444 graviter
2353 3369 2700 3438 vexabatur,
2728 3369 2899 3442 jubet
2925 3387 3178 3444 corpora
3200 3376 3529 3448 martyriali
3557 3393 3730 3433 cruo-

2069 3480 2131 3520 re
2161 3463 2424 3536 perfusa,
2458 3461 2720 3532 vestigiis
2759 3461 3009 3517 inversis
3061 3463 3300 3536 conﬁgi,
3344 3482 3413 3522 ac
3443 3467 3728 3541 deinceps

2070 3550 2291 3607 ﬂuviali
2319 3549 2541 3622 abysso
2572 3549 2837 3607 recondi.
2868 3551 3088 3607 Eadem
3132 3558 3307 3610 nocte
3335 3554 3558 3625 ingenti
3576 3555 3728 3628 lapi-

2071 3639 2218 3694 dum
2249 3654 2427 3694 onere
2470 3638 2731 3708 alligata,
2763 3641 3081 3711 separatim
3131 3643 3474 3699 vastissimo
3509 3643 3724 3714 gurgiti

2071 3729 2528 3796 immerguntur.
2557 3727 2847 3798 Sperabat
2877 3729 3056 3783 miser
3098 3730 3405 3787 elementis
3433 3731 3730 3803 imperare

2072 3816 2398 3881 undarum,
2453 3831 2589 3885 quae
2648 3815 3027 3885 praestantius
3076 3816 3382 3872 intendere
3439 3822 3732 3874 noverant

2071 3903 2362 3959 Creatoris
2391 3903 2732 3974 imperium,
2769 3906 2832 3957 ut
2881 3903 3134 3959 creditas
3179 3905 3289 3961 sibi
3337 3921 3482 3978 opes
3512 3912 3731 3980 marty-

2070 3993 2245 4050 riales
2271 4006 2395 4048 non
2434 3989 2631 4047 solum
2687 4005 2723 4045 a
2779 3989 2992 4046 belluis
3040 3999 3487 4064 conservarent,
3523 4011 3730 4053 verum

2069 4084 2251 4141 etiam
2303 4087 2508 4154 erepta
2539 4095 2824 4136 saxorum
2865 4081 3130 4154 pondere
3177 4085 3453 4142 membra
3491 4085 3730 4158 placido

2069 4172 2319 4243 remigio
2349 4172 2642 4227 ﬂuctuum
2671 4169 2749 4226 ad
2783 4169 2985 4228 locum
3013 4171 3229 4244 quietis
3252 4173 3551 4231 veherent.

2145 4267 2232 4318 3t.
2283 4265 2405 4333 Ego
2454 4260 2691 4316 interim
2749 4265 3025 4334 peccator
3077 4261 3377 4333 Eulogius,
3417 4264 3523 4336 qui
3566 4268 3733 4335 gesta

2072 4349 2389 4407 beatorum
2418 4365 2555 4406 meo
2606 4348 3021 4405 elucubranda
3067 4349 3221 4422 stylo
3269 4350 3502 4407 dudum
3531 4352 3732 4408 decre-

2074 4457 2296 4507 veram,
2327 4456 2466 4496 cum
2495 4455 2703 4495 rumor
2733 4443 3164 4495 consummatae
3195 4439 3498 4511 passionis
3519 4455 3732 4494 eorum

2077 4529 2300 4601 ubique
2340 4528 2716 4598 discurreret,
2749 4527 2997 4600 expletis
3029 4527 3354 4583 missarum
3402 4525 3731 4591 solemniis,

2075 4618 2347 4689 ipsorum
2374 4617 2684 4672 invisenda
2706 4632 2960 4688 corpora
2994 4617 3263 4688 quadam
3287 4619 3599 4686 vegetatus
3629 4631 3733 4672 au-

2075 4706 2249 4762 dacia
2275 4705 2411 4771 adii,
2444 4705 2553 4774 (14)
2587 4721 2655 4759 ac
2681 4705 2962 4777 proprius
3005 4721 3192 4777 quam
3220 4710 3432 4762 caetera
3464 4711 3736 4780 spectan-

2076 4795 2226 4849 tium
2259 4791 2432 4848 turba
2455 4791 2738 4848 accedere
2763 4808 2887 4848 non
2911 4793 3133 4849 veritus
3164 4811 3320 4851 sum.
3364 4797 3431 4852 Et
3460 4795 3622 4852 testis
3645 4799 3735 4854 est

2076 4881 2435 4950 Redemptor
2491 4895 2684 4948 meus,
2735 4881 2840 4952 qui
2888 4882 3004 4938 hoc
3059 4885 3561 4942 commentarium
3613 4885 3734 4942 dis-

2076 4987 2214 5027 cuss
2224 4985 2364 5025 urus
2379 4973 2486 5033 est,
2513 4967 2794 5041 quianon
2825 4972 3100 5044 mentior,
3127 4973 3293 5046 quod
3313 4978 3482 5032 tanta
3499 4974 3733 5032 decoris

2075 5057 2517 5133 pulchritudine
2558 5056 2760 5114 decisa
2795 5057 2898 5116 illa
2945 5060 3243 5118 cadavera
3291 5061 3623 5134 fulgebant,
3668 5065 3734 5118 ut

2078 5149 2365 5214 crederes,
2397 5148 2445 5202 si
2499 5163 2535 5203 a
2591 5163 2904 5220 quoquam
2950 5150 3408 5222 sciscitarentur,
3459 5151 3732 5224 protinus

2077 5241 2374 5298 locutura.

2149 5335 2236 5386 32.
2265 5327 2542 5386 Nonnulli
2571 5328 2753 5385 etiam
2786 5345 2817 5385 e
2857 5329 3036 5386 turba
3065 5330 3376 5400 gentilium
3405 5329 3730 5399 venientes,

2077 5418 2398 5475 sumebant
2421 5417 2655 5491 lapillos
2687 5418 2975 5487 ﬂuminis,
3008 5419 3108 5491 qui
3143 5435 3352 5476 cruore
3394 5422 3730 5491 martyrum

364 5562 398 5588 ι
424 5554 605 5606 Deest
631 5555 686 5606 et
719 5548 780 5604 in
813 5549 1007 5605 Schot.
1043 5553 1100 5604 et
1131 5543 1421 5609 Bolland.,
1466 5542 1574 5598 sed
1613 5541 1793 5600 habet
1817 5547 1973 5600 recte
2004 5545 2249 5602 Morales
2280 5541 2397 5597 alia
2426 5540 2588 5597 enim
2617 5547 2705 5599 est
2729 5542 2972 5600 tentatio
2994 5540 3359 5609 divitiarum,
3393 5540 3513 5596 alia
3540 5541 3734 5595 hono-

282 5639 477 5686 rum,
507 5637 662 5696 quas
683 5636 920 5694 semper
939 5620 1036 5676 hic
1073 5616 1356 5675 discernit
1383 5613 1688 5690 Eulogius.
