4098 6176
555 112 658 166 975

1625 113 1682 169 S.
1723 105 2093 167 PRUDENTII
2141 103 2520 165 TRECENSIS
2563 110 2898 176 EPISCOPI,

3875 127 3991 181 976

552 233 699 290 nulli
723 232 1024 290 Gallorum
1056 231 1500 306 (sicutquidam
1531 235 1604 290 de
1627 235 1709 290 eis
1733 234 1812 290 ait
1840 247 1883 305 ο,
1912 229 2075 303 quod
2097 244 2194 284 eo-
2225 227 2282 300 [Α
2313 233 2615 306 tatemque
2627 239 3064 302 senserat,mox
3078 237 3993 311 mquitatemjustissimam,rec-

551 341 687 382 rum
715 323 832 379 sint
861 337 1097 394 semper
1135 323 1443 395 repentina
1489 323 1756 394 consilia)
1812 335 2198 394 nequaquam

547 410 1134 469 Prasdestinationem
1157 410 1527 484 perditorum
1561 409 2070 486 reprehenderint,
2093 406 2199 463 sed

549 504 897 556 sanctorum
922 499 1430 572 praedestinationi
1459 517 1618 558 novo
1668 498 1985 557 concludio
2030 495 2198 553 dero-

546 605 690 662 gare
712 587 1052 645 maluerint.
1078 589 1344 654 Quorum
1365 589 1587 646 insanio
1613 584 2198 664 prmsumptionime-

541 677 852 734 morabilis
883 675 1042 733 idem
1073 678 1440 748 Augustinus
1462 678 1670 735 doctor
1697 677 1972 745 eximius,
1999 677 2197 747 peten-

543 765 705 824 tibus
729 767 1018 838 Prospero
1039 769 1096 820 et
1125 765 1366 836 Hilario,
1415 767 1745 823 orthodoxe
1795 763 2190 837 respondens,

539 854 694 911 duos
722 854 927 924 libros,
951 854 1203 911 alterum
1258 855 1334 912 de
1373 853 1898 912 Praedestinatione
1953 854 2191 908 sancto-

536 959 695 1008 rum,
727 943 980 1000 alterum
1008 943 1083 1000 de
1118 947 1278 1000 Bono
1317 943 1796 1016 perseverantiae,
1846 939 2189 1016 plenissime

532 1031 1002 1104 ﬁdelissimeque
1045 1032 1334 1101 confecit;
1394 1033 1454 1089 in
1486 1033 1707 1106 quibus
1753 1045 2058 1105 perpauca
2112 1028 2188 1084 de

530 1121 967 1194 prmdestinatis
997 1121 1074 1177 ad
1131 1122 1450 1189 interitum,
1510 1121 1877 1194 quamplura
1923 1134 2062 1175 vero
2109 1117 2184 1173 de

529 1210 966 1283 prsedestinatis
993 1209 1071 1265 ad
1097 1209 1350 1280 gloriam
1375 1210 1680 1268 verissime
1715 1209 2010 1266 disseruit.
2069 1207 2182 1261 Cu-

520 1297 624 1370 jus
655 1298 953 1354 dictorum
983 1297 1461 1372 scriptorumque
1515 1298 1847 1354 salubrium
1907 1299 2178 1368 Prosper,

525 1387 760 1443 Gallicae
785 1386 1107 1460 provincia:
1151 1386 1361 1443 doctor
1389 1387 1751 1460 preacipuus,
1795 1401 2025 1458 sequax
2072 1399 2179 1456 per

523 1474 732 1533 omnia
760 1478 940 1546 atque
963 1473 1263 1544 defensor,
1294 1474 1673 1531 memorabili
1691 1477 1857 1531 Patre
1880 1471 1960 1529 ad
1997 1469 2174 1528 coele-

2314 317 2542 376 tissime
2572 323 3102 396 plexus,expertus
3132 330 3221 381 est
3253 344 3266 392 ;
3293 326 3707 402 damnataque
3745 333 3828 389 ob
3862 338 3986 392 cul-

2309 422 2452 480 pam
2484 409 2902 467 iuobedientiae
2933 411 2992 467 in
3011 413 3219 484 primis
3251 419 3762 488 propagatoribus
3790 425 3980 482 totius

2314 491 2568 548 humani
2591 495 2826 564 generis
2848 511 3072 561 massa,
3095 501 3152 553 et
3178 500 3555 570 praescivit,et
3579 505 3980 576 praedestina-

2306 580 2405 650 vit,
2433 581 2494 672 id
2515 588 2604 640 est
2623 585 3048 657 praeordinavit
3071 587 3123 658 ej
3134 603 3202 641 us
3223 589 3663 662 omnipotentia
3677 610 3838 667 quos
3864 615 3975 672 per

2305 670 2560 740 gratiam
2581 678 2638 730 et
2658 675 3015 745 sanguinem
3038 677 3263 748 proprii
3289 678 3414 734 Filii
3441 681 3663 750 sui,Dei
3689 689 3749 741 et
3771 670 3974 746 Domi-

2302 759 2364 815 ni
2393 762 2578 817 nostri
2607 763 2745 818 Jesu
2770 763 3006 834 Christi,
3025 765 3103 821 ab
3129 765 3343 822 eadem
3368 769 3726 840 perditionis
3755 792 3969 836 massa

2300 848 2764 908 misericorditer
2789 858 3047 910 secretos
3073 853 3152 910 ad
3165 855 3370 926 vitam,
3396 857 3655 928 gloriam
3680 878 3968 935 regnum-

2299 951 2417 1026 que
2447 938 2759 996 reduceret
2789 942 3222 1014 sempiternum
3248 961 3261 1011 ;
3283 950 3340 999 et
3366 948 3688 1018 praescivit,
3722 959 3780 1009 et
3810 971 3963 1026 prae-

2297 1025 2636 1116 destinavit,
2688 1029 2747 1084 id
2792 1035 2881 1086 est
2938 1031 3390 1104 przeordinavit,
3446 1040 3508 1092 ut
3553 1025 3961 1116 quoscunque

2295 1115 2487 1184 gratia
2509 1119 2829 1187 etsanguis
2856 1119 3130 1190 ejusdem
3160 1123 3389 1194 proprii
3419 1123 3543 1180 Filii
3577 1127 3730 1199 ejus,
3764 1115 3877 1186 Dei
3903 1140 3960 1189 et

2294 1203 2528 1261 Domini
2572 1207 2757 1262 nostri
2795 1211 2930 1264 Jesu
2975 1208 3206 1276 Christi,
3239 1226 3313 1266 ex
3339 1221 3676 1272 memorata
3707 1219 3956 1278 misera-

2289 1290 2394 1348 bili
2419 1309 2624 1350 massa
2653 1311 2774 1351 non
2820 1303 3169 1368 secerneret,
3213 1298 3550 1370 justissima
3579 1306 3778 1378 poenis
3819 1309 3954 1365 afﬁ-

2289 1386 2446 1437 ceret
2484 1384 2880 1456 sempiternis.
2943 1385 3404 1451 Praedestinavit,
3438 1389 3715 1464 inquam,
3767 1395 3832 1452 id
3863 1404 3954 1455 est

2286 1471 2729 1541 praeordinavit,
2789 1489 2911 1530 non
2958 1480 3022 1531 ut
3068 1483 3408 1547 peccarent,
3460 1481 3568 1538 sed
3608 1488 3672 1539 ut
3698 1492 3949 1559 propter

523 1564 637 1620 stia
665 1561 1135 1619 indubitabiliter
1164 1563 1608 1635 transmigrato,
1636 1563 1717 1619 ita
1773 1562 1922 1632 suis,
1978 1560 2039 1616 id
2087 1564 2175 1615 est
2216 1574 2256 1628 Β
2285 1564 2599 1630 peccatum
2643 1563 2836 1634 poenis
2880 1565 3183 1636 perpetuis
3219 1565 3523 1625 interirent
3563 1588 3576 1634 ;
3627 1574 3942 1645 praedesti-

520 1651 719 1717 Gallis,
750 1651 1085 1708 furentibus
1117 1652 1409 1708 catholica
1451 1651 1842 1725 responsione
1880 1649 2169 1716 obviavit,

517 1744 584 1796 ut
609 1755 666 1797 et
687 1739 1021 1796 doctrinam
1046 1740 1201 1798 illius
1222 1740 1622 1797 orthodoxam
1644 1738 1855 1812 procul
1873 1737 2059 1794 dubio
2081 1753 2171 1793 as-

517 1833 757 1899 sereret,
786 1832 844 1886 et
871 1844 1010 1884 eum
1039 1829 1186 1886 nihil
1207 1833 1415 1886 contra
1443 1829 1704 1886 veritatis
1759 1826 2031 1897 regulam
2084 1826 2170 1883 ul-

511 1916 748 1974 latenus
767 1915 862 1973 vel
893 1917 1154 1974 sensisse
1184 1918 1278 1974 vel
1307 1917 1612 1990 scripsisse
1632 1920 1938 1974 astrueret.
1973 1917 2166 1982 Quam

507 2006 786 2064 videlicet
807 2008 861 2062 S.
897 2006 1172 2080 Prosperi
1191 2007 1645 2080 responsionem
1674 2004 1992 2078 propositis
2010 2020 2167 2077 quae-

511 2090 807 2147 stionibus
865 2089 1136 2148 sufﬁcere
1187 2091 1512 2158 crederem,
1568 2090 1681 2146 nisi
1753 2088 2164 2162 quorumdam

506 2180 676 2236 aliter
719 2179 1100 2253 opinantium
1147 2179 1482 2253 pervicacia
1535 2179 1614 2236 ad
1652 2178 1770 2236 alia
1820 2177 2159 2234 devocaret.

503 2271 654 2326 Nam
680 2273 820 2326 tunc
875 2268 1073 2326 omnis
1119 2269 1372 2342 quaestio
1437 2267 1758 2325 adversum
1817 2270 2161 2322 sanctorum

503 2357 1092 2432 praedestinationem
1129 2358 1500 2431 quibusdam
1553 2356 1820 2413 conﬁctis
1874 2354 2160 2414 adiuven-

501 2445 767 2502 tionibus
794 2445 1108 2516 agebatur,
1139 2446 1362 2519 quibus
1392 2463 1429 2502 a
1447 2444 1804 2502 veneranda:
1853 2441 2158 2499 memoriae

501 2528 780 2584 Patribus
808 2529 951 2585 satis
983 2528 1346 2602 abundeque
1367 2544 1728 2602 responsum
1759 2530 1871 2597 est,
1901 2541 2065 2582 nunc
2094 2523 2158 2580 in

499 2615 810 2672 diversum
830 2615 1156 2672 nitentibus
1177 2617 1408 2686 studiis,
1430 2614 1875 2689 prtedestinatio
1899 2612 2158 2687 perdito-

497 2718 634 2760 rum
663 2718 700 2759 a
726 2701 1094 2776 quibusdam
1119 2703 1386 2760 funditus
1417 2703 1762 2773 abrogatur.
1796 2701 1977 2768 Quasi
2015 2717 2154 2757 vero

496 2790 602 2842 aut
627 2785 1255 2860 incomprehensibilis
1275 2787 1643 2860 perindeque
1664 2783 2152 2859 irreprehensibi-

491 2874 565 2932 lis
587 2875 815 2976 justitia
866 2875 1292 2976 omnipotentis
1342 2876 1564 2948 judicis
1611 2874 1888 2976 evacuari
1945 2877 2148 2976 queat,
2188 2922 2230 2976 ο

490 2969 594 3020 aut
621 2963 680 3020 id
707 2969 1052 3021 sanctarum
1087 2964 1529 3036 Scripturarum
1571 2963 1918 3020 auctoritate
1970 2961 2153 3036 stipu-

487 3052 599 3110 lari
625 3059 885 3129 nequeat
907 3073 920 3123 ;
945 3071 1084 3111 cum
1103 3054 1200 3127 pie
1221 3053 1654 3127 diligenterque
1673 3051 2146 3124 legentibus,etsi

486 3157 612 3199 non
655 3143 837 3200 verbo
889 3142 1128 3214 eodem,
1177 3142 1310 3199 aliis
1363 3147 1565 3203 tamen
1614 3146 1740 3199 tam
1808 3139 2144 3206 vocabulis,

486 3247 676 3305 quam
693 3232 1000 3289 sententiis
1027 3231 1232 3289 itidem
1255 3231 1758 3302 signiﬁcantibus,
1783 3230 2033 3286 minime
2066 3233 2150 3286 ta-

484 3324 709 3390 ceatur,
739 3320 1283 3393 quemadmodum,
1315 3320 1546 3378 Christo
1570 3319 1845 3392 propitio,
1895 3334 2148 3391 sequen-

490 3399 574 3455 tia
613 3399 1022 3471 patentissime
1069 3399 1588 3458 demonstrabunt.
1642 3397 1884 3454 Adeone
1927 3397 2146 3471 desipi-

489 3502 648 3554 mus,
684 3491 1042 3559 utputemus
1072 3488 1133 3542 B.
1159 3486 1614 3559 Hieronymum,
1643 3485 1954 3559 utriusque
2009 3488 2143 3541 Tes-

488 3574 737 3631 tamenti
750 3574 1172 3631 ﬁdelissimum
1181 3574 1490 3631 doctissim
1498 3589 1722 3648 umque
1736 3574 1792 3629 in
1803 3580 2116 3648 terprctem
2122 3617 2139 3646 ,

486 3663 683 3721 eidem
709 3664 882 3737 Patri,
909 3664 959 3720 si
983 3680 1108 3738 qua
1147 3664 1386 3721 deviare
1436 3668 1840 3736 cognosceret,
1896 3679 2140 3736 parcere

483 3748 1134 3822 potuisse;praesertim
1165 3765 1304 3804 cum
1335 3763 1472 3805 eum
1499 3748 1560 3804 in
1610 3747 1876 3821 quadam
1924 3748 2140 3820 episto-

481 3835 677 3894 larum
691 3853 940 3894 suarum
964 3837 1354 3909 redarguerit,
1369 3853 1401 3894 e
1413 3835 1556 3893 vesti
1563 3836 1782 3909 gioque
1803 3842 2136 3893 correctum

481 3929 827 4002 susceperit,
862 3945 931 3986 ac
961 3927 1242 4001 deinceps
1268 3927 1470 3984 multis
1524 3926 1810 3984 laudibus
1867 3943 2136 4000 persaepe

479 4013 772 4084 extulerit,
803 4013 1116 4086 amorique
1144 4029 1383 4086 semper
1432 4017 1491 4069 et
1539 4011 1754 4070 honori
1805 4011 2135 4070 habuerit?

481 4101 711 4167 Quibus
739 4102 1096 4174 constitutis,
1130 4102 1374 4158 tandem
1405 4101 1572 4174 quod
1593 4101 1908 4174 ccepimus,
1934 4101 2134 4175 propi-

477 4188 660 4246 tiante
685 4190 959 4258 Domino,
991 4206 1415 4263 exsequamur.

1125 4280 1350 4336 CAPUT
1384 4283 1476 4336 Ill.

447 4339 457 4354 ’λ
475 4366 757 4434 Ingressu
775 4364 838 4420 in
867 4364 1329 4434 disputationem
1383 4371 1499 4419 tres
1527 4364 1809 4432 proponit

544 4451 644 4492 nes
672 4451 696 4492 .·
715 4437 802 4492 De
826 4436 1347 4506 przdestinatione
1375 4435 1764 4503 reproborum
1793 4451 1805 4500 ;
1830 4434 1903 4490 de
1924 4434 2124 4490 Chris-

541 4516 600 4564 to
621 4523 738 4578 pro
758 4508 898 4563 satis
920 4507 1117 4563 electis
1135 4512 1408 4578 mortuo;
1429 4505 1507 4578 de
1528 4506 1638 4561 Dei
1664 4507 1975 4578 voluntate
2000 4521 2122 4562 non

536 4576 734 4636 omnes
763 4579 1026 4635 homines
1056 4577 1312 4634 vocandi
1331 4583 1389 4633 et
1417 4576 1717 4633 salvandi.

537 4683 861 4754 Sequentes
889 4680 1068 4750 igitur
1081 4679 1534 4738 saluberrimam
1550 4677 1696 4735 tanti
1709 4677 1890 4734 Patris
1909 4677 2122 4737 doctri-

1898 4364 2126 4420 uaestio-

2284 1647 2469 1714 navit,
2499 1648 2560 1704 id
2587 1653 2677 1706 est
2705 1651 3150 1723 praeordinavit,
3175 1669 3296 1710 non
3319 1655 3396 1710 ad
3420 1657 3678 1730 culpam,
3714 1662 3821 1718 sed
3855 1665 3935 1720 ad

2279 1751 2524 1807 poenam
2559 1755 2572 1804 ;
2605 1754 2729 1794 non
2764 1745 2827 1795 ut
2857 1741 3086 1796 malum
3127 1742 3441 1814 quoddam
3473 1746 3634 1802 vellet
3664 1750 3789 1806 sive
3819 1751 3929 1808 ad-

2277 1823 2551 1894 mitteret,
2575 1825 2680 1882 sed
2705 1832 2768 1883 ut
2796 1833 3040 1901 propter
3069 1829 3323 1903 malum,
3347 1833 3503 1905 quod
3528 1835 3727 1891 volens
3757 1837 3917 1894 face-

2273 1916 2382 1980 ret,
2413 1929 2554 1970 eum
2585 1930 2767 1987 poena
2790 1917 3153 1989 sempiterna
3174 1919 3328 1989 juste
3356 1919 3681 1979 damnaret.

2346 2003 2506 2068 Quos
2536 2009 2739 2061 autem
2769 2007 3014 2077 sanguis
3031 2009 3256 2081 proprii
3285 2009 3405 2066 Filii
3425 2012 3571 2082 ejus,
3596 2013 3698 2069 Dei
3722 2019 3783 2070 et
3814 2017 3927 2073 Do-

2271 2089 2418 2145 mini
2444 2093 2631 2148 nostri
2681 2095 2819 2149 Jesu
2874 2094 3105 2166 Christi,
3137 2097 3597 2155 misericorditer
3633 2101 3923 2173 liberarii,

2271 2182 2550 2236 utrumne
2580 2197 2688 2253 pro
2714 2183 2994 2238 omnibus
3037 2184 3500 2260 quibuscumque
3549 2189 3921 2261 hominibus,

2269 2281 2349 2321 an
2377 2283 2487 2339 pro
2516 2269 2906 2342 quibusdam,
2933 2271 2993 2326 id
3025 2277 3112 2328 est
3141 2273 3671 2345 prtedestinatione
3697 2279 3919 2350 electis,

2267 2353 2552 2412 electione
2584 2358 2849 2415 indebita
2871 2361 3327 2432 praedestinatis,
3358 2364 3528 2420 fusus
3557 2365 3920 2443 fuerit‘Hpsa

2265 2444 2851 2518 omnipotentissima
2890 2449 3130 2520 Veritas,
3160 2467 3298 2523 qua:
3325 2468 3467 2509 eum
3514 2454 3577 2510 in
3627 2457 3911 2515 unitatem

2265 2548 2389 2588 sua)
2420 2549 2696 2606 persona:
2714 2537 3175 2594 misericorditer
3199 2542 3481 2614 suscepit,
3513 2548 3575 2599 et
3601 2544 3914 2617 fudit,con-

2265 2620 2421 2678 sulta
2452 2638 2563 2679 nos
2613 2624 2826 2682 doceat
2855 2627 2899 2678 ι).
2953 2630 3099 2683 Cum
3159 2629 3320 2686 enim
3366 2632 3911 2703 (quemadmodum

2264 2709 2452 2766 sancti
2481 2713 2882 2784 evangelistte,
2908 2717 3278 2774 veracissimi
3309 2718 3583 2777 videlicet
3613 2723 3910 2780 dictorum

2261 2797 2450 2870 ipsius
2476 2799 2889 2876 factorumque
2921 2804 3296 2878 stipulatores
3338 2812 3518 2881 atque
3572 2811 3908 2885 scriptores,

2261 2890 2565 2961 testantur)
2609 2889 2760 2947 inter
2797 2893 3160 2950 coenandum
3204 2897 3492 2968 mysteria
3528 2915 3673 2968 suae,
3725 2919 3907 2974 quam

2261 2976 2560 3036 voluntate
2590 2979 2788 3048 subiit,
2819 2982 3026 3038 mortis
3054 2999 3300 3056 prorsus
3328 2985 3636 3060 indebitae,
3664 2997 3907 3048 nostraa-

2259 3076 2378 3133 que
2408 3062 2840 3136 redemptionis
2881 3065 3138 3124 ediceret
3181 3083 3292 3141 pro
3341 3070 3566 3142 quibus
3608 3081 3907 3142 pateretur

2258 3149 2574 3208 intimavit.
2607 3153 2755 3210 Dicit
2783 3154 2943 3211 enim
2964 3157 3269 3213 Matthaeus
3298 3177 3310 3214 :
3336 3160 3417 3216 Et
3438 3163 3739 3232 accipiens
3769 3167 3906 3222 cali-

2258 3255 2401 3309 cem,
2433 3244 2667 3313 gratias
2698 3245 2814 3314 egit
2845 3250 2903 3301 et
2950 3245 3113 3302 dedit
3161 3248 3283 3304 illis
3327 3249 3529 3307 dicens
3563 3269 3575 3308 :
3611 3254 3803 3310 Bibite
3828 3270 3904 3311 ex

2256 3329 2367 3386 hoc
2397 3346 2594 3388 omnes
2637 3349 2650 3386 :
2707 3332 2804 3389 hic
2833 3339 2918 3390 est
2947 3336 3102 3391 enim
3134 3339 3378 3408 sanguis
3399 3355 3564 3396 meus
3592 3343 3753 3399 Novi
3781 3345 3904 3401 Tes-

2255 3421 2520 3488 tamenti,
2551 3421 2658 3491 qui
2675 3435 2792 3490 pro
2822 3422 3025 3479 multis
3054 3425 3471 3494 e/fundelurin
3500 3432 3897 3490 remissionem

2244 3509 2899 3579 peccatorum.(ll{atlh.
2943 3512 3124 3583 xxvx).
3159 3515 3386 3571 Marcus
3418 3522 3620 3574 autem
3654 3536 3668 3574 :
3701 3522 3783 3577 Et
3811 3537 3899 3578 ac-

2250 3601 2415 3664 cepto
2446 3598 2631 3654 calice
2656 3601 2886 3669 gratias
2913 3616 3094 3672 agens
3116 3603 3278 3660 dedit
3300 3605 3399 3673 eis,
3431 3613 3488 3662 et
3520 3607 3801 3666 biberunt
3829 3627 3897 3667 ea:

2248 3684 2356 3740 illo
2387 3701 2605 3757 omnes,
2637 3693 2692 3743 et
2717 3689 2801 3744 ait
2829 3690 2952 3744 illis
2985 3706 3001 3747 .'
3023 3691 3139 3746 Hic
3168 3699 3251 3748 est
3273 3695 3520 3764 sanguis
3551 3711 3716 3752 meus
3746 3699 3897 3755 Novi

2253 3773 2630 3845 Testamenti,
2662 3778 2766 3847 qui
2780 3791 2896 3847 pro
2923 3780 3128 3835 multis
3153 3781 3496 3850 e/fundetur
3523 3784 3890 3859 (Mar-canit).

2246 3863 2434 3920 Lucas
2463 3880 2604 3920 vero
2638 3882 2650 3920 :
2689 3867 2758 3921 Et
2789 3874 3030 3937 accepto
3054 3883 3215 3938 pane
3249 3872 3480 3941 gratias
3510 3875 3652 3944 egit,
3699 3882 3753 3932 et
3775 3877 3890 3945 fre-

2243 3951 2351 4022 git,
2384 3957 2440 4008 et
2469 3953 2630 4010 dedit
2653 3955 2733 4010 eis
2763 3956 2992 4012 dicens:
3025 3957 3156 4014 Hoc
3177 3964 3488 4030 estcorpus
3501 3977 3718 4030 meum,
3736 3965 3892 4036 quod

2240 4055 2352 4110 pro
2384 4043 2542 4099 vobis
2567 4043 2863 4110 tradetur,
2897 4041 3007 4101 hoc
3023 4047 3212 4117 facile
3240 4048 3303 4103 in
3333 4065 3521 4107 meam
3549 4067 3890 4109 commemo-

2241 4132 2552 4189 rationem.
2574 4131 2865 4190 Similiter
2893 4140 2946 4191 et
2995 4137 3240 4193 calicem
3278 4145 3599 4211 postquam
3631 4146 3887 4199 coenavit

2238 4219 2460 4287 dicens,
2489 4221 2606 4276 Hic
2627 4227 2709 4277 est
2741 4223 2908 4280 calix
2933 4225 3167 4282 Novum
3206 4227 3644 4286 Testamentum
3670 4233 3736 4288 in
3757 4248 3884 4290 san-

2235 4309 2418 4378 guine
2444 4324 2589 4372 meo,
2623 4311 2729 4381 qui
2749 4327 2864 4380 pro
2882 4313 3042 4370 vobis
3058 4315 3402 4385 e/[undetur
3424 4319 3588 4385 (Luc.
3617 4321 3880 4393 m1).llis

2234 4396 2699 4470 incorruptibilis
2719 4401 2986 4460 Veritatis
3015 4405 3725 4480 sermonibus,quantum
3750 4426 3880 4467 mea

2230 4483 2342 4544 fert
2369 4487 2683 4560 pusillitas,
2707 4505 2918 4547 omnes
2939 4492 3228 4563 ambages
3264 4500 3320 4552 et
3340 4499 3762 4556 controversiae
3782 4500 3876 4555 ἀθ-

2228 4573 2558 4645 fectiscunt,
2589 4577 2695 4650 qui
2728 4582 2891 4635 tanta
2929 4580 3190 4638 claritate
3220 4583 3434 4656 prolati
3473 4587 3871 4660 resplendent,

2227 4667 2294 4719 ut
2323 4663 2372 4718 si
2399 4663 2538 4737 quis
2560 4680 2732 4721 secus
2760 4666 3084 4740 intelligere
3105 4677 3431 4744 contraque
3452 4689 3717 4731 asserere
3748 4693 3872 4731 mo-

462 4751 937 4838 nam,—dicimus,
958 4773 1022 4824 ut
1041 4774 1250 4825 caetera
1272 4769 1640 4835 omittamus,
1667 4768 1852 4823 Deum
1879 4782 2118 4824 summe
2224 4751 2422 4824 natur»
2455 4753 2642 4826 iPSius
2673 4755 3120 4828 ίηθίῖυϐίδίυνυι
3144 4759 3226 4816 ita
3258 4761 3871 4838 dixerimipel‘spicuj'

460 4861 638 4925 atque
653 4857 1220 4914 incommutabiliter
1230 4857 1463 4913 bonum
1475 4857 1556 4928 etj
1569 4861 1767 4913 ustum
1780 4855 2111 4923 hominem,

458 4937 586 4992 sola
601 4937 882 4994 bonitatis
900 4955 1024 4994 suae
1062 4940 1438 4998 abundantia
1453 4941 1527 4997 de
1541 4945 1708 4997 terrae
1723 4939 1868 5000 limo
1908 4939 2113 4998 condi-

456 5028 604 5090 tum,
618 5025 823 5080 anima
839 5026 1112 5082 rationali
1131 5028 1725 5096 donatum,libertate
1747 5042 1992 5100 quoque
2014 5043 2110 5087 ar-

2225 4847 2342 4900 tate
2361 4843 2844 4902 frustretur.Ecce
2865 4848 3026 4904 enim
3050 4849 3289 4919 Veritas,
3311 4868 3437 4908 non
3456 4870 3565 4926 pro
3587 4856 3868 4912 omnibus

2223 4932 2331 4989 sed
2351 4947 2468 5003 pro
2497 4935 2737 5002 multis;
2770 4951 2893 4991 non
2919 4954 3027 5010 pro
3057 4938 3208 5010 aliis,
3250 4941 3354 4997 sed
3377 4959 3490 5012 pro
3520 4945 3683 5000 vobis
3710 4945 3865 5002 dicit.

2291 5023 2360 5076 Et
2393 5021 2719 5094 quisquam
2741 5027 2921 5080 tantae
2949 5027 3246 5099 majestati
3286 5031 3664 5101 ogganniens
3707 5034 3869 5092 aliter

449 5111 609 5168 bitrii
623 5112 1038 5172 decentissime
1053 5115 1542 5184 decorasse,uteo
1555 5117 1708 5174 bene
1721 5121 1777 5172 et
1791 5114 2111 5175 liberaliter
2217 5125 2578 5182 quocunque
2600 5111 2782 5167 modo
2804 5115 3018 5171 mutire
3038 5119 3560 5192 praesumit,quam
3580 5124 3867 5192 praedica-

449 5214 588 5254 cum
607 5196 680 5253 ad
684 5197 705 5267 j
715 5199 896 5252 utrice
913 5199 1248 5255 Conditoris
1261 5201 1452 5270 gratia
1465 5205 1789 5271 utens,non
1805 5198 1956 5253 mori
1969 5215 2110 5271 pos,

446 5286 1009 5354 set;contumaciter
1044 5303 1186 5344 vero
1202 5305 1641 5362 perperamque
1683 5287 1963 5358 abutens,
1980 5288 2104 5360 jus-

441 5376 665 5433 tissime
683 5376 957 5431 addictus
971 5377 1122 5432 mori
1139 5383 1340 5449 posset
1353 5377 1612 5434 arbitrio.
1623 5379 1751 5444 Quo
1765 5375 2098 5434 miserrime

435 5459 861 5531 intumescens,
875 5462 977 5534 qui
990 5461 1158 5534 prius
1173 5462 1491 5532 gratuitam
1503 5461 1828 5519 bonitatem
1845 5461 2097 5519 liberali-

500 5579 524 5608 ι
553 5565 795 5637 Caesam
819 5611 833 5624 .
856 5582 920 5625 ιιι
952 5568 1026 5625 de
1051 5568 1210 5624 Bell.
1245 5569 1403 5625 Gall.

2217 5201 2307 5252 tor
2323 5197 2600 5269 egregius
2619 5198 2828 5255 doctor
2848 5204 3141 5272 gentium,
3174 5206 3236 5262 in
3257 5207 3376 5264 ﬁde
3407 5212 3464 5264 et
3483 5211 3735 5268 veritate
3760 5215 3863 5269 im-

2211 5285 2576 5344 mutabiliter
2593 5303 2871 5360 sequens;
2886 5291 2959 5347 de
2984 5291 3113 5364 ipso
3135 5293 3496 5364 clamatzaui
3517 5301 3647 5356 vult
3661 5317 3860 5358 omnes

2211 5374 2473 5432 homines
2484 5377 2894 5450 salvos/ieri,et
2909 5382 3354 5453 adagnztionem
3374 5388 3642 5444 veritatis
3661 5393 3857 5446 venire

2205 5464 2265 5533 (Ῑ
2283 5466 2519 5532 Tim.u);
2552 5482 2706 5537 quos
2729 5467 2890 5524 enim
2924 5471 3143 5528 Veritas
3165 5477 3404 5543 multos,
3426 5477 3535 5532 bos
3559 5479 3850 5548 praedica-

2273 5567 2302 5608 δ
2330 5567 2554 5625 Hincm.
2592 5570 2630 5627 1.
2650 5572 2724 5629 de
2750 5573 3037 5632 Przdest.
3063 5593 3113 5633 c.
3148 5581 3235 5635 34.
