4112 6184
158 248 262 299 977
1193 243 1410 301 EPIST.
1451 247 1545 301 AD
1578 239 1998 300 HINCIARUM
2035 241 2120 296 ET
2164 240 2551 298 PARDULUM
3476 237 3581 292 978

156 372 249 422 tor
275 364 546 420 Veritatis
573 380 772 421 omnes
803 370 1154 438 nuncupat;
1193 383 1350 440 quos
1374 368 1557 426 etiam
1601 365 1817 423 eadem
1850 365 1900 419 A
1927 378 1988 420 se
2009 365 2258 421 moverit
2281 364 2362 421 ad
2383 364 2768 437 quaerendum
2802 375 3043 433 panem,
3094 361 3258 417 novit
3288 360 3449 432 quod
3473 374 3579 429 pa-

154 453 379 510 Veritas
404 468 629 523 paucos
656 457 713 508 et
740 455 953 509 electos
980 454 1259 527 appellat.
1317 457 1624 530 Siquidem
1669 470 1817 529 quo-
1926 459 2096 509 ratus
2125 454 2201 509 sit
2229 454 2291 510 in
2320 469 2505 511 manu
2535 455 2662 524 ejus
2685 452 3066 510 tenebrarum
3111 449 3234 505 dies
3265 448 3417 515 (Job.
3450 448 3573 521 xv).

152 559 295 599 nam
321 540 506 597 modo
528 542 793 597 omnium
814 541 1111 598 vocabulo
1138 545 1319 599 multi
1344 544 1630 616 velpauci
1652 541 1817 600 intel-
1926 544 1992 599 Et
2020 542 2237 599 Isaias:
2265 543 2499 599 Parata
2536 547 2622 598 est
2640 541 2798 598 enim
2826 540 2901 598 ab
2929 539 3061 596 heri
3086 536 3373 608 Topheth,
3388 550 3574 607 para-

148 630 377 703 ligendi
407 630 543 702 sint,
573 628 918 686 nullatenus
946 629 1237 688 ariditatis
1276 648 1427 689 mete
1466 632 1659 689 rivulo
1702 630 1812 688 im—
1924 635 1987 689 ta
2010 638 2065 688 et
2091 632 2356 688 dilatata
2385 631 2522 703 (Isa.
2554 630 2711 703 xxx).
2732 633 2796 686 1n
2824 626 3071 685 eodem:
3106 626 3213 682 Ubi
3235 626 3445 683 vermis
3477 639 3572 682 eo-

147 719 379 778 buendi
408 718 567 787 estis,
601 719 826 793 quippe
882 720 985 792 qui
1016 720 1223 778 omnia
1253 720 1569 779 emcaciter
1612 736 1814 795 perce-
1921 735 2059 777 rum
2082 735 2204 776 non
2220 722 2529 789 morietur,
2564 725 2620 776 et
2648 719 2804 791 ignis
2841 733 2961 774 non
2982 716 3399 787 exstinguetur
3425 714 3568 786 (Isa.

147 808 342 885 pistis.
369 810 588 864 Verum
618 807 1029 864 memorabilis
1064 809 1451 883 Augustinus,
1482 814 1549 867 ut
1588 810 1814 883 optime
1921 809 2099 882 va1):
2125 808 2376 865 Domino
2404 808 2603 864 verbis
2633 808 2860 864 eisdem
2887 805 2949 862 in
3006 803 3327 875 Evangeiio
3354 818 3568 860 secun-

145 897 428 966 recolitis,
452 912 651 954 omnes
683 898 873 953 Deum
918 897 1072 954 velle
1109 898 1247 967 ﬁeri
1270 898 1471 955 salvos
1500 898 1670 968 dicit;
1704 898 1815 955 sed
1920 896 2069 954 dum
2098 900 2360 955 Marcum
2388 896 2551 953 idem
2580 895 2956 970 approbante
2978 894 3191 966 (Marc.
3226 894 3328 963 ix).

147 1001 553 1062 quoscunque
582 985 808 1054 salvat;
832 984 927 1042 vel
956 1002 1155 1044 omnes
1181 1002 1254 1043 ex
1277 988 1445 1045 omni
1472 1003 1689 1060 genere
1706 987 1813 1045 ho-

148 1074 510 1149 minum,vel
538 1090 739 1132 omnes
754 1074 903 1131 velle
933 1074 1062 1131 ﬁeri
1093 1075 1319 1147 salvos,
1354 1077 1500 1150 quia
1519 1092 1644 1134 non
1674 1076 1815 1133 facit

144 1166 299 1223 velle
316 1165 449 1222 ﬁeri
468 1180 679 1222 omnes
700 1164 977 1221 homines
1001 1165 1230 1221 salvos:
1252 1165 1540 1241 alioquin,
1570 1167 1619 1223 si
1639 1183 1814 1240 gene-

154 1256 359 1314 raliter
386 1260 443 1312 et
469 1271 594 1311 non
625 1253 958 1328 specialiter
981 1271 1181 1312 omnes
1227 1255 1595 1328 intelligendi
1650 1261 1807 1326 sunt,

145 1346 251 1402 ubi
283 1350 374 1403 est
399 1344 502 1402 illa
531 1343 969 1416 omnipotentia
1016 1360 1142 1418 qua
1191 1346 1392 1403 omnia
1443 1362 1810 1419 quaecunque

141 1436 339 1492 voluit
357 1437 423 1491 in
445 1435 592 1493 caelo
621 1439 677 1492 et
697 1435 761 1490 in
785 1439 1225 1507 terra,prorsus
1248 1450 1373 1491 non
1400 1436 1685 1508 quaedam
1701 1435 1808 1492 sed

138 1528 348 1583 omnia
376 1522 733 1596 generaliter
752 1523 903 1593 fecit
922 1523 950 1580 ?
983 1523 1103 1595 (Ps.
1132 1524 1390 1595 cxxxrv).
1425 1526 1505 1580 De
1543 1540 1669 1598 quo
1709 1540 1808 1580 ve-

134 1614 382 1672 rissime
404 1613 669 1670 canitur:
704 1611 919 1668 Omnia
953 1627 1324 1684 qutecunque
1370 1613 1559 1670 voluit
1600 1614 1802 1670 Domi-

1991 985 2366 1060 Perpendite,
2395 984 2666 1053 obsecro,
2689 999 2878 1057 quare
2933 982 3034 1039 uni
3085 981 3186 1038 det
3237 984 3390 1038 Deus
3433 995 3567 1052 gra-

1917 1074 2267 1147 tiam,alteri
2289 1089 2414 1132 non
2437 1073 2555 1130 det.
2576 1075 2769 1139 Quare
2785 1076 2922 1145 post
2952 1075 3036 1128 tot
3054 1070 3240 1128 millia
3264 1085 3565 1126 annorum

1915 1180 2024 1237 pro
2045 1164 2457 1238 redemptione
2488 1161 2741 1219 humani
2770 1159 3003 1231 generis
3027 1159 3297 1216 Salvator
3322 1159 3561 1228 venerit;

1914 1257 1971 1310 et
1999 1256 2249 1326 excepta
2277 1256 2451 1324 gente
2470 1251 2817 1308 Judeeorum
2867 1265 2975 1322 per
3005 1252 3169 1305 tanta
3193 1247 3389 1321 spatia
3416 1251 3563 1305 tem-

1913 1358 2133 1416 porum
2163 1346 2321 1399 totus
2368 1341 2633 1397 mundus
2658 1339 2788 1396 sine
2817 1339 3009 1411 gratia
3039 1337 3140 1394 Dei
3165 1338 3229 1393 in
3252 1351 3451 1394 errore
3478 1351 3560 1393 re-

1913 1431 2220 1488 manserit.
2253 1433 2446 1498 Quare
2496 1429 2693 1487 solum
2724 1428 3055 1491 Abraham,
3087 1429 3146 1483 et
3187 1440 3313 1483 non
3367 1428 3560 1483 totum

1911 1519 2234 1591 mundum,
2257 1518 2337 1576 ad
2373 1516 2798 1575 misericordia:
2823 1532 2947 1573 sua)
2987 1514 3263 1572 notitiam
3308 1530 3559 1571 vocave-

1909 1608 2000 1666 rit.
2029 1608 2145 1665 Cur
2160 1608 2222 1664 in
2253 1607 2381 1664 solo
2408 1607 2626 1664 vellere
2649 1604 2860 1680 populi
2886 1603 3231 1662 Judmorum
3259 1605 3346 1660 tot
3371 1618 3558 1660 anno-

138 1704 433 1774 nus,fecit
456 1704 520 1758 in
543 1702 686 1758 caelo
713 1706 767 1758 et
794 1702 857 1756 in
882 1702 1135 1768 terra,in
1158 1700 1335 1771 mari,
1362 1707 1419 1758 et
1445 1702 1509 1758 in
1529 1703 1802 1759 omnibus
1836 1715 1878 1770 Β
1906 1713 2045 1754 rum
2082 1696 2348 1753 millibus
2382 1712 2482 1752 ros
2504 1695 2719 1752 divinae
2749 1693 2953 1765 gratias
2999 1691 3307 1762 manserit,
3333 1696 3390 1749 et
3418 1707 3558 1749 area

136 1793 395 1863 abyssis,
415 1796 474 1847 et
503 1791 595 1846 cui
619 1789 853 1846 dicitur:
886 1791 956 1846 In
984 1789 1410 1860 voluntate,vel
1428 1790 1653 1847 ditione
1671 1796 1797 1859 tua,

137 1882 411 1945 Domine.
436 1884 654 1936 cuncta
684 1886 823 1935 sunt
845 1879 1068 1949 posita;
1091 1884 1144 1935 et
1165 1894 1286 1934 non
1308 1882 1394 1936 est
1421 1879 1529 1951 qui
1538 1884 1658 1937 tute
1663 1894 1799 1950 pos-

133 1973 212 2027 sit
244 1971 517 2027 resistere
532 1968 834 2025 voluntati
849 1968 1107 2040 (Esther,
1127 1967 1274 2039 xm).
1301 1969 1366 2023 Et
1383 1966 1484 2023 ubi
1510 1967 1618 2024 erit
1630 1967 1798 2041 quod

130 2059 359 2132 jugiter
386 2056 619 2114 diurnis
672 2057 1100 2130 nocturnisque
1153 2056 1635 2113 confessionibus
1680 2072 1794 2114 nos

133 2146 380 2205 credere
409 2146 471 2202 in
502 2146 691 2201 Deum
716 2149 948 2202 Patrem
1001 2146 1474 2220 omnipotentem
1518 2144 1794 2202 ﬁdelissi-

132 2253 235 2295 me
255 2235 517 2293 dicimus
538 2235 567 2291 ‘?
591 2234 648 2290 Si
676 2234 881 2307 aliqua
903 2234 1049 2301 vult,
1083 2239 1142 2292 et
1169 2250 1293 2291 non
1320 2233 1480 2307 facit,
1510 2234 1677 2308 quod
1689 2233 1792 2292 ab-

130 2326 211 2383 sit
238 2324 320 2381 ab
343 2323 621 2380 omnium
641 2322 1070 2380 salvandorum
1091 2321 1396 2390 cordibus,
1426 2322 1791 2397 impotentiae

128 2412 407 2485 arguitur
442 2412 551 2486 qui
578 2412 960 2485 omnipotens
987 2410 1347 2484 praedicatur
1378 2427 1392 2467 :
1418 2410 1587 2485 quod
1601 2427 1794 2485 quan-

126 2509 202 2561 tae
232 2503 309 2560 sit
335 2501 759 2576 imprudentiae
779 2506 975 2558 vestra
1006 2500 1327 2574 prudentia
1345 2501 1576 2559 viderit.

778 2608 1008 2665 CAPUT
1060 2610 1148 2664 ιν.

131 2700 337 2756 Tertia
364 2696 629 2754 maxime
645 2697 976 2766 propositio
1017 2696 1348 2766 Scriptura:
1398 2701 1625 2755 sanctte
1652 2711 1792 2755 auc-

597 2768 941 2823 toritatibus
991 2770 1317 2838 probatur.

202 2856 515 2931 Perpensis
529 2856 709 2927 igitur
731 2855 1072 2927 diligentius
1099 2861 1444 2915 sanctarum
1464 2857 1789 2932 Scriptura-

124 2965 271 3006 rum
298 2946 560 3022 paginis,
591 2945 965 3002 considerate
1002 2945 1139 3019 quie
1184 2949 1245 3003 Β.
1293 2946 1407 3002 Job
1464 2945 1658 3003 dicat:
1709 2947 1786 3003 Et

124 3039 341 3095 anima
371 3040 499 3107 ejus
526 3035 921 3108 quodcunque
946 3037 1133 3092 voluit
1164 3034 1275 3091 hoc
1295 3036 1462 3106 fecit.
1517 3034 1670 3101 Quid
1699 3038 1788 3091 est
1823 3064 1864 3120 ρ

123 3124 301 3200 quod
332 3127 559 3198 Moyses
589 3124 651 3179 in
682 3124 914 3181 cantico
927 3123 1368 3180 Deuteronomii
1394 3123 1787 3180 canit:C’ons-

124 3216 295 3270 tituit
333 3215 612 3269 terminos
632 3214 1002 3283 populorum
1046 3215 1236 3283 juxta
1284 3227 1597 3268 numerum
1635 3212 1787 3281 ﬁlio-

130 3319 274 3358 rum
308 3302 519 3371 Israel,
541 3301 630 3357 vel
663 3304 1013 3372 angelorum
1044 3302 1179 3373 Dei;
1190 3316 1341 3371 pars
1361 3305 1560 3357 autem
1591 3300 1787 3356 Domi-

128 3391 206 3445 ni
224 3389 490 3459 populus
518 3390 673 3460 ejus;
699 3389 883 3446 Jacob
905 3389 1218 3460 funiculus
1262 3388 1627 3445 haereditatis
1657 3389 1786 3458 ejus

124 3482 337 3549 (Deut.
368 3480 555 3551 xxxn).
580 3481 645 3534 Et
662 3478 721 3535 in
753 3479 908 3535 libro
941 3479 1166 3545 Esther,
1197 3477 1470 3551 quiduas
1496 3483 1682 3535 sortes
1694 3493 1785 3534 es-

120 3583 194 3624 se
213 3566 717 3640 przecepit,unam
747 3566 957 3640 populi
980 3565 1100 3634 Dei,
1131 3565 1381 3623 alteram
1428 3570 1783 3623 cunctarum

118 3656 396 3727 gentium
424 3656 688 3729 (Esther.
713 3659 821 3726 ιιι).
853 3657 921 3713 Et
944 3655 1228 3713 Salomon
1259 3673 1272 3711 :
1309 3655 1635 3713 Considera
1659 3671 1782 3712 om-

115 3747 232 3802 nia
257 3761 443 3815 opera
468 3746 595 3811 Dei,
622 3745 783 3817 quod
808 3760 977 3803 nemo
1003 3746 1189 3815 possit
1218 3746 1457 3802 salvare
1478 3759 1649 3817 quem
1677 3744 1784 3802 ille

113 3834 482 3904 perdiderit,
516 3834 662 3895 sive.
692 3834 1028 3904 despexerit
1056 3834 1268 3905 (Eccli.
1303 3838 1425 3902 vn).
1451 3837 1518 3890 Et
1543 3834 1602 3889 in
1624 3832 1782 3890 Psal-

119 3938 234 3979 mo
260 3940 275 3977 :
310 3923 423 3990 Qui
445 3925 772 3980 annuntiat
803 3923 1047 3980 verbum
1076 3939 1249 3979 suum
1270 3923 1475 3993 Jacob,
1512 3923 1784 3992 justitias

114 4018 182 4069 et
197 4012 438 4082 judicia
463 4028 575 4069 sua
594 4013 784 4069 Israel
811 4028 835 4069 .'
864 4028 984 4069 non
1008 4014 1153 4083 fecit
1183 4013 1389 4069 taliter
1415 4012 1579 4069 omni
1595 4012 1788 4068 natio-

114 4103 209 4168 ni,
234 4107 291 4158 et
312 4103 555 4172 judicia
584 4117 694 4158 sua
724 4118 844 4158 non
870 4104 1276 4174 mani/‘estavit
1303 4104 1386 4158 eis
1414 4102 1533 4173 (Ps.
1575 4100 1783 4173 cxux).

113 4193 199 4245 Et
218 4191 441 4245 iterum
473 4208 486 4246 :
514 4191 651 4247 Non
680 4194 1017 4249 miserearis
1039 4192 1311 4249 omnibus
1328 4192 1431 4262 qui
1457 4195 1788 4261 operantur

109 4280 506 4351 iniquitatem
530 4281 651 4348 (Ps.
685 4283 859 4353 Lvui).
885 4284 952 4337 Et
976 4280 1036 4336 in
1065 4280 1217 4336 libro
1246 4277 1680 4335 Ecclesiastico:
1712 4279 1785 4333 In

109 4368 360 4423 duobus
390 4370 813 4426 contristatum
846 4375 927 4426 est
960 4384 1064 4425 cor
1081 4384 1294 4438 meum,
1312 4374 1369 4424 et
1385 4369 1448 4424 in
1470 4368 1644 4424 tertio
1666 4368 1784 4422 ira-

1906 1786 2086 1843 totius
2114 1785 2279 1843 orbis
2306 1784 2539 1857 irrigari
2554 1800 2662 1857 per
2676 1783 2779 1840 Dei
2793 1781 3268 1840 misericordiam
3283 1796 3407 1838 non
3436 1796 3558 1838 me-

1902 1875 2105 1932 ruerit.
2133 1874 2235 1930 Vel
2262 1890 2371 1931 cur
2391 1877 2606 1947 postea
2628 1871 2826 1930 solum
2841 1871 3050 1942 vellus,
3077 1870 3360 1928 Judaicus
3387 1870 3555 1928 vide-

1902 1962 2039 2021 licet
2073 1962 2359 2037 populus,
2412 1979 2449 2020 a
2505 1961 2606 2018 Dei
2664 1960 2853 2032 gratia
2908 1959 3151 2028 aruerit,
3181 1963 3239 2017 et
3282 1959 3554 2031 gentium

1902 2052 2177 2109 omnium
2207 2068 2413 2109 aream
2442 2066 2544 2109 ros
2579 2049 2797 2107 divina:
2826 2047 3249 2105 misericordias
3278 2046 3555 2121 perfude-

1902 2140 1997 2198 rit.
2024 2144 2253 2198 Etcum
2284 2140 2572 2197 Dominus
2599 2138 2871 2197 Salvator
2909 2140 3111 2194 noster
3136 2137 3199 2192 in
3228 2134 3551 2207 Evangelia

1902 2230 2150 2288 dixerit:
2194 2230 2347 2298 Quia
2375 2230 2429 2287 si
2458 2232 2520 2286 in
2554 2231 2712 2301 Tyro
2752 2232 2810 2285 et
2861 2226 3102 2290 Sidone,
3157 2240 3230 2283 ac
3278 2225 3551 2282 Sodomis

1898 2321 2081 2391 facta?
2104 2320 2360 2392 fuissent
2388 2320 2637 2376 virtutes
2669 2333 2802 2391 quae
2848 2317 3032 2388 factae
3057 2320 3197 2373 sunt
3226 2316 3291 2372 in
3321 2314 3549 2373 Charo-

1898 2411 2056 2479 zain,
2089 2409 2439 2479 Bethsaida,
2464 2410 2522 2467 el
2542 2407 2995 2479 Capharnaum,
3019 2407 3161 2463 olim
3181 2407 3244 2462 in
3273 2404 3468 2463 cilicio
3492 2410 3551 2461 et

1899 2500 2097 2557 cinere
2122 2500 2530 2571 pxnitentiam
2559 2498 2812 2569 egissent
2861 2495 3101 2568 (Matth.
3151 2511 3235 2567 xi,
3276 2495 3424 2551 Luc.
3464 2494 3544 2567 χ).

1899 2590 2094 2656 Quare
2122 2588 2207 2645 ibi
2257 2587 2460 2644 fecerit
2485 2586 2748 2653 virtutes,
2788 2584 2896 2642 ubi
2924 2599 3049 2640 non
3096 2582 3293 2640 solum
3321 2582 3375 2639 ei
3421 2597 3547 2639 non

1897 2677 2259 2750 crederetur,
2289 2688 2496 2733 verum
2537 2673 2720 2733 etiam
2753 2676 3087 2746 pateretur;
3118 2676 3177 2729 et
3203 2671 3289 2729 ibi
3314 2686 3438 2728 non
3466 2670 3549 2728 fe-

1896 2766 2059 2835 cerit,
2084 2765 2187 2823 ubi
2218 2768 2388 2821 erant
2416 2761 2830 2837 paenitentiam
2873 2761 3062 2817 acturi
3114 2764 3171 2817 et
3220 2758 3549 2817 credituri?

1896 2857 1964 2911 Et
1984 2853 2151 2927 quod
2180 2854 2310 2928 ipse
2338 2852 2518 2910 dicit:
2578 2852 2713 2909 Non
2769 2865 2969 2907 omnes
2997 2850 3247 2919 capiunt
3277 2848 3545 2919 verbum,

1895 2943 1999 2999 sed
2027 2944 2238 3017 quibus
2262 2942 2469 2999 datum
2491 2946 2577 2998 est
2594 2941 2831 3013 (Matth.
2856 2939 2999 3011 xxx);
3026 2938 3136 2999 Qui
3162 2937 3339 2994 habet
3366 2951 3545 2993 aures

1895 3031 2201 3101 audiendi,
2233 3031 2442 3088 audiat
2502 3029 2739 3102 (Matth.
2791 3028 2933 3099 xm).
2968 3029 3035 3082 Et
3072 3026 3321 3081 iterum:
3373 3023 3544 3081 Vobis

1897 3121 2107 3178 datum
2126 3125 2212 3178 est
2233 3134 2403 3176 nosse
2437 3118 2787 3190 mysterium
2829 3117 3004 3188 regni
3029 3114 3157 3182 Dei,
3191 3113 3416 3170 caeteris
3439 3127 3547 3169 au-

1895 3214 2009 3267 tem
2040 3210 2104 3265 in
2138 3207 2471 3279 parabolis,
2506 3213 2573 3262 ut
2601 3223 2721 3263 non
2763 3207 3028 3263 videntes
3059 3204 3322 3271 videant,
3354 3207 3409 3259 et
3439 3202 3547 3274 qui

1888 3298 2098 3356 vident
2126 3297 2267 3354 cerei
2289 3297 2442 3366 ﬁant
2468 3295 2635 3363 (Luc.
2657 3295 2800 3366 vm).
2835 3297 2926 3351 Et:
2958 3295 3091 3351 Non
3119 3295 3402 3363 poterant
3415 3304 3543 3347 cre-

1892 3388 2052 3459 dere,
2083 3387 2226 3459 quia
2254 3386 2413 3442 dixit
2440 3386 2630 3442 Isaias
2643 3400 2667 3442 .'
2679 3384 2936 3442 Excaeca
2958 3399 3061 3441 eor
3079 3382 3296 3454 populi
3336 3381 3540 3451 hujus,

1891 3481 1949 3533 et
1977 3490 2152 3533 aures
2181 3476 2308 3546 ejus
2334 3488 2627 3546 aggrava,
2656 3488 2733 3530 ne
2772 3473 2935 3544 forte
2964 3472 3205 3527 videant
3249 3469 3456 3536 oculis,
3486 3472 3545 3525 et

1892 3564 2071 3621 corde
2096 3564 2463 3635 intelligant,
2511 3568 2565 3620 et
2614 3565 3064 3630 convertantur,
3106 3563 3162 3615 et
3202 3572 3405 3614 sanem
3447 3571 3543 3613 eos

1891 3654 2035 3725 (Isa.
2058 3652 2156 3721 v1),
2190 3654 2253 3709 Et
2283 3652 2424 3708 item
2454 3669 2467 3707 :
2497 3651 2636 3708 Non
2678 3666 2795 3722 pro
2843 3648 3075 3706 mundo
3097 3662 3262 3719 rogo,
3302 3646 3408 3703 sed
3427 3660 3541 3716 pro

1891 3741 1985 3799 his
2007 3758 2152 3816 quos
2181 3742 2398 3798 dedisti
2423 3741 2574 3798 mihi
2594 3740 2787 3812 (Joan.
2818 3739 2976 3804 xvn).
3010 3740 3077 3794 Et
3108 3753 3121 3793 :
3152 3737 3339 3793 Nemo
3356 3739 3545 3806 potest

1890 3831 2196 3889 veniread
2235 3845 2328 3887 me
2354 3830 2476 3885 nisi
2514 3830 2720 3897 Pater,
2766 3828 2872 3899 qui
2917 3827 3077 3882 misit
3124 3839 3235 3888 me,
3281 3825 3542 3880 traxerit

1892 3934 2024 3976 eum
2045 3921 2244 3987 (Joan.
2270 3919 2372 3990 γι).
2406 3920 2502 3976 Et:
2531 3918 2715 3974 Nemo
2736 3920 2929 3987 potest
2951 3916 3153 3971 venire
3183 3913 3267 3969 ad
3283 3927 3394 3981 me,
3422 3912 3544 3967 nisi

1892 4007 2099 4064 datum
2128 4008 2316 4077 fuerit
2346 4006 2455 4063 eia
2473 4007 2657 4063 Patre
2681 4020 2805 4062 meo
2825 4004 3022 4076 (Ibid).
3047 4006 3148 4059 Et:
3169 4003 3352 4059 Nemo
3383 4000 3543 4056 venit

1892 4095 1975 4153 ad
1999 4096 2267 4162 Patrem,
2296 4095 2416 4151 nisi
2436 4110 2544 4165 per
2571 4109 2664 4151 me
2690 4094 2883 4166 (toan.
2917 4095 3059 4159 xiv).
3090 4092 3157 4147 Et
3186 4107 3200 4145 :
3229 4090 3416 4151 Nemo
3439 4103 3542 4145 no-

1893 4186 1979 4242 vit
2005 4185 2270 4248 Patrem,
2292 4185 2413 4240 nisi
2434 4184 2647 4256 Filius,
2670 4188 2724 4241 et
2753 4183 2853 4239 cui
2882 4182 3136 4238 voluerit
3156 4181 3350 4237 Filius
3377 4193 3541 4236 reve-

1895 4275 2026 4332 lare
2048 4273 2288 4346 (Matth.
2313 4278 2416 4340 xi).
2450 4277 2551 4330 Et:
2587 4272 2886 4344 Conﬁteor
2911 4270 3039 4342 tibi,
3058 4271 3266 4342 Pater,
3294 4270 3544 4325 Domine

1895 4366 2036 4421 creti
2056 4370 2110 4421 et
2134 4371 2330 4435 terra,
2361 4366 2506 4436 quia
2536 4363 2902 4421 abscondisti
2929 4362 3054 4419 haec
3097 4375 3135 4417 a
3173 4361 3540 4431 sapientibus

110 4456 353 4512 cundia
397 4455 551 4512 mihi
577 4457 841 4514 advenit.
889 4458 989 4512 Vir
1032 4457 1289 4512 bellator
1343 4457 1618 4526 deﬁciens
1671 4469 1785 4526 per
1816 4448 1857 4465 ¹¹
1895 4453 2383 4524 etprudentibus,
2415 4459 2470 4511 et
2491 4453 2775 4511 revelasti
2800 4467 2870 4509 ea
2898 4450 3172 4522 parvulis
3198 4448 3544 4521 (Luc.x).Et

106 4546 394 4614 inopiam
416 4552 471 4601 et
502 4546 595 4602 vir
619 4552 919 4610 sensatus,
950 4551 1360 4615 contemjvtus.‘
1378 4550 1433 4602 et
1462 4545 1567 4617 qui
1582 4550 1782 4601 trans-

104 4635 407 4704 greditur
430 4649 467 4690 a
478 4636 724 4703 justitia
748 4635 829 4691 ad
848 4641 1181 4704 peccatum,
1214 4635 1368 4691 Deus
1393 4634 1635 4704 paravit
1649 4648 1782 4690 eum

102 4723 205 4780 ad
235 4722 646 4791 rhomphwam
670 4725 880 4789 (Eccli.
911 4723 1096 4791 xxvn).
1159 4724 1223 4778 In
1252 4721 1499 4779 eodem:
1555 4723 1630 4777 Et
1660 4738 1783 4778 om-

100 4826 231 4867 nes
266 4810 529 4868 homines
558 4812 630 4868 de
658 4813 783 4867 solo
830 4817 885 4869 et
915 4826 990 4868 ex
1018 4818 1183 4868 terra
1218 4812 1378 4868 unde
1414 4818 1649 4868 creatus
1699 4817 1782 4867 est

95 4898 331 4954 Adam
361 4899 454 4954 :in
475 4899 866 4956 multitudine
892 4900 1234 4969 disciplinae
1264 4901 1505 4956 Domini
1546 4912 1783 4969 separa-

99 4988 207 5044 vit
228 5001 349 5052 eos,
380 4994 435 5044 et
466 4989 805 5044 immutavit
830 4990 957 5044 vias
996 5001 1237 5060 eorum;
1273 5004 1349 5046 ex
1377 4989 1521 5059 ipsis
1554 4987 1782 5045 benedi-

94 5076 213 5134 xit
244 5082 303 5132 et
342 5077 771 5148 exaltavit;ex
799 5077 892 5133 his
916 5078 1336 5146 sanctiﬁcavit,
1367 5082 1422 5134 et
1452 5076 1534 5134 ad
1583 5091 1645 5134 se
1679 5092 1784 5147 ap-

90 5166 399 5236 plicavit;
432 5168 671 5237 exipsis
701 5167 1016 5224 maledixit
1048 5172 1104 5224 et
1135 5167 1500 5235 humitiavit,
1549 5173 1605 5225 et
1642 5184 1782 5224 con-

99 5256 301 5311 vertit
332 5256 474 5312 illos
503 5256 585 5312 ad
610 5256 1047 5325 separationem
1069 5256 1334 5326 ipsorum
1352 5270 1377 5327 ;
1393 5257 1569 5328 quasi
1588 5257 1781 5312 lutum

87 5344 302 5414 ﬁguli
318 5345 384 5399 in
414 5359 603 5399 manu
630 5344 816 5413 ipsius
832 5345 1140 5413 plasmare
1166 5345 1326 5401 illud
1370 5352 1423 5401 et
1450 5345 1778 5414 disponere,

91 5449 324 5489 omnes
344 5435 463 5489 vim
492 5436 620 5502 ejus
647 5433 969 5488 secundum
1007 5433 1448 5501 dispositionem
1505 5435 1651 5503 ejus.
1681 5432 1783 5489 Sic

89 5524 295 5578 homo
334 5524 401 5577 in
429 5537 616 5577 manu
648 5522 813 5577 illius
835 5522 1019 5591 quise
1037 5522 1203 5591 fecit,
1228 5522 1432 5577 reddet
1460 5523 1557 5577 illi
1580 5536 1777 5578 secun-

82 5612 261 5668 dum
272 5610 584 5681 judicium
609 5626 780 5666 suum
812 5610 1026 5680 (Eccli.
1059 5610 1279 5681 χχχιιι).
1315 5612 1381 5665 Et
1409 5609 1471 5666 in
1493 5609 1782 5668 Job:Cum

187 5764 218 5794 ι
246 5751 639 5821 Ratramnus,
668 5750 773 5809 lib.
795 5767 815 5808 ι
841 5750 914 5808 de
941 5752 1491 5811 Praedestinatione.

1890 4540 2152 4599 duorum
2184 4559 2246 4599 se
2296 4542 2465 4617 sequi
2519 4541 2871 4613 volentium,
2921 4540 3173 4597 alterum
3205 4537 3540 4608 admiserit,

1891 4630 2144 4688 alterum
2176 4632 2488 4704 respuerit.
2521 4634 2628 4688 Et:
2671 4632 2832 4687 Sicut
2874 4630 3062 4686 Pater
3101 4631 3350 4685 suscitat
3387 4641 3542 4682 mor-

1894 4727 2024 4777 tuos
2045 4727 2100 4776 et
2130 4722 2411 4789 vivi/teat,
2455 4723 2541 4778 sic
2574 4727 2630 4778 et
2676 4721 2872 4777 Filius
2925 4734 3070 4791 quos
3100 4719 3230 4775 vult
3277 4716 3542 4786 viviﬁcat

1894 4810 2093 4866 (Joan.
2138 4807 2213 4880 v).
2247 4809 2305 4864 Si
2361 4808 2541 4879 igitur
2592 4825 2805 4865 omnes
2847 4807 3126 4864 homines
3175 4805 3303 4863 vult
3342 4805 3539 4862 salvos

1891 4896 2041 4962 ﬁeri,
2070 4912 2177 4952 cur
2216 4912 2337 4953 non
2368 4914 2580 4954 omnes
2607 4897 2895 4955 viviﬁcat.
2919 4896 3024 4970 qui
3053 4912 3210 4970 quos
3236 4895 3363 4953 vult
3394 4894 3541 4951 vivi-

1890 4985 2062 5043 ﬁcat?
2082 4988 2273 5052 Quare
2296 4986 2547 5060 Spiritus
2566 4991 2809 5044 sanctus
2837 4986 2941 5043 ubi
2951 4987 3084 5044 vult
3110 4988 3302 5057 spirat
3318 4985 3540 5059 (lbid.),

1891 5091 2016 5132 non
2046 5075 2108 5132 in
2138 5076 2425 5133 omnibus
2448 5078 2548 5134 tet
2565 5092 2755 5150 quare
2784 5090 2907 5133 non
2944 5076 3254 5149 omnibus,
3289 5075 3397 5134 sed
3425 5077 3544 5133 sin-

1890 5165 2052 5235 gulis
2075 5165 2289 5222 dividit
2313 5172 2491 5237 prout
2519 5167 2648 5224 vult
2682 5168 2741 5237 (1
2761 5166 2899 5223 Cor.
2931 5164 3063 5238 xu)?

1965 5257 2031 5312 Et
2056 5256 2222 5329 quod
2242 5256 2303 5313 in
2330 5256 2575 5314 Actibus
2606 5255 3023 5331 apostolorum
3049 5255 3268 5328 legitur
3290 5256 3439 5330 quia
3476 5256 3542 5312 in

1888 5347 2208 5415 praeteritis
2237 5348 2718 5417 generationibus
2755 5347 3049 5405 dimiserit
3101 5351 3305 5419 gentes
3342 5360 3542 5403 omnes

1890 5435 2127 5505 ingredi
2184 5437 2312 5492 vias
2356 5451 2518 5504 suas,
2572 5452 2880 5509 unamque
2920 5439 3154 5493 tantum
3195 5433 3540 5491 Iudaeorum

1892 5529 2132 5595 gentem
2161 5524 2402 5596 elegerit
2428 5527 2585 5597 (Act.
2619 5528 2755 5599 xiv).
2782 5530 2849 5583 Et
2879 5525 3045 5599 quod
3073 5523 3541 5599 praedicantibus

1892 5612 1977 5670 illi
1995 5616 2226 5670 tantum
2235 5614 2417 5672 modo
2436 5615 2944 5687 crediderunt,qui
2968 5612 3353 5688 praeordinati
3367 5616 3542 5670 erant
