4098 6176
536 269 648 325 9'79

1634 260 1689 323 s.
1723 257 2104 323 PRUDENTII
2143 255 2519 325 TRECENSIS
2560 260 2865 326 EPISCOPI

3864 272 3978 330 980

442 408 449 413 ‘
540 392 624 448 ad
645 392 828 448 vitam
855 393 1140 445 ziernam
1165 386 1320 459 (Act.
1349 391 1563 462 xm).Et
1587 390 1749 463 quod
1772 387 2193 446 volentesPau-
2223 388 2273 443 Α
2302 386 2528 445 Judwis
2554 396 2637 446 est
2667 391 2867 461 (.Ioan.
2900 394 3004 456 iv),
3040 392 3286 445 tractata
3338 391 3488 459 lege,
3539 390 3772 449 invenit
3824 392 3976 466 quia

538 479 666 537 lum
698 483 755 535 et
775 476 1113 534 Barnabam
1133 477 1461 550 praedicare
1487 478 1546 535 in
1568 479 1730 550 Asia,
1760 478 2066 551 prohibuit
2092 496 2192 534 eos

544 566 794 640 Spiritus
821 568 958 622 Jesu
988 563 1144 634 (Act.
1175 566 1563 640 xv1).thuod
1587 567 1836 624 docente
1863 567 2063 638 Paulo,
2086 568 2190 639 Ly-

542 655 658 713 diae
685 653 1085 728 purpurariaa,
1118 670 1243 709 non
1302 655 1528 711 caeteris
1580 655 1983 723 audientibus,
2041 655 2193 710 Deus

541 759 646 799 cor
692 739 949 816 aperuit,
1009 746 1075 798 ut
1121 741 1388 799 crederet
1432 738 1527 798 his
1580 760 1715 816 quae
1758 743 2112 800 dicebantur
2159 759 2197 799 a

541 831 725 889 Paulo
750 831 952 904 (Ibid.)
982 833 1050 888 Et
1074 829 1244 904 quod
1290 831 1598 906 apostolus
1641 831 1858 889 Paulus
1912 829 2195 904 reliquias

541 936 649 994 per
675 919 1027 978 electionem
1052 919 1258 990 gratia:
1313 919 1509 976 salvas
1554 919 1739 977 factas
1770 916 2069 994 praedicat.
2104 916 2192 988 Et,

540 1009 686 1084 quia
714 1011 867 1066 Deus
896 1012 1069 1079 cuius
1101 1009 1230 1064 vult
1258 1009 1595 1076 miseretur,
1642 1016 1696 1067 et
1725 1026 1893 1082 quem
1952 1009 2080 1067 vult
2109 1010 2197 1065 in-

541 1097 725 1154 durat
748 1097 931 1169 (Rom.
965 1097 1069 1167 Ix).
1096 1095 1166 1152 Et
1201 1093 1369 1168 quod
1399 1094 1525 1168 ipse
1563 1097 1745 1152 tantis
1774 1094 2193 1170 profunditati-

540 1184 763 1242 tatibus
788 1182 1172 1242 tremefactus
1202 1182 1519 1251 exclamat,
1548 1184 1729 1241 etiam
1761 1189 1823 1241 ut
1872 1202 2009 1242 cum
2057 1185 2194 1259 ipso

541 1273 803 1331 clamare
833 1287 955 1328 non
984 1268 1351 1328 erubescatis
1378 1289 1390 1327 ε
1423 1271 1469 1328 0
1490 1273 1683 1343 homo,
1718 1276 1781 1329 tu
1812 1275 1943 1347 quis
1989 1290 2046 1331 es
2092 1266 2199 1346 qui

539 1363 905 1432 respondeas
934 1362 1057 1418 Deo
1076 1365 1104 1417 ?
1144 1358 1440 1432 Nunquid
1467 1361 1611 1417 dicit
1636 1363 1989 1433 figmentum
2021 1365 2074 1418 ei
2093 1358 2197 1434 qui

539 1466 601 1508 se
616 1452 838 1521 ﬁnxit:
856 1450 1053 1519 Quare
1079 1465 1172 1505 me
1199 1449 1284 1505 sic
1308 1449 1552 1520 fecisti?
1570 1451 1668 1506 An
1699 1467 1815 1507 non
1841 1450 2015 1507 habet
2044 1453 2192 1521 ﬁgu-

542 1545 636 1599 lus
664 1544 780 1599 luti
806 1546 1152 1612 potestatem
1189 1556 1264 1597 ea:
1293 1536 1495 1597 eadem
1537 1558 1733 1598 massa
1765 1540 1936 1598 aliud
1964 1558 2066 1598 vas
2100 1542 2195 1613 fa-

540 1646 673 1689 cere
700 1632 763 1687 in
791 1630 1097 1700 honorem,
1124 1627 1298 1686 aliud
1316 1630 1377 1685 in
1414 1632 1835 1688 contumeliam
1852 1635 1880 1686 ?
1908 1630 2103 1701 (Ibid).
2132 1630 2197 1687 Et

2304 494 2425 532 non
2452 494 2663 534 omnes
2689 479 2791 551 qui
2815 479 2873 534 in
2907 478 3082 534 Israel
3104 483 3260 546 sunt,
3286 478 3563 535 credituri
3592 487 3974 557 sunt;neque

2303 567 2446 639 quia
2483 567 2762 623 dicuntur
2791 564 2888 623 Iilii
2922 567 3197 640 Abrahae,
3244 584 3456 623 omnes
3504 566 3766 627 Abrahae
3818 572 3974 629 ﬁlios

2304 654 2612 723 dicendos,
2648 659 2798 712 sicut
2829 674 3013 731 supra
3042 657 3608 715 mcmoravi.l\liuuit
3626 676 3774 730 ergo
3799 658 3973 717 dolo-

2305 761 2427 800 rem
2448 762 2647 812 suum,
2661 746 2969 801 inveniens
2988 745 3130 801 olim
3151 745 3503 819 praedictum
3517 747 3686 820 quod
3702 765 3831 805 non
3845 766 3972 806 om-

2305 848 2409 888 nes
2440 838 2640 889 essent
2662 833 2958 901 credituri,
2985 837 3046 889 ut
3084 834 3175 890 his
3204 833 3345 890 solis
3367 834 3570 891 doleat
3597 832 3706 910 qui
3745 850 3861 910 per
3888 837 3977 895 in-

2304 921 2525 979 vidiam
2561 922 2619 978 in
2668 916 3078 979 incredulitate
3130 922 3428 980 laborant.
3473 924 3733 982 Possunt
3762 931 3970 984 tamen

2306 1009 2562 1077 credere,
2588 1010 2753 1083 quod
2783 1028 2853 1067 ex
2886 1004 3166 1081 subjectis
3184 1011 3731 1085 aperit.lncrcdulis
3759 1018 3970 1073 tamen

2304 1094 2602 1172 praedictis
2632 1116 2754 1157 non
2800 1096 2970 1156 valde
2996 1099 3327 1156 dolendum
3360 1102 3468 1169 est,
3500 1102 3646 1175 quia
3672 1118 3799 1161 non
3834 1106 3973 1163 sunt

2303 1186 2705 1261 prredestinati
2780 1188 2859 1245 ad
2911 1189 3095 1244 vitam
3139 1207 3152 1257 ;
3214 1190 3592 1261 praescientia
3643 1188 3808 1249 enim
3872 1191 3971 1250 Dei

2304 1274 2444 1333 olim
2478 1278 2589 1333 hos
2612 1292 2732 1332 non
2759 1276 3082 1333 salvandos
3106 1274 3388 1333 decrevit.

2376 1362 2519 1421 Item
2546 1365 2605 1421 in
2633 1365 2844 1421 eodem
2876 1366 3076 1437 (Ibid)
3101 1383 3113 1421 ;
3140 1365 3525 1423 Praescientia
3555 1383 3697 1425 vero
3726 1374 3814 1426 est
3846 1386 3969 1443 qua

2304 1450 2615 1509 deﬁnitum
2646 1453 2829 1508 habet
2870 1452 3067 1526 qualis
3100 1452 3582 1527 uniuscujusque
3640 1455 3841 1513 futura
3869 1474 3967 1514 vo-

2304 1540 2503 1597 luntas
2536 1542 2666 1609 erit,
2720 1542 2778 1596 in
2818 1554 2941 1614 qua
2992 1554 3316 1597 mansurus
3356 1546 3465 1607 est,
3495 1556 3605 1616 per
3639 1558 3828 1618 quam
3861 1550 3965 1603 aut

2305 1626 2626 1685 damnetur
2654 1634 2759 1685 aut
2789 1633 3122 1685 coronetur.
3147 1628 3411 1703 Denique
3440 1646 3593 1704 quos
3626 1633 3736 1689 scit
3763 1632 3824 1689 in
3853 1634 3965 1691 bo-

540 1718 689 1776 illud
722 1735 734 1773 :
772 1719 820 1775 0
844 1719 1104 1776 altitudo
1127 1718 1481 1775 divitiarum
1512 1719 1819 1790 sapientia:
1848 1722 1901 1775 et
1930 1720 2195 1777 scientia:
2232 1720 2384 1793 B‘no
2423 1728 2769 1786 mansuros,
2801 1714 3141 1791 frequenter
3169 1721 3308 1775 ante
3340 1725 3478 1776 sunt
3504 1718 3679 1789 mali;
3712 1724 3766 1777 et
3801 1732 3965 1794 quos

538 1808 670 1877 Dei,
700 1823 879 1879 quam
897 1805 1525 1878 incomprehensibilia
1556 1812 1696 1863 sunt
1713 1802 1955 1878 judicia
1985 1808 2193 1878 ejus,et

538 1896 979 1967 investigabiles
1008 1892 1118 1953 vim
1142 1897 1305 1966 ejus!
1361 1898 1471 1952 etc.
1530 1894 1711 1967 (Rom.
1758 1897 1860 1968 x1).
1922 1897 2192 1968 Adverte,

538 2000 768 2059 quaeso,
796 1984 933 2060 quis
957 1983 1030 2041 sit
1050 1984 1329 2058 populus,
1354 1984 1429 2040 de
1450 2001 1573 2058 quo
1602 1984 1663 2040 in
1694 1976 2019 2056 Evangelia
2048 1982 2197 2063 dici--~

539 2078 636 2131 tur
659 2090 673 2131 :
707 2074 842 2145 Ipse
860 2074 1018 2131 enim
1046 2074 1279 2130 salvum
1297 2071 1485 2145 faciet
1507 2075 1802 2145 populum
1820 2090 1990 2130 suum
2018 2090 2054 2132 a
2063 2090 2196 2147 pec-

539 2164 689 2221 catis
719 2178 922 2221 eorum
955 2162 1195 2234 (Matth.
1228 2162 1289 2235 1).
1340 2160 1407 2218 Et
1432 2154 1495 2218 in
1524 2158 1795 2235 psalmo:
1826 2158 2195 2234 Redemptio-

539 2266 673 2310 nem
692 2251 855 2308 misit
873 2252 1102 2322 populo
1129 2266 1235 2308 suo
1256 2248 1445 2321 (Psal.
1476 2246 1657 2323 cx).Et
1674 2262 1947 2307 rursum.
1976 2248 2195 2310 Dicant

539 2341 646 2413 qui
668 2338 963 2410 redempti
980 2339 1120 2396 sunt
1149 2354 1188 2396 a
1213 2337 1631 2412 Domino,quos
1649 2337 1895 2397 redemit
1916 2338 1990 2398 de
2008 2355 2194 2396 manu

538 2424 788 2497 inimici,
818 2426 894 2484 de
920 2426 1260 2500 regionibus
1285 2428 1669 2499 congregavit
1712 2442 1807 2485 eos
1838 2422 2027 2495 (Psal.
2060 2426 2193 2502 ενι).

542 2510 646 2572 Et:
678 2508 895 2572 Salvos
922 2531 1029 2572 nos
1055 2514 1180 2584 fac,
1234 2516 1481 2572 Domine
1509 2510 1665 2572 Deus
1716 2518 1937 2582 noster,
1980 2518 2035 2574 et
2061 2532 2198 2573 con-

540 2618 731 2675 grega
759 2617 867 2660 nos
896 2596 970 2661 de
994 2601 1339 2660 nationibus
1368 2602 1493 2673 (Ps.
1539 2607 1654 2671 cv).
1702 2601 1758 2661 Si
1786 2603 1963 2674 igitur
1990 2604 2197 2662 omnia

543 2706 924 2766 quaecunque
954 2689 1142 2749 voluit
1180 2684 1337 2762 fecit,
1396 2692 1454 2748 et
1506 2707 1717 2748 omnes
1766 2686 2042 2749 homines
2074 2694 2199 2752 vult

545 2776 744 2837 salvos
783 2772 934 2851 ﬁeri,
962 2795 1106 2851 ergo
1136 2772 1305 2853 quod
1347 2796 1472 2837 non
1531 2777 1667 2838 fecit
1717 2776 1925 2851 noluit,
1955 2786 2013 2838 et
2039 2793 2195 2856 quos

544 2883 669 2926 non
698 2864 909 2938 salvat,
941 2864 1176 2926 salvare
1224 2883 1347 2926 non
1396 2858 1561 2938 vult;
1624 2866 2028 2927 occultissimo
2071 2870 2199 2945 qui-

545 2949 708 3030 dem,
740 2948 1057 3030 altissimo,
1109 2949 1697 3031 incomprehensibili
1732 2954 2198 3033 invituperabili-

545 3060 664 3122 que
689 3038 937 3120 judicio,
965 3045 1072 3103 sed
1100 3061 1354 3120 prorsus
1387 3045 1744 3119 justissimo.

1222 3154 1446 3210 CAPUT
1484 3154 1528 3208 V

548 3244 774 3314 Incipit
791 3244 1071 3325 ‘collect‘io
1090 3258 1167 3301 ea:
1192 3242 1626 3325 Pa_trib_us,_qua
1647 3244 1847 3325 prima
1872 3245 2201 3325 propositio

762 3308 834 3371 de
860 3312 1099 3386 gemina
1114 3308 1660 3385 prwdestina'tione'
1665 3308 1983 3385 probatur.

619 3394 846 3465 Quibus
877 3400 1140 3458 studiose
1162 3418 1233 3457 ac
1263 3400 1577 3471 diligenter
1605 3398 2201 3471 animadversis,tan-

548 3484 690 3543 dem
744 3482 1174 3544 catholicorum
1212 3488 1528 3544 doctorum
1554 3490 1807 3563 qualiter
1836 3491 1919 3546 eis
1950 3506 2202 3547 consen-

548 3570 718 3639 tiant.
746 3575 1070 3632 sententias
1100 3575 1576 3647 subjungamus:
1618 3593 1740 3633 non
1757 3581 2031 3634 omnium
2065 3592 2202 3652 quas

549 3662 864 3737 prtemissa
902 3669 1041 3721 sunt
1068 3662 1487 3738 expositiones,
1535 3665 1641 3722 sed
1682 3667 2202 3739 quemadmodum

550 3764 762 3809 eorum
788 3767 963 3809 sensa
984 3750 1077 3809 his
1108 3750 1205 3809 vel
1224 3748 1421 3809 verbis
1445 3751 1540 3810 vel
1557 3754 1833 3811 sensibus
1846 3760 2200 3830 congruant,

550 3838 947 3900 continentes.

624 3931 951 3989 Innocentii
982 3946 1177 4006 papae,
1207 3930 1267 3989 in
1305 3928 1556 4007 epistola
1584 3928 1807 3990 directa
1844 3932 1922 3990 ad
1949 3934 2202 3994 Lauren-

550 4016 699 4076 tium
725 4016 1103 4094 episcopum,
1137 4037 1268 4096 cap.
1292 4024 1361 4078 49
1391 4015 1608 4092 (Epist.
1643 4022 1767 4094 xn):
1808 4021 1922 4079 Sed
1946 4038 2022 4081 ne
2054 4023 2201 4081 ulte-

549 4106 675 4166 rius
723 4104 1143 4168 debacchandi
1178 4109 1445 4167 habeant
1485 4109 1851 4179 facultatem,
1882 4115 1941 4168 et
1968 4113 2204 4170 animas

551 4194 914 4272 simplicium
943 4203 1001 4258 et
1024 4198 1467 4256 rusticanorum
1480 4198 1543 4257 in
1574 4199 2043 4274 gehennam,cui
2071 4201 2202 4258 des-

494 4274 501 4283 ’
550 4284 715 4344 tinati
746 4286 902 4355 sunt,
934 4288 1191 4345 trahant.
1560 4293 1565 4298 ’

620 4372 924 4433 Ambrosii
954 4375 1016 4433 in
1040 4372 1410 4449 expositione
1449 4372 1722 4449 Epistolas
1754 4373 1914 4431 Pauli
1945 4376 2199 4450 apostoli

2305 1805 2498 1862 malos
2530 1804 2638 1862 scit
2667 1818 3115 1879 permansuros,
3144 1805 3451 1881 aliquoties
3478 1809 3641 1881 prius
3673 1810 3811 1864 sunt
3836 1804 3959 1865 bad

2305 1896 2386 1951 ni.
2423 1894 2588 1952 Unde
2619 1899 2812 1952 cesset
2840 1895 3259 1969 querela,quia
3275 1896 3417 1952 Deus
3444 1904 3715 1970 acceptor
3743 1908 3955 1970 perso-

2304 1996 2521 2040 narum
2549 1996 2671 2041 non
2698 1988 2787 2040 est
2818 1985 2969 2057 (Act.
2990 1988 3064 2053 χ).
3092 1986 3237 2040 Nam
3259 1981 3388 2039 Saul
3416 1982 3513 2039 etJ
3522 1980 3673 2041 udas
3702 1983 3960 2041 lscarioa

2304 2076 2390 2129 tes
2417 2076 2593 2129 antea
2619 2071 2859 2129 fuerunt
2885 2068 3051 2140 boni,
3085 2070 3317 2128 dicente
3344 2070 3639 2146 Scriptura
3663 2071 3743 2128 de
3772 2070 3960 2129 Saul:

2304 2158 2457 2218 Erat
2485 2160 2579 2218 vir
2611 2162 2797 2218 bonus
2826 2167 2879 2218 et
2904 2176 3023 2217 non
3050 2164 3182 2217 erat
3202 2161 3311 2218 illo
3340 2158 3551 2218 melior
3592 2164 3657 2217 in
3696 2159 3845 2231 ﬁliis
3874 2158 3959 2218 Is-

2305 2250 2436 2306 rael
2460 2247 2517 2319 (Ι
2539 2246 2679 2321 Reg.
2715 2254 2817 2315 ιχ).
2852 2244 2919 2305 Et
2946 2248 3020 2304 de
3063 2248 3216 2305 Juda
3262 2246 3537 2305 Isoariote
3565 2244 3710 2305 dicit
3760 2252 3960 2306 Petrus

2306 2334 2636 2411 apostolus:
2668 2336 2784 2405 Qui
2812 2337 3058 2393 sortitus
3083 2334 3169 2393 est
3196 2341 3417 2394 sortem
3441 2336 3767 2394 ministerii
3784 2337 3959 2409 hujus

2305 2424 2463 2497 (Act.
2498 2422 2558 2497 ι),
2586 2423 2647 2482 id
2676 2430 2764 2483 est
2792 2422 3183 2499 apostolatus.
3211 2422 3529 2491 Quomodo
3550 2426 3733 2498 igitur
3760 2422 3959 2483 minis-

2307 2514 2519 2570 terium
2570 2510 2829 2571 salutare
2876 2510 3205 2585 sortiretur,
3267 2512 3383 2570 nisi
3439 2514 3596 2571 esSet
3621 2512 3868 2571 bonus?
3899 2514 3957 2571 In

2307 2608 2463 2659 sorte
2491 2604 2651 2659 enim
2682 2604 2783 2660 Dei
2805 2598 3101 2674 judicium
3134 2598 3262 2673 fuit,
3298 2603 3554 2674 dignum
3578 2603 3754 2661 illum
3780 2605 3954 2661 fuisse

2308 2697 2576 2764 tempore
2604 2702 2728 2764 quo
2753 2691 2974 2748 electus
3002 2695 3113 2748 est.

2379 2780 2524 2835 Item
2554 2779 2616 2835 in
2644 2779 2893 2837 eadem:
2921 2774 3297 2838 Manifestum
3330 2778 3576 2837 estvasa
3599 2780 3811 2854 aliqua
3840 2779 3955 2836 ﬁeri

2309 2867 2387 2924 ad
2425 2864 2741 2937 honorem,
2767 2878 2900 2942 quae
2934 2864 3011 2925 ad
3061 2878 3207 2925 usus
3235 2864 3524 2925 honestos
3546 2868 3665 2925 sint
3691 2878 3957 2926 necessa-

2308 2956 2418 3027 ria,
2445 2954 2565 3013 alia
2588 2970 2730 3014 vero
2760 2958 2839 3014 ad
2862 2950 3310 3029 ocntnmeliam,
3333 2968 3471 3031 quas
3493 2958 3829 3014 strumanto
3851 2954 3959 3014 sint

2310 3044 2647 3102 culinarum
2674 3061 2689 3115 ;
2715 3046 2893 3101 unius
2922 3049 3125 3103 tamen
3168 3055 3297 3102 esse
3323 3044 3696 3115 substantiae,
3720 3045 3827 3102 sed
3856 3044 3963 3102 dii-

2256 3117 2273 3141 ¹
2312 3133 2462 3191 fcrre
2492 3132 2799 3191 voluntate
2826 3130 3135 3208 opificisin
3163 3133 3507 3190 honore.lta
3527 3137 3585 3190 et
3615 3137 3785 3203 Dens,
3820 3144 3960 3190 cum

2312 3238 2523 3279 omnes
2549 3238 2621 3278 ex
2652 3236 2774 3279 una
2803 3228 2982 3295 atque
3006 3220 3219 3279 eadem
3240 3230 3445 3278 massa
3471 3221 3663 3277 simus
3693 3220 3754 3277 in
3783 3220 3960 3277 subs«

2314 3306 2519 3379 tantia,
2552 3314 2607 3366 et
2631 3309 2827 3366 cuncti
2853 3313 3216 3383 peccatores,
3245 3306 3343 3366 alii
3371 3310 3705 3378 miseretur,
3740 3315 3798 3366 et
3826 3310 3963 3366 alte-

2312 3410 2449 3454 rum
2470 3398 2724 3471 despicit
2757 3410 2878 3454 non
2907 3399 3037 3455 sine
3057 3398 3305 3471 justitia.
3338 3396 3402 3453 In
3424 3398 3610 3469 ﬁgulo
3643 3398 3809 3455 enim
3837 3398 3960 3454 sola

2313 3485 2589 3543 voluntas
2621 3492 2744 3555 est;
2775 3487 2836 3543 in
2864 3484 2981 3544 Deo
3005 3492 3207 3544 autem
3223 3486 3503 3543 voluntas
3527 3499 3667 3543 cum
3693 3488 3957 3559 justitia;

2315 3573 2422 3630 scit
2468 3574 2627 3631 enim
2659 3574 2831 3647 cujus
2858 3574 3076 3631 debeat
3121 3572 3409 3640 misereri,
3443 3575 3597 3631 sicut
3626 3588 3819 3649 supra
3848 3585 3961 3632 me-

2312 3662 2740 3732 moravi.Quod
2761 3665 2815 3720 si
2842 3666 3042 3721 volens
3068 3665 3225 3721 Deus
3254 3664 3559 3720 ostendere
3577 3665 3736 3721 iram
3744 3668 3825 3735 ,et
3843 3676 3962 3721 ma-

2313 3750 2601 3821 nifestare
2624 3754 2951 3824 potentiam
2998 3768 3187 3820 suam,
3214 3752 3500 3807 sustinuit
3531 3750 3595 3807 in
3637 3754 3838 3810 multa
3865 3764 3965 3824 pa-

2314 3838 2523 3897 tientia
2549 3856 2693 3898 vasa
2723 3844 2829 3898 ira
2856 3847 3205 3912 praeparata
3225 3841 3288 3897 in
3318 3841 3647 3897 interitum.
3678 3842 3764 3897 Et
3786 3846 3855 3897 ut
3881 3851 3963 3897 os-

2314 3931 2576 3987 tenderet
2606 3929 2845 3987 divitias
2867 3932 3077 4002 gloriz
3095 3942 3219 3986 suae
3238 3930 3299 3986 in
3331 3930 3485 3986 vasis
3515 3930 3962 3997 misericordia,

2313 4028 2444 4091 quae
2467 4021 2843 4090 praeparavit
2867 4021 2948 4077 ad
2975 4016 3234 4091 gloriam
3257 4018 3444 4091 (Rom.
3468 4019 3570 4087 lx).
3596 4020 3726 4092 Ipse
3750 4030 3966 4076 sensus

2314 4110 2421 4176 est,
2454 4108 2600 4180 quia
2619 4107 2923 4165 voluntate
2969 4110 3026 4164 et
3052 4107 3507 4177 longanimitate
3556 4106 3678 4177 Dei,
3711 4122 3852 4180 qum
3879 4112 3969 4164 est

2313 4194 2619 4269 patientia,
2653 4198 3069 4269 praeparantur
3097 4195 3369 4252 infideles
3407 4195 3484 4252 ad
3515 4210 3786 4269 pinnam.

2976 4285 3206 4342 CAPUT
3243 4286 3309 4341 Vl

2451 4372 2553 4428 Ea:
2575 4372 2634 4426 S.
2666 4373 3028 4444 Augustino,
3055 4376 3119 4430 in
3150 4375 3403 4445 epistola
3434 4373 3516 4431 ad
3557 4373 3823 4431 Sixtum.

548 4426 940 4539 ααῖῇιᾷξῷ
954 4426 1016 4523 ξ
1042 4426 2201 4538 €555.21);'6;s;;1ggi1,;.;;s;:
2233 4426 2278 4487 υ
2385 4426 3114 4536 Αιῖέέλειίοὶᾟέέρὲέὶἑιέ
3133 4426 3511 4520 gigans"
3540 4426 3965 4536 nassam...

547 4552 626 4613 tia
664 4561 723 4613 et
741 4554 993 4614 alterum
1024 4554 1264 4629 sprevit.
1294 4556 1361 4611 Et
1387 4553 1449 4610 in
1476 4550 1575 4611 illo
1606 4569 1791 4626 quem
1821 4551 2014 4624 elegit,
2064 4570 2197 4627 pro-

544 4642 807 4719 positum
837 4640 934 4702 Dei
964 4647 1199 4700 manet:
1233 4643 1377 4717 quia
1402 4640 1565 4700 aliud
1587 4657 1709 4698 non
1737 4646 1932 4716 potest
1959 4643 2194 4701 evenire

542 4748 729 4807 quam
749 4730 917 4807 quod
946 4730 1114 4790 scivit
1140 4738 1197 4790 et
1225 4730 1540 4807 proposuit
1562 4730 1624 4788 in
1646 4730 1767 4799 illo,
1803 4735 1866 4786 ut
1899 4730 2088 4788 salute
2108 4731 2196 4788 di-

542 4835 697 4889 gnus
723 4821 814 4879 sit.
843 4823 913 4880 Et
937 4821 998 4878 in
1026 4819 1128 4879 illo
1154 4835 1337 4895 quem
1365 4821 1606 4896 sprevit,
1635 4819 1813 4877 simili
1861 4820 2044 4877 modo
2069 4835 2194 4879 ma-

541 4911 643 4964 net
665 4907 1046 4982 propositum
1080 4910 1246 4984 quod
1265 4904 1579 4985 proposuit
1608 4908 1683 4966 de
1713 4908 1836 4978 illo,
1863 4908 2009 4983 quia
2036 4904 2190 4966 indi-

542 5000 698 5061 gnus
725 4990 979 5052 erit.Hoc
1008 4997 1183 5069 quasi
1202 4996 1639 5071 praescius,non
1678 5008 2073 5068 personarum
2098 5008 2192 5055 ac-

539 5082 775 5153 ceptor:
801 5095 946 5139 nam
974 5085 1277 5141 neminem
1295 5086 1547 5142 damnat
1562 5090 1886 5157 antequam
1904 5088 2191 5158 peccet,et

536 5168 769 5226 nullum
797 5176 1046 5229 coronat
1069 5177 1395 5246 antequam
1426 5173 1647 5230 vincat.
1682 5172 1800 5228 Hoc
1824 5172 2077 5245 pertinet
2109 5175 2187 5232 ad

536 5268 782 5315 causam
807 5258 1177 5332 Judteorum,
1205 5262 1307 5334 qui
1331 5261 1443 5318 sibi
1489 5259 1951 5335 prterogativam
1989 5262 2189 5319 defen-

533 5344 704 5415 dunt,
723 5346 889 5422 quod
918 5346 1022 5404 ﬁlii
1053 5350 1169 5405 sint
1197 5348 1797 5422 Abrahae.Apostolus
1823 5353 2023 5406 autem
2047 5368 2185 5409 con-

534 5434 761 5492 solatur
781 5442 936 5505 se,ut
956 5437 1100 5511 quia
1131 5438 1363 5494 dixerat
1383 5437 1649 5493 dolorem
1666 5437 1885 5493 habere
1909 5454 1972 5494 se
1988 5442 2185 5497 cordis

530 5524 883 5582 continuum
931 5536 1115 5583 causa
1159 5525 1585 5584 incredulitatis
1632 5542 1860 5591 eorum,
1924 5543 2183 5600 quorum

529 5609 775 5689 adOptio
802 5618 927 5674 erat
952 5614 1298 5689 ﬂliorum,et
1315 5615 1462 5689 legis
1491 5616 1855 5690 constitutio,
1872 5622 1929 5675 et
1950 5632 2023 5676 ex
2049 5617 2181 5693 qui-

525 5703 642 5763 bus
657 5704 923 5769 Christus
945 5704 1393 5784 Salvator,sicut
1405 5708 1464 5764 et
1474 5704 1608 5781 ipse
1624 5705 1723 5764 ait:
1747 5707 1890 5777 quia
1920 5708 2086 5765 salus
2106 5722 2181 5764 ea:

2312 4548 2522 4621 (Epist.
2554 4552 2667 4621 cx).
2694 4552 2859 4608 Unde
2898 4557 2955 4607 et
2984 4551 3128 4608 alibi
3166 4550 3418 4608 dicitur:
3472 4552 3611 4609 Pax
3632 4551 3965 4622 fratribus,

2308 4642 2364 4696 et
2394 4640 2659 4697 charitas
2682 4655 2815 4697 cum
2834 4638 2986 4710 ﬁde;
3019 4654 3207 4714 quam
3236 4652 3311 4697 ne
3333 4638 3447 4697 sibi
3470 4640 3966 4705 tribuerent.con-

2308 4726 2472 4785 tinuo
2494 4728 2804 4802 subjunxit
2821 4730 2896 4787 2A
2931 4732 3050 4787 Deo
3073 4730 3261 4787 Patre
3285 4732 3340 4786 et
3370 4731 3615 4786 Domino
3643 4735 3852 4786 nostra
3870 4734 3964 4788 Je-

2305 4828 2376 4874 su
2406 4815 2639 4875 Christo
2664 4818 2844 4889 (Eph.
2877 4816 2975 4890 vi).
3012 4816 3162 4885 Quia
3211 4835 3321 4876 nec
3372 4819 3647 4875 omnium
3688 4820 3779 4875 est
3806 4819 3959 4876 ﬁdes

2306 4906 2408 4979 qui
2422 4908 2676 4964 audiunt
2686 4907 2960 4975 verbum,
2984 4907 3089 4963 sed
3105 4907 3327 4981 quibus
3355 4910 3509 4965 Deus
3528 4906 3959 4981 partiturmen-

2304 5006 2507 5051 suram
2529 4995 2689 5051 ﬁdei.
2717 4994 2877 5053 Sicut
2899 5008 3010 5053 nec
3036 4996 3245 5055 Omnia
3270 4997 3610 5068 germinant
3634 5011 3775 5069 quae
3794 4997 3959 5071 plane

2301 5085 2505 5139 tantur
2540 5088 2595 5140 et
2619 5084 2904 5153 rigantur,
2940 5080 3047 5141 sed
3077 5087 3303 5160 quibus
3326 5084 3478 5143 Deus
3494 5084 3598 5142 dat
3626 5086 3957 5144 incremen-

2300 5177 2447 5229 tum.
2485 5174 2599 5229 Cur
2628 5174 2826 5230 autem
2880 5170 2975 5232 ille
3005 5176 3229 5245 credat,
3282 5175 3376 5233 ille
3407 5192 3529 5233 non
3559 5176 3787 5245 credat,
3821 5190 3953 5233 cum

2299 5262 2481 5319 ambo
2508 5262 2664 5319 idem
2686 5262 3021 5325 audiunt.et
3039 5266 3085 5321 si
3101 5265 3458 5322 miraculum
3476 5268 3533 5321 in
3555 5281 3765 5322 eorum
3790 5282 3952 5322 cons-

2299 5359 2475 5424 pectu
2488 5352 2798 5423 ﬁat,ambo
2816 5353 2973 5409 idem
2999 5354 3219 5417 vident;
3237 5354 3487 5411 altitudo
3504 5360 3589 5410 est
3610 5354 3951 5412 divitiarum

2299 5442 2607 5513 sapientiae
2630 5448 2687 5498 et
2728 5443 2987 5499 scientiae
3020 5445 3139 5511 Dei,
3171 5444 3344 5516 cujus
3374 5443 3794 5499 inscrutabilia
3820 5448 3953 5499 sunt

2290 5529 2540 5601 judicia;
2560 5537 2615 5587 et
2636 5533 2799 5605 apud
2818 5550 2997 5607 quem
3016 5550 3137 5589 non
3166 5530 3572 5611 estiniquitas,
3606 5533 3755 5588 dum
3783 5535 3950 5603 cujus

2295 5617 2421 5675 vult
2441 5618 2773 5684 miseretur,
2805 5624 2862 5679 et
2886 5635 3070 5696 quem
3084 5622 3212 5680 vult
3230 5622 3475 5680 indurat
3502 5620 3693 5694 (Rom.
3722 5625 3831 5691 1x);
3863 5636 3948 5678 ne

2295 5724 2413 5780 que
2443 5708 2605 5766 enim
2629 5712 2947 5785 propterea
2985 5715 3126 5771 sunt
3141 5711 3388 5783 injuste,
3417 5710 3561 5783 quia
3580 5709 3843 5769 occulta.
