  <div class='ocr_page' id='page_1' title='image "/cluster/home/n/w/nwhite01/storage/ocr_20150623/115/hvd.32044054759790/496.png"; bbox 0 0 4112 6184; ppageno 0'>
   <div class='ocr_carea' id='block_1_1' title="bbox 272 116 372 173">
    <p class='ocr_par' dir='ltr' id='par_1_1' title="bbox 272 116 372 173">
     <span class='ocr_line' id='line_1_1' title="bbox 272 116 372 173; baseline 0.01 -1"><span class='ocrx_word' id='word_1_1' title='bbox 272 116 372 173; x_wconf 76' lang='grc'>981</span> 
     </span>
    </p>
   </div>
   <div class='ocr_carea' id='block_1_2' title="bbox 1311 118 2688 178">
    <p class='ocr_par' dir='ltr' id='par_1_2' title="bbox 1311 118 2688 178">
     <span class='ocr_line' id='line_1_2' title="bbox 1311 118 2688 178; baseline -0.002 -3"><span class='ocrx_word' id='word_1_2' title='bbox 1311 118 1533 178; x_wconf 82' lang='lat' dir='ltr'>EPIST.</span> <span class='ocrx_word' id='word_1_3' title='bbox 1575 121 1665 177; x_wconf 85' lang='lat' dir='ltr'>AD</span> <span class='ocrx_word' id='word_1_4' title='bbox 1707 118 2130 177; x_wconf 73' lang='lat' dir='ltr'>HINCMARUM</span> <span class='ocrx_word' id='word_1_5' title='bbox 2168 121 2253 175; x_wconf 85' lang='lat' dir='ltr'>ET</span> <span class='ocrx_word' id='word_1_6' title='bbox 2290 121 2688 178; x_wconf 79' lang='lat' dir='ltr'>PARDULUM.</span> 
     </span>
    </p>
   </div>
   <div class='ocr_carea' id='block_1_3' title="bbox 3594 120 3698 174">
    <p class='ocr_par' dir='ltr' id='par_1_3' title="bbox 3594 120 3698 174">
     <span class='ocr_line' id='line_1_3' title="bbox 3594 120 3698 174; baseline 0 0"><span class='ocrx_word' id='word_1_7' title='bbox 3594 120 3698 174; x_wconf 79' lang='grc'>982</span> 
     </span>
    </p>
   </div>
   <div class='ocr_carea' id='block_1_4' title="bbox 348 208 3696 321">
    <p class='ocr_par' dir='ltr' id='par_1_4' title="bbox 348 208 3696 321">
     <span class='ocr_line' id='line_1_4' title="bbox 348 208 3696 321; baseline 0 -23"><span class='ocrx_word' id='word_1_8' title='bbox 348 247 487 299; x_wconf 87' lang='lat' dir='ltr'>Item</span> <span class='ocrx_word' id='word_1_9' title='bbox 518 243 581 298; x_wconf 89' lang='lat' dir='ltr'>in</span> <span class='ocrx_word' id='word_1_10' title='bbox 607 243 856 300; x_wconf 86' lang='lat' dir='ltr'>eadem:</span> <span class='ocrx_word' id='word_1_11' title='bbox 884 247 949 301; x_wconf 89' lang='lat' dir='ltr'>Et</span> <span class='ocrx_word' id='word_1_12' title='bbox 976 260 1053 299; x_wconf 88' lang='lat' dir='ltr'>ne</span> <span class='ocrx_word' id='word_1_13' title='bbox 1070 208 1396 321; x_wconf 84' lang='lat' dir='ltr'>quisquam</span> <span class='ocrx_word' id='word_1_14' title='bbox 1424 247 1786 303; x_wconf 77' lang='lat' dir='ltr'>existimaret</span> <span class='ocrx_word' id='word_1_15' title='bbox 1804 261 1928 302; x_wconf 90' lang='lat' dir='ltr'>ere-</span> <span class='ocrx_word' id='word_1_16' title='bbox 1952 249 2002 304; x_wconf 85' lang='lat' dir='ltr'><strong>A</strong></span> <span class='ocrx_word' id='word_1_17' title='bbox 2039 245 2217 303; x_wconf 88' lang='lat' dir='ltr'>corde</span> <span class='ocrx_word' id='word_1_18' title='bbox 2260 261 2367 303; x_wconf 86' lang='lat' dir='ltr'>suo</span> <span class='ocrx_word' id='word_1_19' title='bbox 2409 248 2612 318; x_wconf 85' lang='lat' dir='ltr'>(Prov.</span> <span class='ocrx_word' id='word_1_20' title='bbox 2657 262 2760 302; x_wconf 86' lang='lat' dir='ltr'>x1x</span> <span class='ocrx_word' id='word_1_21' title='bbox 2806 243 3131 302; x_wconf 86' lang='lat' dir='ltr'>secundum</span> <span class='ocrx_word' id='word_1_22' title='bbox 3184 242 3374 310; x_wconf 76' lang='lat' dir='ltr'>LXX).</span> <span class='ocrx_word' id='word_1_23' title='bbox 3408 244 3696 309; x_wconf 78' lang='lat' dir='ltr'>Quamvis</span> 
     </span>
    </p>
   </div>
   <div class='ocr_carea' id='block_1_5' title="bbox 266 332 1926 411">
    <p class='ocr_par' dir='ltr' id='par_1_5' title="bbox 266 332 1926 411">
     <span class='ocr_line' id='line_1_5' title="bbox 266 332 1926 411; baseline 0.002 -26"><span class='ocrx_word' id='word_1_24' title='bbox 266 332 481 386; x_wconf 87' lang='lat' dir='ltr'>dentes</span> <span class='ocrx_word' id='word_1_25' title='bbox 514 333 595 387; x_wconf 89' lang='lat' dir='ltr'>sic</span> <span class='ocrx_word' id='word_1_26' title='bbox 629 332 708 387; x_wconf 90' lang='lat' dir='ltr'>ad</span> <span class='ocrx_word' id='word_1_27' title='bbox 728 333 856 403; x_wconf 84' lang='lat' dir='ltr'>ejus</span> <span class='ocrx_word' id='word_1_28' title='bbox 887 335 1269 405; x_wconf 80' lang='lat' dir='ltr'>praesentiam</span> <span class='ocrx_word' id='word_1_29' title='bbox 1290 336 1585 407; x_wconf 80' lang='lat' dir='ltr'>pertinere</span> <span class='ocrx_word' id='word_1_30' title='bbox 1617 335 1926 411; x_wconf 86' lang='lat' dir='ltr'>quomodo</span> 
     </span>
    </p>
   </div>
   <div class='ocr_carea' id='block_1_6' title="bbox 264 420 1928 495">
    <p class='ocr_par' dir='ltr' id='par_1_6' title="bbox 264 420 1928 495">
     <span class='ocr_line' id='line_1_6' title="bbox 264 420 1928 495; baseline 0.002 -22"><span class='ocrx_word' id='word_1_31' title='bbox 264 435 392 474; x_wconf 91' lang='lat' dir='ltr'>non</span> <span class='ocrx_word' id='word_1_32' title='bbox 423 420 751 487; x_wconf 81' lang='lat' dir='ltr'>credentes,</span> <span class='ocrx_word' id='word_1_33' title='bbox 772 420 957 491; x_wconf 84' lang='lat' dir='ltr'>idest,</span> <span class='ocrx_word' id='word_1_34' title='bbox 984 426 1048 477; x_wconf 92' lang='lat' dir='ltr'>ut</span> <span class='ocrx_word' id='word_1_35' title='bbox 1072 439 1192 478; x_wconf 91' lang='lat' dir='ltr'>non</span> <span class='ocrx_word' id='word_1_36' title='bbox 1226 423 1308 477; x_wconf 86' lang='lat' dir='ltr'>eis</span> <span class='ocrx_word' id='word_1_37' title='bbox 1336 423 1483 478; x_wconf 80' lang='lat' dir='ltr'>iides</span> <span class='ocrx_word' id='word_1_38' title='bbox 1504 424 1635 495; x_wconf 80' lang='lat' dir='ltr'>ipsa</span> <span class='ocrx_word' id='word_1_39' title='bbox 1666 423 1928 495; x_wconf 74' lang='lat' dir='ltr'>desuper</span> 
     </span>
    </p>
   </div>
   <div class='ocr_carea' id='block_1_7' title="bbox 265 508 1926 584">
    <p class='ocr_par' dir='ltr' id='par_1_7' title="bbox 265 508 1926 584">
     <span class='ocr_line' id='line_1_7' title="bbox 265 508 1926 584; baseline 0.002 -22"><span class='ocrx_word' id='word_1_40' title='bbox 265 508 646 576; x_wconf 77' lang='lat' dir='ltr'>daretur,sed</span> <span class='ocrx_word' id='word_1_41' title='bbox 660 510 1076 566; x_wconf 82' lang='lat' dir='ltr'>tantummodo</span> <span class='ocrx_word' id='word_1_42' title='bbox 1087 510 1365 566; x_wconf 81' lang='lat' dir='ltr'>voluntas</span> <span class='ocrx_word' id='word_1_43' title='bbox 1378 528 1583 567; x_wconf 87' lang='lat' dir='ltr'>eorum</span> <span class='ocrx_word' id='word_1_44' title='bbox 1598 527 1926 584; x_wconf 68' lang='lat' dir='ltr'>praenosce-</span> 
     </span>
    </p>
   </div>
   <div class='ocr_carea' id='block_1_8' title="bbox 263 598 1921 671">
    <p class='ocr_par' dir='ltr' id='par_1_8' title="bbox 263 598 1921 671">
     <span class='ocr_line' id='line_1_8' title="bbox 263 598 1921 671; baseline 0.002 -20"><span class='ocrx_word' id='word_1_45' title='bbox 263 602 448 661; x_wconf 88' lang='lat' dir='ltr'>retur,</span> <span class='ocrx_word' id='word_1_46' title='bbox 480 614 625 653; x_wconf 82' lang='lat' dir='ltr'>mox</span> <span class='ocrx_word' id='word_1_47' title='bbox 655 598 858 669; x_wconf 85' lang='lat' dir='ltr'>adjicit</span> <span class='ocrx_word' id='word_1_48' title='bbox 877 602 1056 671; x_wconf 86' lang='lat' dir='ltr'>atque</span> <span class='ocrx_word' id='word_1_49' title='bbox 1081 599 1197 655; x_wconf 85' lang='lat' dir='ltr'>ait:</span> <span class='ocrx_word' id='word_1_50' title='bbox 1233 601 1559 669; x_wconf 77' lang='lat' dir='ltr'>Propterea</span> <span class='ocrx_word' id='word_1_51' title='bbox 1581 601 1713 656; x_wconf 68' lang='lat' dir='ltr'>dixi</span> <span class='ocrx_word' id='word_1_52' title='bbox 1742 599 1921 663; x_wconf 82' lang='lat' dir='ltr'>vobis,</span> 
     </span>
    </p>
   </div>
   <div class='ocr_carea' id='block_1_9' title="bbox 263 686 1922 758">
    <p class='ocr_par' dir='ltr' id='par_1_9' title="bbox 263 686 1922 758">
     <span class='ocr_line' id='line_1_9' title="bbox 263 686 1922 758; baseline 0.002 -19"><span class='ocrx_word' id='word_1_53' title='bbox 263 686 410 756; x_wconf 88' lang='lat' dir='ltr'>quia</span> <span class='ocrx_word' id='word_1_54' title='bbox 430 700 602 742; x_wconf 88' lang='lat' dir='ltr'>nemo</span> <span class='ocrx_word' id='word_1_55' title='bbox 614 690 809 757; x_wconf 82' lang='lat' dir='ltr'>potest</span> <span class='ocrx_word' id='word_1_56' title='bbox 836 687 1038 742; x_wconf 84' lang='lat' dir='ltr'>venire</span> <span class='ocrx_word' id='word_1_57' title='bbox 1056 688 1138 742; x_wconf 91' lang='lat' dir='ltr'>ad</span> <span class='ocrx_word' id='word_1_58' title='bbox 1154 703 1265 755; x_wconf 86' lang='lat' dir='ltr'>me,</span> <span class='ocrx_word' id='word_1_59' title='bbox 1299 689 1417 742; x_wconf 87' lang='lat' dir='ltr'>nisi</span> <span class='ocrx_word' id='word_1_60' title='bbox 1434 689 1623 758; x_wconf 82' lang='lat' dir='ltr'>fuerit</span> <span class='ocrx_word' id='word_1_61' title='bbox 1652 688 1707 744; x_wconf 93' lang='lat' dir='ltr'>ei</span> <span class='ocrx_word' id='word_1_62' title='bbox 1714 688 1922 743; x_wconf 87' lang='lat' dir='ltr'>datum</span> 
     </span>
    </p>
   </div>
   <div class='ocr_carea' id='block_1_10' title="bbox 263 774 1923 851">
    <p class='ocr_par' dir='ltr' id='par_1_10' title="bbox 263 774 1923 851">
     <span class='ocr_line' id='line_1_10' title="bbox 263 774 1923 851; baseline 0 -20"><span class='ocrx_word' id='word_1_63' title='bbox 263 791 301 831; x_wconf 93' lang='lat' dir='ltr'>a</span> <span class='ocrx_word' id='word_1_64' title='bbox 323 776 514 831; x_wconf 82' lang='lat' dir='ltr'>Patre</span> <span class='ocrx_word' id='word_1_65' title='bbox 535 790 661 831; x_wconf 89' lang='lat' dir='ltr'>meo</span> <span class='ocrx_word' id='word_1_66' title='bbox 693 774 884 847; x_wconf 87' lang='lat' dir='ltr'>(Joan.</span> <span class='ocrx_word' id='word_1_67' title='bbox 917 778 1015 845; x_wconf 79' lang='lat' dir='ltr'>vi).</span> <span class='ocrx_word' id='word_1_68' title='bbox 1048 776 1196 832; x_wconf 91' lang='lat' dir='ltr'>Hinc</span> <span class='ocrx_word' id='word_1_69' title='bbox 1223 780 1350 833; x_wconf 88' lang='lat' dir='ltr'>erat</span> <span class='ocrx_word' id='word_1_70' title='bbox 1386 778 1550 851; x_wconf 90' lang='lat' dir='ltr'>quod</span> <span class='ocrx_word' id='word_1_71' title='bbox 1580 793 1789 833; x_wconf 92' lang='lat' dir='ltr'>eorum</span> <span class='ocrx_word' id='word_1_72' title='bbox 1817 776 1923 850; x_wconf 88' lang='lat' dir='ltr'>qui</span> 
     </span>
    </p>
   </div>
   <div class='ocr_carea' id='block_1_11' title="bbox 264 863 1921 936">
    <p class='ocr_par' dir='ltr' id='par_1_11' title="bbox 264 863 1921 936">
     <span class='ocr_line' id='line_1_11' title="bbox 264 863 1921 936; baseline 0.002 -17"><span class='ocrx_word' id='word_1_73' title='bbox 264 863 583 920; x_wconf 85' lang='lat' dir='ltr'>audierant</span> <span class='ocrx_word' id='word_1_74' title='bbox 608 863 956 936; x_wconf 87' lang='lat' dir='ltr'>loquentem</span> <span class='ocrx_word' id='word_1_75' title='bbox 986 865 1060 920; x_wconf 89' lang='lat' dir='ltr'>de</span> <span class='ocrx_word' id='word_1_76' title='bbox 1086 881 1264 923; x_wconf 89' lang='lat' dir='ltr'>carne</span> <span class='ocrx_word' id='word_1_77' title='bbox 1294 882 1405 922; x_wconf 89' lang='lat' dir='ltr'>sua</span> <span class='ocrx_word' id='word_1_78' title='bbox 1432 870 1489 922; x_wconf 92' lang='lat' dir='ltr'>et</span> <span class='ocrx_word' id='word_1_79' title='bbox 1513 864 1587 921; x_wconf 92' lang='lat' dir='ltr'>de</span> <span class='ocrx_word' id='word_1_80' title='bbox 1628 865 1921 935; x_wconf 77' lang='lat' dir='ltr'>sanguine</span> 
     </span>
    </p>
   </div>
   <div class='ocr_carea' id='block_1_12' title="bbox 261 951 1921 1028">
    <p class='ocr_par' dir='ltr' id='par_1_12' title="bbox 261 951 1921 1028">
     <span class='ocr_line' id='line_1_12' title="bbox 261 951 1921 1028; baseline 0.002 -21"><span class='ocrx_word' id='word_1_81' title='bbox 261 968 396 1020; x_wconf 90' lang='lat' dir='ltr'>suo,</span> <span class='ocrx_word' id='word_1_82' title='bbox 412 951 663 1027; x_wconf 89' lang='lat' dir='ltr'>quidam</span> <span class='ocrx_word' id='word_1_83' title='bbox 682 952 1514 1022; x_wconf 86' lang='lat' dir='ltr'>scandalizatiabseesserunt,</span> <span class='ocrx_word' id='word_1_84' title='bbox 1536 955 1785 1028; x_wconf 90' lang='lat' dir='ltr'>quidam</span> <span class='ocrx_word' id='word_1_85' title='bbox 1800 971 1921 1011; x_wconf 85' lang='lat' dir='ltr'>cre-</span> 
     </span>
    </p>
   </div>
   <div class='ocr_carea' id='block_1_13' title="bbox 258 1041 1919 1116">
    <p class='ocr_par' dir='ltr' id='par_1_13' title="bbox 258 1041 1919 1116">
     <span class='ocr_line' id='line_1_13' title="bbox 258 1041 1919 1116; baseline 0.001 -19"><span class='ocrx_word' id='word_1_86' title='bbox 258 1041 467 1097; x_wconf 90' lang='lat' dir='ltr'>dendo</span> <span class='ocrx_word' id='word_1_87' title='bbox 491 1046 872 1098; x_wconf 88' lang='lat' dir='ltr'>manserunt:</span> <span class='ocrx_word' id='word_1_88' title='bbox 907 1043 1051 1115; x_wconf 88' lang='lat' dir='ltr'>quia</span> <span class='ocrx_word' id='word_1_89' title='bbox 1082 1059 1262 1099; x_wconf 92' lang='lat' dir='ltr'>nemo</span> <span class='ocrx_word' id='word_1_90' title='bbox 1291 1048 1488 1116; x_wconf 88' lang='lat' dir='ltr'>potest</span> <span class='ocrx_word' id='word_1_91' title='bbox 1513 1044 1710 1100; x_wconf 87' lang='lat' dir='ltr'>venire</span> <span class='ocrx_word' id='word_1_92' title='bbox 1742 1045 1819 1100; x_wconf 92' lang='lat' dir='ltr'>ad</span> <span class='ocrx_word' id='word_1_93' title='bbox 1848 1043 1919 1099; x_wconf 89' lang='lat' dir='ltr'>il-</span> 
     </span>
    </p>
   </div>
   <div class='ocr_carea' id='block_1_14' title="bbox 257 1131 1916 1208">
    <p class='ocr_par' dir='ltr' id='par_1_14' title="bbox 257 1131 1916 1208">
     <span class='ocr_line' id='line_1_14' title="bbox 257 1131 1916 1208; baseline 0.001 -21"><span class='ocrx_word' id='word_1_94' title='bbox 257 1131 388 1187; x_wconf 90' lang='lat' dir='ltr'>lum</span> <span class='ocrx_word' id='word_1_95' title='bbox 435 1132 550 1187; x_wconf 87' lang='lat' dir='ltr'>nisi</span> <span class='ocrx_word' id='word_1_96' title='bbox 586 1132 679 1187; x_wconf 91' lang='lat' dir='ltr'>cui</span> <span class='ocrx_word' id='word_1_97' title='bbox 710 1131 917 1187; x_wconf 88' lang='lat' dir='ltr'>datum</span> <span class='ocrx_word' id='word_1_98' title='bbox 953 1137 1044 1188; x_wconf 91' lang='lat' dir='ltr'>est</span> <span class='ocrx_word' id='word_1_99' title='bbox 1087 1149 1123 1187; x_wconf 92' lang='lat' dir='ltr'>a</span> <span class='ocrx_word' id='word_1_100' title='bbox 1154 1136 1341 1203; x_wconf 87' lang='lat' dir='ltr'>Patre,</span> <span class='ocrx_word' id='word_1_101' title='bbox 1375 1150 1443 1190; x_wconf 93' lang='lat' dir='ltr'>ac</span> <span class='ocrx_word' id='word_1_102' title='bbox 1474 1150 1581 1208; x_wconf 90' lang='lat' dir='ltr'>per</span> <span class='ocrx_word' id='word_1_103' title='bbox 1608 1134 1722 1189; x_wconf 91' lang='lat' dir='ltr'>hoc</span> <span class='ocrx_word' id='word_1_104' title='bbox 1754 1139 1810 1189; x_wconf 93' lang='lat' dir='ltr'>et</span> <span class='ocrx_word' id='word_1_105' title='bbox 1837 1133 1916 1189; x_wconf 91' lang='lat' dir='ltr'>ab</span> 
     </span>
    </p>
   </div>
   <div class='ocr_carea' id='block_1_15' title="bbox 258 1220 1917 1295">
    <p class='ocr_par' dir='ltr' id='par_1_15' title="bbox 258 1220 1917 1295">
     <span class='ocr_line' id='line_1_15' title="bbox 258 1220 1917 1295; baseline 0.001 -19"><span class='ocrx_word' id='word_1_106' title='bbox 258 1221 393 1294; x_wconf 92' lang='lat' dir='ltr'>ipso</span> <span class='ocrx_word' id='word_1_107' title='bbox 416 1220 555 1276; x_wconf 83' lang='lat' dir='ltr'>Filio</span> <span class='ocrx_word' id='word_1_108' title='bbox 583 1226 688 1276; x_wconf 89' lang='lat' dir='ltr'>eta</span> <span class='ocrx_word' id='word_1_109' title='bbox 717 1220 934 1293; x_wconf 75' lang='lat' dir='ltr'>Spiritu</span> <span class='ocrx_word' id='word_1_110' title='bbox 959 1224 1187 1278; x_wconf 87' lang='lat' dir='ltr'>sancto.</span> <span class='ocrx_word' id='word_1_111' title='bbox 1223 1226 1421 1295; x_wconf 86' lang='lat' dir='ltr'>Neque</span> <span class='ocrx_word' id='word_1_112' title='bbox 1451 1223 1609 1278; x_wconf 91' lang='lat' dir='ltr'>enim</span> <span class='ocrx_word' id='word_1_113' title='bbox 1643 1228 1917 1295; x_wconf 87' lang='lat' dir='ltr'>separata</span> 
     </span>
    </p>
   </div>
   <div class='ocr_carea' id='block_1_16' title="bbox 256 1309 1915 1384">
    <p class='ocr_par' dir='ltr' id='par_1_16' title="bbox 256 1309 1915 1384">
     <span class='ocr_line' id='line_1_16' title="bbox 256 1309 1915 1384; baseline 0.002 -19"><span class='ocrx_word' id='word_1_114' title='bbox 256 1316 399 1366; x_wconf 92' lang='lat' dir='ltr'>sunt</span> <span class='ocrx_word' id='word_1_115' title='bbox 426 1311 590 1366; x_wconf 89' lang='lat' dir='ltr'>dona</span> <span class='ocrx_word' id='word_1_116' title='bbox 603 1309 694 1366; x_wconf 84' lang='lat' dir='ltr'>vel</span> <span class='ocrx_word' id='word_1_117' title='bbox 718 1326 902 1383; x_wconf 86' lang='lat' dir='ltr'>opera</span> <span class='ocrx_word' id='word_1_118' title='bbox 930 1311 1345 1384; x_wconf 82' lang='lat' dir='ltr'>inseparabilis</span> <span class='ocrx_word' id='word_1_119' title='bbox 1362 1312 1671 1369; x_wconf 81' lang='lat' dir='ltr'>Trinitatis.</span> <span class='ocrx_word' id='word_1_120' title='bbox 1697 1312 1809 1368; x_wconf 91' lang='lat' dir='ltr'>Sed</span> <span class='ocrx_word' id='word_1_121' title='bbox 1832 1313 1915 1369; x_wconf 82' lang='lat' dir='ltr'>Fi-</span> 
     </span>
    </p>
   </div>
   <div class='ocr_carea' id='block_1_17' title="bbox 252 1399 1911 1459">
    <p class='ocr_par' dir='ltr' id='par_1_17' title="bbox 252 1399 1911 1459">
     <span class='ocr_line' id='line_1_17' title="bbox 252 1399 1911 1459; baseline 0.001 -4"><span class='ocrx_word' id='word_1_122' title='bbox 252 1399 372 1455; x_wconf 91' lang='lat' dir='ltr'>lius</span> <span class='ocrx_word' id='word_1_123' title='bbox 398 1400 483 1455; x_wconf 92' lang='lat' dir='ltr'>sic</span> <span class='ocrx_word' id='word_1_124' title='bbox 508 1401 817 1456; x_wconf 90' lang='lat' dir='ltr'>honorans</span> <span class='ocrx_word' id='word_1_125' title='bbox 842 1400 1078 1457; x_wconf 85' lang='lat' dir='ltr'>Patrem</span> <span class='ocrx_word' id='word_1_126' title='bbox 1109 1416 1232 1457; x_wconf 92' lang='lat' dir='ltr'>non</span> <span class='ocrx_word' id='word_1_127' title='bbox 1265 1400 1436 1457; x_wconf 76' lang='lat' dir='ltr'>aﬁ‘ert</span> <span class='ocrx_word' id='word_1_128' title='bbox 1483 1401 1659 1457; x_wconf 86' lang='lat' dir='ltr'>ullius</span> <span class='ocrx_word' id='word_1_129' title='bbox 1686 1402 1911 1459; x_wconf 91' lang='lat' dir='ltr'>distan-</span> 
     </span>
    </p>
   </div>
   <div class='ocr_carea' id='block_1_18' title="bbox 256 1488 1912 1565">
    <p class='ocr_par' dir='ltr' id='par_1_18' title="bbox 256 1488 1912 1565">
     <span class='ocr_line' id='line_1_18' title="bbox 256 1488 1912 1565; baseline 0 -20"><span class='ocrx_word' id='word_1_130' title='bbox 256 1489 349 1545; x_wconf 62' lang='lat' dir='ltr'>tias</span> <span class='ocrx_word' id='word_1_131' title='bbox 377 1488 831 1554; x_wconf 87' lang='lat' dir='ltr'>documentum,</span> <span class='ocrx_word' id='word_1_132' title='bbox 864 1490 967 1545; x_wconf 90' lang='lat' dir='ltr'>sed</span> <span class='ocrx_word' id='word_1_133' title='bbox 1000 1506 1293 1558; x_wconf 87' lang='lat' dir='ltr'>magnum</span> <span class='ocrx_word' id='word_1_134' title='bbox 1319 1490 1545 1565; x_wconf 71' lang='lat' dir='ltr'>praebet</span> <span class='ocrx_word' id='word_1_135' title='bbox 1564 1490 1912 1547; x_wconf 89' lang='lat' dir='ltr'>humilitatis</span> 
     </span>
    </p>
   </div>
   <div class='ocr_carea' id='block_1_19' title="bbox 2034 332 3692 407">
    <p class='ocr_par' dir='ltr' id='par_1_19' title="bbox 2034 332 3692 407">
     <span class='ocr_line' id='line_1_19' title="bbox 2034 332 3692 407; baseline -0.001 -17"><span class='ocrx_word' id='word_1_136' title='bbox 2034 334 2213 404; x_wconf 78' lang='lat' dir='ltr'>igitur</span> <span class='ocrx_word' id='word_1_137' title='bbox 2235 337 2386 391; x_wconf 84' lang='lat' dir='ltr'>Deus</span> <span class='ocrx_word' id='word_1_138' title='bbox 2408 336 2584 392; x_wconf 84' lang='lat' dir='ltr'>faciat</span> <span class='ocrx_word' id='word_1_139' title='bbox 2600 352 2743 392; x_wconf 86' lang='lat' dir='ltr'>vasa</span> <span class='ocrx_word' id='word_1_140' title='bbox 2766 336 2869 391; x_wconf 66' lang='lat' dir='ltr'>ira:</span> <span class='ocrx_word' id='word_1_141' title='bbox 2892 336 2952 391; x_wconf 92' lang='lat' dir='ltr'>in</span> <span class='ocrx_word' id='word_1_142' title='bbox 2979 332 3397 407; x_wconf 82' lang='lat' dir='ltr'>perditionem,</span> <span class='ocrx_word' id='word_1_143' title='bbox 3415 337 3480 388; x_wconf 90' lang='lat' dir='ltr'>ut</span> <span class='ocrx_word' id='word_1_144' title='bbox 3501 338 3692 389; x_wconf 91' lang='lat' dir='ltr'>osten-</span> 
     </span>
    </p>
   </div>
   <div class='ocr_carea' id='block_1_20' title="bbox 2035 423 3691 497">
    <p class='ocr_par' dir='ltr' id='par_1_20' title="bbox 2035 423 3691 497">
     <span class='ocr_line' id='line_1_20' title="bbox 2035 423 3691 497; baseline -0.001 -18"><span class='ocrx_word' id='word_1_145' title='bbox 2035 424 2137 479; x_wconf 85' lang='lat' dir='ltr'>dat</span> <span class='ocrx_word' id='word_1_146' title='bbox 2164 424 2316 481; x_wconf 89' lang='lat' dir='ltr'>iram</span> <span class='ocrx_word' id='word_1_147' title='bbox 2348 427 2785 481; x_wconf 88' lang='lat' dir='ltr'>etdemonstret</span> <span class='ocrx_word' id='word_1_148' title='bbox 2810 425 3139 497; x_wconf 82' lang='lat' dir='ltr'>potentiam</span> <span class='ocrx_word' id='word_1_149' title='bbox 3163 438 3356 489; x_wconf 87' lang='lat' dir='ltr'>suam,</span> <span class='ocrx_word' id='word_1_150' title='bbox 3388 439 3512 495; x_wconf 89' lang='lat' dir='ltr'>qua</span> <span class='ocrx_word' id='word_1_151' title='bbox 3531 423 3691 479; x_wconf 88' lang='lat' dir='ltr'>bene</span> 
     </span>
    </p>
   </div>
   <div class='ocr_carea' id='block_1_21' title="bbox 2035 509 3689 580">
    <p class='ocr_par' dir='ltr' id='par_1_21' title="bbox 2035 509 3689 580">
     <span class='ocr_line' id='line_1_21' title="bbox 2035 509 3689 580; baseline 0.001 -16"><span class='ocrx_word' id='word_1_152' title='bbox 2035 513 2212 568; x_wconf 79' lang='lat' dir='ltr'>etiam</span> <span class='ocrx_word' id='word_1_153' title='bbox 2241 514 2420 568; x_wconf 82' lang='lat' dir='ltr'>utitur</span> <span class='ocrx_word' id='word_1_154' title='bbox 2451 514 2623 568; x_wconf 88' lang='lat' dir='ltr'>malis</span> <span class='ocrx_word' id='word_1_155' title='bbox 2650 533 2661 579; x_wconf 88' lang='lat'><strong>;</strong></span> <span class='ocrx_word' id='word_1_156' title='bbox 2696 519 2751 569; x_wconf 90' lang='lat' dir='ltr'>et</span> <span class='ocrx_word' id='word_1_157' title='bbox 2782 519 2845 568; x_wconf 86' lang='lat' dir='ltr'>ut</span> <span class='ocrx_word' id='word_1_158' title='bbox 2875 516 3046 567; x_wconf 86' lang='lat' dir='ltr'>notas</span> <span class='ocrx_word' id='word_1_159' title='bbox 3076 510 3253 566; x_wconf 89' lang='lat' dir='ltr'>faciat</span> <span class='ocrx_word' id='word_1_160' title='bbox 3283 509 3518 565; x_wconf 81' lang='lat' dir='ltr'>divitias</span> <span class='ocrx_word' id='word_1_161' title='bbox 3554 509 3689 580; x_wconf 88' lang='lat' dir='ltr'>glo-</span> 
     </span>
    </p>
   </div>
   <div class='ocr_carea' id='block_1_22' title="bbox 2033 596 3693 670">
    <p class='ocr_par' dir='ltr' id='par_1_22' title="bbox 2033 596 3693 670">
     <span class='ocr_line' id='line_1_22' title="bbox 2033 596 3693 670; baseline 0 -16"><span class='ocrx_word' id='word_1_162' title='bbox 2033 599 2133 655; x_wconf 58' lang='lat' dir='ltr'>rise</span> <span class='ocrx_word' id='word_1_163' title='bbox 2165 617 2287 655; x_wconf 67' lang='lat' dir='ltr'>sure</span> <span class='ocrx_word' id='word_1_164' title='bbox 2318 601 2376 654; x_wconf 91' lang='lat' dir='ltr'>in</span> <span class='ocrx_word' id='word_1_165' title='bbox 2404 618 2551 655; x_wconf 80' lang='lat' dir='ltr'>vasa</span> <span class='ocrx_word' id='word_1_166' title='bbox 2578 598 3001 656; x_wconf 61' lang='lat' dir='ltr'>misericordiae</span> <span class='ocrx_word' id='word_1_167' title='bbox 3029 617 3040 666; x_wconf 90' lang='lat'>;</span> <span class='ocrx_word' id='word_1_168' title='bbox 3074 614 3207 670; x_wconf 81' lang='lat' dir='ltr'>quae</span> <span class='ocrx_word' id='word_1_169' title='bbox 3248 596 3382 652; x_wconf 87' lang='lat' dir='ltr'>fecit</span> <span class='ocrx_word' id='word_1_170' title='bbox 3406 598 3467 652; x_wconf 91' lang='lat' dir='ltr'>in</span> <span class='ocrx_word' id='word_1_171' title='bbox 3500 599 3693 654; x_wconf 89' lang='lat' dir='ltr'>hono-</span> 
     </span>
    </p>
   </div>
   <div class='ocr_carea' id='block_1_23' title="bbox 2031 686 3690 755">
    <p class='ocr_par' dir='ltr' id='par_1_23' title="bbox 2031 686 3690 755">
     <span class='ocr_line' id='line_1_23' title="bbox 2031 686 3690 755; baseline -0.001 -12"><span class='ocrx_word' id='word_1_172' title='bbox 2031 704 2181 755; x_wconf 90' lang='lat' dir='ltr'>rem,</span> <span class='ocrx_word' id='word_1_173' title='bbox 2237 704 2359 744; x_wconf 91' lang='lat' dir='ltr'>non</span> <span class='ocrx_word' id='word_1_174' title='bbox 2403 688 2734 745; x_wconf 86' lang='lat' dir='ltr'>damnabili</span> <span class='ocrx_word' id='word_1_175' title='bbox 2792 704 3010 745; x_wconf 74' lang='lat' dir='ltr'>massae</span> <span class='ocrx_word' id='word_1_176' title='bbox 3065 686 3355 753; x_wconf 88' lang='lat' dir='ltr'>debitum,</span> <span class='ocrx_word' id='word_1_177' title='bbox 3405 686 3512 741; x_wconf 90' lang='lat' dir='ltr'>sed</span> <span class='ocrx_word' id='word_1_178' title='bbox 3562 703 3690 742; x_wconf 83' lang='lat' dir='ltr'>suae</span> 
     </span>
    </p>
   </div>
   <div class='ocr_carea' id='block_1_24' title="bbox 2033 773 3691 847">
    <p class='ocr_par' dir='ltr' id='par_1_24' title="bbox 2033 773 3691 847">
     <span class='ocr_line' id='line_1_24' title="bbox 2033 773 3691 847; baseline 0 -16"><span class='ocrx_word' id='word_1_179' title='bbox 2033 776 2235 847; x_wconf 83' lang='lat' dir='ltr'>gratiae</span> <span class='ocrx_word' id='word_1_180' title='bbox 2260 777 2529 847; x_wconf 82' lang='lat' dir='ltr'>largitate</span> <span class='ocrx_word' id='word_1_181' title='bbox 2550 778 2843 833; x_wconf 89' lang='lat' dir='ltr'>donatum</span> <span class='ocrx_word' id='word_1_182' title='bbox 2869 795 2881 833; x_wconf 89' lang='lat'>:</span> <span class='ocrx_word' id='word_1_183' title='bbox 2908 780 3111 833; x_wconf 89' lang='lat' dir='ltr'>tamen</span> <span class='ocrx_word' id='word_1_184' title='bbox 3133 774 3194 830; x_wconf 90' lang='lat' dir='ltr'>in</span> <span class='ocrx_word' id='word_1_185' title='bbox 3209 773 3437 831; x_wconf 82' lang='lat' dir='ltr'>eisdem</span> <span class='ocrx_word' id='word_1_186' title='bbox 3460 773 3563 830; x_wconf 66' lang='lat' dir='ltr'>irae</span> <span class='ocrx_word' id='word_1_187' title='bbox 3585 791 3691 831; x_wconf 86' lang='lat' dir='ltr'>va-</span> 
     </span>
    </p>
   </div>
   <div class='ocr_carea' id='block_1_25' title="bbox 2034 863 3691 939">
    <p class='ocr_par' dir='ltr' id='par_1_25' title="bbox 2034 863 3691 939">
     <span class='ocr_line' id='line_1_25' title="bbox 2034 863 3691 939; baseline 0.001 -18"><span class='ocrx_word' id='word_1_188' title='bbox 2034 866 2140 936; x_wconf 88' lang='lat' dir='ltr'>sis,</span> <span class='ocrx_word' id='word_1_189' title='bbox 2166 871 2407 939; x_wconf 91' lang='lat' dir='ltr'>propter</span> <span class='ocrx_word' id='word_1_190' title='bbox 2436 867 2718 923; x_wconf 89' lang='lat' dir='ltr'>meritum</span> <span class='ocrx_word' id='word_1_191' title='bbox 2746 882 2961 922; x_wconf 87' lang='lat' dir='ltr'>massae</span> <span class='ocrx_word' id='word_1_192' title='bbox 2987 865 3049 922; x_wconf 92' lang='lat' dir='ltr'>in</span> <span class='ocrx_word' id='word_1_193' title='bbox 3070 864 3499 922; x_wconf 88' lang='lat' dir='ltr'>contumeliam</span> <span class='ocrx_word' id='word_1_194' title='bbox 3523 863 3691 922; x_wconf 55' lang='lat' dir='ltr'>debia</span> 
     </span>
    </p>
   </div>
   <div class='ocr_carea' id='block_1_26' title="bbox 2030 953 3689 1026">
    <p class='ocr_par' dir='ltr' id='par_1_26' title="bbox 2030 953 3689 1026">
     <span class='ocr_line' id='line_1_26' title="bbox 2030 953 3689 1026; baseline -0.002 -15"><span class='ocrx_word' id='word_1_195' title='bbox 2030 959 2153 1012; x_wconf 89' lang='lat' dir='ltr'>tam</span> <span class='ocrx_word' id='word_1_196' title='bbox 2184 955 2375 1021; x_wconf 87' lang='lat' dir='ltr'>factis,</span> <span class='ocrx_word' id='word_1_197' title='bbox 2409 955 2468 1010; x_wconf 92' lang='lat' dir='ltr'>id</span> <span class='ocrx_word' id='word_1_198' title='bbox 2501 958 2608 1023; x_wconf 91' lang='lat' dir='ltr'>est,</span> <span class='ocrx_word' id='word_1_199' title='bbox 2640 954 2988 1011; x_wconf 87' lang='lat' dir='ltr'>hominibus</span> <span class='ocrx_word' id='word_1_200' title='bbox 3018 957 3263 1026; x_wconf 85' lang='lat' dir='ltr'>propter</span> <span class='ocrx_word' id='word_1_201' title='bbox 3295 957 3524 1017; x_wconf 76' lang='lat' dir='ltr'>naturae</span> <span class='ocrx_word' id='word_1_202' title='bbox 3555 953 3689 1025; x_wconf 88' lang='lat' dir='ltr'>qui-</span> 
     </span>
    </p>
   </div>
   <div class='ocr_carea' id='block_1_27' title="bbox 2028 1041 3686 1116">
    <p class='ocr_par' dir='ltr' id='par_1_27' title="bbox 2028 1041 3686 1116">
     <span class='ocr_line' id='line_1_27' title="bbox 2028 1041 3686 1116; baseline -0.001 -16"><span class='ocrx_word' id='word_1_203' title='bbox 2028 1044 2167 1100; x_wconf 90' lang='lat' dir='ltr'>dem</span> <span class='ocrx_word' id='word_1_204' title='bbox 2218 1044 2448 1100; x_wconf 89' lang='lat' dir='ltr'>bonum</span> <span class='ocrx_word' id='word_1_205' title='bbox 2496 1044 2727 1115; x_wconf 86' lang='lat' dir='ltr'>creatis,</span> <span class='ocrx_word' id='word_1_206' title='bbox 2760 1044 2864 1100; x_wconf 91' lang='lat' dir='ltr'>sed</span> <span class='ocrx_word' id='word_1_207' title='bbox 2913 1047 3158 1116; x_wconf 90' lang='lat' dir='ltr'>propter</span> <span class='ocrx_word' id='word_1_208' title='bbox 3204 1042 3348 1098; x_wconf 89' lang='lat' dir='ltr'>vitia</span> <span class='ocrx_word' id='word_1_209' title='bbox 3387 1041 3686 1115; x_wconf 88' lang='lat' dir='ltr'>supplicio</span> 
     </span>
    </p>
   </div>
   <div class='ocr_carea' id='block_1_28' title="bbox 2026 1130 3686 1207">
    <p class='ocr_par' dir='ltr' id='par_1_28' title="bbox 2026 1130 3686 1207">
     <span class='ocr_line' id='line_1_28' title="bbox 2026 1130 3686 1207; baseline -0.001 -18"><span class='ocrx_word' id='word_1_210' title='bbox 2026 1133 2363 1201; x_wconf 88' lang='lat' dir='ltr'>destinatis,</span> <span class='ocrx_word' id='word_1_211' title='bbox 2417 1134 2817 1207; x_wconf 88' lang='lat' dir='ltr'>iniquitatem,</span> <span class='ocrx_word' id='word_1_212' title='bbox 2864 1148 3050 1206; x_wconf 89' lang='lat' dir='ltr'>quam</span> <span class='ocrx_word' id='word_1_213' title='bbox 3093 1130 3423 1187; x_wconf 87' lang='lat' dir='ltr'>rectissime</span> <span class='ocrx_word' id='word_1_214' title='bbox 3471 1131 3686 1188; x_wconf 87' lang='lat' dir='ltr'>veritas</span> 
     </span>
    </p>
   </div>
   <div class='ocr_carea' id='block_1_29' title="bbox 2026 1219 3686 1296">
    <p class='ocr_par' dir='ltr' id='par_1_29' title="bbox 2026 1219 3686 1296">
     <span class='ocr_line' id='line_1_29' title="bbox 2026 1219 3686 1296; baseline -0.001 -18"><span class='ocrx_word' id='word_1_215' title='bbox 2026 1223 2348 1296; x_wconf 87' lang='lat' dir='ltr'>improbat,</span> <span class='ocrx_word' id='word_1_216' title='bbox 2381 1223 2672 1278; x_wconf 89' lang='lat' dir='ltr'>damnare</span> <span class='ocrx_word' id='word_1_217' title='bbox 2717 1222 2879 1278; x_wconf 89' lang='lat' dir='ltr'>venit</span> <span class='ocrx_word' id='word_1_218' title='bbox 2922 1222 3069 1293; x_wconf 91' lang='lat' dir='ltr'>ipse,</span> <span class='ocrx_word' id='word_1_219' title='bbox 3102 1236 3226 1276; x_wconf 92' lang='lat' dir='ltr'>non</span> <span class='ocrx_word' id='word_1_220' title='bbox 3276 1219 3488 1276; x_wconf 88' lang='lat' dir='ltr'>facere.</span> <span class='ocrx_word' id='word_1_221' title='bbox 3522 1221 3686 1277; x_wconf 85' lang='lat' dir='ltr'>Sicut</span> 
     </span>
    </p>
   </div>
   <div class='ocr_carea' id='block_1_30' title="bbox 2022 1310 3679 1383">
    <p class='ocr_par' dir='ltr' id='par_1_30' title="bbox 2022 1310 3679 1383">
     <span class='ocr_line' id='line_1_30' title="bbox 2022 1310 3679 1383; baseline -0.001 -16"><span class='ocrx_word' id='word_1_222' title='bbox 2022 1312 2184 1367; x_wconf 90' lang='lat' dir='ltr'>enim</span> <span class='ocrx_word' id='word_1_223' title='bbox 2235 1310 2524 1369; x_wconf 85' lang='lat' dir='ltr'>voluntati</span> <span class='ocrx_word' id='word_1_224' title='bbox 2569 1312 2697 1383; x_wconf 90' lang='lat' dir='ltr'>ejus</span> <span class='ocrx_word' id='word_1_225' title='bbox 2753 1310 3032 1367; x_wconf 88' lang='lat' dir='ltr'>tribuitur</span> <span class='ocrx_word' id='word_1_226' title='bbox 3067 1310 3338 1365; x_wconf 87' lang='lat' dir='ltr'>humana</span> <span class='ocrx_word' id='word_1_227' title='bbox 3383 1313 3679 1379; x_wconf 85' lang='lat' dir='ltr'>creatura,</span> 
     </span>
    </p>
   </div>
   <div class='ocr_carea' id='block_1_31' title="bbox 2022 1396 3682 1471">
    <p class='ocr_par' dir='ltr' id='par_1_31' title="bbox 2022 1396 3682 1471">
     <span class='ocr_line' id='line_1_31' title="bbox 2022 1396 3682 1471; baseline -0.001 -15"><span class='ocrx_word' id='word_1_228' title='bbox 2022 1399 2187 1456; x_wconf 92' lang='lat' dir='ltr'>nullo</span> <span class='ocrx_word' id='word_1_229' title='bbox 2224 1399 2536 1456; x_wconf 88' lang='lat' dir='ltr'>dubitante</span> <span class='ocrx_word' id='word_1_230' title='bbox 2574 1398 2903 1471; x_wconf 89' lang='lat' dir='ltr'>laudanda,</span> <span class='ocrx_word' id='word_1_231' title='bbox 2949 1398 3033 1453; x_wconf 90' lang='lat' dir='ltr'>sic</span> <span class='ocrx_word' id='word_1_232' title='bbox 3082 1396 3348 1454; x_wconf 86' lang='lat' dir='ltr'>hominis</span> <span class='ocrx_word' id='word_1_233' title='bbox 3391 1396 3682 1454; x_wconf 85' lang='lat' dir='ltr'>voluntati</span> 
     </span>
    </p>
   </div>
   <div class='ocr_carea' id='block_1_32' title="bbox 2020 1484 3462 1561">
    <p class='ocr_par' dir='ltr' id='par_1_32' title="bbox 2020 1484 3462 1561">
     <span class='ocr_line' id='line_1_32' title="bbox 2020 1484 3462 1561; baseline -0.006 -13"><span class='ocrx_word' id='word_1_234' title='bbox 2020 1488 2198 1561; x_wconf 89' lang='lat' dir='ltr'>culpa</span> <span class='ocrx_word' id='word_1_235' title='bbox 2230 1487 2526 1556; x_wconf 90' lang='lat' dir='ltr'>tribuitur,</span> <span class='ocrx_word' id='word_1_236' title='bbox 2553 1487 2719 1543; x_wconf 91' lang='lat' dir='ltr'>nullo</span> <span class='ocrx_word' id='word_1_237' title='bbox 2749 1490 3062 1543; x_wconf 87' lang='lat' dir='ltr'>recusante</span> <span class='ocrx_word' id='word_1_238' title='bbox 3090 1484 3462 1542; x_wconf 90' lang='lat' dir='ltr'>damnanda.</span> 
     </span>
    </p>
   </div>
   <div class='ocr_carea' id='block_1_33' title="bbox 253 1573 3683 1651">
    <p class='ocr_par' dir='ltr' id='par_1_33' title="bbox 253 1573 3683 1651">
     <span class='ocr_line' id='line_1_33' title="bbox 253 1573 3683 1651; baseline -0.001 -19"><span class='ocrx_word' id='word_1_239' title='bbox 253 1577 621 1651; x_wconf 87' lang='lat' dir='ltr'>exemplum.</span> <span class='ocrx_word' id='word_1_240' title='bbox 644 1576 972 1633; x_wconf 85' lang='lat' dir='ltr'>Hiciterum</span> <span class='ocrx_word' id='word_1_241' title='bbox 991 1578 1082 1633; x_wconf 90' lang='lat' dir='ltr'>isti</span> <span class='ocrx_word' id='word_1_242' title='bbox 1103 1578 1271 1634; x_wconf 88' lang='lat' dir='ltr'>liberi</span> <span class='ocrx_word' id='word_1_243' title='bbox 1299 1578 1523 1635; x_wconf 89' lang='lat' dir='ltr'>arbitrii</span> <span class='ocrx_word' id='word_1_244' title='bbox 1544 1578 1909 1645; x_wconf 88' lang='lat' dir='ltr'>defensores,</span> <span class='ocrx_word' id='word_1_245' title='bbox 1944 1595 1983 1648; x_wconf 78' lang='grc' dir='ltr'>Β</span> <span class='ocrx_word' id='word_1_246' title='bbox 2093 1578 2238 1632; x_wconf 88' lang='lat' dir='ltr'>Item</span> <span class='ocrx_word' id='word_1_247' title='bbox 2270 1577 2330 1632; x_wconf 91' lang='lat' dir='ltr'>in</span> <span class='ocrx_word' id='word_1_248' title='bbox 2360 1577 2572 1633; x_wconf 89' lang='lat' dir='ltr'>eadem</span> <span class='ocrx_word' id='word_1_249' title='bbox 2599 1594 2612 1633; x_wconf 86' lang='lat'>:</span> <span class='ocrx_word' id='word_1_250' title='bbox 2649 1578 2716 1632; x_wconf 91' lang='lat' dir='ltr'>Ut</span> <span class='ocrx_word' id='word_1_251' title='bbox 2741 1577 2855 1632; x_wconf 91' lang='lat' dir='ltr'>hoc</span> <span class='ocrx_word' id='word_1_252' title='bbox 2878 1591 3019 1645; x_wconf 88' lang='lat' dir='ltr'>ergo</span> <span class='ocrx_word' id='word_1_253' title='bbox 3042 1573 3278 1630; x_wconf 76' lang='lat' dir='ltr'>interim</span> <span class='ocrx_word' id='word_1_254' title='bbox 3305 1574 3599 1639; x_wconf 88' lang='lat' dir='ltr'>omittam,</span> <span class='ocrx_word' id='word_1_255' title='bbox 3624 1575 3683 1628; x_wconf 78' lang='lat' dir='ltr'>et</span> 
     </span>
    </p>
   </div>
   <div class='ocr_carea' id='block_1_34' title="bbox 250 1666 1913 1741">
    <p class='ocr_par' dir='ltr' id='par_1_34' title="bbox 250 1666 1913 1741">
     <span class='ocr_line' id='line_1_34' title="bbox 250 1666 1913 1741; baseline 0.001 -19"><span class='ocrx_word' id='word_1_256' title='bbox 250 1667 381 1722; x_wconf 90' lang='lat' dir='ltr'>imo</span> <span class='ocrx_word' id='word_1_257' title='bbox 423 1667 770 1741; x_wconf 90' lang='lat' dir='ltr'>deceptores</span> <span class='ocrx_word' id='word_1_258' title='bbox 808 1667 950 1739; x_wconf 88' lang='lat' dir='ltr'>quia</span> <span class='ocrx_word' id='word_1_259' title='bbox 980 1666 1303 1741; x_wconf 69' lang='lat' dir='ltr'>inilatores,</span> <span class='ocrx_word' id='word_1_260' title='bbox 1335 1670 1390 1723; x_wconf 88' lang='lat' dir='ltr'>et</span> <span class='ocrx_word' id='word_1_261' title='bbox 1438 1668 1739 1724; x_wconf 89' lang='lat' dir='ltr'>inilatores</span> <span class='ocrx_word' id='word_1_262' title='bbox 1769 1667 1913 1741; x_wconf 89' lang='lat' dir='ltr'>quia</span> 
     </span>
    </p>
   </div>
   <div class='ocr_carea' id='block_1_35' title="bbox 253 1754 1911 1833">
    <p class='ocr_par' dir='ltr' id='par_1_35' title="bbox 253 1754 1911 1833">
     <span class='ocr_line' id='line_1_35' title="bbox 253 1754 1911 1833; baseline 0.001 -24"><span class='ocrx_word' id='word_1_263' title='bbox 253 1756 747 1833; x_wconf 80' lang='lat' dir='ltr'>praesumptores,</span> <span class='ocrx_word' id='word_1_264' title='bbox 774 1770 898 1810; x_wconf 91' lang='lat' dir='ltr'>non</span> <span class='ocrx_word' id='word_1_265' title='bbox 947 1754 1270 1811; x_wconf 87' lang='lat' dir='ltr'>adversum</span> <span class='ocrx_word' id='word_1_266' title='bbox 1320 1772 1450 1823; x_wconf 91' lang='lat' dir='ltr'>nos,</span> <span class='ocrx_word' id='word_1_267' title='bbox 1485 1758 1591 1812; x_wconf 90' lang='lat' dir='ltr'>sed</span> <span class='ocrx_word' id='word_1_268' title='bbox 1621 1757 1911 1813; x_wconf 88' lang='lat' dir='ltr'>adversus</span> 
     </span>
    </p>
   </div>
   <div class='ocr_carea' id='block_1_36' title="bbox 251 1842 1911 1920">
    <p class='ocr_par' dir='ltr' id='par_1_36' title="bbox 251 1842 1911 1920">
     <span class='ocr_line' id='line_1_36' title="bbox 251 1842 1911 1920; baseline 0.001 -22"><span class='ocrx_word' id='word_1_269' title='bbox 251 1842 646 1913; x_wconf 87' lang='lat' dir='ltr'>Evangelium</span> <span class='ocrx_word' id='word_1_270' title='bbox 675 1843 951 1917; x_wconf 87' lang='lat' dir='ltr'>locuturi,</span> <span class='ocrx_word' id='word_1_271' title='bbox 977 1842 1125 1917; x_wconf 86' lang='lat' dir='ltr'>quid</span> <span class='ocrx_word' id='word_1_272' title='bbox 1173 1842 1338 1900; x_wconf 82' lang='lat' dir='ltr'>aliud</span> <span class='ocrx_word' id='word_1_273' title='bbox 1385 1845 1594 1901; x_wconf 91' lang='lat' dir='ltr'>dicunt</span> <span class='ocrx_word' id='word_1_274' title='bbox 1634 1862 1820 1920; x_wconf 90' lang='lat' dir='ltr'>quam</span> <span class='ocrx_word' id='word_1_275' title='bbox 1851 1844 1911 1899; x_wconf 91' lang='lat' dir='ltr'>id</span> 
     </span>
    </p>
   </div>
   <div class='ocr_carea' id='block_1_37' title="bbox 250 1931 1912 2011">
    <p class='ocr_par' dir='ltr' id='par_1_37' title="bbox 250 1931 1912 2011">
     <span class='ocr_line' id='line_1_37' title="bbox 250 1931 1912 2011; baseline 0.002 -25"><span class='ocrx_word' id='word_1_276' title='bbox 250 1931 420 2006; x_wconf 89' lang='lat' dir='ltr'>quod</span> <span class='ocrx_word' id='word_1_277' title='bbox 447 1931 766 2006; x_wconf 78' lang='lat' dir='ltr'>Apostolus</span> <span class='ocrx_word' id='word_1_278' title='bbox 787 1931 921 2002; x_wconf 87' lang='lat' dir='ltr'>sibi,</span> <span class='ocrx_word' id='word_1_279' title='bbox 938 1932 1114 2011; x_wconf 86' lang='lat' dir='ltr'>quasi</span> <span class='ocrx_word' id='word_1_280' title='bbox 1129 1949 1164 1988; x_wconf 86' lang='lat' dir='ltr'>a</span> <span class='ocrx_word' id='word_1_281' title='bbox 1179 1932 1396 1989; x_wconf 90' lang='lat' dir='ltr'>talibus</span> <span class='ocrx_word' id='word_1_282' title='bbox 1419 1934 1730 2001; x_wconf 89' lang='lat' dir='ltr'>diceretur,</span> <span class='ocrx_word' id='word_1_283' title='bbox 1747 1934 1912 2011; x_wconf 84' lang='lat' dir='ltr'>obje-</span> 
     </span>
    </p>
   </div>
   <div class='ocr_carea' id='block_1_38' title="bbox 251 2020 1911 2095">
    <p class='ocr_par' dir='ltr' id='par_1_38' title="bbox 251 2020 1911 2095">
     <span class='ocr_line' id='line_1_38' title="bbox 251 2020 1911 2095; baseline 0.002 -18"><span class='ocrx_word' id='word_1_284' title='bbox 251 2020 368 2077; x_wconf 90' lang='lat' dir='ltr'>cit:</span> <span class='ocrx_word' id='word_1_285' title='bbox 404 2021 565 2076; x_wconf 86' lang='lat' dir='ltr'>Dicis</span> <span class='ocrx_word' id='word_1_286' title='bbox 604 2020 804 2095; x_wconf 78' lang='lat' dir='ltr'>itaque</span> <span class='ocrx_word' id='word_1_287' title='bbox 846 2022 1014 2092; x_wconf 82' lang='lat' dir='ltr'>mihi,</span> <span class='ocrx_word' id='word_1_288' title='bbox 1050 2021 1208 2095; x_wconf 87' lang='lat' dir='ltr'>Quid</span> <span class='ocrx_word' id='word_1_289' title='bbox 1247 2022 1447 2079; x_wconf 87' lang='lat' dir='ltr'>adhuc</span> <span class='ocrx_word' id='word_1_290' title='bbox 1478 2025 1911 2095; x_wconf 80' lang='lat' dir='ltr'>conqueritur?</span> 
     </span>
    </p>
   </div>
   <div class='ocr_carea' id='block_1_39' title="bbox 251 2110 1909 2189">
    <p class='ocr_par' dir='ltr' id='par_1_39' title="bbox 251 2110 1909 2189">
     <span class='ocr_line' id='line_1_39' title="bbox 251 2110 1909 2189; baseline 0.002 -24"><span class='ocrx_word' id='word_1_291' title='bbox 251 2124 396 2167; x_wconf 89' lang='lat' dir='ltr'>nam</span> <span class='ocrx_word' id='word_1_292' title='bbox 446 2110 747 2165; x_wconf 76' lang='lat' dir='ltr'>voluntati</span> <span class='ocrx_word' id='word_1_293' title='bbox 774 2112 901 2180; x_wconf 83' lang='lat' dir='ltr'>ejus</span> <span class='ocrx_word' id='word_1_294' title='bbox 948 2111 1078 2189; x_wconf 78' lang='lat' dir='ltr'>quis</span> <span class='ocrx_word' id='word_1_295' title='bbox 1120 2110 1721 2183; x_wconf 82' lang='lat' dir='ltr'>resistit?(Rom.1x.)</span> <span class='ocrx_word' id='word_1_296' title='bbox 1749 2114 1909 2169; x_wconf 81' lang='lat' dir='ltr'>lianc</span> 
     </span>
    </p>
   </div>
   <div class='ocr_carea' id='block_1_40' title="bbox 252 2197 1908 2277">
    <p class='ocr_par' dir='ltr' id='par_1_40' title="bbox 252 2197 1908 2277">
     <span class='ocr_line' id='line_1_40' title="bbox 252 2197 1908 2277; baseline 0.002 -22"><span class='ocrx_word' id='word_1_297' title='bbox 252 2197 791 2269; x_wconf 88' lang='lat' dir='ltr'>contradictionem</span> <span class='ocrx_word' id='word_1_298' title='bbox 831 2197 1068 2259; x_wconf 87' lang='lat' dir='ltr'>sibimet</span> <span class='ocrx_word' id='word_1_299' title='bbox 1114 2200 1261 2277; x_wconf 84' lang='lat' dir='ltr'>ipse,</span> <span class='ocrx_word' id='word_1_300' title='bbox 1297 2205 1585 2273; x_wconf 86' lang='lat' dir='ltr'>tanquam</span> <span class='ocrx_word' id='word_1_301' title='bbox 1616 2201 1694 2258; x_wconf 89' lang='lat' dir='ltr'>ab</span> <span class='ocrx_word' id='word_1_302' title='bbox 1723 2200 1908 2259; x_wconf 89' lang='lat' dir='ltr'>altero</span> 
     </span>
    </p>
   </div>
   <div class='ocr_carea' id='block_1_41' title="bbox 247 2285 1905 2363">
    <p class='ocr_par' dir='ltr' id='par_1_41' title="bbox 247 2285 1905 2363">
     <span class='ocr_line' id='line_1_41' title="bbox 247 2285 1905 2363; baseline 0.002 -20"><span class='ocrx_word' id='word_1_303' title='bbox 247 2287 550 2362; x_wconf 89' lang='lat' dir='ltr'>opposuit,</span> <span class='ocrx_word' id='word_1_304' title='bbox 571 2285 733 2343; x_wconf 90' lang='lat' dir='ltr'>velut</span> <span class='ocrx_word' id='word_1_305' title='bbox 761 2303 831 2343; x_wconf 83' lang='lat' dir='ltr'>ex</span> <span class='ocrx_word' id='word_1_306' title='bbox 862 2303 1068 2343; x_wconf 88' lang='lat' dir='ltr'>eorum</span> <span class='ocrx_word' id='word_1_307' title='bbox 1102 2305 1248 2344; x_wconf 91' lang='lat' dir='ltr'>voce</span> <span class='ocrx_word' id='word_1_308' title='bbox 1274 2290 1377 2363; x_wconf 91' lang='lat' dir='ltr'>qui</span> <span class='ocrx_word' id='word_1_309' title='bbox 1407 2289 1619 2346; x_wconf 82' lang='lat' dir='ltr'>nolunt</span> <span class='ocrx_word' id='word_1_310' title='bbox 1638 2291 1905 2363; x_wconf 89' lang='lat' dir='ltr'>accipere</span> 
     </span>
    </p>
   </div>
   <div class='ocr_carea' id='block_1_42' title="bbox 245 2376 1903 2451">
    <p class='ocr_par' dir='ltr' id='par_1_42' title="bbox 245 2376 1903 2451">
     <span class='ocr_line' id='line_1_42' title="bbox 245 2376 1903 2451; baseline 0.002 -20"><span class='ocrx_word' id='word_1_311' title='bbox 245 2376 415 2449; x_wconf 89' lang='lat' dir='ltr'>quod</span> <span class='ocrx_word' id='word_1_312' title='bbox 443 2377 720 2451; x_wconf 88' lang='lat' dir='ltr'>superius</span> <span class='ocrx_word' id='word_1_313' title='bbox 740 2377 1004 2433; x_wconf 87' lang='lat' dir='ltr'>dixerat:</span> <span class='ocrx_word' id='word_1_314' title='bbox 1032 2376 1198 2451; x_wconf 85' lang='lat' dir='ltr'>Ergo</span> <span class='ocrx_word' id='word_1_315' title='bbox 1226 2380 1400 2449; x_wconf 81' lang='lat' dir='ltr'>cujus</span> <span class='ocrx_word' id='word_1_316' title='bbox 1424 2380 1552 2434; x_wconf 78' lang='lat' dir='ltr'>vult</span> <span class='ocrx_word' id='word_1_317' title='bbox 1568 2379 1903 2449; x_wconf 82' lang='lat' dir='ltr'>miseretur,</span> 
     </span>
    </p>
   </div>
   <div class='ocr_carea' id='block_1_43' title="bbox 244 2465 1903 2541">
    <p class='ocr_par' dir='ltr' id='par_1_43' title="bbox 244 2465 1903 2541">
     <span class='ocr_line' id='line_1_43' title="bbox 244 2465 1903 2541; baseline 0.002 -20"><span class='ocrx_word' id='word_1_318' title='bbox 244 2472 303 2521; x_wconf 90' lang='lat' dir='ltr'>et</span> <span class='ocrx_word' id='word_1_319' title='bbox 331 2481 504 2538; x_wconf 87' lang='lat' dir='ltr'>quem</span> <span class='ocrx_word' id='word_1_320' title='bbox 546 2466 678 2522; x_wconf 86' lang='lat' dir='ltr'>vult</span> <span class='ocrx_word' id='word_1_321' title='bbox 723 2465 982 2522; x_wconf 85' lang='lat' dir='ltr'>obdurat</span> <span class='ocrx_word' id='word_1_322' title='bbox 1013 2465 1249 2538; x_wconf 87' lang='lat' dir='ltr'>(Ibid).).</span> <span class='ocrx_word' id='word_1_323' title='bbox 1282 2466 1522 2523; x_wconf 86' lang='lat' dir='ltr'>Talibus</span> <span class='ocrx_word' id='word_1_324' title='bbox 1561 2468 1764 2541; x_wconf 86' lang='lat' dir='ltr'>itaque</span> <span class='ocrx_word' id='word_1_325' title='bbox 1812 2467 1903 2523; x_wconf 90' lang='lat' dir='ltr'>di-</span> 
     </span>
    </p>
   </div>
   <div class='ocr_carea' id='block_1_44' title="bbox 242 2554 1903 2633">
    <p class='ocr_par' dir='ltr' id='par_1_44' title="bbox 242 2554 1903 2633">
     <span class='ocr_line' id='line_1_44' title="bbox 242 2554 1903 2633; baseline 0.001 -23"><span class='ocrx_word' id='word_1_326' title='bbox 242 2569 460 2610; x_wconf 87' lang='lat' dir='ltr'>camus</span> <span class='ocrx_word' id='word_1_327' title='bbox 487 2570 626 2608; x_wconf 91' lang='lat' dir='ltr'>cum</span> <span class='ocrx_word' id='word_1_328' title='bbox 649 2554 950 2633; x_wconf 83' lang='lat' dir='ltr'>Apostolo,</span> <span class='ocrx_word' id='word_1_329' title='bbox 983 2570 1106 2610; x_wconf 93' lang='lat' dir='ltr'>non</span> <span class='ocrx_word' id='word_1_330' title='bbox 1136 2554 1296 2610; x_wconf 92' lang='lat' dir='ltr'>enim</span> <span class='ocrx_word' id='word_1_331' title='bbox 1326 2554 1538 2611; x_wconf 91' lang='lat' dir='ltr'>melius</span> <span class='ocrx_word' id='word_1_332' title='bbox 1557 2555 1658 2612; x_wconf 92' lang='lat' dir='ltr'>illo</span> <span class='ocrx_word' id='word_1_333' title='bbox 1678 2557 1903 2613; x_wconf 88' lang='lat' dir='ltr'>inveni-</span> 
     </span>
    </p>
   </div>
   <div class='ocr_carea' id='block_1_45' title="bbox 241 2641 1901 2718">
    <p class='ocr_par' dir='ltr' id='par_1_45' title="bbox 241 2641 1901 2718">
     <span class='ocr_line' id='line_1_45' title="bbox 241 2641 1901 2718; baseline 0.002 -19"><span class='ocrx_word' id='word_1_334' title='bbox 241 2660 307 2699; x_wconf 90' lang='lat' dir='ltr'>re</span> <span class='ocrx_word' id='word_1_335' title='bbox 336 2659 664 2717; x_wconf 88' lang='lat' dir='ltr'>possumus</span> <span class='ocrx_word' id='word_1_336' title='bbox 715 2641 863 2716; x_wconf 91' lang='lat' dir='ltr'>quid</span> <span class='ocrx_word' id='word_1_337' title='bbox 911 2642 1223 2700; x_wconf 88' lang='lat' dir='ltr'>dicamus:</span> <span class='ocrx_word' id='word_1_338' title='bbox 1274 2645 1323 2700; x_wconf 90' lang='grc' dir='ltr'><em>Ο</em></span> <span class='ocrx_word' id='word_1_339' title='bbox 1347 2644 1539 2714; x_wconf 81' lang='lat' dir='ltr'>homo,</span> <span class='ocrx_word' id='word_1_340' title='bbox 1574 2651 1640 2701; x_wconf 87' lang='lat' dir='ltr'>tu</span> <span class='ocrx_word' id='word_1_341' title='bbox 1682 2646 1813 2718; x_wconf 85' lang='lat' dir='ltr'>quis</span> <span class='ocrx_word' id='word_1_342' title='bbox 1844 2662 1901 2703; x_wconf 85' lang='lat' dir='ltr'>es</span> 
     </span>
    </p>
   </div>
   <div class='ocr_carea' id='block_1_46' title="bbox 242 2731 1900 2808">
    <p class='ocr_par' dir='ltr' id='par_1_46' title="bbox 242 2731 1900 2808">
     <span class='ocr_line' id='line_1_46' title="bbox 242 2731 1900 2808; baseline 0.002 -21"><span class='ocrx_word' id='word_1_343' title='bbox 242 2733 351 2804; x_wconf 79' lang='lat' dir='ltr'>qui</span> <span class='ocrx_word' id='word_1_344' title='bbox 378 2731 735 2801; x_wconf 79' lang='lat' dir='ltr'>respondeas</span> <span class='ocrx_word' id='word_1_345' title='bbox 776 2732 899 2790; x_wconf 88' lang='lat' dir='ltr'>Deo</span> <span class='ocrx_word' id='word_1_346' title='bbox 920 2735 948 2789; x_wconf 81' lang='lat'><strong><em>?</em></strong></span> <span class='ocrx_word' id='word_1_347' title='bbox 984 2732 1180 2805; x_wconf 86' lang='lat' dir='ltr'>(Ibid.)</span> <span class='ocrx_word' id='word_1_348' title='bbox 1203 2741 1230 2769; x_wconf 69' lang='grc' dir='ltr'>ι</span> <span class='ocrx_word' id='word_1_349' title='bbox 1274 2733 1607 2800; x_wconf 68' lang='grc' dir='ltr'>Οιιωῐυὶωιιε</span> <span class='ocrx_word' id='word_1_350' title='bbox 1635 2750 1900 2808; x_wconf 86' lang='lat' dir='ltr'>namque</span> 
     </span>
    </p>
   </div>
   <div class='ocr_carea' id='block_1_47' title="bbox 242 2812 1901 2895">
    <p class='ocr_par' dir='ltr' id='par_1_47' title="bbox 242 2812 1901 2895">
     <span class='ocr_line' id='line_1_47' title="bbox 242 2812 1901 2895; baseline 0.001 -17"><span class='ocrx_word' id='word_1_351' title='bbox 242 2821 523 2878; x_wconf 88' lang='lat' dir='ltr'>meritum</span> <span class='ocrx_word' id='word_1_352' title='bbox 555 2818 986 2895; x_wconf 80' lang='lat' dir='ltr'>obdurationis,</span> <span class='ocrx_word' id='word_1_353' title='bbox 1016 2827 1073 2879; x_wconf 89' lang='lat' dir='ltr'>et</span> <span class='ocrx_word' id='word_1_354' title='bbox 1117 2812 1473 2878; x_wconf 84' lang='lat' dir='ltr'>invenimus.</span> <span class='ocrx_word' id='word_1_355' title='bbox 1506 2824 1703 2881; x_wconf 81' lang='lat' dir='ltr'>Merito</span> <span class='ocrx_word' id='word_1_356' title='bbox 1733 2840 1901 2880; x_wconf 89' lang='lat' dir='ltr'>nam-</span> 
     </span>
    </p>
   </div>
   <div class='ocr_carea' id='block_1_48' title="bbox 241 2908 1968 3002">
    <p class='ocr_par' dir='ltr' id='par_1_48' title="bbox 241 2908 1968 3002">
     <span class='ocr_line' id='line_1_48' title="bbox 241 2908 1968 3002; baseline 0.002 -36"><span class='ocrx_word' id='word_1_357' title='bbox 241 2927 361 2984; x_wconf 89' lang='lat' dir='ltr'>que</span> <span class='ocrx_word' id='word_1_358' title='bbox 385 2908 608 2982; x_wconf 87' lang='lat' dir='ltr'>peccati</span> <span class='ocrx_word' id='word_1_359' title='bbox 636 2909 912 2966; x_wconf 86' lang='lat' dir='ltr'>universa</span> <span class='ocrx_word' id='word_1_360' title='bbox 929 2920 1130 2967; x_wconf 83' lang='lat' dir='ltr'>massa</span> <span class='ocrx_word' id='word_1_361' title='bbox 1146 2910 1435 2968; x_wconf 81' lang='lat' dir='ltr'>damnata</span> <span class='ocrx_word' id='word_1_362' title='bbox 1456 2916 1566 2978; x_wconf 89' lang='lat' dir='ltr'>est,</span> <span class='ocrx_word' id='word_1_363' title='bbox 1580 2928 1690 2969; x_wconf 90' lang='lat' dir='ltr'>nec</span> <span class='ocrx_word' id='word_1_364' title='bbox 1711 2912 1898 2971; x_wconf 90' lang='lat' dir='ltr'>obdu-</span> <span class='ocrx_word' id='word_1_365' title='bbox 1928 2946 1968 3002; x_wconf 64' lang='grc' dir='ltr'><strong>ρ</strong></span> 
     </span>
    </p>
   </div>
   <div class='ocr_carea' id='block_1_49' title="bbox 242 2997 1898 3075">
    <p class='ocr_par' dir='ltr' id='par_1_49' title="bbox 242 2997 1898 3075">
     <span class='ocr_line' id='line_1_49' title="bbox 242 2997 1898 3075; baseline 0.002 -20"><span class='ocrx_word' id='word_1_366' title='bbox 242 3002 337 3056; x_wconf 84' lang='lat' dir='ltr'>rat</span> <span class='ocrx_word' id='word_1_367' title='bbox 371 3000 527 3055; x_wconf 88' lang='lat' dir='ltr'>Deus</span> <span class='ocrx_word' id='word_1_368' title='bbox 569 2997 965 3072; x_wconf 91' lang='lat' dir='ltr'>impertiendo</span> <span class='ocrx_word' id='word_1_369' title='bbox 1010 3000 1322 3071; x_wconf 86' lang='lat' dir='ltr'>malitiam,</span> <span class='ocrx_word' id='word_1_370' title='bbox 1357 3000 1463 3057; x_wconf 90' lang='lat' dir='ltr'>sed</span> <span class='ocrx_word' id='word_1_371' title='bbox 1505 3018 1626 3057; x_wconf 91' lang='lat' dir='ltr'>non</span> <span class='ocrx_word' id='word_1_372' title='bbox 1676 3002 1898 3075; x_wconf 88' lang='lat' dir='ltr'>imper-</span> 
     </span>
    </p>
   </div>
   <div class='ocr_carea' id='block_1_50' title="bbox 240 3084 1898 3163">
    <p class='ocr_par' dir='ltr' id='par_1_50' title="bbox 240 3084 1898 3163">
     <span class='ocr_line' id='line_1_50' title="bbox 240 3084 1898 3163; baseline 0.002 -19"><span class='ocrx_word' id='word_1_373' title='bbox 240 3084 446 3144; x_wconf 80' lang='lat' dir='ltr'>tiendo</span> <span class='ocrx_word' id='word_1_374' title='bbox 476 3086 972 3144; x_wconf 88' lang='lat' dir='ltr'>misericordiam.</span> <span class='ocrx_word' id='word_1_375' title='bbox 1006 3088 1236 3154; x_wconf 88' lang='lat' dir='ltr'>Quibus</span> <span class='ocrx_word' id='word_1_376' title='bbox 1276 3089 1435 3145; x_wconf 90' lang='lat' dir='ltr'>enim</span> <span class='ocrx_word' id='word_1_377' title='bbox 1480 3105 1604 3145; x_wconf 92' lang='lat' dir='ltr'>non</span> <span class='ocrx_word' id='word_1_378' title='bbox 1632 3090 1898 3163; x_wconf 88' lang='lat' dir='ltr'>imperti-</span> 
     </span>
    </p>
   </div>
   <div class='ocr_carea' id='block_1_51' title="bbox 240 3176 1895 3250">
    <p class='ocr_par' dir='ltr' id='par_1_51' title="bbox 240 3176 1895 3250">
     <span class='ocr_line' id='line_1_51' title="bbox 240 3176 1895 3250; baseline 0.002 -18"><span class='ocrx_word' id='word_1_379' title='bbox 240 3181 362 3245; x_wconf 85' lang='lat' dir='ltr'>tur,</span> <span class='ocrx_word' id='word_1_380' title='bbox 390 3192 500 3232; x_wconf 90' lang='lat' dir='ltr'>nec</span> <span class='ocrx_word' id='word_1_381' title='bbox 529 3176 692 3246; x_wconf 81' lang='lat' dir='ltr'>digni</span> <span class='ocrx_word' id='word_1_382' title='bbox 720 3182 857 3232; x_wconf 90' lang='lat' dir='ltr'>sunt</span> <span class='ocrx_word' id='word_1_383' title='bbox 884 3192 992 3233; x_wconf 93' lang='lat' dir='ltr'>nec</span> <span class='ocrx_word' id='word_1_384' title='bbox 1007 3182 1313 3233; x_wconf 91' lang='lat' dir='ltr'>merentur</span> <span class='ocrx_word' id='word_1_385' title='bbox 1337 3196 1349 3246; x_wconf 90' lang='lat'><strong>;</strong></span> <span class='ocrx_word' id='word_1_386' title='bbox 1374 3182 1433 3233; x_wconf 92' lang='lat' dir='ltr'>et</span> <span class='ocrx_word' id='word_1_387' title='bbox 1458 3178 1658 3250; x_wconf 83' lang='lat' dir='ltr'>potius</span> <span class='ocrx_word' id='word_1_388' title='bbox 1688 3184 1749 3234; x_wconf 88' lang='lat' dir='ltr'>ut</span> <span class='ocrx_word' id='word_1_389' title='bbox 1772 3197 1895 3237; x_wconf 93' lang='lat' dir='ltr'>non</span> 
     </span>
    </p>
   </div>
   <div class='ocr_carea' id='block_1_52' title="bbox 243 3264 1896 3337">
    <p class='ocr_par' dir='ltr' id='par_1_52' title="bbox 243 3264 1896 3337">
     <span class='ocr_line' id='line_1_52' title="bbox 243 3264 1896 3337; baseline 0.003 -17"><span class='ocrx_word' id='word_1_390' title='bbox 243 3264 633 3334; x_wconf 85' lang='lat' dir='ltr'>impertiatur,</span> <span class='ocrx_word' id='word_1_391' title='bbox 662 3271 772 3321; x_wconf 87' lang='lat' dir='ltr'>hoc</span> <span class='ocrx_word' id='word_1_392' title='bbox 799 3264 965 3335; x_wconf 88' lang='lat' dir='ltr'>digni</span> <span class='ocrx_word' id='word_1_393' title='bbox 998 3269 1154 3337; x_wconf 86' lang='lat' dir='ltr'>sunt,</span> <span class='ocrx_word' id='word_1_394' title='bbox 1186 3267 1302 3322; x_wconf 93' lang='lat' dir='ltr'>hoc</span> <span class='ocrx_word' id='word_1_395' title='bbox 1327 3271 1647 3323; x_wconf 88' lang='lat' dir='ltr'>merentur.</span> <span class='ocrx_word' id='word_1_396' title='bbox 1680 3267 1896 3329; x_wconf 77' lang='lat' dir='ltr'>Quaeri-</span> 
     </span>
    </p>
   </div>
   <div class='ocr_carea' id='block_1_53' title="bbox 243 3354 1890 3427">
    <p class='ocr_par' dir='ltr' id='par_1_53' title="bbox 243 3354 1890 3427">
     <span class='ocr_line' id='line_1_53' title="bbox 243 3354 1890 3427; baseline 0.004 -20"><span class='ocrx_word' id='word_1_397' title='bbox 243 3368 388 3407; x_wconf 89' lang='lat' dir='ltr'>mus</span> <span class='ocrx_word' id='word_1_398' title='bbox 416 3357 611 3408; x_wconf 89' lang='lat' dir='ltr'>autem</span> <span class='ocrx_word' id='word_1_399' title='bbox 635 3355 911 3410; x_wconf 89' lang='lat' dir='ltr'>meritum</span> <span class='ocrx_word' id='word_1_400' title='bbox 930 3354 1372 3421; x_wconf 63' lang='lat' dir='ltr'>misericordiae,</span> <span class='ocrx_word' id='word_1_401' title='bbox 1391 3371 1501 3411; x_wconf 92' lang='lat' dir='ltr'>nec</span> <span class='ocrx_word' id='word_1_402' title='bbox 1529 3355 1890 3427; x_wconf 90' lang='lat' dir='ltr'>invenimus,</span> 
     </span>
    </p>
   </div>
   <div class='ocr_carea' id='block_1_54' title="bbox 236 3440 1892 3516">
    <p class='ocr_par' dir='ltr' id='par_1_54' title="bbox 236 3440 1892 3516">
     <span class='ocr_line' id='line_1_54' title="bbox 236 3440 1892 3516; baseline 0.004 -21"><span class='ocrx_word' id='word_1_403' title='bbox 236 3440 388 3514; x_wconf 86' lang='lat' dir='ltr'>quia</span> <span class='ocrx_word' id='word_1_404' title='bbox 411 3440 640 3497; x_wconf 91' lang='lat' dir='ltr'>nullum</span> <span class='ocrx_word' id='word_1_405' title='bbox 669 3447 777 3512; x_wconf 89' lang='lat' dir='ltr'>est,</span> <span class='ocrx_word' id='word_1_406' title='bbox 803 3459 877 3498; x_wconf 90' lang='lat' dir='ltr'>ne</span> <span class='ocrx_word' id='word_1_407' title='bbox 904 3444 1095 3513; x_wconf 87' lang='lat' dir='ltr'>gratia</span> <span class='ocrx_word' id='word_1_408' title='bbox 1123 3448 1464 3509; x_wconf 87' lang='lat' dir='ltr'>evacuetur,</span> <span class='ocrx_word' id='word_1_409' title='bbox 1485 3445 1530 3500; x_wconf 92' lang='lat' dir='ltr'>si</span> <span class='ocrx_word' id='word_1_410' title='bbox 1554 3461 1675 3502; x_wconf 92' lang='lat' dir='ltr'>non</span> <span class='ocrx_word' id='word_1_411' title='bbox 1707 3447 1892 3516; x_wconf 79' lang='lat' dir='ltr'>gratis</span> 
     </span>
    </p>
   </div>
   <div class='ocr_carea' id='block_1_55' title="bbox 232 3528 1264 3597">
    <p class='ocr_par' dir='ltr' id='par_1_55' title="bbox 232 3528 1264 3597">
     <span class='ocr_line' id='line_1_55' title="bbox 232 3528 1264 3597; baseline 0.002 -11"><span class='ocrx_word' id='word_1_412' title='bbox 232 3528 518 3597; x_wconf 88' lang='lat' dir='ltr'>donatur,</span> <span class='ocrx_word' id='word_1_413' title='bbox 546 3529 649 3586; x_wconf 88' lang='lat' dir='ltr'>sed</span> <span class='ocrx_word' id='word_1_414' title='bbox 671 3532 893 3588; x_wconf 84' lang='lat' dir='ltr'>meritis</span> <span class='ocrx_word' id='word_1_415' title='bbox 923 3532 1191 3588; x_wconf 84' lang='lat' dir='ltr'>redditur</span> <span class='ocrx_word' id='word_1_416' title='bbox 1218 3533 1264 3587; x_wconf 75' lang='grc' dir='ltr'>ι).</span> 
     </span>
    </p>
   </div>
   <div class='ocr_carea' id='block_1_56' title="bbox 307 3618 1888 3698">
    <p class='ocr_par' dir='ltr' id='par_1_56' title="bbox 307 3618 1888 3698">
     <span class='ocr_line' id='line_1_56' title="bbox 307 3618 1888 3698; baseline 0.006 -26"><span class='ocrx_word' id='word_1_417' title='bbox 307 3621 453 3673; x_wconf 87' lang='lat' dir='ltr'>Item</span> <span class='ocrx_word' id='word_1_418' title='bbox 473 3618 534 3673; x_wconf 91' lang='lat' dir='ltr'>in</span> <span class='ocrx_word' id='word_1_419' title='bbox 565 3619 779 3675; x_wconf 88' lang='lat' dir='ltr'>eadem</span> <span class='ocrx_word' id='word_1_420' title='bbox 807 3624 825 3650; x_wconf 72' lang='grc'>⁸</span> <span class='ocrx_word' id='word_1_421' title='bbox 850 3636 862 3676; x_wconf 88' lang='lat'><strong>:</strong></span> <span class='ocrx_word' id='word_1_422' title='bbox 899 3621 1011 3678; x_wconf 91' lang='lat' dir='ltr'>Sed</span> <span class='ocrx_word' id='word_1_423' title='bbox 1044 3621 1092 3677; x_wconf 89' lang='lat' dir='ltr'>si</span> <span class='ocrx_word' id='word_1_424' title='bbox 1120 3637 1263 3681; x_wconf 89' lang='lat' dir='ltr'>vasa</span> <span class='ocrx_word' id='word_1_425' title='bbox 1293 3627 1434 3678; x_wconf 91' lang='lat' dir='ltr'>sunt</span> <span class='ocrx_word' id='word_1_426' title='bbox 1460 3621 1559 3678; x_wconf 82' lang='lat' dir='ltr'>irae</span> <span class='ocrx_word' id='word_1_427' title='bbox 1588 3639 1724 3697; x_wconf 62' lang='lat' dir='ltr'>quae</span> <span class='ocrx_word' id='word_1_428' title='bbox 1754 3640 1888 3698; x_wconf 90' lang='lat' dir='ltr'>per-</span> 
     </span>
    </p>
   </div>
   <div class='ocr_carea' id='block_1_57' title="bbox 232 3706 1891 3783">
    <p class='ocr_par' dir='ltr' id='par_1_57' title="bbox 232 3706 1891 3783">
     <span class='ocr_line' id='line_1_57' title="bbox 232 3706 1891 3783; baseline 0.005 -21"><span class='ocrx_word' id='word_1_429' title='bbox 232 3706 388 3763; x_wconf 88' lang='lat' dir='ltr'>fecta</span> <span class='ocrx_word' id='word_1_430' title='bbox 417 3712 554 3763; x_wconf 90' lang='lat' dir='ltr'>sunt</span> <span class='ocrx_word' id='word_1_431' title='bbox 598 3707 678 3763; x_wconf 92' lang='lat' dir='ltr'>ad</span> <span class='ocrx_word' id='word_1_432' title='bbox 707 3708 1103 3781; x_wconf 89' lang='lat' dir='ltr'>perditionem</span> <span class='ocrx_word' id='word_1_433' title='bbox 1148 3726 1285 3783; x_wconf 80' lang='lat' dir='ltr'>quae</span> <span class='ocrx_word' id='word_1_434' title='bbox 1326 3709 1436 3766; x_wconf 93' lang='lat' dir='ltr'>illis</span> <span class='ocrx_word' id='word_1_435' title='bbox 1467 3711 1670 3768; x_wconf 90' lang='lat' dir='ltr'>debita</span> <span class='ocrx_word' id='word_1_436' title='bbox 1699 3713 1891 3770; x_wconf 91' lang='lat' dir='ltr'>reddi-</span> 
     </span>
    </p>
   </div>
   <div class='ocr_carea' id='block_1_58' title="bbox 235 3795 1890 3870">
    <p class='ocr_par' dir='ltr' id='par_1_58' title="bbox 235 3795 1890 3870">
     <span class='ocr_line' id='line_1_58' title="bbox 235 3795 1890 3870; baseline 0.005 -19"><span class='ocrx_word' id='word_1_437' title='bbox 235 3801 350 3863; x_wconf 89' lang='lat' dir='ltr'>tur,</span> <span class='ocrx_word' id='word_1_438' title='bbox 384 3795 497 3851; x_wconf 86' lang='lat' dir='ltr'>sibi</span> <span class='ocrx_word' id='word_1_439' title='bbox 541 3797 654 3853; x_wconf 92' lang='lat' dir='ltr'>hoc</span> <span class='ocrx_word' id='word_1_440' title='bbox 700 3796 1011 3870; x_wconf 89' lang='lat' dir='ltr'>imputent,</span> <span class='ocrx_word' id='word_1_441' title='bbox 1046 3799 1189 3870; x_wconf 87' lang='lat' dir='ltr'>quia</span> <span class='ocrx_word' id='word_1_442' title='bbox 1235 3815 1308 3855; x_wconf 82' lang='lat' dir='ltr'>ex</span> <span class='ocrx_word' id='word_1_443' title='bbox 1363 3814 1434 3855; x_wconf 90' lang='lat' dir='ltr'>ea</span> <span class='ocrx_word' id='word_1_444' title='bbox 1479 3816 1685 3856; x_wconf 88' lang='lat' dir='ltr'>massa</span> <span class='ocrx_word' id='word_1_445' title='bbox 1736 3802 1890 3859; x_wconf 90' lang='lat' dir='ltr'>facta</span> 
     </span>
    </p>
   </div>
   <div class='ocr_carea' id='block_1_59' title="bbox 235 3886 1888 3960">
    <p class='ocr_par' dir='ltr' id='par_1_59' title="bbox 235 3886 1888 3960">
     <span class='ocr_line' id='line_1_59' title="bbox 235 3886 1888 3960; baseline 0.005 -21"><span class='ocrx_word' id='word_1_446' title='bbox 235 3889 375 3939; x_wconf 87' lang='lat' dir='ltr'>sunt</span> <span class='ocrx_word' id='word_1_447' title='bbox 394 3901 582 3957; x_wconf 90' lang='lat' dir='ltr'>quam</span> <span class='ocrx_word' id='word_1_448' title='bbox 607 3892 851 3958; x_wconf 89' lang='lat' dir='ltr'>propter</span> <span class='ocrx_word' id='word_1_449' title='bbox 878 3886 1055 3942; x_wconf 89' lang='lat' dir='ltr'>unius</span> <span class='ocrx_word' id='word_1_450' title='bbox 1083 3892 1422 3959; x_wconf 77' lang='lat' dir='ltr'>peccatum,</span> <span class='ocrx_word' id='word_1_451' title='bbox 1450 3887 1511 3942; x_wconf 92' lang='lat' dir='ltr'>in</span> <span class='ocrx_word' id='word_1_452' title='bbox 1533 3904 1655 3960; x_wconf 90' lang='lat' dir='ltr'>quo</span> <span class='ocrx_word' id='word_1_453' title='bbox 1676 3905 1888 3947; x_wconf 88' lang='lat' dir='ltr'>omnes</span> 
     </span>
    </p>
   </div>
   <div class='ocr_carea' id='block_1_60' title="bbox 230 3974 1886 4048">
    <p class='ocr_par' dir='ltr' id='par_1_60' title="bbox 230 3974 1886 4048">
     <span class='ocr_line' id='line_1_60' title="bbox 230 3974 1886 4048; baseline 0.004 -20"><span class='ocrx_word' id='word_1_454' title='bbox 230 3978 653 4045; x_wconf 88' lang='lat' dir='ltr'>peccaverunt,</span> <span class='ocrx_word' id='word_1_455' title='bbox 685 3974 895 4030; x_wconf 89' lang='lat' dir='ltr'>merito</span> <span class='ocrx_word' id='word_1_456' title='bbox 938 3976 1092 4030; x_wconf 91' lang='lat' dir='ltr'>Deus</span> <span class='ocrx_word' id='word_1_457' title='bbox 1138 3977 1416 4048; x_wconf 87' lang='lat' dir='ltr'>justeque</span> <span class='ocrx_word' id='word_1_458' title='bbox 1465 3975 1798 4033; x_wconf 86' lang='lat' dir='ltr'>damnavit.</span> <span class='ocrx_word' id='word_1_459' title='bbox 1830 3981 1886 4034; x_wconf 91' lang='lat' dir='ltr'>Si</span> 
     </span>
    </p>
   </div>
   <div class='ocr_carea' id='block_1_61' title="bbox 229 4063 1886 4136">
    <p class='ocr_par' dir='ltr' id='par_1_61' title="bbox 229 4063 1886 4136">
     <span class='ocr_line' id='line_1_61' title="bbox 229 4063 1886 4136; baseline 0.004 -20"><span class='ocrx_word' id='word_1_460' title='bbox 229 4066 437 4117; x_wconf 88' lang='lat' dir='ltr'>autem</span> <span class='ocrx_word' id='word_1_461' title='bbox 466 4078 615 4118; x_wconf 89' lang='lat' dir='ltr'>vasa</span> <span class='ocrx_word' id='word_1_462' title='bbox 657 4075 793 4118; x_wconf 88' lang='lat' dir='ltr'>sunt</span> <span class='ocrx_word' id='word_1_463' title='bbox 831 4063 1273 4131; x_wconf 70' lang='lat' dir='ltr'>misericordite,</span> <span class='ocrx_word' id='word_1_464' title='bbox 1302 4064 1527 4136; x_wconf 83' lang='lat' dir='ltr'>quibus</span> <span class='ocrx_word' id='word_1_465' title='bbox 1572 4081 1644 4120; x_wconf 84' lang='lat' dir='ltr'>ex</span> <span class='ocrx_word' id='word_1_466' title='bbox 1673 4066 1886 4123; x_wconf 84' lang='lat' dir='ltr'>eadem</span> 
     </span>
    </p>
   </div>
   <div class='ocr_carea' id='block_1_62' title="bbox 229 4152 1882 4226">
    <p class='ocr_par' dir='ltr' id='par_1_62' title="bbox 229 4152 1882 4226">
     <span class='ocr_line' id='line_1_62' title="bbox 229 4152 1882 4226; baseline 0.004 -20"><span class='ocrx_word' id='word_1_467' title='bbox 229 4166 436 4207; x_wconf 89' lang='lat' dir='ltr'>massa</span> <span class='ocrx_word' id='word_1_468' title='bbox 468 4152 635 4207; x_wconf 86' lang='lat' dir='ltr'>factis</span> <span class='ocrx_word' id='word_1_469' title='bbox 666 4153 1026 4226; x_wconf 90' lang='lat' dir='ltr'>supplicium</span> <span class='ocrx_word' id='word_1_470' title='bbox 1074 4153 1343 4210; x_wconf 89' lang='lat' dir='ltr'>debitum</span> <span class='ocrx_word' id='word_1_471' title='bbox 1395 4152 1643 4209; x_wconf 89' lang='lat' dir='ltr'>reddere</span> <span class='ocrx_word' id='word_1_472' title='bbox 1674 4154 1882 4226; x_wconf 90' lang='lat' dir='ltr'>noluit,</span> 
     </span>
    </p>
   </div>
   <div class='ocr_carea' id='block_1_63' title="bbox 225 4240 1883 4323">
    <p class='ocr_par' dir='ltr' id='par_1_63' title="bbox 225 4240 1883 4323">
     <span class='ocr_line' id='line_1_63' title="bbox 225 4240 1883 4323; baseline 0.003 -26"><span class='ocrx_word' id='word_1_473' title='bbox 225 4256 356 4297; x_wconf 89' lang='lat' dir='ltr'>non</span> <span class='ocrx_word' id='word_1_474' title='bbox 384 4256 447 4298; x_wconf 90' lang='lat' dir='ltr'>se</span> <span class='ocrx_word' id='word_1_475' title='bbox 476 4241 703 4308; x_wconf 89' lang='lat' dir='ltr'>inﬂent,</span> <span class='ocrx_word' id='word_1_476' title='bbox 735 4242 839 4298; x_wconf 92' lang='lat' dir='ltr'>sed</span> <span class='ocrx_word' id='word_1_477' title='bbox 866 4243 1066 4323; x_wconf 89' lang='lat' dir='ltr'>ipsum</span> <span class='ocrx_word' id='word_1_478' title='bbox 1097 4240 1426 4313; x_wconf 87' lang='lat' dir='ltr'>gloriﬁcent</span> <span class='ocrx_word' id='word_1_479' title='bbox 1453 4244 1555 4317; x_wconf 89' lang='lat' dir='ltr'>qui</span> <span class='ocrx_word' id='word_1_480' title='bbox 1595 4245 1678 4301; x_wconf 87' lang='lat' dir='ltr'>eis</span> <span class='ocrx_word' id='word_1_481' title='bbox 1708 4246 1883 4302; x_wconf 90' lang='lat' dir='ltr'>mise-</span> 
     </span>
    </p>
   </div>
   <div class='ocr_carea' id='block_1_64' title="bbox 224 4329 1280 4405">
    <p class='ocr_par' dir='ltr' id='par_1_64' title="bbox 224 4329 1280 4405">
     <span class='ocr_line' id='line_1_64' title="bbox 224 4329 1280 4405; baseline 0.001 -20"><span class='ocrx_word' id='word_1_482' title='bbox 224 4329 554 4386; x_wconf 88' lang='lat' dir='ltr'>ricordiam</span> <span class='ocrx_word' id='word_1_483' title='bbox 579 4344 699 4386; x_wconf 91' lang='lat' dir='ltr'>non</span> <span class='ocrx_word' id='word_1_484' title='bbox 730 4331 995 4388; x_wconf 88' lang='lat' dir='ltr'>debitam</span> <span class='ocrx_word' id='word_1_485' title='bbox 1020 4335 1280 4405; x_wconf 78' lang='lat' dir='ltr'>praestat.</span> 
     </span>
    </p>
   </div>
   <div class='ocr_carea' id='block_1_65' title="bbox 302 4418 1884 4493">
    <p class='ocr_par' dir='ltr' id='par_1_65' title="bbox 302 4418 1884 4493">
     <span class='ocr_line' id='line_1_65' title="bbox 302 4418 1884 4493; baseline 0.003 -20"><span class='ocrx_word' id='word_1_486' title='bbox 302 4418 448 4474; x_wconf 90' lang='lat' dir='ltr'>Item</span> <span class='ocrx_word' id='word_1_487' title='bbox 472 4419 534 4474; x_wconf 87' lang='lat' dir='ltr'>in</span> <span class='ocrx_word' id='word_1_488' title='bbox 566 4420 815 4475; x_wconf 90' lang='lat' dir='ltr'>eadem:</span> <span class='ocrx_word' id='word_1_489' title='bbox 850 4421 992 4486; x_wconf 66' lang='lat' dir='ltr'>Quae</span> <span class='ocrx_word' id='word_1_490' title='bbox 1037 4419 1085 4475; x_wconf 91' lang='lat' dir='ltr'>si</span> <span class='ocrx_word' id='word_1_491' title='bbox 1104 4420 1266 4487; x_wconf 91' lang='lat' dir='ltr'>justa</span> <span class='ocrx_word' id='word_1_492' title='bbox 1291 4425 1379 4477; x_wconf 91' lang='lat' dir='ltr'>est</span> <span class='ocrx_word' id='word_1_493' title='bbox 1406 4422 1728 4493; x_wconf 87' lang='lat' dir='ltr'>excusatio,</span> <span class='ocrx_word' id='word_1_494' title='bbox 1761 4438 1884 4479; x_wconf 92' lang='lat' dir='ltr'>non</span> 
     </span>
    </p>
   </div>
   <div class='ocr_carea' id='block_1_66' title="bbox 219 4508 1880 4584">
    <p class='ocr_par' dir='ltr' id='par_1_66' title="bbox 219 4508 1880 4584">
     <span class='ocr_line' id='line_1_66' title="bbox 219 4508 1880 4584; baseline 0.002 -21"><span class='ocrx_word' id='word_1_495' title='bbox 219 4508 354 4579; x_wconf 90' lang='lat' dir='ltr'>jam</span> <span class='ocrx_word' id='word_1_496' title='bbox 390 4508 643 4577; x_wconf 87' lang='lat' dir='ltr'>gratuita</span> <span class='ocrx_word' id='word_1_497' title='bbox 674 4511 861 4576; x_wconf 87' lang='lat' dir='ltr'>gratia</span> <span class='ocrx_word' id='word_1_498' title='bbox 900 4513 992 4564; x_wconf 89' lang='lat' dir='ltr'>est</span> <span class='ocrx_word' id='word_1_499' title='bbox 1020 4524 1144 4581; x_wconf 89' lang='lat' dir='ltr'>qua</span> <span class='ocrx_word' id='word_1_500' title='bbox 1182 4508 1530 4579; x_wconf 83' lang='lat' dir='ltr'>liberantur,</span> <span class='ocrx_word' id='word_1_501' title='bbox 1566 4511 1669 4567; x_wconf 90' lang='lat' dir='ltr'>sed</span> <span class='ocrx_word' id='word_1_502' title='bbox 1701 4527 1880 4584; x_wconf 87' lang='lat' dir='ltr'>prop-</span> 
     </span>
    </p>
   </div>
   <div class='ocr_carea' id='block_1_67' title="bbox 227 4595 1875 4670">
    <p class='ocr_par' dir='ltr' id='par_1_67' title="bbox 227 4595 1875 4670">
     <span class='ocr_line' id='line_1_67' title="bbox 227 4595 1875 4670; baseline 0.004 -20"><span class='ocrx_word' id='word_1_503' title='bbox 227 4600 319 4650; x_wconf 88' lang='lat' dir='ltr'>ter</span> <span class='ocrx_word' id='word_1_504' title='bbox 358 4595 538 4667; x_wconf 91' lang='lat' dir='ltr'>hujus</span> <span class='ocrx_word' id='word_1_505' title='bbox 596 4597 994 4652; x_wconf 79' lang='lat' dir='ltr'>excusationis</span> <span class='ocrx_word' id='word_1_506' title='bbox 1046 4598 1344 4667; x_wconf 84' lang='lat' dir='ltr'>justitiam</span> <span class='ocrx_word' id='word_1_507' title='bbox 1393 4598 1724 4655; x_wconf 89' lang='lat' dir='ltr'>liberantur</span> <span class='ocrx_word' id='word_1_508' title='bbox 1772 4600 1875 4670; x_wconf 85' lang='grc' dir='ltr'>[αι.</span> 
     </span>
    </p>
   </div>
   <div class='ocr_carea' id='block_1_68' title="bbox 228 4683 1878 4765">
    <p class='ocr_par' dir='ltr' id='par_1_68' title="bbox 228 4683 1878 4765">
     <span class='ocr_line' id='line_1_68' title="bbox 228 4683 1878 4765; baseline 0.003 -27"><span class='ocrx_word' id='word_1_509' title='bbox 228 4698 358 4738; x_wconf 91' lang='lat' dir='ltr'>non</span> <span class='ocrx_word' id='word_1_510' title='bbox 384 4683 509 4754; x_wconf 88' lang='lat' dir='ltr'>jam</span> <span class='ocrx_word' id='word_1_511' title='bbox 542 4685 798 4755; x_wconf 89' lang='lat' dir='ltr'>gratuita</span> <span class='ocrx_word' id='word_1_512' title='bbox 840 4687 1047 4756; x_wconf 88' lang='lat' dir='ltr'>gratia,</span> <span class='ocrx_word' id='word_1_513' title='bbox 1083 4686 1191 4742; x_wconf 89' lang='lat' dir='ltr'>sed</span> <span class='ocrx_word' id='word_1_514' title='bbox 1225 4692 1469 4765; x_wconf 88' lang='lat' dir='ltr'>propter</span> <span class='ocrx_word' id='word_1_515' title='bbox 1495 4688 1675 4761; x_wconf 86' lang='lat' dir='ltr'>hujus</span> <span class='ocrx_word' id='word_1_516' title='bbox 1700 4704 1878 4744; x_wconf 82' lang='lat' dir='ltr'>excu-</span> 
     </span>
    </p>
   </div>
   <div class='ocr_carea' id='block_1_69' title="bbox 233 4771 1881 4847">
    <p class='ocr_par' dir='ltr' id='par_1_69' title="bbox 233 4771 1881 4847">
     <span class='ocr_line' id='line_1_69' title="bbox 233 4771 1881 4847; baseline 0.005 -23"><span class='ocrx_word' id='word_1_517' title='bbox 233 4771 477 4828; x_wconf 86' lang='lat' dir='ltr'>sationis</span> <span class='ocrx_word' id='word_1_518' title='bbox 500 4772 792 4845; x_wconf 90' lang='lat' dir='ltr'>justitiam</span> <span class='ocrx_word' id='word_1_519' title='bbox 835 4772 1206 4845; x_wconf 90' lang='lat' dir='ltr'>liberantur].</span> <span class='ocrx_word' id='word_1_520' title='bbox 1245 4775 1297 4831; x_wconf 84' lang='lat' dir='ltr'>Si</span> <span class='ocrx_word' id='word_1_521' title='bbox 1348 4780 1547 4832; x_wconf 87' lang='lat' dir='ltr'>autem</span> <span class='ocrx_word' id='word_1_522' title='bbox 1575 4776 1764 4847; x_wconf 83' lang='lat' dir='ltr'>gratia</span> <span class='ocrx_word' id='word_1_523' title='bbox 1794 4780 1881 4834; x_wconf 87' lang='lat' dir='ltr'>est</span> 
     </span>
    </p>
   </div>
   <div class='ocr_carea' id='block_1_70' title="bbox 226 4858 1876 4945">
    <p class='ocr_par' dir='ltr' id='par_1_70' title="bbox 226 4858 1876 4945">
     <span class='ocr_line' id='line_1_70' title="bbox 226 4858 1876 4945; baseline 0.004 -30"><span class='ocrx_word' id='word_1_524' title='bbox 226 4874 357 4932; x_wconf 88' lang='lat' dir='ltr'>qua</span> <span class='ocrx_word' id='word_1_525' title='bbox 382 4858 728 4930; x_wconf 84' lang='lat' dir='ltr'>liberantur,</span> <span class='ocrx_word' id='word_1_526' title='bbox 761 4860 1027 4945; x_wconf 84' lang='lat' dir='ltr'>profecto</span> <span class='ocrx_word' id='word_1_527' title='bbox 1056 4863 1183 4919; x_wconf 81' lang='lat' dir='ltr'>haec</span> <span class='ocrx_word' id='word_1_528' title='bbox 1225 4863 1529 4920; x_wconf 85' lang='lat' dir='ltr'>excusatio</span> <span class='ocrx_word' id='word_1_529' title='bbox 1555 4866 1717 4936; x_wconf 87' lang='lat' dir='ltr'>justa</span> <span class='ocrx_word' id='word_1_530' title='bbox 1756 4879 1876 4922; x_wconf 91' lang='lat' dir='ltr'>non</span> 
     </span>
    </p>
   </div>
   <div class='ocr_carea' id='block_1_71' title="bbox 222 4946 1877 5026">
    <p class='ocr_par' dir='ltr' id='par_1_71' title="bbox 222 4946 1877 5026">
     <span class='ocr_line' id='line_1_71' title="bbox 222 4946 1877 5026; baseline 0.004 -22"><span class='ocrx_word' id='word_1_531' title='bbox 222 4946 337 5004; x_wconf 71' lang='lat' dir='ltr'>est.</span> <span class='ocrx_word' id='word_1_532' title='bbox 370 4950 531 5006; x_wconf 83' lang='lat' dir='ltr'>Tunc</span> <span class='ocrx_word' id='word_1_533' title='bbox 556 4950 716 5006; x_wconf 90' lang='lat' dir='ltr'>enim</span> <span class='ocrx_word' id='word_1_534' title='bbox 744 4964 887 5006; x_wconf 88' lang='lat' dir='ltr'>vera</span> <span class='ocrx_word' id='word_1_535' title='bbox 929 4951 1119 5022; x_wconf 88' lang='lat' dir='ltr'>gratia</span> <span class='ocrx_word' id='word_1_536' title='bbox 1147 4956 1252 5018; x_wconf 90' lang='lat' dir='ltr'>est,</span> <span class='ocrx_word' id='word_1_537' title='bbox 1285 4967 1407 5026; x_wconf 86' lang='lat' dir='ltr'>qua</span> <span class='ocrx_word' id='word_1_538' title='bbox 1449 4950 1635 5009; x_wconf 87' lang='lat' dir='ltr'>homo</span> <span class='ocrx_word' id='word_1_539' title='bbox 1662 4952 1877 5011; x_wconf 88' lang='lat' dir='ltr'>libera-</span> 
     </span>
    </p>
   </div>
   <div class='ocr_carea' id='block_1_72' title="bbox 219 5036 1875 5113">
    <p class='ocr_par' dir='ltr' id='par_1_72' title="bbox 219 5036 1875 5113">
     <span class='ocr_line' id='line_1_72' title="bbox 219 5036 1875 5113; baseline 0.003 -21"><span class='ocrx_word' id='word_1_540' title='bbox 219 5040 342 5107; x_wconf 85' lang='lat' dir='ltr'>tur,</span> <span class='ocrx_word' id='word_1_541' title='bbox 367 5036 414 5093; x_wconf 88' lang='lat' dir='ltr'>si</span> <span class='ocrx_word' id='word_1_542' title='bbox 440 5054 563 5094; x_wconf 91' lang='lat' dir='ltr'>non</span> <span class='ocrx_word' id='word_1_543' title='bbox 588 5038 922 5094; x_wconf 90' lang='lat' dir='ltr'>secundum</span> <span class='ocrx_word' id='word_1_544' title='bbox 953 5038 1222 5096; x_wconf 89' lang='lat' dir='ltr'>debitum</span> <span class='ocrx_word' id='word_1_545' title='bbox 1245 5041 1486 5113; x_wconf 81' lang='lat' dir='ltr'>justitiae</span> <span class='ocrx_word' id='word_1_546' title='bbox 1517 5043 1875 5100; x_wconf 87' lang='lat' dir='ltr'>retribuitur.</span> 
     </span>
    </p>
   </div>
   <div class='ocr_carea' id='block_1_73' title="bbox 220 5124 1879 5200">
    <p class='ocr_par' dir='ltr' id='par_1_73' title="bbox 220 5124 1879 5200">
     <span class='ocr_line' id='line_1_73' title="bbox 220 5124 1879 5200; baseline 0.005 -20"><span class='ocrx_word' id='word_1_547' title='bbox 220 5124 383 5181; x_wconf 87' lang='lat' dir='ltr'>Nihil</span> <span class='ocrx_word' id='word_1_548' title='bbox 424 5143 567 5197; x_wconf 86' lang='lat' dir='ltr'>ergo</span> <span class='ocrx_word' id='word_1_549' title='bbox 608 5126 674 5183; x_wconf 88' lang='lat' dir='ltr'>ﬁt</span> <span class='ocrx_word' id='word_1_550' title='bbox 722 5125 781 5182; x_wconf 92' lang='lat' dir='ltr'>in</span> <span class='ocrx_word' id='word_1_551' title='bbox 830 5128 915 5183; x_wconf 88' lang='lat' dir='ltr'>eis</span> <span class='ocrx_word' id='word_1_552' title='bbox 958 5128 1063 5200; x_wconf 90' lang='lat' dir='ltr'>qui</span> <span class='ocrx_word' id='word_1_553' title='bbox 1092 5128 1334 5186; x_wconf 90' lang='lat' dir='ltr'>dicunt:</span> <span class='ocrx_word' id='word_1_554' title='bbox 1372 5130 1486 5197; x_wconf 85' lang='lat' dir='ltr'>Qui</span> <span class='ocrx_word' id='word_1_555' title='bbox 1512 5132 1713 5189; x_wconf 85' lang='lat' dir='ltr'>adhuc</span> <span class='ocrx_word' id='word_1_556' title='bbox 1742 5149 1879 5190; x_wconf 91' lang='lat' dir='ltr'>con-</span> 
     </span>
    </p>
   </div>
   <div class='ocr_carea' id='block_1_74' title="bbox 217 5213 1874 5289">
    <p class='ocr_par' dir='ltr' id='par_1_74' title="bbox 217 5213 1874 5289">
     <span class='ocr_line' id='line_1_74' title="bbox 217 5213 1874 5289; baseline 0.004 -20"><span class='ocrx_word' id='word_1_557' title='bbox 217 5213 522 5286; x_wconf 73' lang='lat' dir='ltr'>queritur,</span> <span class='ocrx_word' id='word_1_558' title='bbox 569 5233 708 5272; x_wconf 88' lang='lat' dir='ltr'>nam</span> <span class='ocrx_word' id='word_1_559' title='bbox 751 5218 1058 5273; x_wconf 81' lang='lat' dir='ltr'>voluntati</span> <span class='ocrx_word' id='word_1_560' title='bbox 1112 5220 1235 5283; x_wconf 66' lang='lat' dir='ltr'>ejus</span> <span class='ocrx_word' id='word_1_561' title='bbox 1254 5220 1386 5289; x_wconf 90' lang='lat' dir='ltr'>quis</span> <span class='ocrx_word' id='word_1_562' title='bbox 1445 5221 1711 5277; x_wconf 84' lang='lat' dir='ltr'>resistit?</span> <span class='ocrx_word' id='word_1_563' title='bbox 1758 5220 1874 5277; x_wconf 85' lang='lat' dir='ltr'>Nisi</span> 
     </span>
    </p>
   </div>
   <div class='ocr_carea' id='block_1_75' title="bbox 217 5304 1876 5377">
    <p class='ocr_par' dir='ltr' id='par_1_75' title="bbox 217 5304 1876 5377">
     <span class='ocr_line' id='line_1_75' title="bbox 217 5304 1876 5377; baseline 0.005 -21"><span class='ocrx_word' id='word_1_564' title='bbox 217 5304 391 5377; x_wconf 90' lang='lat' dir='ltr'>quod</span> <span class='ocrx_word' id='word_1_565' title='bbox 455 5304 671 5372; x_wconf 81' lang='lat' dir='ltr'>legitur</span> <span class='ocrx_word' id='word_1_566' title='bbox 731 5306 789 5360; x_wconf 91' lang='lat' dir='ltr'>in</span> <span class='ocrx_word' id='word_1_567' title='bbox 856 5305 1007 5361; x_wconf 89' lang='lat' dir='ltr'>libro</span> <span class='ocrx_word' id='word_1_568' title='bbox 1080 5307 1455 5363; x_wconf 81' lang='lat' dir='ltr'>Salomonis:</span> <span class='ocrx_word' id='word_1_569' title='bbox 1525 5310 1876 5377; x_wconf 77' lang='lat' dir='ltr'>[nsipientia</span> 
     </span>
    </p>
   </div>
   <div class='ocr_carea' id='block_1_76' title="bbox 219 5394 1875 5468">
    <p class='ocr_par' dir='ltr' id='par_1_76' title="bbox 219 5394 1875 5468">
     <span class='ocr_line' id='line_1_76' title="bbox 219 5394 1875 5468; baseline 0.004 -19"><span class='ocrx_word' id='word_1_570' title='bbox 219 5394 344 5449; x_wconf 81' lang='lat' dir='ltr'>viri</span> <span class='ocrx_word' id='word_1_571' title='bbox 374 5394 560 5449; x_wconf 87' lang='lat' dir='ltr'>violat</span> <span class='ocrx_word' id='word_1_572' title='bbox 590 5396 715 5451; x_wconf 83' lang='lat' dir='ltr'>vias</span> <span class='ocrx_word' id='word_1_573' title='bbox 748 5398 881 5452; x_wconf 68' lang='lat' dir='ltr'>vitae</span> <span class='ocrx_word' id='word_1_574' title='bbox 923 5398 1072 5468; x_wconf 86' lang='lat' dir='ltr'>ejus,</span> <span class='ocrx_word' id='word_1_575' title='bbox 1102 5398 1259 5453; x_wconf 84' lang='lat' dir='ltr'>Deus</span> <span class='ocrx_word' id='word_1_576' title='bbox 1281 5404 1477 5453; x_wconf 86' lang='lat' dir='ltr'>autem</span> <span class='ocrx_word' id='word_1_577' title='bbox 1501 5407 1788 5455; x_wconf 83' lang='lat' dir='ltr'>causatur</span> <span class='ocrx_word' id='word_1_578' title='bbox 1814 5400 1875 5455; x_wconf 84' lang='lat' dir='ltr'>in</span> 
     </span>
    </p>
   </div>
   <div class='ocr_carea' id='block_1_77' title="bbox 292 5484 1235 5577">
    <p class='ocr_par' dir='ltr' id='par_1_77' title="bbox 292 5484 1235 5577">
     <span class='ocr_line' id='line_1_77' title="bbox 292 5484 1235 5577; baseline 0 0"><span class='ocrx_word' id='word_1_579' title='bbox 292 5500 565 5577; x_wconf 61' lang='grc' dir='ltr'>τῌίειθω,</span> <span class='ocrx_word' id='word_1_580' title='bbox 592 5500 736 5577; x_wconf 51' lang='grc' dir='ltr'>μοιβ</span> <span class='ocrx_word' id='word_1_581' title='bbox 753 5502 1066 5577; x_wconf 54' lang='lat' dir='ltr'>cmest.</span> <span class='ocrx_word' id='word_1_582' title='bbox 1082 5519 1146 5577; x_wconf 59' lang='lat' dir='ltr'>,c.</span> <span class='ocrx_word' id='word_1_583' title='bbox 1166 5484 1235 5577; x_wconf 70' lang='lat'>‘9.</span> 
     </span>
    </p>
   </div>
   <div class='ocr_carea' id='block_1_78' title="bbox 293 5569 1338 5647">
    <p class='ocr_par' dir='ltr' id='par_1_78' title="bbox 293 5569 1338 5647">
     <span class='ocr_line' id='line_1_78' title="bbox 293 5569 1338 5647; baseline 0.006 -23"><span class='ocrx_word' id='word_1_584' title='bbox 293 5569 323 5612; x_wconf 68' lang='grc' dir='ltr'>δ</span> <span class='ocrx_word' id='word_1_585' title='bbox 352 5569 576 5640; x_wconf 68' lang='grc' dir='ltr'>ιεθηῑζ,</span> <span class='ocrx_word' id='word_1_586' title='bbox 606 5572 741 5630; x_wconf 88' lang='lat' dir='ltr'>dist.</span> <span class='ocrx_word' id='word_1_587' title='bbox 768 5574 859 5644; x_wconf 69' lang='grc'>40,</span> <span class='ocrx_word' id='word_1_588' title='bbox 889 5589 940 5631; x_wconf 88' lang='lat' dir='ltr'>c.</span> <span class='ocrx_word' id='word_1_589' title='bbox 975 5569 1338 5647; x_wconf 74' lang='lat' dir='ltr'>Quicunque.</span> 
     </span>
    </p>
   </div>
   <div class='ocr_carea' id='block_1_79' title="bbox 2020 1661 3779 1738">
    <p class='ocr_par' dir='ltr' id='par_1_79' title="bbox 2020 1661 3779 1738">
     <span class='ocr_line' id='line_1_79' title="bbox 2020 1661 3779 1738; baseline -0.003 -18"><span class='ocrx_word' id='word_1_590' title='bbox 2020 1665 2133 1721; x_wconf 91' lang='lat' dir='ltr'>hoc</span> <span class='ocrx_word' id='word_1_591' title='bbox 2161 1665 2358 1721; x_wconf 88' lang='lat' dir='ltr'>solum</span> <span class='ocrx_word' id='word_1_592' title='bbox 2405 1665 2481 1720; x_wconf 91' lang='lat' dir='ltr'>de</span> <span class='ocrx_word' id='word_1_593' title='bbox 2512 1664 2777 1738; x_wconf 87' lang='lat' dir='ltr'>parvulis</span> <span class='ocrx_word' id='word_1_594' title='bbox 2816 1664 3039 1731; x_wconf 90' lang='lat' dir='ltr'>dicam,</span> <span class='ocrx_word' id='word_1_595' title='bbox 3072 1663 3235 1736; x_wconf 91' lang='lat' dir='ltr'>quod</span> <span class='ocrx_word' id='word_1_596' title='bbox 3287 1661 3405 1735; x_wconf 88' lang='lat' dir='ltr'>ipsi</span> <span class='ocrx_word' id='word_1_597' title='bbox 3433 1675 3681 1735; x_wconf 90' lang='lat' dir='ltr'>quoque</span> <span class='ocrx_word' id='word_1_598' title='bbox 3774 1675 3779 1680; x_wconf 77' lang='lat'><em>‘</em></span> 
     </span>
    </p>
   </div>
   <div class='ocr_carea' id='block_1_80' title="bbox 2022 1750 3676 1824">
    <p class='ocr_par' dir='ltr' id='par_1_80' title="bbox 2022 1750 3676 1824">
     <span class='ocr_line' id='line_1_80' title="bbox 2022 1750 3676 1824; baseline -0.002 -16"><span class='ocrx_word' id='word_1_599' title='bbox 2022 1752 2369 1809; x_wconf 87' lang='lat' dir='ltr'>auctoritate</span> <span class='ocrx_word' id='word_1_600' title='bbox 2414 1752 2759 1824; x_wconf 86' lang='lat' dir='ltr'>evangelica</span> <span class='ocrx_word' id='word_1_601' title='bbox 2787 1753 2991 1820; x_wconf 89' lang='lat' dir='ltr'>territi,</span> <span class='ocrx_word' id='word_1_602' title='bbox 3023 1752 3119 1808; x_wconf 93' lang='lat' dir='ltr'>vel</span> <span class='ocrx_word' id='word_1_603' title='bbox 3164 1752 3364 1824; x_wconf 86' lang='lat' dir='ltr'>potius</span> <span class='ocrx_word' id='word_1_604' title='bbox 3395 1750 3676 1808; x_wconf 88' lang='lat' dir='ltr'>Christia-</span> 
     </span>
    </p>
   </div>
   <div class='ocr_carea' id='block_1_81' title="bbox 2019 1841 3674 1916">
    <p class='ocr_par' dir='ltr' id='par_1_81' title="bbox 2019 1841 3674 1916">
     <span class='ocr_line' id='line_1_81' title="bbox 2019 1841 3674 1916; baseline 0 -17"><span class='ocrx_word' id='word_1_605' title='bbox 2019 1859 2236 1899; x_wconf 91' lang='lat' dir='ltr'>norum</span> <span class='ocrx_word' id='word_1_606' title='bbox 2266 1843 2631 1916; x_wconf 88' lang='lat' dir='ltr'>populorum</span> <span class='ocrx_word' id='word_1_607' title='bbox 2679 1842 3152 1900; x_wconf 90' lang='lat' dir='ltr'>concordissima</span> <span class='ocrx_word' id='word_1_608' title='bbox 3181 1841 3323 1899; x_wconf 87' lang='lat' dir='ltr'>ﬁdei</span> <span class='ocrx_word' id='word_1_609' title='bbox 3364 1842 3674 1914; x_wconf 89' lang='lat' dir='ltr'>conspira-</span> 
     </span>
    </p>
   </div>
   <div class='ocr_carea' id='block_1_82' title="bbox 2018 1930 3634 2006">
    <p class='ocr_par' dir='ltr' id='par_1_82' title="bbox 2018 1930 3634 2006">
     <span class='ocr_line' id='line_1_82' title="bbox 2018 1930 3634 2006; baseline -0.001 -18"><span class='ocrx_word' id='word_1_610' title='bbox 2018 1932 2178 1988; x_wconf 90' lang='lat' dir='ltr'>tione</span> <span class='ocrx_word' id='word_1_611' title='bbox 2215 1930 2518 2006; x_wconf 86' lang='lat' dir='ltr'>perfracti,</span> <span class='ocrx_word' id='word_1_612' title='bbox 2543 1932 2669 1987; x_wconf 90' lang='lat' dir='ltr'>sine</span> <span class='ocrx_word' id='word_1_613' title='bbox 2713 1931 2835 1988; x_wconf 91' lang='lat' dir='ltr'>ulla</span> <span class='ocrx_word' id='word_1_614' title='bbox 2884 1931 3266 1988; x_wconf 84' lang='lat' dir='ltr'>excusatione</span> <span class='ocrx_word' id='word_1_615' title='bbox 3295 1931 3634 1987; x_wconf 89' lang='lat' dir='ltr'>concedunt</span> 
     </span>
    </p>
   </div>
   <div class='ocr_carea' id='block_1_83' title="bbox 2017 2018 3673 2093">
    <p class='ocr_par' dir='ltr' id='par_1_83' title="bbox 2017 2018 3673 2093">
     <span class='ocr_line' id='line_1_83' title="bbox 2017 2018 3673 2093; baseline 0 -18"><span class='ocrx_word' id='word_1_616' title='bbox 2017 2020 2184 2092; x_wconf 90' lang='lat' dir='ltr'>quod</span> <span class='ocrx_word' id='word_1_617' title='bbox 2213 2019 2413 2075; x_wconf 91' lang='lat' dir='ltr'>nullus</span> <span class='ocrx_word' id='word_1_618' title='bbox 2441 2020 2750 2093; x_wconf 84' lang='lat' dir='ltr'>parvulus,</span> <span class='ocrx_word' id='word_1_619' title='bbox 2768 2019 2884 2076; x_wconf 89' lang='lat' dir='ltr'>nisi</span> <span class='ocrx_word' id='word_1_620' title='bbox 2912 2024 3156 2076; x_wconf 89' lang='lat' dir='ltr'>renatus</span> <span class='ocrx_word' id='word_1_621' title='bbox 3186 2034 3258 2075; x_wconf 87' lang='lat' dir='ltr'>ex</span> <span class='ocrx_word' id='word_1_622' title='bbox 3278 2034 3441 2092; x_wconf 88' lang='lat' dir='ltr'>aqua</span> <span class='ocrx_word' id='word_1_623' title='bbox 3467 2022 3524 2075; x_wconf 85' lang='lat' dir='ltr'>et</span> <span class='ocrx_word' id='word_1_624' title='bbox 3546 2018 3673 2091; x_wconf 88' lang='lat' dir='ltr'>Spi-</span> 
     </span>
    </p>
   </div>
   <div class='ocr_carea' id='block_1_84' title="bbox 2016 2107 3671 2183">
    <p class='ocr_par' dir='ltr' id='par_1_84' title="bbox 2016 2107 3671 2183">
     <span class='ocr_line' id='line_1_84' title="bbox 2016 2107 3671 2183; baseline -0.001 -19"><span class='ocrx_word' id='word_1_625' title='bbox 2016 2108 2153 2179; x_wconf 88' lang='lat' dir='ltr'>ritu,</span> <span class='ocrx_word' id='word_1_626' title='bbox 2184 2109 2359 2165; x_wconf 89' lang='lat' dir='ltr'>intret</span> <span class='ocrx_word' id='word_1_627' title='bbox 2384 2108 2446 2164; x_wconf 91' lang='lat' dir='ltr'>in</span> <span class='ocrx_word' id='word_1_628' title='bbox 2467 2125 2721 2179; x_wconf 83' lang='lat' dir='ltr'>regnum</span> <span class='ocrx_word' id='word_1_629' title='bbox 2747 2110 3035 2165; x_wconf 67' lang='lat' dir='ltr'>caelorum</span> <span class='ocrx_word' id='word_1_630' title='bbox 3060 2126 3072 2180; x_wconf 88' lang='lat'><strong>;</strong></span> <span class='ocrx_word' id='word_1_631' title='bbox 3109 2123 3566 2183; x_wconf 71' lang='lat' dir='ltr'>quam,quasso,</span> <span class='ocrx_word' id='word_1_632' title='bbox 3589 2107 3671 2164; x_wconf 87' lang='lat' dir='ltr'>al-</span> 
     </span>
    </p>
   </div>
   <div class='ocr_carea' id='block_1_85' title="bbox 2015 2196 3668 2270">
    <p class='ocr_par' dir='ltr' id='par_1_85' title="bbox 2015 2196 3668 2270">
     <span class='ocr_line' id='line_1_85' title="bbox 2015 2196 3668 2270; baseline 0 -17"><span class='ocrx_word' id='word_1_633' title='bbox 2015 2197 2193 2255; x_wconf 87' lang='lat' dir='ltr'>laturi</span> <span class='ocrx_word' id='word_1_634' title='bbox 2223 2201 2361 2254; x_wconf 91' lang='lat' dir='ltr'>sunt</span> <span class='ocrx_word' id='word_1_635' title='bbox 2390 2213 2660 2268; x_wconf 88' lang='lat' dir='ltr'>causam,</span> <span class='ocrx_word' id='word_1_636' title='bbox 2692 2198 2859 2270; x_wconf 91' lang='lat' dir='ltr'>quod</span> <span class='ocrx_word' id='word_1_637' title='bbox 2889 2198 3042 2254; x_wconf 88' lang='lat' dir='ltr'>alius</span> <span class='ocrx_word' id='word_1_638' title='bbox 3087 2197 3172 2253; x_wconf 91' lang='lat' dir='ltr'>sic</span> <span class='ocrx_word' id='word_1_639' title='bbox 3211 2196 3578 2268; x_wconf 83' lang='lat' dir='ltr'>gubernetur</span> <span class='ocrx_word' id='word_1_640' title='bbox 3604 2200 3668 2253; x_wconf 91' lang='lat' dir='ltr'>ut</span> 
     </span>
    </p>
   </div>
   <div class='ocr_carea' id='block_1_86' title="bbox 2013 2284 3667 2361">
    <p class='ocr_par' dir='ltr' id='par_1_86' title="bbox 2013 2284 3667 2361">
     <span class='ocr_line' id='line_1_86' title="bbox 2013 2284 3667 2361; baseline -0.001 -18"><span class='ocrx_word' id='word_1_641' title='bbox 2013 2287 2348 2361; x_wconf 80' lang='lat' dir='ltr'>baptizatus</span> <span class='ocrx_word' id='word_1_642' title='bbox 2400 2288 2540 2344; x_wconf 90' lang='lat' dir='ltr'>hinc</span> <span class='ocrx_word' id='word_1_643' title='bbox 2587 2290 2775 2355; x_wconf 80' lang='lat' dir='ltr'>exeat,</span> <span class='ocrx_word' id='word_1_644' title='bbox 2807 2287 2961 2344; x_wconf 88' lang='lat' dir='ltr'>alius</span> <span class='ocrx_word' id='word_1_645' title='bbox 3008 2284 3341 2343; x_wconf 89' lang='lat' dir='ltr'>inﬁdelium</span> <span class='ocrx_word' id='word_1_646' title='bbox 3384 2284 3667 2341; x_wconf 88' lang='lat' dir='ltr'>manibus</span> 
     </span>
    </p>
   </div>
   <div class='ocr_carea' id='block_1_87' title="bbox 2014 2374 3664 2451">
    <p class='ocr_par' dir='ltr' id='par_1_87' title="bbox 2014 2374 3664 2451">
     <span class='ocr_line' id='line_1_87' title="bbox 2014 2374 3664 2451; baseline -0.001 -18"><span class='ocrx_word' id='word_1_647' title='bbox 2014 2377 2287 2443; x_wconf 87' lang='lat' dir='ltr'>traditus,</span> <span class='ocrx_word' id='word_1_648' title='bbox 2306 2376 2397 2433; x_wconf 85' lang='lat' dir='ltr'>vel</span> <span class='ocrx_word' id='word_1_649' title='bbox 2417 2375 2595 2432; x_wconf 90' lang='lat' dir='ltr'>etiam</span> <span class='ocrx_word' id='word_1_650' title='bbox 2618 2377 2908 2446; x_wconf 86' lang='lat' dir='ltr'>ﬁdelium,</span> <span class='ocrx_word' id='word_1_651' title='bbox 2923 2378 3282 2451; x_wconf 88' lang='lat' dir='ltr'>priusquam</span> <span class='ocrx_word' id='word_1_652' title='bbox 3308 2376 3387 2432; x_wconf 91' lang='lat' dir='ltr'>ab</span> <span class='ocrx_word' id='word_1_653' title='bbox 3407 2375 3492 2431; x_wconf 89' lang='lat' dir='ltr'>eis</span> <span class='ocrx_word' id='word_1_654' title='bbox 3511 2374 3664 2448; x_wconf 85' lang='lat' dir='ltr'>bap-</span> 
     </span>
    </p>
   </div>
   <div class='ocr_carea' id='block_1_88' title="bbox 2011 2462 3666 2540">
    <p class='ocr_par' dir='ltr' id='par_1_88' title="bbox 2011 2462 3666 2540">
     <span class='ocr_line' id='line_1_88' title="bbox 2011 2462 3666 2540; baseline -0.002 -18"><span class='ocrx_word' id='word_1_655' title='bbox 2011 2464 2287 2522; x_wconf 72' lang='lat' dir='ltr'>tizandus</span> <span class='ocrx_word' id='word_1_656' title='bbox 2318 2464 2620 2534; x_wconf 77' lang='lat' dir='ltr'>offeratur,</span> <span class='ocrx_word' id='word_1_657' title='bbox 2647 2466 2942 2540; x_wconf 81' lang='lat' dir='ltr'>exspiret?</span> <span class='ocrx_word' id='word_1_658' title='bbox 2970 2470 3058 2522; x_wconf 79' lang='lat' dir='ltr'>An</span> <span class='ocrx_word' id='word_1_659' title='bbox 3081 2467 3196 2522; x_wconf 89' lang='lat' dir='ltr'>hoc</span> <span class='ocrx_word' id='word_1_660' title='bbox 3225 2463 3347 2522; x_wconf 89' lang='lat' dir='ltr'>fato</span> <span class='ocrx_word' id='word_1_661' title='bbox 3368 2462 3458 2520; x_wconf 86' lang='lat' dir='ltr'>vel</span> <span class='ocrx_word' id='word_1_662' title='bbox 3483 2463 3666 2520; x_wconf 81' lang='lat' dir='ltr'>fortu-</span> 
     </span>
    </p>
   </div>
   <div class='ocr_carea' id='block_1_89' title="bbox 2011 2553 3667 2629">
    <p class='ocr_par' dir='ltr' id='par_1_89' title="bbox 2011 2553 3667 2629">
     <span class='ocr_line' id='line_1_89' title="bbox 2011 2553 3667 2629; baseline -0.001 -19"><span class='ocrx_word' id='word_1_663' title='bbox 2011 2571 2103 2611; x_wconf 67' lang='lat' dir='ltr'>na:</span> <span class='ocrx_word' id='word_1_664' title='bbox 2134 2553 2331 2610; x_wconf 89' lang='lat' dir='ltr'>daturi</span> <span class='ocrx_word' id='word_1_665' title='bbox 2361 2557 2545 2612; x_wconf 86' lang='lat' dir='ltr'>sunt?</span> <span class='ocrx_word' id='word_1_666' title='bbox 2566 2559 2692 2612; x_wconf 93' lang='lat' dir='ltr'>Non</span> <span class='ocrx_word' id='word_1_667' title='bbox 2715 2555 2930 2629; x_wconf 91' lang='lat' dir='ltr'>opinor</span> <span class='ocrx_word' id='word_1_668' title='bbox 2953 2571 3057 2612; x_wconf 91' lang='lat' dir='ltr'>eos</span> <span class='ocrx_word' id='word_1_669' title='bbox 3079 2554 3142 2611; x_wconf 90' lang='lat' dir='ltr'>in</span> <span class='ocrx_word' id='word_1_670' title='bbox 3167 2558 3396 2611; x_wconf 89' lang='lat' dir='ltr'>tantam</span> <span class='ocrx_word' id='word_1_671' title='bbox 3420 2553 3667 2609; x_wconf 91' lang='lat' dir='ltr'>demen-</span> 
     </span>
    </p>
   </div>
   <div class='ocr_carea' id='block_1_90' title="bbox 2010 2640 3666 2717">
    <p class='ocr_par' dir='ltr' id='par_1_90' title="bbox 2010 2640 3666 2717">
     <span class='ocr_line' id='line_1_90' title="bbox 2010 2640 3666 2717; baseline -0.001 -18"><span class='ocrx_word' id='word_1_672' title='bbox 2010 2643 2156 2699; x_wconf 89' lang='lat' dir='ltr'>tiam</span> <span class='ocrx_word' id='word_1_673' title='bbox 2183 2647 2599 2717; x_wconf 89' lang='lat' dir='ltr'>prorupturos,</span> <span class='ocrx_word' id='word_1_674' title='bbox 2627 2644 3229 2717; x_wconf 88' lang='lat' dir='ltr'>quantulumcunque</span> <span class='ocrx_word' id='word_1_675' title='bbox 3248 2657 3473 2699; x_wconf 92' lang='lat' dir='ltr'>nomen</span> <span class='ocrx_word' id='word_1_676' title='bbox 3504 2640 3666 2700; x_wconf 88' lang='lat' dir='ltr'>Chri-</span> 
     </span>
    </p>
   </div>
   <div class='ocr_carea' id='block_1_91' title="bbox 2010 2732 3663 2807">
    <p class='ocr_par' dir='ltr' id='par_1_91' title="bbox 2010 2732 3663 2807">
     <span class='ocr_line' id='line_1_91' title="bbox 2010 2732 3663 2807; baseline -0.001 -19"><span class='ocrx_word' id='word_1_677' title='bbox 2010 2732 2271 2790; x_wconf 91' lang='lat' dir='ltr'>stianum</span> <span class='ocrx_word' id='word_1_678' title='bbox 2328 2737 2529 2790; x_wconf 89' lang='lat' dir='ltr'>tenere</span> <span class='ocrx_word' id='word_1_679' title='bbox 2572 2734 2898 2807; x_wconf 91' lang='lat' dir='ltr'>cupientes.</span> <span class='ocrx_word' id='word_1_680' title='bbox 2942 2736 3059 2791; x_wconf 90' lang='lat' dir='ltr'>Cur</span> <span class='ocrx_word' id='word_1_681' title='bbox 3105 2747 3247 2803; x_wconf 87' lang='lat' dir='ltr'>ergo</span> <span class='ocrx_word' id='word_1_682' title='bbox 3295 2732 3357 2788; x_wconf 92' lang='lat' dir='ltr'>in</span> <span class='ocrx_word' id='word_1_683' title='bbox 3407 2746 3663 2804; x_wconf 87' lang='lat' dir='ltr'>regnum</span> 
     </span>
    </p>
   </div>
   <div class='ocr_carea' id='block_1_92' title="bbox 2012 2821 3661 2896">
    <p class='ocr_par' dir='ltr' id='par_1_92' title="bbox 2012 2821 3661 2896">
     <span class='ocr_line' id='line_1_92' title="bbox 2012 2821 3661 2896; baseline -0.001 -18"><span class='ocrx_word' id='word_1_684' title='bbox 2012 2822 2300 2879; x_wconf 77' lang='lat' dir='ltr'>ccelorum</span> <span class='ocrx_word' id='word_1_685' title='bbox 2326 2839 2450 2879; x_wconf 91' lang='lat' dir='ltr'>non</span> <span class='ocrx_word' id='word_1_686' title='bbox 2476 2828 2722 2896; x_wconf 88' lang='lat' dir='ltr'>accepto</span> <span class='ocrx_word' id='word_1_687' title='bbox 2746 2822 3212 2893; x_wconf 87' lang='lat' dir='ltr'>regenerationis</span> <span class='ocrx_word' id='word_1_688' title='bbox 3252 2821 3493 2878; x_wconf 86' lang='lat' dir='ltr'>lavacro</span> <span class='ocrx_word' id='word_1_689' title='bbox 3521 2836 3661 2894; x_wconf 87' lang='lat' dir='ltr'>par-</span> 
     </span>
    </p>
   </div>
   <div class='ocr_carea' id='block_1_93' title="bbox 2011 2909 3659 2984">
    <p class='ocr_par' dir='ltr' id='par_1_93' title="bbox 2011 2909 3659 2984">
     <span class='ocr_line' id='line_1_93' title="bbox 2011 2909 3659 2984; baseline -0.001 -18"><span class='ocrx_word' id='word_1_690' title='bbox 2011 2911 2188 2967; x_wconf 88' lang='lat' dir='ltr'>vulus</span> <span class='ocrx_word' id='word_1_691' title='bbox 2215 2910 2416 2967; x_wconf 90' lang='lat' dir='ltr'>nullus</span> <span class='ocrx_word' id='word_1_692' title='bbox 2438 2910 2729 2967; x_wconf 82' lang='lat' dir='ltr'>intrabit?</span> <span class='ocrx_word' id='word_1_693' title='bbox 2752 2911 3036 2984; x_wconf 87' lang='lat' dir='ltr'>Nunquid</span> <span class='ocrx_word' id='word_1_694' title='bbox 3062 2926 3186 2965; x_wconf 91' lang='lat' dir='ltr'>non</span> <span class='ocrx_word' id='word_1_695' title='bbox 3200 2909 3283 2966; x_wconf 91' lang='lat' dir='ltr'>ita</span> <span class='ocrx_word' id='word_1_696' title='bbox 3307 2909 3420 2965; x_wconf 91' lang='lat' dir='ltr'>sibi</span> <span class='ocrx_word' id='word_1_697' title='bbox 3442 2924 3659 2981; x_wconf 90' lang='lat' dir='ltr'>paren-</span> 
     </span>
    </p>
   </div>
   <div class='ocr_carea' id='block_1_94' title="bbox 2014 2996 3660 3073">
    <p class='ocr_par' dir='ltr' id='par_1_94' title="bbox 2014 2996 3660 3073">
     <span class='ocr_line' id='line_1_94' title="bbox 2014 2996 3660 3073; baseline -0.003 -17"><span class='ocrx_word' id='word_1_698' title='bbox 2014 3006 2096 3056; x_wconf 89' lang='lat' dir='ltr'>tes</span> <span class='ocrx_word' id='word_1_699' title='bbox 2125 3002 2255 3071; x_wconf 90' lang='lat' dir='ltr'>[al.,</span> <span class='ocrx_word' id='word_1_700' title='bbox 2289 3000 2715 3073; x_wconf 87' lang='lat' dir='ltr'>Nunquidnam</span> <span class='ocrx_word' id='word_1_701' title='bbox 2746 3000 2873 3067; x_wconf 92' lang='lat' dir='ltr'>ipse</span> <span class='ocrx_word' id='word_1_702' title='bbox 2911 2998 3026 3055; x_wconf 90' lang='lat' dir='ltr'>sibi</span> <span class='ocrx_word' id='word_1_703' title='bbox 3063 2997 3361 3073; x_wconf 88' lang='lat' dir='ltr'>parentes]</span> <span class='ocrx_word' id='word_1_704' title='bbox 3390 2996 3660 3052; x_wconf 83' lang='lat' dir='ltr'>inﬁdeles</span> 
     </span>
    </p>
   </div>
   <div class='ocr_carea' id='block_1_95' title="bbox 2008 3083 3659 3160">
    <p class='ocr_par' dir='ltr' id='par_1_95' title="bbox 2008 3083 3659 3160">
     <span class='ocr_line' id='line_1_95' title="bbox 2008 3083 3659 3160; baseline -0.003 -16"><span class='ocrx_word' id='word_1_705' title='bbox 2008 3088 2101 3144; x_wconf 91' lang='lat' dir='ltr'>vel</span> <span class='ocrx_word' id='word_1_706' title='bbox 2128 3087 2603 3159; x_wconf 88' lang='lat' dir='ltr'>negligentes,de</span> <span class='ocrx_word' id='word_1_707' title='bbox 2625 3086 2848 3160; x_wconf 89' lang='lat' dir='ltr'>quibus</span> <span class='ocrx_word' id='word_1_708' title='bbox 2873 3091 3237 3158; x_wconf 88' lang='lat' dir='ltr'>nasceretur,</span> <span class='ocrx_word' id='word_1_709' title='bbox 3259 3086 3476 3156; x_wconf 81' lang='lat' dir='ltr'>elegit?</span> <span class='ocrx_word' id='word_1_710' title='bbox 3504 3083 3659 3151; x_wconf 87' lang='lat' dir='ltr'>Quid</span> 
     </span>
    </p>
   </div>
   <div class='ocr_carea' id='block_1_96' title="bbox 2005 3172 3656 3254">
    <p class='ocr_par' dir='ltr' id='par_1_96' title="bbox 2005 3172 3656 3254">
     <span class='ocr_line' id='line_1_96' title="bbox 2005 3172 3656 3254; baseline -0.004 -20"><span class='ocrx_word' id='word_1_711' title='bbox 2005 3178 2206 3234; x_wconf 91' lang='lat' dir='ltr'>dicam</span> <span class='ocrx_word' id='word_1_712' title='bbox 2238 3177 2311 3232; x_wconf 91' lang='lat' dir='ltr'>de</span> <span class='ocrx_word' id='word_1_713' title='bbox 2337 3176 2666 3254; x_wconf 88' lang='lat' dir='ltr'>inopinatis</span> <span class='ocrx_word' id='word_1_714' title='bbox 2697 3180 2752 3231; x_wconf 91' lang='lat' dir='ltr'>et</span> <span class='ocrx_word' id='word_1_715' title='bbox 2769 3175 3097 3248; x_wconf 88' lang='lat' dir='ltr'>repentinis</span> <span class='ocrx_word' id='word_1_716' title='bbox 3114 3172 3656 3231; x_wconf 88' lang='lat' dir='ltr'>innumerabilibus</span> 
     </span>
    </p>
   </div>
   <div class='ocr_carea' id='block_1_97' title="bbox 2003 3262 3660 3340">
    <p class='ocr_par' dir='ltr' id='par_1_97' title="bbox 2003 3262 3660 3340">
     <span class='ocr_line' id='line_1_97' title="bbox 2003 3262 3660 3340; baseline -0.004 -16"><span class='ocrx_word' id='word_1_717' title='bbox 2003 3266 2319 3333; x_wconf 86' lang='lat' dir='ltr'>mortibus,</span> <span class='ocrx_word' id='word_1_718' title='bbox 2352 3264 2575 3340; x_wconf 91' lang='lat' dir='ltr'>quibus</span> <span class='ocrx_word' id='word_1_719' title='bbox 2624 3281 2784 3339; x_wconf 64' lang='lat' dir='ltr'>saepe</span> <span class='ocrx_word' id='word_1_720' title='bbox 2831 3265 3015 3322; x_wconf 88' lang='lat' dir='ltr'>etiam</span> <span class='ocrx_word' id='word_1_721' title='bbox 3051 3263 3468 3335; x_wconf 90' lang='lat' dir='ltr'>religiosorum</span> <span class='ocrx_word' id='word_1_722' title='bbox 3498 3262 3660 3321; x_wconf 87' lang='lat' dir='ltr'>Chri-</span> 
     </span>
    </p>
   </div>
   <div class='ocr_carea' id='block_1_98' title="bbox 2001 3351 3657 3427">
    <p class='ocr_par' dir='ltr' id='par_1_98' title="bbox 2001 3351 3657 3427">
     <span class='ocr_line' id='line_1_98' title="bbox 2001 3351 3657 3427; baseline -0.002 -16"><span class='ocrx_word' id='word_1_723' title='bbox 2001 3355 2335 3411; x_wconf 91' lang='lat' dir='ltr'>stianorum</span> <span class='ocrx_word' id='word_1_724' title='bbox 2364 3354 2813 3425; x_wconf 82' lang='lat' dir='ltr'>praeveniuntur</span> <span class='ocrx_word' id='word_1_725' title='bbox 2827 3358 2884 3411; x_wconf 91' lang='lat' dir='ltr'>et</span> <span class='ocrx_word' id='word_1_726' title='bbox 2903 3354 3207 3427; x_wconf 90' lang='lat' dir='ltr'>baptismo</span> <span class='ocrx_word' id='word_1_727' title='bbox 3231 3351 3657 3426; x_wconf 71' lang='lat' dir='ltr'>prteripiuntur</span> 
     </span>
    </p>
   </div>
   <div class='ocr_carea' id='block_1_99' title="bbox 2001 3428 3659 3515">
    <p class='ocr_par' dir='ltr' id='par_1_99' title="bbox 2001 3428 3659 3515">
     <span class='ocr_line' id='line_1_99' title="bbox 2001 3428 3659 3515; baseline -0.003 -15"><span class='ocrx_word' id='word_1_728' title='bbox 2001 3444 2286 3511; x_wconf 83' lang='lat' dir='ltr'>infantes;</span> <span class='ocrx_word' id='word_1_729' title='bbox 2325 3459 2465 3499; x_wconf 90' lang='lat' dir='ltr'>cum</span> <span class='ocrx_word' id='word_1_730' title='bbox 2499 3458 2530 3498; x_wconf 93' lang='lat' dir='ltr'>e</span> <span class='ocrx_word' id='word_1_731' title='bbox 2556 3442 2877 3515; x_wconf 88' lang='lat' dir='ltr'>contrario,</span> <span class='ocrx_word' id='word_1_732' title='bbox 2909 3441 3337 3513; x_wconf 87' lang='lat' dir='ltr'>sacrilegorum</span> <span class='ocrx_word' id='word_1_733' title='bbox 3374 3428 3431 3496; x_wconf 81' lang='lat' dir='ltr'>et</span> <span class='ocrx_word' id='word_1_734' title='bbox 3460 3440 3659 3496; x_wconf 57' lang='lat' dir='ltr'>iuimié</span> 
     </span>
    </p>
   </div>
   <div class='ocr_carea' id='block_1_100' title="bbox 1999 3529 3656 3604">
    <p class='ocr_par' dir='ltr' id='par_1_100' title="bbox 1999 3529 3656 3604">
     <span class='ocr_line' id='line_1_100' title="bbox 1999 3529 3656 3604; baseline -0.002 -16"><span class='ocrx_word' id='word_1_735' title='bbox 1999 3550 2209 3589; x_wconf 90' lang='lat' dir='ltr'>eorum</span> <span class='ocrx_word' id='word_1_736' title='bbox 2241 3532 2451 3590; x_wconf 88' lang='lat' dir='ltr'>Christi</span> <span class='ocrx_word' id='word_1_737' title='bbox 2484 3532 2688 3604; x_wconf 90' lang='lat' dir='ltr'>aliquo</span> <span class='ocrx_word' id='word_1_738' title='bbox 2718 3531 2901 3588; x_wconf 92' lang='lat' dir='ltr'>modo</span> <span class='ocrx_word' id='word_1_739' title='bbox 2935 3531 3001 3587; x_wconf 90' lang='lat' dir='ltr'>in</span> <span class='ocrx_word' id='word_1_740' title='bbox 3029 3529 3503 3588; x_wconf 90' lang='lat' dir='ltr'>Christianorum</span> <span class='ocrx_word' id='word_1_741' title='bbox 3529 3544 3656 3585; x_wconf 89' lang='lat' dir='ltr'>ma-</span> 
     </span>
    </p>
   </div>
   <div class='ocr_carea' id='block_1_101' title="bbox 1997 3620 3655 3691">
    <p class='ocr_par' dir='ltr' id='par_1_101' title="bbox 1997 3620 3655 3691">
     <span class='ocr_line' id='line_1_101' title="bbox 1997 3620 3655 3691; baseline -0.003 -12"><span class='ocrx_word' id='word_1_742' title='bbox 1997 3639 2114 3679; x_wconf 89' lang='lat' dir='ltr'>nus</span> <span class='ocrx_word' id='word_1_743' title='bbox 2146 3622 2452 3678; x_wconf 90' lang='lat' dir='ltr'>venientes</span> <span class='ocrx_word' id='word_1_744' title='bbox 2477 3641 2490 3691; x_wconf 90' lang='lat'><strong>;</strong></span> <span class='ocrx_word' id='word_1_745' title='bbox 2518 3637 2591 3677; x_wconf 88' lang='lat' dir='ltr'>ex</span> <span class='ocrx_word' id='word_1_746' title='bbox 2616 3623 2731 3678; x_wconf 93' lang='lat' dir='ltr'>hoc</span> <span class='ocrx_word' id='word_1_747' title='bbox 2756 3621 2988 3677; x_wconf 91' lang='lat' dir='ltr'>mundo</span> <span class='ocrx_word' id='word_1_748' title='bbox 3017 3636 3141 3676; x_wconf 91' lang='lat' dir='ltr'>non</span> <span class='ocrx_word' id='word_1_749' title='bbox 3166 3620 3292 3675; x_wconf 92' lang='lat' dir='ltr'>sine</span> <span class='ocrx_word' id='word_1_750' title='bbox 3316 3632 3655 3675; x_wconf 90' lang='lat' dir='ltr'>sacramen-</span> 
     </span>
    </p>
   </div>
   <div class='ocr_carea' id='block_1_102' title="bbox 1998 3707 3655 3782">
    <p class='ocr_par' dir='ltr' id='par_1_102' title="bbox 1998 3707 3655 3782">
     <span class='ocr_line' id='line_1_102' title="bbox 1998 3707 3655 3782; baseline -0.003 -13"><span class='ocrx_word' id='word_1_751' title='bbox 1998 3716 2056 3769; x_wconf 91' lang='lat' dir='ltr'>to</span> <span class='ocrx_word' id='word_1_752' title='bbox 2086 3712 2552 3781; x_wconf 88' lang='lat' dir='ltr'>regenerationis</span> <span class='ocrx_word' id='word_1_753' title='bbox 2577 3711 2917 3782; x_wconf 81' lang='lat' dir='ltr'>emigrent?</span> <span class='ocrx_word' id='word_1_754' title='bbox 2948 3708 3102 3775; x_wconf 91' lang='lat' dir='ltr'>Quid</span> <span class='ocrx_word' id='word_1_755' title='bbox 3137 3709 3235 3764; x_wconf 89' lang='lat' dir='ltr'>hic</span> <span class='ocrx_word' id='word_1_756' title='bbox 3265 3707 3479 3765; x_wconf 90' lang='lat' dir='ltr'>dicturi</span> <span class='ocrx_word' id='word_1_757' title='bbox 3515 3710 3655 3764; x_wconf 90' lang='lat' dir='ltr'>sunt</span> 
     </span>
    </p>
   </div>
   <div class='ocr_carea' id='block_1_103' title="bbox 1995 3796 3650 3873">
    <p class='ocr_par' dir='ltr' id='par_1_103' title="bbox 1995 3796 3650 3873">
     <span class='ocr_line' id='line_1_103' title="bbox 1995 3796 3650 3873; baseline -0.002 -18"><span class='ocrx_word' id='word_1_758' title='bbox 1995 3800 2121 3873; x_wconf 87' lang='lat' dir='ltr'>qui,</span> <span class='ocrx_word' id='word_1_759' title='bbox 2172 3804 2236 3855; x_wconf 91' lang='lat' dir='ltr'>ut</span> <span class='ocrx_word' id='word_1_760' title='bbox 2284 3800 2476 3869; x_wconf 89' lang='lat' dir='ltr'>gratia</span> <span class='ocrx_word' id='word_1_761' title='bbox 2529 3800 2659 3854; x_wconf 90' lang='lat' dir='ltr'>dari</span> <span class='ocrx_word' id='word_1_762' title='bbox 2711 3798 2920 3870; x_wconf 89' lang='lat' dir='ltr'>possit,</span> <span class='ocrx_word' id='word_1_763' title='bbox 2966 3797 3260 3853; x_wconf 90' lang='lat' dir='ltr'>nonnulla</span> <span class='ocrx_word' id='word_1_764' title='bbox 3312 3796 3650 3869; x_wconf 65' lang='lat' dir='ltr'>praecedere</span> 
     </span>
    </p>
   </div>
   <div class='ocr_carea' id='block_1_104' title="bbox 1995 3887 3650 3958">
    <p class='ocr_par' dir='ltr' id='par_1_104' title="bbox 1995 3887 3650 3958">
     <span class='ocr_line' id='line_1_104' title="bbox 1995 3887 3650 3958; baseline -0.002 -14"><span class='ocrx_word' id='word_1_765' title='bbox 1995 3889 2209 3945; x_wconf 90' lang='lat' dir='ltr'>merita</span> <span class='ocrx_word' id='word_1_766' title='bbox 2229 3890 2502 3944; x_wconf 90' lang='lat' dir='ltr'>humana</span> <span class='ocrx_word' id='word_1_767' title='bbox 2531 3888 3011 3952; x_wconf 88' lang='lat' dir='ltr'>contendunt,ne</span> <span class='ocrx_word' id='word_1_768' title='bbox 3036 3887 3110 3940; x_wconf 93' lang='lat' dir='ltr'>sit</span> <span class='ocrx_word' id='word_1_769' title='bbox 3137 3901 3534 3958; x_wconf 89' lang='lat' dir='ltr'>personarum</span> <span class='ocrx_word' id='word_1_770' title='bbox 3554 3901 3650 3941; x_wconf 90' lang='lat' dir='ltr'>ac-</span> 
     </span>
    </p>
   </div>
   <div class='ocr_carea' id='block_1_105' title="bbox 1995 3974 3647 4050">
    <p class='ocr_par' dir='ltr' id='par_1_105' title="bbox 1995 3974 3647 4050">
     <span class='ocr_line' id='line_1_105' title="bbox 1995 3974 3647 4050; baseline -0.001 -18"><span class='ocrx_word' id='word_1_771' title='bbox 1995 3983 2200 4050; x_wconf 89' lang='lat' dir='ltr'>ceptor</span> <span class='ocrx_word' id='word_1_772' title='bbox 2242 3974 2445 4032; x_wconf 85' lang='lat' dir='ltr'>Deus?</span> <span class='ocrx_word' id='word_1_773' title='bbox 2476 3979 2619 4041; x_wconf 83' lang='lat' dir='ltr'>Quae</span> <span class='ocrx_word' id='word_1_774' title='bbox 2659 3975 2903 4031; x_wconf 91' lang='lat' dir='ltr'>tandem</span> <span class='ocrx_word' id='word_1_775' title='bbox 2945 3974 3042 4031; x_wconf 92' lang='lat' dir='ltr'>hic</span> <span class='ocrx_word' id='word_1_776' title='bbox 3086 3974 3299 4031; x_wconf 87' lang='lat' dir='ltr'>merita</span> <span class='ocrx_word' id='word_1_777' title='bbox 3326 3989 3647 4047; x_wconf 66' lang='lat' dir='ltr'>praecesse-</span> 
     </span>
    </p>
   </div>
   <div class='ocr_carea' id='block_1_106' title="bbox 1994 4062 3648 4141">
    <p class='ocr_par' dir='ltr' id='par_1_106' title="bbox 1994 4062 3648 4141">
     <span class='ocr_line' id='line_1_106' title="bbox 1994 4062 3648 4141; baseline -0.001 -19"><span class='ocrx_word' id='word_1_778' title='bbox 1994 4066 2171 4122; x_wconf 78' lang='lat' dir='ltr'>runt?</span> <span class='ocrx_word' id='word_1_779' title='bbox 2204 4066 2260 4123; x_wconf 90' lang='lat' dir='ltr'>Si</span> <span class='ocrx_word' id='word_1_780' title='bbox 2281 4064 2636 4122; x_wconf 90' lang='lat' dir='ltr'>eorumdem</span> <span class='ocrx_word' id='word_1_781' title='bbox 2664 4064 3018 4135; x_wconf 89' lang='lat' dir='ltr'>cogitaveris</span> <span class='ocrx_word' id='word_1_782' title='bbox 3048 4062 3648 4141; x_wconf 84' lang='lat' dir='ltr'>parvulorum,nulla</span> 
     </span>
    </p>
   </div>
   <div class='ocr_carea' id='block_1_107' title="bbox 1997 4154 3640 4229">
    <p class='ocr_par' dir='ltr' id='par_1_107' title="bbox 1997 4154 3640 4229">
     <span class='ocr_line' id='line_1_107' title="bbox 1997 4154 3640 4229; baseline 0 -19"><span class='ocrx_word' id='word_1_783' title='bbox 1997 4160 2137 4211; x_wconf 87' lang='lat' dir='ltr'>sunt</span> <span class='ocrx_word' id='word_1_784' title='bbox 2167 4156 2429 4229; x_wconf 90' lang='lat' dir='ltr'>propria,</span> <span class='ocrx_word' id='word_1_785' title='bbox 2463 4154 2730 4228; x_wconf 90' lang='lat' dir='ltr'>utrisque</span> <span class='ocrx_word' id='word_1_786' title='bbox 2774 4158 2863 4211; x_wconf 93' lang='lat' dir='ltr'>est</span> <span class='ocrx_word' id='word_1_787' title='bbox 2900 4154 3000 4210; x_wconf 90' lang='lat' dir='ltr'>illa</span> <span class='ocrx_word' id='word_1_788' title='bbox 3046 4170 3250 4211; x_wconf 91' lang='lat' dir='ltr'>massa</span> <span class='ocrx_word' id='word_1_789' title='bbox 3277 4155 3640 4212; x_wconf 90' lang='lat' dir='ltr'>communis.</span> 
     </span>
    </p>
   </div>
   <div class='ocr_carea' id='block_1_108' title="bbox 1999 4243 3644 4323">
    <p class='ocr_par' dir='ltr' id='par_1_108' title="bbox 1999 4243 3644 4323">
     <span class='ocr_line' id='line_1_108' title="bbox 1999 4243 3644 4323; baseline -0.002 -20"><span class='ocrx_word' id='word_1_790' title='bbox 1999 4247 2054 4303; x_wconf 91' lang='lat' dir='ltr'>Si</span> <span class='ocrx_word' id='word_1_791' title='bbox 2099 4250 2417 4319; x_wconf 88' lang='lat' dir='ltr'>parentum</span> <span class='ocrx_word' id='word_1_792' title='bbox 2455 4244 2799 4317; x_wconf 86' lang='lat' dir='ltr'>attenderis,</span> <span class='ocrx_word' id='word_1_793' title='bbox 2831 4244 2994 4301; x_wconf 89' lang='lat' dir='ltr'>bona</span> <span class='ocrx_word' id='word_1_794' title='bbox 3052 4247 3192 4300; x_wconf 91' lang='lat' dir='ltr'>sunt</span> <span class='ocrx_word' id='word_1_795' title='bbox 3238 4243 3338 4317; x_wconf 81' lang='lat' dir='ltr'>illa</span> <span class='ocrx_word' id='word_1_796' title='bbox 3382 4261 3644 4323; x_wconf 89' lang='lat' dir='ltr'>quorum</span> 
     </span>
    </p>
   </div>
   <div class='ocr_carea' id='block_1_109' title="bbox 1994 4333 3643 4411">
    <p class='ocr_par' dir='ltr' id='par_1_109' title="bbox 1994 4333 3643 4411">
     <span class='ocr_line' id='line_1_109' title="bbox 1994 4333 3643 4411; baseline 0.001 -21"><span class='ocrx_word' id='word_1_797' title='bbox 1994 4335 2099 4391; x_wconf 84' lang='lat' dir='ltr'>ﬁlii</span> <span class='ocrx_word' id='word_1_798' title='bbox 2129 4334 2451 4408; x_wconf 88' lang='lat' dir='ltr'>repentinis</span> <span class='ocrx_word' id='word_1_799' title='bbox 2498 4335 2795 4392; x_wconf 90' lang='lat' dir='ltr'>mortibus</span> <span class='ocrx_word' id='word_1_800' title='bbox 2850 4333 2978 4390; x_wconf 90' lang='lat' dir='ltr'>sine</span> <span class='ocrx_word' id='word_1_801' title='bbox 3028 4334 3239 4391; x_wconf 89' lang='lat' dir='ltr'>Christi</span> <span class='ocrx_word' id='word_1_802' title='bbox 3279 4334 3643 4411; x_wconf 87' lang='lat' dir='ltr'>baptismate</span> 
     </span>
    </p>
   </div>
   <div class='ocr_carea' id='block_1_110' title="bbox 1991 4414 3644 4499">
    <p class='ocr_par' dir='ltr' id='par_1_110' title="bbox 1991 4414 3644 4499">
     <span class='ocr_line' id='line_1_110' title="bbox 1991 4414 3644 4499; baseline -0.002 -18"><span class='ocrx_word' id='word_1_803' title='bbox 1991 4426 2327 4499; x_wconf 87' lang='lat' dir='ltr'>perierunt;</span> <span class='ocrx_word' id='word_1_804' title='bbox 2382 4424 2540 4480; x_wconf 89' lang='lat' dir='ltr'>mala</span> <span class='ocrx_word' id='word_1_805' title='bbox 2583 4440 2726 4479; x_wconf 90' lang='lat' dir='ltr'>vero</span> <span class='ocrx_word' id='word_1_806' title='bbox 2777 4423 2876 4479; x_wconf 89' lang='lat' dir='ltr'>illa</span> <span class='ocrx_word' id='word_1_807' title='bbox 2921 4439 3181 4496; x_wconf 90' lang='lat' dir='ltr'>quorum</span> <span class='ocrx_word' id='word_1_808' title='bbox 3212 4423 3316 4480; x_wconf 87' lang='lat' dir='ltr'>ﬁlii</span> <span class='ocrx_word' id='word_1_809' title='bbox 3346 4414 3454 4498; x_wconf 89' lang='lat' dir='ltr'>per</span> <span class='ocrx_word' id='word_1_810' title='bbox 3482 4423 3644 4481; x_wconf 88' lang='lat' dir='ltr'>Chri-</span> 
     </span>
    </p>
   </div>
   <div class='ocr_carea' id='block_1_111' title="bbox 1992 4512 3645 4591">
    <p class='ocr_par' dir='ltr' id='par_1_111' title="bbox 1992 4512 3645 4591">
     <span class='ocr_line' id='line_1_111' title="bbox 1992 4512 3645 4591; baseline -0.001 -21"><span class='ocrx_word' id='word_1_811' title='bbox 1992 4516 2289 4571; x_wconf 90' lang='lat' dir='ltr'>tianorum</span> <span class='ocrx_word' id='word_1_812' title='bbox 2362 4513 2631 4591; x_wconf 80' lang='lat' dir='ltr'>aliquam</span> <span class='ocrx_word' id='word_1_813' title='bbox 2701 4516 3056 4586; x_wconf 90' lang='lat' dir='ltr'>potestatem</span> <span class='ocrx_word' id='word_1_814' title='bbox 3122 4512 3201 4569; x_wconf 91' lang='lat' dir='ltr'>ad</span> <span class='ocrx_word' id='word_1_815' title='bbox 3267 4518 3645 4586; x_wconf 76' lang='lat' dir='ltr'>sacramenta</span> 
     </span>
    </p>
   </div>
   <div class='ocr_carea' id='block_1_112' title="bbox 1990 4600 3709 4678">
    <p class='ocr_par' dir='ltr' id='par_1_112' title="bbox 1990 4600 3709 4678">
     <span class='ocr_line' id='line_1_112' title="bbox 1990 4600 3709 4678; baseline -0.001 -20"><span class='ocrx_word' id='word_1_816' title='bbox 1990 4603 2262 4660; x_wconf 72' lang='lat' dir='ltr'>Ecclesiae</span> <span class='ocrx_word' id='word_1_817' title='bbox 2318 4606 2732 4675; x_wconf 88' lang='lat' dir='ltr'>pervenerunt.</span> <span class='ocrx_word' id='word_1_818' title='bbox 2796 4605 2860 4663; x_wconf 89' lang='lat' dir='ltr'>Et</span> <span class='ocrx_word' id='word_1_819' title='bbox 2916 4618 3022 4657; x_wconf 88' lang='lat' dir='ltr'>cur</span> <span class='ocrx_word' id='word_1_820' title='bbox 3086 4600 3466 4677; x_wconf 87' lang='lat' dir='ltr'>providentia</span> <span class='ocrx_word' id='word_1_821' title='bbox 3516 4601 3640 4678; x_wconf 87' lang='lat' dir='ltr'>Dei,</span> <span class='ocrx_word' id='word_1_822' title='bbox 3698 4658 3709 4669; x_wconf 68' lang='grc'><em>,</em></span> 
     </span>
    </p>
   </div>
   <div class='ocr_carea' id='block_1_113' title="bbox 1987 4691 3640 4764">
    <p class='ocr_par' dir='ltr' id='par_1_113' title="bbox 1987 4691 3640 4764">
     <span class='ocr_line' id='line_1_113' title="bbox 1987 4691 3640 4764; baseline 0.001 -16"><span class='ocrx_word' id='word_1_823' title='bbox 1987 4692 2081 4748; x_wconf 92' lang='lat' dir='ltr'>cui</span> <span class='ocrx_word' id='word_1_824' title='bbox 2130 4692 2315 4747; x_wconf 91' lang='lat' dir='ltr'>nostri</span> <span class='ocrx_word' id='word_1_825' title='bbox 2363 4692 2563 4764; x_wconf 90' lang='lat' dir='ltr'>capilli</span> <span class='ocrx_word' id='word_1_826' title='bbox 2615 4692 2910 4747; x_wconf 91' lang='lat' dir='ltr'>numerati</span> <span class='ocrx_word' id='word_1_827' title='bbox 2966 4696 3123 4759; x_wconf 90' lang='lat' dir='ltr'>sunt,</span> <span class='ocrx_word' id='word_1_828' title='bbox 3160 4692 3288 4747; x_wconf 89' lang='lat' dir='ltr'>sine</span> <span class='ocrx_word' id='word_1_829' title='bbox 3333 4691 3505 4763; x_wconf 88' lang='lat' dir='ltr'>cujus</span> <span class='ocrx_word' id='word_1_830' title='bbox 3533 4708 3640 4749; x_wconf 87' lang='lat' dir='ltr'>vo-</span> 
     </span>
    </p>
   </div>
   <div class='ocr_carea' id='block_1_114' title="bbox 1985 4779 3641 4855">
    <p class='ocr_par' dir='ltr' id='par_1_114' title="bbox 1985 4779 3641 4855">
     <span class='ocr_line' id='line_1_114' title="bbox 1985 4779 3641 4855; baseline 0.001 -19"><span class='ocrx_word' id='word_1_831' title='bbox 1985 4781 2209 4836; x_wconf 89' lang='lat' dir='ltr'>luntate</span> <span class='ocrx_word' id='word_1_832' title='bbox 2240 4795 2359 4836; x_wconf 89' lang='lat' dir='ltr'>non</span> <span class='ocrx_word' id='word_1_833' title='bbox 2391 4780 2552 4836; x_wconf 88' lang='lat' dir='ltr'>cadit</span> <span class='ocrx_word' id='word_1_834' title='bbox 2598 4796 2809 4854; x_wconf 89' lang='lat' dir='ltr'>passer</span> <span class='ocrx_word' id='word_1_835' title='bbox 2839 4782 2901 4836; x_wconf 91' lang='lat' dir='ltr'>in</span> <span class='ocrx_word' id='word_1_836' title='bbox 2945 4785 3193 4851; x_wconf 81' lang='lat' dir='ltr'>terram;</span> <span class='ocrx_word' id='word_1_837' title='bbox 3243 4779 3347 4855; x_wconf 89' lang='lat' dir='ltr'>qui</span> <span class='ocrx_word' id='word_1_838' title='bbox 3395 4797 3470 4837; x_wconf 92' lang='lat' dir='ltr'>ne</span> <span class='ocrx_word' id='word_1_839' title='bbox 3519 4781 3641 4853; x_wconf 88' lang='lat' dir='ltr'>fato</span> 
     </span>
    </p>
   </div>
   <div class='ocr_carea' id='block_1_115' title="bbox 1985 4869 3641 4948">
    <p class='ocr_par' dir='ltr' id='par_1_115' title="bbox 1985 4869 3641 4948">
     <span class='ocr_line' id='line_1_115' title="bbox 1985 4869 3641 4948; baseline 0.002 -22"><span class='ocrx_word' id='word_1_840' title='bbox 1985 4869 2291 4944; x_wconf 89' lang='lat' dir='ltr'>premitur,</span> <span class='ocrx_word' id='word_1_841' title='bbox 2348 4885 2457 4926; x_wconf 90' lang='lat' dir='ltr'>nec</span> <span class='ocrx_word' id='word_1_842' title='bbox 2511 4870 2766 4927; x_wconf 88' lang='lat' dir='ltr'>fortuitis</span> <span class='ocrx_word' id='word_1_843' title='bbox 2832 4870 3074 4943; x_wconf 84' lang='lat' dir='ltr'>casibus</span> <span class='ocrx_word' id='word_1_844' title='bbox 3129 4871 3476 4948; x_wconf 77' lang='lat' dir='ltr'>impeditur,</span> <span class='ocrx_word' id='word_1_845' title='bbox 3530 4888 3641 4929; x_wconf 90' lang='lat' dir='ltr'>nec</span> 
     </span>
    </p>
   </div>
   <div class='ocr_carea' id='block_1_116' title="bbox 1985 4957 3642 5039">
    <p class='ocr_par' dir='ltr' id='par_1_116' title="bbox 1985 4957 3642 5039">
     <span class='ocr_line' id='line_1_116' title="bbox 1985 4957 3642 5039; baseline 0.003 -24"><span class='ocrx_word' id='word_1_846' title='bbox 1985 4957 2109 5015; x_wconf 89' lang='lat' dir='ltr'>ulla</span> <span class='ocrx_word' id='word_1_847' title='bbox 2131 4957 2439 5039; x_wconf 86' lang='lat' dir='ltr'>iniquitate</span> <span class='ocrx_word' id='word_1_848' title='bbox 2469 4959 2895 5032; x_wconf 89' lang='lat' dir='ltr'>corrumpitur,</span> <span class='ocrx_word' id='word_1_849' title='bbox 2926 4963 2990 5015; x_wconf 91' lang='lat' dir='ltr'>ut</span> <span class='ocrx_word' id='word_1_850' title='bbox 3016 4965 3411 5023; x_wconf 85' lang='lat' dir='ltr'>renascantur</span> <span class='ocrx_word' id='word_1_851' title='bbox 3427 4962 3507 5026; x_wconf 86' lang='lat' dir='ltr'>ad</span> <span class='ocrx_word' id='word_1_852' title='bbox 3521 4962 3642 5023; x_wconf 65' lang='lat' dir='ltr'>ha;-</span> 
     </span>
    </p>
   </div>
   <div class='ocr_carea' id='block_1_117' title="bbox 1985 5045 3639 5126">
    <p class='ocr_par' dir='ltr' id='par_1_117' title="bbox 1985 5045 3639 5126">
     <span class='ocr_line' id='line_1_117' title="bbox 1985 5045 3639 5126; baseline 0.005 -23"><span class='ocrx_word' id='word_1_853' title='bbox 1985 5045 2295 5103; x_wconf 87' lang='lat' dir='ltr'>reditatem</span> <span class='ocrx_word' id='word_1_854' title='bbox 2326 5048 2647 5115; x_wconf 67' lang='lat' dir='ltr'>caelestem,</span> <span class='ocrx_word' id='word_1_855' title='bbox 2673 5063 2796 5104; x_wconf 91' lang='lat' dir='ltr'>non</span> <span class='ocrx_word' id='word_1_856' title='bbox 2823 5047 3082 5105; x_wconf 89' lang='lat' dir='ltr'>consulit</span> <span class='ocrx_word' id='word_1_857' title='bbox 3110 5049 3395 5107; x_wconf 89' lang='lat' dir='ltr'>omnibus</span> <span class='ocrx_word' id='word_1_858' title='bbox 3421 5068 3639 5126; x_wconf 89' lang='lat' dir='ltr'>parvu-</span> 
     </span>
    </p>
   </div>
   <div class='ocr_carea' id='block_1_118' title="bbox 1984 5136 3637 5203">
    <p class='ocr_par' dir='ltr' id='par_1_118' title="bbox 1984 5136 3637 5203">
     <span class='ocr_line' id='line_1_118' title="bbox 1984 5136 3637 5203; baseline 0.004 -11"><span class='ocrx_word' id='word_1_859' title='bbox 1984 5136 2055 5192; x_wconf 91' lang='lat' dir='ltr'>lis</span> <span class='ocrx_word' id='word_1_860' title='bbox 2100 5136 2361 5192; x_wconf 90' lang='lat' dir='ltr'>ﬁliorum</span> <span class='ocrx_word' id='word_1_861' title='bbox 2404 5152 2673 5203; x_wconf 91' lang='lat' dir='ltr'>suorum,</span> <span class='ocrx_word' id='word_1_862' title='bbox 2706 5142 2765 5193; x_wconf 91' lang='lat' dir='ltr'>et</span> <span class='ocrx_word' id='word_1_863' title='bbox 2800 5137 3107 5194; x_wconf 91' lang='lat' dir='ltr'>nonnullis</span> <span class='ocrx_word' id='word_1_864' title='bbox 3157 5140 3412 5196; x_wconf 90' lang='lat' dir='ltr'>consulit</span> <span class='ocrx_word' id='word_1_865' title='bbox 3457 5142 3637 5199; x_wconf 91' lang='lat' dir='ltr'>etiam</span> 
     </span>
    </p>
   </div>
   <div class='ocr_carea' id='block_1_119' title="bbox 1985 5225 3639 5298">
    <p class='ocr_par' dir='ltr' id='par_1_119' title="bbox 1985 5225 3639 5298">
     <span class='ocr_line' id='line_1_119' title="bbox 1985 5225 3639 5298; baseline 0.004 -18"><span class='ocrx_word' id='word_1_866' title='bbox 1985 5225 2253 5297; x_wconf 88' lang='lat' dir='ltr'>parvulis</span> <span class='ocrx_word' id='word_1_867' title='bbox 2278 5226 2621 5298; x_wconf 89' lang='lat' dir='ltr'>impiorum.</span> <span class='ocrx_word' id='word_1_868' title='bbox 2654 5229 2718 5282; x_wconf 88' lang='lat' dir='ltr'>Et</span> <span class='ocrx_word' id='word_1_869' title='bbox 2744 5226 2850 5282; x_wconf 89' lang='lat' dir='ltr'>iste</span> <span class='ocrx_word' id='word_1_870' title='bbox 2881 5226 3078 5284; x_wconf 87' lang='lat' dir='ltr'>infans</span> <span class='ocrx_word' id='word_1_871' title='bbox 3098 5228 3173 5285; x_wconf 92' lang='lat' dir='ltr'>de</span> <span class='ocrx_word' id='word_1_872' title='bbox 3200 5227 3479 5285; x_wconf 88' lang='lat' dir='ltr'>ﬁdelibus</span> <span class='ocrx_word' id='word_1_873' title='bbox 3500 5246 3639 5286; x_wconf 87' lang='lat' dir='ltr'>con-</span> 
     </span>
    </p>
   </div>
   <div class='ocr_carea' id='block_1_120' title="bbox 1979 5315 3614 5393">
    <p class='ocr_par' dir='ltr' id='par_1_120' title="bbox 1979 5315 3614 5393">
     <span class='ocr_line' id='line_1_120' title="bbox 1979 5315 3614 5393; baseline 0.004 -23"><span class='ocrx_word' id='word_1_874' title='bbox 1979 5315 2202 5385; x_wconf 87' lang='lat' dir='ltr'>jugatis</span> <span class='ocrx_word' id='word_1_875' title='bbox 2253 5320 2437 5377; x_wconf 88' lang='lat' dir='ltr'>ortus,</span> <span class='ocrx_word' id='word_1_876' title='bbox 2489 5316 2696 5372; x_wconf 65' lang='lat' dir='ltr'>laetitia</span> <span class='ocrx_word' id='word_1_877' title='bbox 2749 5322 3074 5389; x_wconf 88' lang='lat' dir='ltr'>parentum</span> <span class='ocrx_word' id='word_1_878' title='bbox 3124 5323 3461 5393; x_wconf 76' lang='lat' dir='ltr'>susceptus,</span> <span class='ocrx_word' id='word_1_879' title='bbox 3515 5336 3614 5381; x_wconf 85' lang='lat' dir='ltr'>ma</span> 
     </span>
    </p>
   </div>
   <div class='ocr_carea' id='block_1_121' title="bbox 1984 5403 3635 5483">
    <p class='ocr_par' dir='ltr' id='par_1_121' title="bbox 1984 5403 3635 5483">
     <span class='ocr_line' id='line_1_121' title="bbox 1984 5403 3635 5483; baseline 0.004 -24"><span class='ocrx_word' id='word_1_880' title='bbox 1984 5403 2088 5459; x_wconf 89' lang='lat' dir='ltr'>tris</span> <span class='ocrx_word' id='word_1_881' title='bbox 2116 5405 2205 5461; x_wconf 86' lang='lat' dir='ltr'>vel</span> <span class='ocrx_word' id='word_1_882' title='bbox 2248 5405 2462 5461; x_wconf 89' lang='lat' dir='ltr'>nutrici</span> <span class='ocrx_word' id='word_1_883' title='bbox 2496 5406 2892 5463; x_wconf 89' lang='lat' dir='ltr'>somnolentia</span> <span class='ocrx_word' id='word_1_884' title='bbox 2931 5405 3281 5483; x_wconf 72' lang='lat' dir='ltr'>suffocatus,</span> <span class='ocrx_word' id='word_1_885' title='bbox 3309 5407 3375 5463; x_wconf 90' lang='lat' dir='ltr'>ﬁt</span> <span class='ocrx_word' id='word_1_886' title='bbox 3431 5424 3635 5479; x_wconf 79' lang='lat' dir='ltr'>exsors</span> 
     </span>
    </p>
   </div>
   <div class='ocr_carea' id='block_1_122' title="bbox 2056 5509 2993 5571">
    <p class='ocr_par' dir='ltr' id='par_1_122' title="bbox 2056 5509 2993 5571">
     <span class='ocr_line' id='line_1_122' title="bbox 2056 5509 2993 5571; baseline 0.005 -6"><span class='ocrx_word' id='word_1_887' title='bbox 2056 5517 2076 5538; x_wconf 83' lang='lat'><strong>&#39;</strong></span> <span class='ocrx_word' id='word_1_888' title='bbox 2105 5510 2333 5566; x_wconf 87' lang='lat' dir='ltr'>Hincm.</span> <span class='ocrx_word' id='word_1_889' title='bbox 2362 5509 2401 5567; x_wconf 86' lang='grc' dir='ltr'>Ι.</span> <span class='ocrx_word' id='word_1_890' title='bbox 2432 5511 2506 5568; x_wconf 88' lang='lat' dir='ltr'>de</span> <span class='ocrx_word' id='word_1_891' title='bbox 2531 5513 2819 5569; x_wconf 69' lang='lat' dir='ltr'>Prasdest.</span> <span class='ocrx_word' id='word_1_892' title='bbox 2853 5529 2908 5570; x_wconf 85' lang='grc' dir='ltr'><strong>ο.</strong></span> <span class='ocrx_word' id='word_1_893' title='bbox 2941 5519 2993 5571; x_wconf 90' lang='grc'>7.</span> 
     </span>
    </p>
   </div>
  </div>
