4098 6176
431 100 536 155 983

435 314 644 383 stupro
671 309 959 376 nascitur,
992 308 1218 364 crudeli
1263 309 1474 365 timore
1505 309 1711 366 matris
1741 307 2080 380 exponitur,

433 399 766 456 alienorum
825 397 1200 453 misericordi
1246 398 1462 470 pietate
1515 398 1832 468 colligitur,
1873 411 2084 452 eorum

431 486 768 542 Christiana
793 485 1189 542 sollicitudine
1218 487 1578 560 baptizatus,
1609 488 1676 543 fit
1705 485 1908 542 aeterni
1942 499 2084 540 con-

435 591 566 631 sors
630 579 688 630 et
730 574 1028 648 particeps
1058 577 1246 644 regni.
1281 581 1396 633 Ista
1427 577 1704 646 cogitent,
1751 576 1868 631 ista
1896 573 2088 630 consi-

433 663 661 732 derent,
695 664 790 719 hic
815 663 1079 720 audeant
1119 665 1314 720 dicere
1345 667 1529 721 Deum
1577 664 1664 721 vel
1709 667 2086 736 acceptorem

435 753 497 808 in
543 768 655 808 sua
712 753 903 823 gratia
959 769 1381 825 personarum,
1431 754 1524 810 vel
1577 756 2086 810 remuneratorem

434 841 906 915 praecedentium
932 842 1302 899 meritorum.

508 934 652 987 Item
681 929 742 985 in
776 931 991 987 eadem
1017 948 1029 986 :
1057 932 1104 987 0
1131 933 1388 987 altitudo
1410 933 1760 989 divitiarum
1781 931 2088 1002 sapientix

437 1025 492 1076 et
536 1020 795 1076 scientiae
840 1024 957 1089 Dei,
990 1035 1169 1092 quam
1215 1022 1635 1078 inscrutabilia
1672 1026 1812 1077 sunt
1849 1019 2089 1090 judicia

437 1111 584 1180 ejus,
616 1115 670 1165 et
701 1109 1140 1180 investigabiles
1169 1112 1279 1165 viae
1307 1112 1436 1181 ejus
1456 1116 1475 1166 ,ν
1506 1113 1693 1182 (Rom.
1717 1110 1796 1182 χι)
1826 1113 1953 1166 Νοιι
1979 1107 2088 1165 ita-

439 1213 560 1270 que
591 1197 1021 1254 misericordiae
1048 1199 1318 1268 gratuitae
1347 1199 1449 1255 Dei
1476 1199 1956 1271 pertinacissima
1981 1196 2088 1254 ad-

437 1291 748 1343 versentur
777 1286 1039 1343 insania.
1070 1286 1269 1344 Sciant
1299 1288 1404 1360 [al.
1435 1288 1653 1360 sinant]
1683 1287 1874 1344 ﬁlium
1893 1285 2090 1344 homi-

437 1375 532 1431 nis
577 1376 640 1430 in
667 1375 934 1447 qualibet
981 1380 1170 1431 intatae
1213 1392 1481 1448 quaerere
1511 1381 1567 1434 et
1616 1376 1850 1434 salvum
1897 1376 2090 1432 facere

439 1464 606 1536 quod
629 1463 910 1536 perierat;
939 1479 1050 1519 nec
1079 1463 1153 1520 de
1183 1465 1674 1522 inscrutabilibus
1688 1465 1931 1536 judiciis
1961 1465 2090 1536 ejus

1522 100 1578 152 S.
1622 95 1992 154 PRUDENTII
2031 86 2407 149 TRECENSIS
2450 90 2776 149 EPISCOPI.

432 225 490 278 et
514 236 727 294 expers
771 221 912 296 ﬁdei
955 236 1243 289 suorum;
1296 220 1390 277 ille
1440 220 1636 278 infans
1679 221 1754 276 de
1787 217 2079 286 sacrilego
2109 225 2157 278 A

3750 93 3864 148 986

2825 212 3050 269 CAPUT
3093 209 3214 265 VII.

2385 304 2482 359 Ex
2505 304 2689 359 variis
2722 303 2889 358 libris
2914 301 3177 372 ejusdem
3207 301 3270 356 S.
3297 300 3646 368 Augustini.

2263 392 2572 462 Augustini
2597 396 2802 447 contra
2826 391 3134 458 Pelagium
3159 388 3312 444 libro
3343 405 3382 443 ιι
3423 390 3661 458 (contra
3700 393 3865 449 duas

2191 483 2359 551 epist.
2390 482 2601 552 Pelag.
2644 480 2682 537 l.
2713 497 2777 550 ιι,
2809 497 2946 554 cap.
2979 483 3056 546 7).
3105 477 3286 535 Nobis
3334 477 3396 534 in
3430 477 3676 536 duobus
3730 482 3866 539 istis

2193 570 2446 641 geminis
2477 587 2661 627 unam
2700 570 2911 643 procul
2941 569 3127 626 dubio
3174 568 3542 625 habentibus
3573 587 3860 640 causam,

2193 659 2603 716 difﬁcultatem
2632 660 2980 734 quaestionis
3015 675 3121 715 cur
3160 658 3312 715 alius
3369 658 3472 726 sic,
3506 659 3662 717 alius
3712 679 3862 719 vero

2193 748 2278 804 sic
2306 753 2577 805 mortuus
2606 754 2712 816 est,
2744 747 2904 805 velut
2933 764 3056 804 non
3087 747 3378 804 solvendo
3401 747 3579 805 solvit
3603 753 3861 823 Aposto-

2191 836 2307 894 lus.
2338 838 2448 904 Qui
2478 854 2616 894 cum
2669 842 2726 895 et
2771 838 2898 912 ipse
2940 837 3015 895 de
3052 836 3294 893 duobus
3323 837 3578 908 geminis
3603 839 3723 896 tale
3756 840 3860 897 ali-

2191 925 2341 1000 quid
2368 927 2800 1000 proposuisset,
2827 929 3071 999 propter
3097 925 3264 999 quod
3295 942 3417 981 non
3439 942 3514 982 ex
3543 929 3856 1000 operibus,

2193 1015 2337 1090 quia
2362 1017 2636 1072 nondum
2662 1015 2888 1089 operati
2915 1015 3148 1071 fuerant
3178 1013 3408 1087 aliquid
3435 1014 3581 1071 boni
3602 1016 3700 1073 vel
3730 1034 3861 1074 ma—

2193 1103 2256 1172 li,
2287 1105 2393 1160 sed
2418 1121 2492 1161 ex
2520 1109 2774 1161 vocante
2804 1103 3031 1160 dictum
3060 1107 3178 1159 est:
3210 1104 3647 1173 Majorserviet
3672 1110 3860 1164 mino-

2195 1194 2294 1263 ri;
2323 1196 2390 1249 Et
2416 1212 2429 1250 :
2456 1193 2642 1250 Jacob
2662 1194 2869 1258 dilexi,
2887 1194 3051 1249 Esau
3067 1198 3264 1249 autem
3293 1193 3428 1248 odio
3455 1192 3642 1250 habui
3662 1196 3854 1266 (Rom.

2194 1283 2306 1352 1x);
2357 1286 2414 1338 et
2454 1281 2616 1338 hunc
2661 1283 2767 1354 [al.
2802 1281 3006 1353 hujus]
3063 1280 3490 1354 profunditatis
3544 1283 3857 1340 horrorem

2195 1387 2388 1444 usque
2424 1370 2502 1427 ad
2531 1371 2646 1427 hoc
2675 1370 3072 1443 perduxisset,
3105 1374 3171 1425 ut
3197 1369 3454 1426 diceret:
3489 1372 3651 1442 Ergo
3683 1375 3858 1442 cujus

2197 1461 2327 1517 vult
2357 1461 2690 1532 miseretur,
2723 1467 2779 1517 et
2809 1476 2980 1533 quem
3019 1461 3149 1516 vult
3181 1459 3464 1523 obdurat,
3500 1463 3688 1517 sensit
3717 1479 3854 1518 con-

441 1551 704 1608 audeant
727 1552 1022 1622 judicare,
1053 1567 1159 1608 cur
1181 1552 1242 1607 in
1268 1569 1391 1608 una
1418 1555 1749 1627 eademque
1780 1569 1964 1610 causa
1998 1569 2090 1608 su—
2121 1575 2160 1628 Β
2196 1551 2362 1606 tinuo
2406 1550 2553 1623 quid
2605 1555 2890 1617 moveret,
2923 1554 2978 1606 et
3019 1549 3131 1605 sibi
3175 1549 3364 1605 verba
3393 1551 3851 1608 contradicentis

439 1655 548 1713 per
577 1639 762 1695 alium
806 1640 1006 1696 veniat
1050 1640 1459 1698 misericordia
1505 1643 1654 1714 ejus,
1690 1658 1871 1716 super
1904 1641 2089 1698 alium

439 1732 685 1784 maneat
729 1728 819 1784 ira
849 1728 1000 1799 ejus.
1032 1729 1142 1794 Qui
1171 1730 1333 1786 enim
1372 1735 1511 1788 sunt
1557 1730 1651 1787 isti
1701 1730 1807 1804 qui
1846 1745 2092 1803 respon-

439 1816 624 1873 deant
672 1818 813 1887 Deo,
842 1817 1342 1891 quandoquidem
1384 1819 1480 1875 ille
1539 1819 1816 1876 Rebeccae
1843 1818 2090 1875 habenti

439 1905 716 1978 geminos
763 1922 834 1962 ex
883 1922 1006 1963 uno
1059 1907 1382 1964 concubitu
1440 1911 1604 1965 Isaac
1650 1909 1834 1982 patris
1879 1907 2088 1974 nostri,

438 2011 579 2052 cum
603 1994 686 2051 illi
706 1994 981 2052 nondum
1003 1996 1147 2063 nati,
1165 1997 1315 2053 nihil
1345 1997 1605 2067 egissent
1630 1997 1778 2054 boni
1803 1997 1894 2054 vel
1922 1996 2086 2064 mali,

436 2087 503 2140 ut
531 2084 866 2140 secundum
896 2084 1247 2142 electionem
1295 2086 1673 2159 propositum
1713 2087 1842 2158 ejus
1884 2101 2088 2142 mane-

433 2176 550 2230 ret:
579 2173 930 2230 electionem
958 2174 1181 2232 scilicet
1213 2175 1439 2246 gratiae,
1471 2191 1594 2232 non
1619 2176 1826 2247 debiti,
1859 2175 2090 2231 electio-

434 2276 575 2318 nem
601 2279 725 2336 qua
753 2261 1063 2333 eligendos
1084 2262 1225 2320 facit
1253 2263 1402 2338 ipse,
1420 2280 1546 2320 non
1571 2265 1834 2332 invenit;
1866 2280 1990 2320 non
2015 2279 2088 2320 ex

433 2351 742 2425 operibus,
775 2352 882 2408 sed
912 2369 985 2408 ex
1010 2357 1260 2410 vocante
1287 2353 1450 2421 dicit,
1483 2354 1698 2410 minori
1725 2354 2085 2410 serviturum

433 2456 564 2498 esse
597 2441 938 2513 majorem?
965 2446 1028 2497 In
1059 2458 1245 2514 quam
1277 2447 1631 2499 sententiam
1652 2444 1864 2499 beatus
1896 2447 2085 2516 Apos-

432 2528 590 2585 tolus
619 2529 801 2585 etiam
823 2529 1232 2586 testimonium
1262 2532 1570 2603 prophetae
1591 2531 1767 2600 longe
1792 2531 2083 2604 posterio-

430 2614 513 2671 ris
544 2617 908 2688 assumpsit:
941 2617 1129 2672 Jacob
1157 2617 1368 2688 dilexi,
1394 2619 1559 2674 Esau
1589 2625 1787 2675 autem
1809 2619 1940 2674 odio
1973 2617 2083 2674 ha-

435 2703 538 2758 bui
560 2701 851 2772 (Malach.
883 2709 922 2768 ι)
949 2721 961 2770 ;
993 2707 1059 2758 ut
1087 2703 1507 2773 intelligeretur
1525 2705 1640 2761 hoc
1671 2711 1944 2779 apertum
1974 2722 2081 2778 po-

431 2793 559 2847 stea
577 2806 686 2862 per
713 2791 1094 2864 prophetam,
1116 2791 1283 2864 quod
1303 2797 1629 2866 antequam
1655 2794 1738 2850 illi
1771 2810 2084 2851 nasceren-

429 2882 546 2946 tur,
575 2883 704 2936 erat
729 2879 791 2936 in
818 2879 920 2936 Dei
949 2879 1475 2954 praedestinatione
1503 2899 1610 2957 per
1636 2883 1910 2955 gratiam.
1927 2883 2082 2950 Quid

2196 1638 2299 1710 [al.
2333 1639 2472 1695 add.
2502 1656 2638 1712 quae
2670 1638 2997 1712 apostolica
3018 1638 3368 1694 auctoritate
3401 1640 3718 1713 coerceret]
3739 1657 3846 1713 op-

2193 1727 2411 1800 posuit.
2444 1728 2536 1784 Ait
2563 1728 2751 1784 enim:
2784 1729 2950 1784 Dices
2997 1727 3197 1797 itaque
3245 1729 3428 1784 mihi:
3462 1728 3617 1794 Quid
3641 1728 3841 1784 adhuc

2195 1817 2622 1887 conqueritur?
2651 1831 2790 1872 nam
2823 1815 3127 1871 voluntati
3141 1816 3270 1884 ejus
3298 1817 3422 1886 quis
3446 1815 3711 1870 resistit?
3730 1817 3830 1870 Re-

2195 1904 2558 1977 sponditque
2601 1904 2714 1960 ista
2759 1903 3016 1959 dicenti:
3060 1903 3108 1960 0
3148 1904 3334 1974 homo,
3360 1909 3422 1958 tu
3461 1905 3590 1974 quis
3621 1919 3680 1959 es
3733 1904 3837 1975 qui

2193 1993 2551 2062 respondeas
2580 1993 2700 2049 Deo
2722 1993 2750 2049 ‘l
2787 1992 3098 2062 Numquid
3120 1992 3267 2048 dicit
3295 1993 3640 2062 ﬁgmentum
3667 1993 3722 2048 ei
3742 1993 3845 2062 qui

2192 2097 2255 2138 se
2276 2083 2496 2150 ﬁnxit:
2524 2081 2721 2149 Quare
2748 2084 2833 2137 sic
2861 2096 2952 2137 me
2973 2082 3218 2152 fecisti?
3243 2082 3462 2136 Annon
3490 2081 3665 2137 habet
3696 2087 3849 2151 pote-

2191 2176 2403 2228 statem
2443 2172 2668 2243 ﬁgulus
2703 2172 2818 2227 luti
2851 2186 2923 2228 e1;
2973 2169 3173 2227 eadem
3225 2185 3424 2226 massa
3448 2171 3653 2239 facere
3681 2169 3849 2225 aliud

2193 2261 2428 2332 quidem
2445 2277 2544 2317 vos
2560 2262 2622 2316 in
2643 2259 3124 2327 honorem,aliud
3138 2259 3201 2314 in
3217 2259 3642 2316 contumeliam
3661 2260 3848 2326 (Rom.

2189 2349 2312 2420 1x)?
2343 2349 2564 2405 Deinde
2585 2353 2854 2406 secutum
2873 2353 2998 2404 tam
3024 2363 3318 2417 magnum
3341 2346 3741 2420 abditumque
3765 2363 3847 2402 se-

2192 2441 2442 2505 cretum,
2471 2443 2767 2510 quantum
2800 2437 3192 2510 aperiendum
3223 2452 3356 2492 esse
3387 2435 3740 2492 hominibus
3763 2436 3848 2507 ju-

2190 2525 2432 2596 dicavit,
2492 2527 2724 2600 aperuit
2775 2526 3015 2582 dicens:
3059 2527 3128 2582 Si
3181 2531 3382 2582 autem
3432 2527 3636 2582 volens
3701 2527 3848 2581 Deus

2191 2615 2496 2672 ostendere
2543 2617 2720 2686 iram,
2754 2622 2808 2672 et
2852 2615 3263 2672 demonstrare
3295 2616 3626 2684 potentiam
3655 2630 3846 2686 suam,

2190 2706 2399 2762 attulit
2429 2705 2491 2760 in
2536 2707 2731 2760 multa
2759 2706 3053 2774 patientia
3087 2718 3232 2760 vasa
3261 2705 3388 2768 irae,
3420 2719 3552 2776 qua:
3579 2704 3849 2774 per/ecta

2191 2799 2330 2851 sunt
2349 2795 2412 2849 in
2433 2794 2847 2864 perditionem,
2867 2799 2921 2850 et
2937 2798 3003 2849 ut
3026 2798 3197 2849 notas
3215 2793 3446 2864 faceret
3467 2793 3713 2848 divitias
3724 2793 3846 2863 glo-

2190 2885 2299 2940 ria:
2342 2897 2463 2939 sum
2492 2884 2552 2938 in
2581 2897 2725 2939 vasa
2748 2881 3192 2945 misericordia",
3221 2897 3355 2951 qua:
3377 2882 3756 2952 praeparavit
3785 2883 3846 2936 in

429 2967 593 3024 enim
619 2968 920 3039 dilegebat
946 2969 1008 3025 in
1037 2970 1225 3027 Jacob
1269 2976 1594 3046 antequam
1643 2978 1818 3030 natus
1847 2973 2082 3030 fecisset
2110 2967 2149 2982 ν
2187 2972 2447 3043 gloriam
2478 2969 2699 3042 (lbid.).
2732 2969 2854 3026 Hoc
2885 2975 2974 3026 est
3001 2969 3206 3041 gratiae
3234 2969 3335 3025 Dei
3363 2985 3486 3024 non
3518 2968 3721 3024 solum
3747 2967 3848 3024 ad-

428 3056 659 3130 aliquid
691 3058 851 3124 boni,
870 3058 985 3114 nisi
1010 3060 1336 3130 gratuitum
1366 3061 1789 3119 misericordiae
1821 3079 1944 3118 sum
1974 3062 2078 3120 do-

425 3145 624 3201 num?
667 3149 734 3202 Et
777 3147 881 3220 qui
934 3147 1142 3205 oderat
1168 3149 1231 3205 in
1275 3151 1449 3220 Esau,
1482 3155 1808 3224 antequam
1850 3151 2077 3207 fecisset

427 3232 658 3305 aliquid
684 3234 848 3305 mali,
879 3236 994 3292 nisi
1013 3236 1300 3308 originale
1324 3241 1684 3311 peccatum?
1707 3243 1858 3296 Nam
1884 3254 2080 3313 neque

425 3320 487 3378 in
531 3321 632 3378 illo
667 3322 936 3393 diligeret
960 3325 1274 3396 justitiam,
1304 3342 1491 3399 quam
1538 3328 1767 3384 nullam
1806 3329 1900 3384 ille
1929 3328 2079 3384 fece-

425 3414 556 3467 rat:
588 3427 786 3485 neque
813 3413 876 3468 in
904 3413 1015 3470 isto
1045 3414 1276 3471 odisset
1302 3420 1603 3488 naturam,
1635 3434 1821 3490 quam
1849 3419 2080 3475 bonam

425 3499 559 3573 ipse
592 3501 942 3572 perfecerat.

498 3589 648 3644 Item
693 3590 757 3645 in
803 3591 1051 3648 eadem:
1103 3592 1171 3649 Si
1193 3598 1390 3650 autem
1433 3597 1656 3668 gratia,
1681 3599 1816 3666 jam
1855 3613 1975 3654 non
2006 3613 2082 3654 ex

427 3678 724 3748 operibus,
757 3681 990 3752 alioqui
1016 3683 1221 3753 gratia
1241 3685 1376 3753 jam
1406 3699 1527 3740 non
1553 3691 1636 3741 est
1664 3687 1869 3756 gratia
1884 3689 2074 3755 (Rom.

425 3767 520 3839 χι).
553 3768 897 3825 Secundum
925 3769 1082 3827 hanc
1112 3787 1256 3842 ergo
1277 3773 1552 3842 gratiam,
1575 3775 1754 3831 etiam
1777 3776 2080 3850 propheti-

426 3870 567 3911 cum
597 3857 1007 3916 testimonium
1057 3866 1493 3934 consequenter
1538 3879 1877 3929 assumens,
1910 3867 2081 3922 Sicut

424 3947 718 4015 scriptum
737 3953 845 4014 est,
861 3948 1074 4020 inquit,
1091 3950 1275 4006 Jacob
1292 3952 1522 4023 dilexi;
1548 3953 1712 4010 Esau
1734 3960 1929 4012 autem
1948 3955 2081 4012 odio

427 4035 646 4102 habui;
691 4039 749 4091 et
778 4037 1102 4094 continuo:
1165 4039 1322 4107 Quid
1367 4056 1507 4113 ergo
1554 4043 1826 4111 dicimus,
1867 4044 2080 4118 inquit,

425 4123 706 4192 nunquid
731 4123 1020 4196 iniquitas
1035 4132 1120 4183 est
1147 4129 1315 4197 apud
1331 4131 1562 4187 Deum?
1590 4131 1780 4188 Absit.
1803 4132 1917 4190 Sed
1938 4149 2084 4206 qua-

427 4225 514 4278 re,
546 4211 738 4267 absit?
765 4214 858 4268 An
881 4220 1126 4288 propter
1149 4231 1336 4289 opera
1362 4235 1501 4292 quae
1530 4219 1730 4276 futura
1751 4221 2085 4293 presciebat

428 4297 801 4358 amborum?
828 4283 954 4360 Iino
982 4283 1039 4360 et
1065 4283 1411 4364 hoc-absiti
1456 4308 1645 4366 Moses
1689 4283 1843 4366 enim
1893 4311 2084 4369 dicit:
2123 4283 2166 4338 Β

426 4388 752 4446 Miserebor
779 4393 878 4448 cui
904 4395 1179 4452 misertus
1196 4411 1318 4464 ero,
1350 4402 1405 4454 et
1433 4399 1903 4456 misericordiam
1929 4416 2086 4470 prae-

427 4477 598 4532 stabo
618 4479 720 4534 cui
735 4481 1070 4538 misericors
1093 4483 1289 4553 fuero.
1322 4485 1524 4555 Igitur
1549 4502 1658 4543 nec
1685 4489 1958 4555 volentis,
1989 4505 2086 4546 ne-

429 4581 543 4638 que
587 4571 910 4637 currentis,
958 4571 1062 4629 sed
1101 4573 1433 4631 miserentis
1460 4581 1544 4632 est
1590 4577 1704 4634 Dei
1750 4577 1933 4649 (Rom.
1981 4579 2082 4651 ιχ).

405 4655 622 4727 "Atque
643 4661 710 4714 ut
727 4657 790 4714 in
800 4659 964 4716 vasis
984 4676 1120 4732 quae
1137 4661 1399 4734 perfecta
1421 4668 1560 4720 sunt
1588 4664 1650 4721 in
1667 4665 2086 4740 perditionem,

427 4757 566 4814 quae
595 4744 898 4805 damnatae
925 4748 1128 4808 debita
1165 4756 1253 4809 est
1296 4769 1534 4823 massae,
1564 4761 1898 4826 agnoscant
1942 4773 2090 4816 vasa

429 4844 504 4919 ei:
527 4831 741 4919 eadem
768 4852 978 4895 massa
1006 4838 1164 4897 facta
1191 4841 1255 4897 in
1284 4843 1601 4912 honorem,
1624 4845 1767 4919 quid
1802 4847 1886 4903 eis
1915 4848 2091 4904 mise-

428 4914 687 5008 ricordia
712 4921 916 4981 divina
940 4925 1154 4997 largita
1179 4929 1272 5002 sit,
1289 4933 1437 4990 dicit
1459 4914 1867 5008 enim,inquit,
1889 4936 2092 5007 Scrip-

432 5008 574 5059 tura
605 5007 686 5061 ad
729 5009 1147 5072 Pharaonem:
1189 5018 1343 5084 Quia
1368 5022 1449 5077 ad
1493 5024 1603 5080 hoc
1633 5029 1689 5081 te
1717 5007 1995 5091 excitavi,
2024 5031 2090 5080 ut

433 5095 739 5152 ostendam
765 5101 830 5154 in
874 5105 929 5156 te
958 5106 1315 5171 patientiam
1345 5127 1557 5181 meam,
1593 5119 1646 5169 et
1702 5119 1767 5167 ut
1797 5114 2093 5182 gloriﬁce-

434 5187 536 5272 tur
558 5198 769 5242 nomen
798 5203 991 5246 meum
1015 5194 1076 5248 in
1110 5195 1390 5256 universa
1422 5205 1585 5257 terra
1612 5202 1832 5272 (Exod.
1855 5202 1950 5270 lx).
1985 5203 2092 5256 De-

431 5269 614 5342 nique
637 5273 715 5328 ad
731 5279 1052 5352 utrumque
1081 5283 1407 5344 concludit:
1439 5269 1800 5360 Ergo'cujus
1831 5269 1960 5345 vult
1985 5290 2093 5345 mi-

430 5366 681 5431 seretur,
706 5371 760 5421 et
778 5381 950 5438 quem
977 5373 1106 5428 vult
1129 5372 1404 5434 obdurat.
1429 5379 1550 5434 Hoc
1570 5379 1708 5435 facit
1731 5378 1894 5452 apud
1905 5393 2091 5450 quem

431 5461 557 5555 npn
593 5454 686 5555 est
716 5453 1021 5555 iniquitas.
1053 5461 1356 5555 Illiseretur
1382 5467 1587 5555 itaque
1615 5468 1872 5548 gratuito
1902 5466 2088 5536 dono,

431 5537 692 5600 obdurat
717 5549 918 5605 autem
951 5550 1287 5625 justissimo
1317 5537 1549 5624 meritro.

2184 3059 2496 3132 jutorium,
2527 3075 2733 3115 verum
2765 3059 2944 3114 etiam
2973 3058 3436 3114 documentum:
3471 3057 3844 3127 adjutorium

2189 3147 2409 3205 scilicet
2437 3149 2497 3204 in
2523 3148 2682 3205 vasis
2711 3146 3162 3203 misericordiae:
3204 3147 3264 3202 in
3296 3147 3456 3202 vasis
3489 3152 3695 3202 autem
3724 3146 3847 3215 iraa,

2188 3239 2639 3296 documentum.
2675 3243 2738 3295 In
2791 3239 2874 3294 eis
2935 3238 3095 3294 enim
3151 3238 3408 3295 ostendit
3447 3237 3623 3308 iram,
3655 3242 3709 3294 et
3737 3237 3846 3292 do-

2189 3335 2485 3386 monstrat
2529 3329 2860 3403 potentiam
2915 3345 3127 3385 suam:
3181 3329 3326 3402 quia
3370 3334 3492 3384 tam
3519 3333 3734 3402 potens
3763 3332 3854 3383 est

2190 3417 2427 3475 bonitas
2459 3419 2614 3490 ejus,
2647 3423 2707 3474 ut
2748 3418 2902 3478 bene
2930 3422 3127 3474 utatur
3153 3417 3334 3473 etiam
3365 3416 3560 3483 malis,
3593 3420 3651 3472 et
3675 3416 3738 3471 in
3765 3415 3852 3471 eis

2188 3507 2331 3564 facit
2371 3507 2610 3564 divitias
2640 3507 2842 3578 gloriaa
2899 3524 3022 3563 suae
3081 3507 3142 3562 in
3187 3523 3331 3563 vasa
3391 3505 3850 3573 misericordia};

2188 3598 2480 3672 quoniam
2505 3597 2671 3670 quod
2701 3597 2779 3653 ab
2804 3598 2907 3652 iraa
2938 3596 3096 3654 vasis
3128 3597 3308 3666 exigit
3341 3596 3569 3668 justitia
3595 3595 3854 3668 punien-

2189 3687 2286 3755 tis,
2309 3687 2424 3743 hoc
2449 3687 2611 3743 vasis
2639 3685 3062 3743 misericordiae
3098 3685 3338 3742 dimittit
3375 3686 3569 3755 gratia
3594 3685 3856 3740 liberan-

2191 3776 2303 3844 tis;
2361 3790 2471 3832 nec
2517 3774 2878 3831 beneﬁcium
2919 3774 3086 3847 quod
3134 3773 3503 3847 quibusdam
3535 3773 3720 3845 gratis
3752 3774 3855 3829 tri-

2188 3865 2410 3937 buitur,
2442 3868 2776 3938 appareret,
2809 3863 2922 3919 nisi
2951 3864 3104 3919 Deus
3134 3862 3266 3919 aliis
3299 3878 3371 3918 ex
3397 3861 3614 3918 eadem
3642 3877 3858 3918 massa

2191 3953 2410 4028 pariter
2453 3954 2566 4009 reis
2591 3953 2752 4026 justo
2791 3952 3020 4024 judicio
3068 3951 3504 4022 condemnatis,
3533 3951 3682 4023 quid
3712 3951 3846 4006 utri.

2192 4060 2342 4117 sque
2372 4043 2707 4110 deberetur,
2735 4042 3098 4098 ostenderet.

2261 4133 2578 4206 Augustini
2616 4138 2823 4189 contra
2875 4131 3207 4202 Pelagium,
3237 4131 3275 4186 l.
3309 4148 3367 4186 ιν
3410 4131 3666 4199 (Contra
3701 4131 3860 4187 duas

2194 4225 2363 4294 epist.
2395 4224 2606 4292 Pelag.
2633 4221 2671 4276 l.
2703 4237 2782 4288 1v,
2816 4237 2867 4276 c.
2905 4224 2992 4289 6):
3029 4220 3142 4278 Sed
3166 4236 3353 4292 quare
3394 4219 3543 4275 istos
3574 4220 3860 4276 homines

2195 4327 2338 4369 oves
2368 4310 2527 4380 facit,
2558 4314 2615 4366 et
2647 4309 2790 4365 istos
2838 4325 2961 4365 non
3017 4309 3175 4376 facit,
3208 4309 3372 4382 apud
3401 4325 3584 4381 quem
3614 4325 3740 4364 non
3770 4315 3861 4364 est

2197 4400 2462 4473 acceptio
2492 4399 2931 4472 personarum?
2958 4399 3091 4471 Ipsa
3124 4402 3211 4454 est
3239 4398 3492 4472 qu:r.stio
3513 4414 3701 4471 quam
3720 4399 3860 4454 bea-

2196 4496 2290 4548 tus
2317 4488 2635 4562 Apostolus
2668 4489 2940 4544 curiosus
2970 4505 3157 4560 quam
3188 4489 3470 4561 capacius
3509 4504 3857 4560 proponen-

2195 4580 2354 4636 tibus
2382 4580 2464 4635 ait
2491 4600 2502 4632 :
2537 4579 2584 4634 0
2626 4577 2816 4644 homo,
2853 4583 2917 4633 tu
2948 4579 3079 4649 quis
3105 4594 3163 4634 es
3194 4585 3258 4633 ut
3289 4579 3650 4648 respondeas
3678 4579 3794 4633 Deo
3826 4577 3856 4632 ?

2195 4668 2489 4740 Nunquid
2517 4669 2661 4725 dicit
2703 4669 3053 4738 ﬁgmentum
3093 4669 3145 4722 ei
3188 4668 3294 4737 qui
3319 4682 3377 4722 se
3404 4668 3586 4735 ﬁnxit
3604 4683 3626 4722 .·
3661 4665 3859 4733 Quare

2197 4760 2283 4815 sic
2306 4773 2400 4814 me
2422 4757 2663 4828 fecisti?
2695 4758 2882 4828 (Rom.
2918 4756 3023 4826 xx.)
3051 4759 3184 4828 Ipsa
3215 4760 3306 4812 est
3332 4755 3585 4827 quaastio
3608 4771 3750 4827 quae
3780 4755 3862 4811 ad

2199 4847 2365 4904 illam
2394 4846 2647 4919 pertinet
2673 4844 3044 4902 altitudinem
3075 4859 3261 4917 quam
3287 4844 3627 4917 perspicere
3652 4845 3862 4899 volens

2200 4936 2360 4993 idem
2379 4934 2698 5008 Apostolus
2725 4932 3182 5005 quodammodo
3212 4933 3454 5006 expavit
3481 4937 3538 4988 et
3561 4932 3864 4989 exclama-

2201 5025 2316 5081 vit:
2379 5024 2424 5079 0
2458 5021 2716 5079 altitudo
2754 5022 3104 5077 divitiarum
3153 5023 3462 5092 sapientix
3505 5028 3557 5077 et
3597 5023 3863 5078 scientia:

2202 5115 2330 5182 Dei,
2353 5127 2533 5184 quam
2562 5110 2981 5166 inscrutabilia
3011 5117 3151 5166 sunt
3171 5113 3410 5181 judicia
3448 5113 3576 5180 ejus
3613 5119 3670 5168 et
3702 5113 3863 5167 inve-

2202 5202 2506 5273 stigabiles
2559 5201 2670 5255 vis?
2723 5200 2886 5268 ejus!
2943 5199 3084 5265 Quis
3130 5203 3283 5256 enim
3317 5201 3590 5270 cognovit
3622 5216 3861 5256 sensum

2201 5292 2463 5361 Domini,
2516 5293 2621 5346 aut
2680 5289 2812 5359 quis
2877 5290 3259 5345 consiliarius
3315 5293 3445 5359 ejus
3507 5292 3685 5358 fuit?
3739 5291 3862 5344 Aut

2202 5382 2332 5452 quis
2346 5381 2522 5449 prior
2545 5377 2704 5434 dedit
2727 5377 2840 5442 illi,
2867 5383 2919 5433 et
2948 5378 3315 5434 retribuelur
3343 5380 3446 5434 ei?
3467 5379 3760 5446 Quoniam
3787 5392 3860 5433 ex

2201 5469 2348 5538 ipso,
2382 5473 2437 5524 et
2475 5482 2592 5537 per
2640 5467 2858 5536 ipsum,
2903 5471 2956 5522 et
3000 5467 3064 5522 in
3113 5467 3239 5536 ipso
3284 5471 3425 5522 sunt
3473 5467 3716 5522 omnia:
3746 5465 3861 5536 ipsi

2201 5557 2396 5627 gloria
2451 5559 2514 5611 in
2559 5555 2778 5612 saecula
2824 5557 3177 5611 saeculorum
3227 5555 3417 5625 (Rom.
3446 5555 3546 5626 ιιι).
3603 5557 3729 5612 Non
3757 5555 3858 5611 ita-
