4112 6184
1264 126 1474 201 Εριετζ
1513 144 1607 201 AD
1641 140 2057 201 HINCMARUM
2096 146 2178 202 ET
2212 149 2615 205 PARDULUM.

3535 155 3638 209 986

239 282 347 340 que
363 264 538 321 istam
556 264 806 321 scrutari
827 264 1092 322 audeant
1111 265 1563 324 inscrutabilem
1593 264 1876 340 quaestio-
1906 268 1953 322 A
1986 283 2120 325 rum
2149 274 2206 327 et
2233 270 2516 329 Hilarium
2548 274 2703 343 (cap.
2737 272 2829 338 6):
2864 272 3017 329 Nihil
3048 262 3209 329 enim
3238 274 3306 330 fit
3332 275 3445 330 nisi
3475 275 3641 348 quod

237 370 384 419 nem,
410 351 517 426 qui
543 352 823 409 meritum
845 358 981 410 ante
1003 355 1278 425 gratiam,
1297 360 1352 412 et
1371 355 1506 412 ideo
1521 355 1652 427 jam
1672 359 1879 411 contra

238 442 479 514 gratiam
510 440 915 510 defendentes,
966 443 1195 515 priores
1222 444 1433 500 volunt
1461 444 1605 500 dare
1636 446 1777 513 Deo,
1816 446 1881 498 ut

1986 361 2089 414 aut
2117 359 2243 432 ipse
2273 360 2435 427 facit,
2463 367 2564 418 aut
2592 361 2719 417 ﬁeri
2750 361 2879 435 ipse
2908 362 3210 434 permittit.

2060 450 2122 503 In
2149 449 2361 505 eodem
2384 451 2535 522 (cap.
2566 451 2682 522 H):
2707 450 2974 518 Proinde,
3000 450 3152 517 sicut
3175 452 3494 524 Apostolus
3520 454 3638 509 ait:

236 531 585 590 retribuatur
607 530 729 587 eis:
780 530 1010 604 priores
1050 533 1257 606 utique
1294 533 1439 590 dare
1467 531 1778 606 quodlibet
1807 548 1880 587 ex
1982 534 2119 590 Non
2158 538 2427 606 volentis,
2463 553 2651 609 neque
2704 539 3023 607 currentis,
3059 538 3162 594 sed
3202 541 3531 596 miserentis
3558 547 3642 597 est

236 621 414 679 libero
444 617 712 689 arbitrio,
757 624 824 676 ut
854 620 932 677 sit
959 621 1151 693 gratia
1180 621 1566 679 retribuenda
1589 637 1699 696 pro
1729 636 1879 694 prae-

236 710 382 767 mio:
421 712 480 766 et
517 708 815 783 sapienter
839 708 1191 782 intelligant,
1217 710 1311 768 vel
1336 709 1588 767 ﬁdeliter
1613 709 1877 777 credant,

237 800 406 858 etiam
426 798 594 873 quod
614 814 676 854 se
696 802 911 872 putant
926 798 1157 872 priores
1176 798 1434 871 dedisse,
1448 798 1527 856 ab
1543 798 1644 856 illo
1664 814 1736 855 ex
1757 814 1879 871 quo

238 892 370 946 sunt
394 887 618 956 omnia,
653 902 763 961 per
803 903 986 960 quem
1012 892 1152 944 sunt
1179 888 1404 958 omnia,
1457 888 1520 945 in
1564 904 1688 962 quo
1739 890 1882 943 sunt

235 976 452 1046 omnia,
473 974 833 1050 percepisse.
856 978 971 1033 Cur
986 980 1187 1033 autem
1212 976 1323 1033 iste
1343 977 1618 1050 accipiat,
1635 976 1731 1032 ille
1756 991 1879 1032 non

237 1067 502 1141 accipiat,
553 1082 693 1123 cum
735 1066 919 1122 ambo
959 1082 1081 1123 non
1119 1074 1465 1123 mereantur
1490 1067 1778 1140 accipere,
1825 1070 1883 1122 et

235 1156 502 1233 quisquis
537 1171 747 1213 eorum
786 1156 1101 1230 acceperit,
1128 1156 1392 1214 indebite
1421 1156 1696 1231 accipiat,
1722 1156 1880 1213 vires

239 1262 369 1304 suas
396 1245 738 1303 metiantur.
766 1249 824 1302 et
842 1245 1089 1302 fortiora
1118 1262 1184 1302 se
1212 1262 1337 1302 non
1366 1251 1722 1303 scrutentur.
1753 1244 1881 1302 Suf-

235 1335 389 1393 ﬁciat
407 1335 495 1392 eis
525 1334 676 1390 scire
708 1333 875 1407 quod
898 1350 1022 1390 non
1055 1334 1132 1390 sit
1153 1334 1439 1408 iniquitas
1474 1335 1639 1408 apud
1668 1337 1875 1391 Deum.

232 1425 375 1482 Cum
390 1422 552 1479 enim
570 1421 737 1478 nulla
746 1422 961 1479 merita
976 1422 1300 1480 invenisset
1319 1422 1639 1492 Apostolus
1656 1422 1881 1496 quibus

231 1512 408 1570 Iacob
436 1511 747 1583 geminum
776 1510 943 1584 apud
988 1513 1177 1568 Deum
1220 1511 1586 1585 praecederet
1613 1511 1877 1568 fratrem.

1985 623 2112 679 Dei.
2146 622 2257 690 Qui
2286 628 2343 680 et
2370 625 2632 698 parvulis
2661 626 2885 700 quibus
2913 624 3060 698 vult,
3091 625 3273 682 etiam
3292 642 3416 683 non
3435 627 3642 683 volen-

1986 710 2163 779 tibus,
2190 728 2385 786 neque
2415 714 2790 771 currentibus
2816 714 3115 785 subvenit,
3146 731 3302 789 quos
3328 719 3466 773 ante
3497 731 3644 773 con-

1986 799 2351 857 stitutionem
2371 802 2584 858 mundi
2606 802 2781 873 elegit
2801 802 2862 859 in
2885 802 3116 860 Christo
3142 820 3155 859 :
3187 803 3439 860 daturus
3460 804 3642 862 etiam

1984 887 2070 944 eis
2091 888 2344 961 gratiam
2375 892 2577 962 gratis,
2618 890 2680 947 id
2709 895 2798 948 est
2825 891 3004 947 nullis
3033 908 3243 949 eorum
3270 892 3365 948 vel
3388 891 3529 949 ﬁdei
3553 893 3644 949 vel

1986 993 2238 1051 operum
2258 979 2484 1034 meritis
2496 980 2978 1052 praecedentibus
2996 997 3008 1036 :
3033 985 3090 1037 et
3104 981 3224 1053 maj
3232 981 3363 1037 orib
3371 982 3536 1052 us,eti
3545 999 3645 1039 am

1986 1066 2077 1122 his
2098 1083 2252 1140 quos
2278 1067 2569 1141 praevidit,
2597 1068 2644 1123 si
2666 1068 2830 1142 apud
2855 1084 2956 1124 eos
2977 1068 3135 1125 facta
3154 1075 3374 1136 essent,
3397 1071 3518 1127 suis
3538 1073 3647 1128 mi-

1985 1154 2204 1211 raculis
2234 1156 2583 1212 credituros.
2612 1157 2841 1223 Quibus
2861 1172 2985 1213 non
3009 1159 3141 1214 vult
3160 1158 3498 1229 subvenire,
3522 1176 3645 1217 non

1987 1244 2281 1313 subvenit,
2326 1245 2401 1302 de
2439 1246 2664 1319 quibus
2705 1263 2815 1303 sua
2850 1246 3378 1321 praedestinatione
3416 1249 3647 1306 occulte

1986 1332 2253 1406 quidem,
2282 1333 2389 1390 sed
2407 1335 2565 1406 juste
2590 1334 2897 1407 judicavit.
2924 1338 3054 1392 Non
3074 1335 3236 1391 enim
3255 1340 3345 1392 est
3362 1336 3647 1411 iniquitas

1988 1420 2154 1493 apud
2193 1424 2397 1491 Deum,
2442 1423 2548 1479 sed
2586 1423 2999 1480 incrustabilia
3028 1428 3168 1480 sunt
3189 1416 3417 1495 judicia
3438 1426 3569 1498 ejus
3594 1429 3651 1482 et

1989 1510 2433 1583 investigabiles
2456 1512 2565 1569 viae
2588 1513 2716 1584 ejus
2741 1532 2755 1581 ;
2784 1514 3081 1571 universte
3102 1513 3264 1570 enim
3285 1516 3396 1571 viae
3408 1516 3652 1572 Domini

237 1601 386 1670 Quid
402 1616 541 1672 ergo
562 1599 865 1657 dicemus?
892 1599 1085 1673 inquit
1110 1618 1123 1657 :
1155 1601 1451 1672 Nunquid
1482 1607 1566 1658 est
1596 1602 1883 1673 iniquitas
1903 1608 1953 1677 ’Β
1989 1601 2401 1658 misericordia
2429 1607 2482 1658 et
2498 1601 2729 1677 peritas
2759 1602 2947 1674 (Psal.
2982 1604 3163 1672 xx1v).

233 1690 394 1761 apud
419 1689 655 1746 Deum?
692 1688 879 1744 Absit.
927 1689 1123 1759 Moysi
1154 1691 1312 1745 enim
1346 1690 1529 1747 dicit:
1559 1691 1884 1747 Miserebor

235 1781 402 1850 cujus
420 1778 696 1834 miserm
728 1792 827 1834 ero
865 1782 920 1834 et
953 1778 1422 1835 misericordiam
1450 1778 1755 1848 praestabo
1786 1779 1886 1835 cui

233 1868 561 1925 misericors
572 1866 770 1936 fuero.
792 1866 991 1937 Igitur
1009 1882 1129 1922 non
1146 1867 1418 1938 volentis,
1435 1882 1623 1938 neque
1641 1883 1885 1924 curren-

236 1957 328 2027 tis,
355 1954 459 2012 sed
474 1954 807 2011 miserentis
828 1959 913 2010 est
932 1955 1037 2011 Dei
1053 1954 1240 2027 (Rom.
1268 1958 1372 2023 1x).
1406 1955 1584 2010 Grata
1625 1954 1701 2010 sit
1740 1969 1883 2025 ergo

233 2044 405 2102 nobis
435 2044 565 2115 ejus
596 2042 853 2113 gratuita
876 2042 1203 2114 miseratio,
1228 2042 1462 2099 etiamsi
1489 2043 1620 2100 haec
1638 2043 1885 2117 profun-

232 2133 312 2190 da
332 2131 591 2188 insoluta
622 2130 697 2187 sit
724 2130 999 2204 quaestio.
1031 2133 1175 2198 Qua:
1201 2136 1406 2188 tamen
1435 2135 1682 2188 eatenus
1710 2132 1887 2188 solvi-

231 2227 343 2290 tur,
385 2226 685 2294 quatenus
727 2235 862 2276 eam
893 2220 1067 2277 solvit
1095 2220 1258 2277 idem
1288 2220 1611 2294 Apostolus
1637 2220 1881 2277 dicens:

230 2307 299 2364 Si
320 2311 517 2363 autem
537 2306 695 2361 Deus
724 2306 927 2362 volens
950 2304 1262 2362 ostendere
1298 2306 1478 2370 iram,
1518 2311 1573 2362 et
1613 2306 1883 2362 demons-

232 2400 394 2452 trare
430 2394 761 2465 potentiam
784 2408 976 2461 suam,
1015 2394 1225 2449 attulit
1263 2394 1327 2449 in
1363 2395 1558 2451 multa
1584 2394 1885 2463 patientia

230 2498 374 2541 vasa
404 2483 688 2554 iramque:
718 2483 993 2552 perfecta
1013 2488 1154 2538 sunt
1180 2484 1243 2538 in
1263 2482 1680 2553 perditionem,
1719 2488 1774 2539 et
1818 2487 1885 2538 ut

228 2578 401 2630 notas
416 2571 648 2643 faceret
666 2571 909 2628 divitias
928 2572 1140 2642 gloria
1158 2586 1281 2627 sum
1300 2572 1364 2627 in
1386 2586 1531 2628 vasa
1549 2573 1886 2628 misericor-

229 2663 360 2730 diae,
379 2676 512 2735 qum
534 2662 912 2730 praeparavit
935 2660 999 2716 in
1028 2661 1287 2731 gloriam
1317 2659 1512 2732 (Ibid)
1538 2661 1631 2716 Ira
1660 2660 1887 2734 quippe

229 2767 358 2808 non
403 2749 673 2808 redditur
712 2749 831 2805 nisi
875 2749 1101 2820 debita,
1146 2764 1223 2805 ne
1269 2748 1346 2806 sit
1391 2748 1673 2824 iniquitas
1722 2749 1890 2822 apud

232 2844 457 2897 Deum:
489 2837 906 2895 misericordia
932 2853 1075 2894 vero
1101 2837 1283 2893 etiam
1311 2853 1451 2894 cum
1480 2838 1781 2911 praebetur
1804 2838 1891 2894 in-

230 2929 457 3024 debita,
478 2942 603 2984 non
623 2931 712 3024 est
732 2926 1016 3024 iniquitas
1039 2926 1201 3000 apud
1223 2928 1432 3024 Deum:
1462 2929 1529 3024 Iit
1715 2925 1887 3024 intel-

226 3018 425 3089 ligunt
449 3032 602 3073 vasa
631 3015 1057 3072 misericordiae
1087 3030 1277 3089 quam
1298 3014 1559 3085 gratuita
1576 3014 1694 3070 illis
1714 3015 1891 3071 mise-

228 3106 492 3165 ricordia
508 3104 866 3179 praebeatur,
889 3105 1056 3178 quod
1075 3104 1179 3161 irae
1199 3104 1381 3173 vasis,
1404 3120 1542 3159 cum
1561 3103 1784 3177 quibus
1804 3108 1895 3160 est

230 3197 320 3253 eis
340 3195 689 3269 perditionis
705 3210 891 3251 causa
909 3198 968 3250 et
986 3209 1193 3251 massa
1212 3192 1574 3260 communis,
1588 3193 1676 3249 ira
1690 3192 1893 3248 debita

237 3290 298 3341 et
320 3285 484 3355 justa
508 3282 869 3356 rependitur.
920 3285 1055 3339 Haec
1096 3283 1228 3354 jam
1274 3280 1419 3337 satis
1452 3281 1568 3337 sint
1605 3281 1895 3337 adversus

240 3388 349 3429 eos
394 3371 499 3444 qui
538 3387 643 3444 per
685 3371 914 3428 arbitrii
958 3370 1292 3428 libertatem
1337 3368 1639 3426 destruere
1686 3369 1896 3426 volunt

234 3460 449 3533 gratiae
475 3459 810 3530 largitatem
838 3460 969 3533 [al.,
994 3459 1384 3532 largitorem].

305 3548 625 3620 Augustini
686 3549 763 3606 de
824 3548 1347 3605 Praedestinatione
1399 3552 1764 3615 sanctorum,
1821 3547 1901 3604 ad

231 3642 602 3714 Prosperum
634 3645 693 3697 et
721 3640 1007 3697 Hilarium
1027 3640 1181 3710 (cap.
1218 3641 1325 3712 16).
1373 3640 1650 3711 Legimus
1693 3639 1755 3695 in
1795 3643 1902 3695 Ac-

231 3730 400 3787 tibus
430 3729 865 3802 apostolorum,
894 3745 1035 3786 cum
1065 3728 1299 3785 dimissi
1327 3745 1365 3785 a
1388 3728 1610 3785 Judaeis
1639 3726 1900 3800 apostoli

230 3817 545 3874 venissent
566 3818 646 3874 ad
671 3834 835 3889 suos,
861 3821 920 3874 et
942 3816 1310 3874 iudicassent
1334 3822 1565 3891 quanta
1588 3816 1675 3872 eis
1710 3816 1901 3872 senio-

233 3922 336 3963 res
359 3912 420 3963 et
444 3907 786 3964 sacerdotes
814 3906 1123 3974 dixissent,
1170 3906 1520 3963 levaverunt
1560 3905 1644 3961 illi
1689 3921 1904 3961 vocem

233 3996 566 4053 unanimﬂs
622 4012 835 4053 omnes
904 3996 985 4052 ad
1045 3996 1391 4063 Dominum,
1466 4000 1524 4051 et
1586 3996 1901 4050 dixerunt:

2062 1690 2376 1759 Augustini
2412 1674 2656 1746 ex'libri
2687 1690 3212 1761 Retractationum,
3254 1690 3330 1747 de
3373 1688 3530 1746 libro
3574 1688 3651 1745 de

1990 1777 2241 1833 diversis
2273 1777 2712 1845 Quaestionibus
2740 1794 2910 1846 xxcn,
2943 1794 3076 1851 cap.
3109 1779 3169 1834 21
3209 1780 3276 1846 (l.
3309 1794 3348 1848 ι,
3378 1795 3431 1835 c.
3467 1778 3647 1849 ult.):

1991 1889 2019 1917 «ι
2056 1869 2260 1924 Utrum
2292 1870 2446 1923 Deus
2483 1867 2627 1923 mali
2674 1873 2881 1924 auctor
2908 1883 3033 1923 non
3064 1867 3156 1923 sit.
3210 1887 3240 1922 ›
3295 1866 3403 1923 Ubi
3446 1865 3651 1923 viden-

1990 1955 2139 2011 dum
2167 1961 2254 2012 est
2298 1970 2374 2011 ne
2415 1954 2573 2011 male
2600 1955 2966 2027 intelligatur
3012 1955 3176 2028 quod
3222 1954 3386 2010 dixi:
3439 1975 3469 2003 κ
3518 1952 3651 2010 Mali

1991 2048 2201 2100 auctor
2228 2060 2352 2100 non
2399 2048 2507 2115 est,
2567 2044 2711 2117 quia
2758 2044 3035 2101 omnium
3077 2060 3215 2116 quae
3261 2043 3397 2099 fecit
3442 2046 3654 2099 auctor

1993 2138 2085 2190 est
2107 2150 2120 2188 :
2149 2132 2295 2206 quia
2315 2132 2377 2188 in
2397 2138 2695 2205 quantum
2718 2137 2878 2205 sunt,
2900 2133 2964 2188 in
2985 2137 3217 2188 tantum
3234 2130 3402 2188 bona
3420 2134 3559 2187 sunt
3582 2148 3596 2199 ;
3620 2152 3650 2181 »

1992 2226 2049 2280 et
2076 2238 2151 2279 ne
2178 2222 2319 2278 hinc
2348 2226 2586 2294 putetur
2613 2238 2737 2278 non
2766 2222 2844 2278 ab
2875 2221 2975 2278 illo
3006 2236 3139 2276 esse
3167 2235 3414 2294 prauam
3457 2218 3650 2275 malo-

1991 2328 2149 2382 rum,
2171 2327 2308 2384 quae
2337 2311 2538 2385 utique
2562 2310 2793 2367 malum
2813 2315 2905 2367 est
2931 2309 3001 2366 iis
3021 2309 3126 2383 qui
3155 2308 3509 2383 puniuntur.
3534 2307 3654 2365 Sed

1991 2400 2107 2456 hoc
2134 2401 2218 2457 ita
2241 2399 2360 2456 dixi
2386 2399 2905 2472 quemadmodum
2927 2398 3156 2455 dictum
3175 2401 3294 2454 est:
3322 2398 3480 2453 Deus
3495 2411 3654 2453 mor-

1995 2495 2108 2546 tem
2133 2505 2254 2545 non
2267 2490 2411 2558 fecit
2433 2487 2599 2559 (Sap.
2614 2489 2686 2557 1);
2714 2504 2854 2543 cum
2878 2486 3020 2542 alibi
3045 2485 3337 2558 scriptum
3361 2484 3466 2540 sit:
3489 2484 3655 2539 Mors

1994 2584 2049 2636 et
2079 2580 2204 2636 vita
2224 2593 2263 2635 a
2285 2578 2533 2633 Domino
2552 2577 2674 2634 Deo
2700 2581 2782 2633 est
2812 2576 3019 2645 (Eccli.
3041 2575 3143 2646 χι).
3190 2572 3478 2630 Malorum
3511 2585 3656 2642 ergo

1995 2684 2201 2742 poena,
2226 2683 2363 2741 quae
2394 2684 2430 2723 a
2473 2669 2593 2723 Deo
2623 2671 2729 2734 est,
2757 2664 2988 2722 malum
3026 2662 3276 2737 quidem
3321 2666 3412 2718 est
3454 2659 3656 2730 malis,

1997 2758 2103 2814 sed
2145 2758 2207 2813 in
2253 2756 2433 2813 bonis
2465 2755 2566 2812 Dei
2603 2755 2887 2828 operibus
2918 2758 3045 2809 est:
3091 2752 3384 2825 quoniam
3422 2751 3656 2822 justum

1996 2851 2084 2902 est
2116 2850 2178 2903 ut
2209 2845 2351 2901 mali
2376 2844 2724 2917 puniantur,
2775 2848 2834 2900 et
2861 2841 3066 2915 utique
3096 2841 3331 2897 bonum
3360 2844 3449 2896 est
3474 2851 3655 2895 omne

1998 2934 2164 3009 quod
2189 2934 2423 3006 justum
2453 2937 2559 2988 est.

2068 3021 2382 3093 Augustini
2438 3021 2500 3077 in
2552 3019 2927 3093 expositione
2973 3016 3193 3091 psalmi
3230 3030 3310 3070 vu
3353 3013 3511 3085 (post
3536 3026 3659 3068 me-

1998 3113 2232 3180 dium):
2256 3111 2526 3181 Sagittas
2553 3124 2691 3166 suas
2723 3106 3074 3164 ardentibus
3097 3108 3378 3173 operatus
3405 3106 3509 3158 est.
3556 3102 3661 3155 Ar-

2000 3217 2139 3256 cum
2170 3214 2313 3269 ergo
2342 3200 2546 3263 istum,
2577 3196 2912 3269 Scripturas
2941 3198 3181 3249 sanctas
3208 3190 3465 3246 libenter
3494 3204 3663 3245 acce-

2004 3288 2213 3362 perim,
2274 3286 2379 3343 ubi
2436 3284 2781 3341 fortitudine
2838 3281 2983 3339 Novi
3041 3277 3418 3341 Testamenti,
3486 3275 3664 3350 quasi

2004 3393 2186 3434 nervo
2215 3374 2506 3449 quodam,
2563 3372 2784 3430 duritia
2829 3369 3049 3427 Veteris
3091 3367 3249 3424 ﬂexa
3293 3372 3350 3424 et
3396 3364 3666 3422 edomita

2006 3472 2112 3523 est.
2139 3465 2282 3521 Hinc
2312 3469 2603 3537 tanquam
2628 3460 2863 3531 sagittas
2889 3458 3239 3515 emittuntur
3262 3453 3540 3528 apostoli.
3571 3454 3669 3510 vel

2006 3555 2212 3612 divina
2241 3552 2547 3627 praeconia
2568 3548 2931 3622 jaculantur.
2963 3548 3123 3612 Quas
3147 3545 3417 3614 Sagittas
3446 3542 3668 3599 arden-

2010 3645 2166 3701 tibus
2196 3648 2475 3713 operatus
2506 3645 2611 3708 est,
2655 3638 2717 3694 id
2760 3642 2867 3707 est,
2912 3634 3135 3708 quibus
3163 3632 3438 3706 percussi
3463 3630 3670 3687 divino

2011 3749 2216 3791 amore
2244 3731 2587 3801 ﬂagrarent.
2639 3728 2766 3789 Qua
2794 3724 2957 3782 enim
2986 3723 3104 3779 alia
3134 3721 3351 3792 sagitta
3378 3733 3674 3793 percussa

2011 3829 2123 3882 est.
2155 3838 2291 3894 quae
2318 3820 2493 3876 dicit:
2528 3817 2802 3873 Inducite
2830 3830 2921 3869 me
2941 3815 3003 3868 in
3034 3814 3274 3867 domum
3302 3810 3448 3878 vini,
3499 3822 3670 3894 cons-

2015 3891 2212 3963 tituite
2227 3920 2317 3961 me
2336 3906 2494 3959 inter
2510 3905 2839 3971 unguenta,
2859 3896 3188 3965 constipate
3206 3908 3299 3949 me
3313 3894 3471 3947 inter
3488 3891 3673 3946 mella

2013 3997 2098 4068 [ιε’.
2128 3994 2338 4059 mala],
2372 3994 2652 4063 quoniam
2686 3987 3006 4043 vulnerata
3046 3984 3344 4039 charitate
3369 3995 3474 4051 ego
3494 3994 3624 4068 sum
3645 3978 3672 4033 ?

231 4087 517 4150 Domine,
541 4093 605 4141 tu
631 4102 689 4143 es
709 4088 816 4160 qui
828 4087 1029 4158 fecisti
1052 4087 1265 4144 caelum
1286 4092 1343 4143 et
1372 4090 1620 4155 terram,
1643 4089 1697 4140 et
1718 4098 1905 4152 mare,
2015 4065 2302 4155 {Cant.u).
2327 4078 2554 4146 Quibus
2574 4075 2702 4131 aliis
2723 4073 2951 4144 sagittis
2968 4070 3336 4160 accenditur,
3357 4068 3462 4142 qui
3482 4065 3674 4123 redire

232 4181 294 4231 et
318 4176 530 4231 omnia
557 4190 689 4246 quae
708 4158 771 4230 in
795 4177 876 4231 eis
905 4182 1044 4231 sunt
1062 4191 1083 4231 ,ο
1118 4175 1225 4246 qui
1242 4190 1359 4245 per
1385 4190 1447 4231 os
1477 4175 1672 4244 patris
1715 4172 1910 4228 nostri
2019 4173 2097 4229 ad
2115 4174 2302 4227 Deum
2318 4163 2866 4240 cupiens,etabista
2882 4158 3362 4235 peregrinatione
3376 4171 3673 4246 remeans,

229 4264 447 4321 David
465 4245 664 4320 sancti
682 4266 861 4335 pueri
887 4265 980 4320 tui
1002 4245 1235 4321 dixisti:
1287 4263 1485 4331 Quare
1526 4263 1906 4332 fremuerunt
1951 4315 1989 4335 η
2019 4261 2309 4318 adversus
2324 4257 2566 4314 dolosas
2584 4253 2825 4324 linguas
2841 4250 2985 4325 petit
3005 4247 3316 4314 auxilium,
3332 4251 3389 4303 et
3406 4246 3548 4302 dicit
3568 4245 3673 4317 [al.

230 4315 571 4427 gelat};
584 4315 814 4425 71.55121?
832 4315 1270 4411 {nia-illlam
1288 4315 1500 4408 alia
1520 4315 1908 4407 asinam
1948 4315 1991 4370 ί)
2020 4315 2158 4407 ita
2186 4346 2457 4417 dicitur]:
2494 4344 2648 4413 Quid
2674 4315 2864 4398 detur.
2880 4339 3007 4405 tibi,
3035 4341 3147 4427 aut
3173 4335 3318 4427 quid
3345 4315 3680 4427 adjiciatur

232 4458 416 4514 reges
448 4449 645 4514 terra,
689 4449 744 4501 et
790 4443 1100 4513 principes
1156 4444 1558 4498 convenerunt
1607 4441 1671 4495 in
1723 4455 1909 4494 unum

234 4533 543 4591 adversus
589 4533 909 4589 Dominum
966 4538 1020 4588 et
1064 4531 1349 4587 adversus
1407 4530 1711 4586 Christum
1760 4543 1907 4598 ejus.

236 4623 680 4680 Convenerunt
708 4622 863 4678 enim
893 4622 958 4676 in
989 4620 1235 4676 veritate
1262 4620 1326 4674 in
1364 4618 1607 4674 civitate
1644 4618 1760 4673 ista
1804 4616 1913 4672 ad-

236 4726 461 4768 versus
476 4715 750 4766 sanctum
764 4725 1023 4780 puerum
1046 4714 1211 4763 tuum
1227 4708 1449 4773 Jesum,
1468 4721 1637 4777 quem
1660 4706 1914 4766 tinxisti,

242 4799 526 4855 Herodes
540 4804 595 4855 et
609 4800 872 4869 Pilatus,
884 4804 939 4855 et
960 4798 1218 4867 populus
1233 4795 1449 4861 Israel,
1461 4795 1667 4863 facere
1685 4797 1918 4864 quanta

240 4901 476 4943 manus
500 4892 605 4944 tua
625 4893 680 4944 et
700 4888 1013 4944 consilium
1029 4885 1471 4956 praeordinavit
1488 4883 1623 4951 ﬁeri
1641 4882 1797 4953 (Act.
1816 4881 1918 4952 IV).

241 4978 405 5032 Ecce
458 4976 627 5049 quod
679 4976 909 5033 dictum
961 4980 1069 5045 est,
1128 4973 1452 5031 secundum
1518 4971 1917 5043 Evangelium

240 5065 523 5139 quidem,
581 5066 811 5123 inimici
864 5070 1114 5136 propter
1168 5078 1267 5120 vos
1316 5063 1505 5135 (Rom.
1564 5065 1668 5129 xx).
1737 5063 1923 5118 Tanta

237 5154 490 5227 quippe
516 5154 597 5210 ab
625 5154 883 5211 inimicis
910 5152 1131 5210 Iudaeis
1152 5167 1369 5209 manus
1396 5151 1497 5207 Dei
1520 5154 1578 5207 et
1604 5149 1921 5206 consilium

239 5244 717 5317 praedestinavit
777 5244 927 5309 ﬁeri,
1001 5246 1231 5316 quanta
1280 5241 1625 5297 necessaria
1688 5239 1925 5294 fuerant

239 5332 593 5401 Evangelio
629 5336 873 5406 propter
904 5348 1035 5389 nos.

325 5433 357 5463 ι
387 5422 714 5493 Augustini
741 5422 816 5478 de
844 5421 1009 5478 bono
1040 5417 1514 5487 Perseverantiae,
1562 5415 1641 5472 ad
1679 5418 1926 5487 Prospe-

324 5616 361 5645 ο
391 5602 652 5670 Hincm.,
678 5601 753 5658 de
784 5602 994 5671 Praad,,
1022 5617 1154 5673 cap.
1190 5606 1238 5655 1.

2022 4439 2131 4495 tibi
2151 4438 2436 4493 adversus
2466 4435 2735 4504 linguam
2767 4429 3079 4485 dolosam?
3121 4425 3374 4495 Sagittae
3415 4422 3678 4493 potentis

2023 4535 2234 4595 acutw,
2257 4542 2389 4583 cum
2410 4521 2768 4581 carbonibus
2790 4515 3192 4575 vastatoribus
3219 4512 3407 4585 (Psal.
3428 4510 3596 4581 cxxx),
3620 4508 3683 4565 id

2025 4621 2133 4683 est,
2178 4614 2401 4688 quibus
2440 4627 2762 4686 percussus
2819 4612 2999 4679 atque
3054 4604 3466 4661 inflammatus
3511 4601 3682 4688 tanto

2026 4687 2231 4763 amore
2253 4703 2468 4759 ardeas
2489 4698 2658 4771 regni
2680 4697 2991 4761 caelorum,
3022 4698 3088 4749 ut
3106 4690 3384 4748 omnium
3402 4687 3683 4745 resisten-

2025 4795 2200 4863 tium,
2246 4796 2303 4847 et
2345 4806 2383 4847 a
2430 4788 2737 4863 proposito
2785 4798 3042 4841 avocare
3087 4779 3420 4838 volentium
3444 4777 3688 4845 linguas

2029 4885 2401 4946 contemnas,
2450 4883 2508 4934 et
2542 4873 2986 4949 persecutiones
3020 4886 3230 4928 eorum
3268 4866 3569 4931 derideas,
3601 4863 3686 4919 di-

2030 4986 2211 5028 cens:
2247 4969 2386 5036 Quis
2410 4982 2503 5023 me
2529 4963 2830 5036 separabit
2859 4978 2895 5019 a
2928 4959 3226 5017 charitate
3256 4954 3526 5013 Christi?
3558 4953 3688 5008 Tri-

2034 5060 2282 5125 bulatio,
2313 5073 2393 5114 an
2424 5055 2726 5126 angustia,
2760 5067 2839 5109 an
2862 5048 3211 5113 persecutio,
3248 5062 3329 5103 an
3361 5046 3576 5116 fames,
3609 5057 3689 5098 an

2032 5151 2293 5218 auditas,
2325 5162 2404 5203 an
2428 5144 2790 5215 periculum,
2840 5156 2919 5196 an
2961 5138 3202 5209 gladius
3228 5139 3256 5190 ?
3304 5133 3515 5190 Certus
3559 5145 3691 5185 sum
3790 5182 3805 5197 ,

2034 5241 2208 5306 enim,
2236 5237 2448 5310 inquit,
2481 5234 2623 5305 quia
2652 5245 2837 5301 neque
2866 5243 3045 5298 mors,
3095 5242 3282 5297 neque
3319 5225 3462 5287 vita,
3503 5231 3694 5288 neque

2035 5329 2307 5398 angelus,
2336 5339 2524 5396 neque
2546 5321 2959 5398 principatus,
3005 5331 3191 5388 neque
3217 5310 3557 5384 pra'sentia,
3595 5319 3691 5362 ne-

2037 5397 2148 5490 que
2157 5418 2395 5487 futura,
2417 5397 2603 5483 neque
2618 5413 2828 5471 virtus,
2851 5420 3040 5478 neque
3058 5401 3336 5464 altitudo,
3354 5412 3544 5469 neque
3559 5410 3695 5466 pro—
