4112 6184
479 168 581 221 98⁸1

1567 170 1623 226 S.
1665 170 2034 230 PRUDBNTH
2072 170 2441 227 TRECBNSlS
2482 170 2787 227 EHSCOPI

3776 167 3873 221 ’80

473 286 759 355 fundum,
786 302 975 360 neque
998 297 1277 347 creatura
1306 292 1433 349 alia
1458 296 1678 362 poterit
1703 311 1811 352 nos
1839 308 2124 365 separare
2149 303 2193 355 Α
2235 294 2587 361 versionem,
2658 295 2761 349 aut
2816 292 2864 347 si
2921 290 3341 362 contempserit
3394 288 3769 344 vocationem
3823 292 3882 343 et

477 390 513 431 a
538 377 833 432 charitate
857 379 984 443 Dei,
1021 395 1151 449 qum
1179 387 1263 436 est
1303 382 1365 437 in
1399 383 1625 438 Christo
1683 388 1821 441 Jesu
1868 384 2123 441 Domino

476 468 676 518 nostro
718 464 905 533 (Rom.
951 469 1091 538 vui).
1143 469 1235 524 Sic
1283 471 1636 527 ardentibus
1682 474 1930 541 sagittas
1987 489 2127 529 suas

474 555 757 622 operatus
785 558 893 609 est.
959 556 1110 611 Nam
1161 556 1220 612 in
1279 560 1498 613 Graecis
1553 562 1999 635 exemplaribus
2047 561 2128 617 ita

472 638 803 696 invenitur:
837 643 1103 712 Sagittas
1131 661 1270 701 suas
1309 648 1662 704 ardentibus
1693 657 1973 721 operatus
2001 656 2128 720 est;

473 728 683 786 Latina
705 735 904 788 autem
925 734 1202 791 ardentes
1229 735 1515 808 pleraque
1541 738 1784 795 habent.
1840 740 1954 796 Sed
2002 739 2127 795 sive

472 818 619 891 ipsa
651 820 877 891 sagitta
922 822 1194 892 ardeant,
1245 825 1367 881 sive
1411 826 1621 882 ardere
1678 828 1919 897 faciant,
1958 827 2127 901 quod

472 908 675 980 utique
702 925 826 966 non
853 917 1110 983 possunt
1137 913 1249 970 nisi
1290 917 1348 971 et
1394 916 1541 988 ipsae
1576 917 1848 987 ardeant,
1900 917 2131 987 integer

472 1013 685 1053 sensus
703 1003 808 1055 est.
834 1000 950 1057 Sed
973 1002 1120 1073 quia
1138 1017 1261 1059 non
1280 1004 1529 1074 sagittas
1554 1005 1924 1077 tantum,sed
1944 1007 2125 1063 etiam

472 1102 616 1143 vasa
642 1091 851 1145 mortis
878 1089 1021 1146 dicit
1046 1094 1365 1148 Dominum
1386 1094 1447 1148 in
1475 1110 1618 1150 arcu
1641 1110 1913 1169 parasse,
1936 1091 2125 1168 quaeri

469 1181 665 1249 potest
691 1192 831 1249 quae
868 1178 984 1234 sint
1015 1194 1166 1237 vasa
1204 1182 1413 1237 mortis
1433 1184 1461 1238 Ἰ
1518 1189 1605 1239 An
1632 1184 1779 1241 forte
1815 1184 2126 1243 haeretici?

472 1270 621 1322 Nam
646 1271 704 1322 et
728 1267 843 1339 ipsi
869 1284 940 1323 ex
971 1269 1187 1325 eodem
1215 1286 1380 1341 arcu,
1415 1272 1475 1327 id
1505 1277 1593 1328 est
1614 1289 1686 1329 ex
1716 1275 1941 1330 eisdem
1975 1273 2124 1331 Scri-

469 1356 659 1429 pturis
678 1356 741 1412 in
772 1357 1011 1414 animas
1034 1374 1159 1414 non
1187 1361 1479 1417 charitate
1504 1362 1996 1430 inﬂammandas,
2020 1362 2125 1419 sed

471 1446 715 1501 venenis
744 1447 1128 1518 perimendas
1167 1447 1453 1519 insiliunt,
1487 1452 1654 1523 quod
1686 1469 1807 1508 non
1836 1453 2126 1522 contingit

469 1534 587 1590 nisi
627 1551 741 1608 pro
789 1536 1030 1592 meritis.
1090 1540 1403 1610 Propterea
1457 1540 1671 1595 divinas
1736 1542 2124 1613 providentiae

2237 382 2610 454 disciplinam
2644 381 2765 452 Dei,
2797 384 3129 435 exerceatur
3158 377 3235 435 ad
3266 379 3743 434 damnationem.
3790 378 3883 432 Ju-

2236 472 2459 527 dicium
2490 476 2688 525 autem
2722 469 3105 525 manifestum
3137 473 3243 535 est,
3297 483 3420 540 quo
3475 470 3762 522 venturus
3797 471 3888 520 est

2237 561 2543 627 Dominus,
2591 560 2858 631 judicare
2915 559 3084 613 vivos
3139 560 3195 613 et
3248 562 3538 619 mortuos,
3598 554 3884 610 omnibus

2236 649 2557 705 fatentibus
2590 666 2729 705 eum
2759 664 2891 715 esse
2938 665 2974 703 a
3022 663 3144 719 quo
3190 651 3246 702 et
3299 645 3475 701 bonis
3520 644 3775 717 praemia
3831 646 3891 699 et

2234 738 2407 795 malis
2439 739 2732 813 supplicia
2764 737 3113 793 tribuentur.
3139 736 3251 792 Sed
3274 741 3412 791 tunc
3437 734 3537 790 illa
3560 731 3886 794 confessio,

2233 844 2356 884 non
2401 827 2481 884 ad
2527 826 2859 883 remedium
2901 826 3223 889 malorum,
3275 823 3381 879 sed
3437 822 3513 879 ad
3572 819 3891 877 cumulum

2233 916 2636 972 damnationis
2664 914 2901 971 valebit.
2949 918 3028 970 De
3056 914 3151 969 his
3183 912 3423 969 duobus
3447 910 3712 983 judiciis,
3765 924 3893 964 uno

2233 1006 2485 1071 occulto,
2521 1005 2705 1061 altero
2735 1004 3072 1069 manifesto,
3128 1001 3357 1058 videtur
3400 999 3547 1055 mihi
3595 998 3894 1073 Dominus

2234 1093 2472 1161 dixisse,
2506 1094 2608 1150 ubi
2640 1093 2756 1150 ait:
2792 1093 2908 1159 Qui
2932 1095 2995 1148 in
3024 1107 3115 1149 me
3135 1090 3342 1157 credit,
3370 1090 3589 1145 transit
3604 1088 3679 1144 de
3696 1092 3897 1143 morte

2233 1184 2315 1240 ad
2344 1185 2547 1246 vitam,
2579 1198 2687 1240 nec
2715 1184 2778 1238 in
2799 1182 3102 1253 judicium
3132 1180 3293 1236 venit
3322 1178 3519 1249 (Joan.
3552 1177 3607 1247 v)
3643 1194 3657 1231 :
3707 1175 3771 1231 in
3798 1175 3898 1247 ju-

2234 1272 2458 1328 dicium
2488 1271 2706 1328 scilicet
2732 1270 3139 1327 manifestum.
3192 1271 3342 1324 Nam
3380 1266 3495 1322 hoc
3532 1263 3701 1338 quod
3730 1269 3895 1321 tran-

2236 1363 2311 1417 sit
2339 1361 2413 1416 de
2444 1366 2633 1417 morte
2682 1360 2760 1417 ad
2804 1359 3008 1427 vitam,
3062 1373 3166 1431 per
3212 1355 3571 1412 nonnullam
3621 1352 3899 1409 afﬂictio-

2232 1466 2392 1521 nem,
2425 1467 2548 1524 qua
2575 1449 2836 1521 ﬂagellat
2883 1448 3168 1504 Dominus
3208 1461 3450 1502 omnem
3484 1443 3673 1499 ﬁlium
3702 1458 3896 1515 quem

2230 1540 2458 1612 recipit,
2499 1539 2796 1611 judicium
2851 1537 3153 1594 occultum
3196 1539 3304 1590 est.
3358 1534 3472 1601 Qui
3511 1540 3709 1589 autem
3772 1547 3897 1617 non

469 1623 649 1679 etiam
678 1623 796 1679 ista
822 1624 1139 1697 dispositio
1163 1626 1483 1683 tribuenda
1513 1632 1618 1691 est,
1654 1644 1777 1684 non
1809 1631 1953 1701 quia
1991 1630 2125 1702 ipsa
2163 1653 2207 1708 Β
2231 1630 2441 1698 credit,
2474 1628 2683 1700 inquit,
2703 1629 2835 1697 jam
2858 1628 3172 1697 judicatus
3203 1630 3284 1680 est
3309 1626 3506 1692 (Joan.
3537 1621 3619 1691 iu)
3644 1637 3659 1688 ;
3691 1619 3756 1675 id
3778 1625 3898 1685 est,

468 1716 814 1784 peccatores
837 1712 1018 1769 faciat
1043 1714 1152 1785 [αι.
1183 1714 1368 1789 facit],
1420 1715 1524 1771 sed
1553 1718 1695 1789 quia
1724 1718 1857 1790 ipsa
1887 1718 2126 1775 ordinat
2232 1716 2466 1774 occulto
2488 1716 2715 1789 judicio
2741 1717 2870 1787 jam
2900 1718 3273 1788 praeparatus
3303 1717 3389 1768 est
3419 1711 3495 1767 ad
3527 1708 3676 1766 illud
3700 1709 3901 1765 mani-

470 1817 611 1857 cum
635 1804 1031 1875 peccaverint.
1081 1805 1233 1862 Malo
1270 1807 1429 1861 enim
1476 1811 1617 1863 voto
1662 1822 1771 1879 per
1808 1814 2123 1880 peccatum

470 1889 915 1960 legutegmale
935 1899 1229 1963 coguntur
1249 1894 1591 1964 intelligere,
1615 1900 1680 1951 ut
1697 1896 1831 1968 ipsa
1851 1896 1924 1952 sit
1942 1911 2126 1969 poena

470 1980 735 2053 peccati;
785 1996 1049 2053 quorum
1095 1986 1295 2038 tamen
1335 1988 1525 2040 morte
1553 1984 1658 2040 filii
1688 1985 1995 2041 catholicas
2027 1988 2125 2041 Ec-

471 2069 686 2140 clesia,
716 2074 1009 2143 tanquam
1039 2072 1404 2144 quibusdam
1436 2074 1643 2145 spinis,
1694 2090 1731 2130 a
1761 2091 1997 2130 sommo
2028 2091 2127 2130 ex-

470 2159 746 2229 citantur,
770 2165 835 2215 ut
855 2161 932 2216 ad
959 2160 1407 2229 intelligentiam
1438 2162 1780 2218 divinarum
1809 2162 2126 2236 proﬁciant

471 2247 1189 2320 Scripturammﬂportet
1212 2252 1365 2306 enim
1382 2255 1440 2307 et
1459 2252 1706 2308 hereses
1736 2266 1872 2315 esse,
1905 2258 1967 2306 ut
1984 2267 2126 2322 pro»

472 2334 618 2408 bati,
647 2337 861 2409 inquit,
903 2340 1212 2409 manifesti
1246 2340 1403 2408 ﬁant
1432 2341 1591 2395 thier
1619 2354 1721 2396 vos
1748 2340 1804 2411 (1
1836 2340 1971 2396 Cor.
2002 2341 2119 2411 xi);

468 2424 590 2482 hoe
611 2432 699 2481 est
725 2426 886 2482 inter
904 2428 1200 2499 homines,
1232 2442 1372 2484 cum
1401 2429 1702 2484 manifesti
1723 2430 1841 2484 sint
1862 2431 1999 2484 Deo.
2032 2434 2123 2484 An

471 2514 623 2569 forte
647 2514 893 2571 easdem
920 2518 1173 2587 sagittas
1209 2523 1266 2573 et
1305 2530 1447 2574 vasa
1476 2520 1685 2574 mortis
1714 2517 2014 2591 disposuit
2044 2517 2122 2573 ad

2231 1804 2470 1862 festum.
2504 1808 2632 1861 Haec
2662 1805 2784 1861 duo
2809 1804 3035 1876 judicia
3077 1803 3253 1858 etiam
3297 1801 3359 1857 in
3406 1798 3709 1872 Sapientia
3750 1797 3900 1868 legi-

2233 1911 2387 1965 mus,
2448 1894 2550 1950 ubi
2606 1893 2894 1965 scriptum
2944 1896 3066 1947 est:
3128 1892 3387 1960 Propter
3436 1889 3546 1945 hoc
3597 1892 3896 1958 tanquam

2224 1982 2435 2051 pueris
2462 1979 2777 2035 insensatis
2795 1978 3096 2047 judicium
3129 1977 3190 2031 in
3225 1976 3483 2031 derisum
3513 1972 3779 2043 dedisti;
3831 1970 3906 2026 Ιιί

2232 2074 2427 2126 autem
2461 2067 2575 2125 hoc
2589 2067 2825 2138 judicio
2852 2082 2973 2122 non
3005 2065 3277 2131 cameli,
3305 2064 3552 2134 dignum
3586 2062 3699 2118 Dei
3711 2061 3895 2131 judi-

2232 2158 2387 2214 cium
2417 2157 2729 2227 ezperturi
2754 2159 2895 2210 sunt
2924 2154 3093 2224 (Sap.
3125 2157 3248 2222 xu).
3293 2151 3402 2218 Qui
3431 2166 3576 2221 ergo
3606 2164 3727 2206 non
3760 2164 3896 2205 eor—

2230 2246 2503 2315 riguntur
2530 2244 2630 2300 illo
2654 2244 2883 2316 judicio
2912 2241 3166 2309 occulto,
3190 2241 3537 2312 dignissime
3565 2238 3666 2295 illo
3697 2226 3921 2294 Inani!

2228 2336 2380 2391 festo
2409 2334 2750 2407 punientur.
2787 2333 2915 2399 Quo
2946 2331 3102 2387 circa
3150 2330 3212 2386 in
3264 2330 3377 2386 hoc
3409 2326 3644 2402 psalmo
3684 2326 3896 2383 obser-

2228 2422 2431 2480 vanda
2461 2424 2599 2477 sunt
2629 2423 2864 2478 occulta
2894 2420 3057 2489 Filii,
3090 2419 3151 2476 id
3179 2424 3285 2483 est,
3345 2422 3403 2474 et
3456 2415 3692 2473 humilis
3743 2414 3894 2486 ejus

2230 2512 2540 2584 adventus,
2574 2511 2681 2585 qui
2710 2509 2935 2585 profuit
2963 2508 3263 2582 gentibus,
3297 2525 3436 2565 cum
3468 2507 3731 2563 caecitate.
3766 2505 3883 2560 Ju-

2229 2602 2545 2669 daeorum;
2618 2604 2674 2657 et
2730 2617 2911 2674 pcena
2966 2616 3104 2673 quas
3160 2614 3320 2656 nunc
3377 2595 3599 2654 occulte
3653 2593 3893 2665 agitur,

469 2602 795 2674 perniciem
823 2602 1176 2674 inﬁdelium,
1226 2611 1282 2662 et
1309 2607 1584 2663 ardentes
1633 2606 1727 2662 vel
1773 2606 2123 2663 ardentibus

2229 2688 2500 2747 nondum
2532 2688 2921 2746 damnatione
2948 2692 3353 2762 peccatorum,
3398 2685 3504 2743 sed
3533 2689 3634 2741 aut
3661 2681 3899 2739 exerci-

469 2697 750 2761 θρα-ωας
769 2699 854 2749 est
874 2692 953 2748 ad
972 2694 1454 2752 exercitationem
1472 2694 1741 2751 ﬁdelium
1760 2696 1791 2752 ξ)
1812 2698 1939 2750 Νοιι
1960 2696 2123 2750 enim

364 2772 367 2775 ’
470 2771 689 2836 falsum
710 2784 800 2837 est
819 2782 986 2855 quod
1008 2785 1327 2856 Apostolus
1347 2783 1525 2839 dicit:
1557 2784 1715 2839 Aliis
1742 2798 1946 2839 sumus
1974 2784 2126 2839 odor
2227 2779 2450 2837 tatione
2480 2794 2909 2835 conversorum
2945 2782 3047 2835 aut
3076 2777 3483 2835 admonitione
3529 2779 3594 2830 ut
3639 2787 3900 2829 conver-

470 2871 699 2927 δαείη
722 2872 925 2940 vitam,
959 2873 1101 2929 aliis
1124 2874 1274 2929 odor
1294 2874 1503 2929 mortis
1529 2873 1595 2929 in
1618 2879 1888 2929 mortem.
1932 2873 2014 2929 Et
2041 2873 2125 2930 ad
2232 2873 2449 2933 tantur,
2483 2868 2587 2923 aut
2635 2868 2895 2923 caecitate
2943 2871 3009 2924 ut
3053 2862 3425 2923 damnationi
3473 2867 3899 2938 praeparentur

471 2958 599 3017 hare
627 2963 757 3032 quis
782 2962 1028 3018 idoneus
1047 2961 1075 3016 ‘l
1102 2962 1195 3031 (ΙΙ
1217 2963 1353 3019 Cor.
1381 2963 1470 3032 ιι.)
1491 2964 1620 3017 Non
1648 2975 1794 3031 ergo
1820 2961 2042 3017 mirum
2072 2961 2121 3017 si
2160 3002 2199 3032 η
2228 2957 2333 3031 qui
2363 2956 2625 3013 converti
2649 2955 2971 3012 noluerunt
2998 2956 3128 3029 [al.,
3161 2952 3500 3025 noluerint].

466 3047 651 3104 iidem
679 3049 939 3121 apostoli
975 3053 1033 3105 et
1081 3065 1225 3107 vasa
1266 3049 1473 3106 mortis
1502 3055 1641 3106 sunt
1678 3050 1764 3106 eis
1806 3050 1868 3105 in
1898 3050 2119 3122 quibus
2160 3038 2200 3059 υ
2298 3043 2610 3117 Augustini
2638 3045 2697 3101 in
2727 3043 2880 3102 libro
2928 3060 2966 3101 ιι
3005 3044 3079 3102 de
3129 3044 3426 3118 Baptismo
3463 3038 3895 3116 parvulorum.

467 3138 943 3209 persecutionem
969 3139 1138 3212 passi
1170 3143 1328 3211 sunt,
1359 3143 1416 3195 et
1443 3138 1637 3209 igneas
1665 3138 1894 3209 sagitta:
1926 3139 2004 3195 ad
2033 3138 2119 3194 in-
2227 3135 2315 3191 Ad
2345 3133 2745 3192 Marcellinum
2787 3134 3054 3191 scribens
3088 3135 3196 3206 (De
3220 3138 3603 3205 peccatorum
3646 3130 3890 3186 meritis

465 3226 837 3284 ﬂammanda
866 3228 1049 3285 corda
1077 3229 1464 3285 credentium.
1526 3230 1661 3283 Post
1704 3228 1863 3283 hanc
1916 3231 2118 3283 autem
2227 3230 2283 3283 et
2312 3226 2530 3294 remis,
2553 3225 2592 3280 l.
2626 3236 2685 3292 ιι,
2718 3238 2768 3279 c.
2802 3224 2878 3296 7),
2912 3225 3065 3280 inter
3094 3223 3210 3280 alia
3241 3226 3321 3279 sic
3351 3222 3534 3278 dixit:
3591 3220 3891 3290 Ignoran-

464 3314 974 3388 dispensationem
998 3318 1226 3387 justam
1278 3318 1379 3389 [al.
1430 3316 1681 3388 justum]
1722 3317 1920 3372 veniet
1962 3315 2120 3387 judi-
2226 3313 2307 3370 tia
2337 3312 2515 3384 igitur
2543 3316 2597 3368 et
2628 3311 2941 3369 inﬁrmitas
2970 3314 3110 3369 vitia
3145 3318 3299 3381 sunt,
3351 3327 3489 3386 quas
3539 3308 3895 3383 impediunt

464 3402 624 3457 cium
649 3418 664 3457 :
692 3403 769 3457 de
796 3418 923 3474 quo
948 3405 1031 3459 ita
1059 3406 1218 3475 dicit,
1242 3408 1307 3461 ut
1331 3405 1757 3474 intelligamus,
1794 3404 2116 3476 unicuique

462 3489 695 3543 homini
722 3491 1083 3562 supplicium
1110 3493 1239 3547 ﬁeri
1285 3493 1360 3548 de
1398 3498 1646 3564 peccato
1696 3507 1828 3559 suo,
1878 3498 1934 3548 et
1983 3493 2114 3563 ejus

462 3576 838 3648 iniquitatem
868 3578 930 3632 in
960 3594 1206 3650 poenam
1235 3580 1518 3636 converti.
1544 3584 1623 3635 Ne
1642 3586 1923 3653 putemus
1951 3580 2115 3636 illam

463 3665 952 3738 tranquillitatem
981 3672 1037 3723 et
1063 3667 1362 3724 ineffabile
1389 3667 1595 3724 lumen
1641 3670 1741 3725 Dei
1789 3670 1864 3724 de
1893 3684 1955 3725 se
1984 3685 2118 3742 pro-

465 3753 617 3810 ferre
646 3754 807 3812 unde
852 3762 1099 3829 peccata
1136 3757 1482 3831 puniantur,
1534 3758 1639 3814 sed
1685 3758 1817 3831 ipsa
1869 3764 2116 3831 peccata

465 3843 553 3899 sic
578 3843 856 3901 ordinare
888 3849 951 3901 ut
978 3844 1122 3919 quia
1151 3846 1391 3902 fuerunt
1419 3846 1853 3903 delectamento.
1883 3847 2114 3904 homini

462 3932 752 4006 peccanti,
787 3934 907 3991 sint
934 3935 1330 3992 instrumenta
1362 3936 1612 3992 Domino
1642 3935 1934 4009 punienti.

537 4023 849 4091 Augustini
879 4023 941 4078 in
970 4024 1339 4097 expositione
1369 4024 1585 4097 psalmi
1613 4041 1706 4080 ix:
1741 4026 1826 4080 De
1864 4025 2113 4081 occultis

458 4109 623 4166 Filii.
657 4112 799 4175 Quae
831 4114 971 4168 sunt
1000 4112 1178 4182 igitur
1204 4112 1437 4169 occulta
1468 4112 1641 4168 Filii?
1679 4113 1742 4168 In
1773 4128 1897 4185 quo
1930 4112 2111 4169 verbo

460 4198 724 4271 primum
752 4200 1201 4272 intelligendum
1232 4205 1320 4258 est
1365 4218 1497 4258 esse
1546 4201 1748 4274 aliqua
1793 4200 2112 4257 manifesta

462 4287 606 4355 Filii,
651 4289 726 4344 de
773 4290 995 4362 quibus
1044 4290 1488 4361 distinguantur
1534 4291 1663 4347 haec
1719 4304 1855 4362 quae
1911 4289 2112 4363 appel-

459 4376 659 4433 lantur
686 4379 940 4436 occulta.
998 4381 1403 4446 Quamobrem
1461 4380 1751 4452 quoniam
1807 4378 1961 4434 duos
2009 4379 2112 4434 ad-

460 4472 669 4523 ventus
700 4469 934 4525 Domini
965 4470 1282 4537 credimus,
1308 4486 1497 4525 unum
1518 4469 1904 4541 praeteritum,
1927 4483 2110 4541 quem

458 4556 652 4613 Judaei
680 4573 804 4613 non
834 4556 1248 4615 intellexerunt
1274 4575 1288 4624 ;
1321 4559 1573 4614 alterum
1604 4555 1893 4625 futurum,
1926 4572 2110 4628 quem

460 4644 693 4718 utrique
723 4662 1076 4721 speramus:
1118 4651 1175 4704 et
1201 4648 1493 4720 quoniam
1522 4646 1651 4711 iste,
1699 4662 1880 4718 quem
1922 4646 2109 4702 Judaei

458 4748 581 4789 non
611 4734 1043 4807 intellexerunt,
1094 4736 1371 4807 gentibus
1427 4734 1670 4809 profuit,
1729 4749 1851 4791 non
1909 4736 2112 4791 incon-

459 4822 760 4879 venienter
788 4824 1073 4897 accipitur
1101 4825 1177 4882 de
1214 4826 1330 4882 hoc
1384 4826 1648 4882 adventu
1696 4824 1944 4893 dictum,
1994 4840 2111 4895 pro

459 4912 709 4967 occultis
735 4912 899 4985 Filii,
957 4913 1061 4970 ubi
1108 4916 1341 4971 caecitas
1393 4931 1467 4971 ex
1512 4918 1683 4987 parte
1730 4914 1908 4971 Israel
1955 4913 2111 4971 facta

459 5002 567 5065 est,
600 5004 665 5055 ut
692 4998 1001 5072 plenitudo
1033 5005 1299 5073 gentium
1329 5003 1573 5061 intraret
1602 5007 1791 5072 (Rom.
1822 5005 1926 5075 xi).
1981 5007 2109 5060 Duo

460 5087 619 5143 enim
650 5088 878 5160 judicia
924 5092 1304 5150 insinuantur
1352 5110 1460 5167 per
1507 5093 1859 5165 Scripturas,
1894 5091 1942 5146 si
1972 5092 2109 5163 quis

358 5212 375 5227 ι.
460 5176 762 5235 advertat:
798 5195 987 5237 unum
1018 5184 1343 5250 occultum,
1400 5182 1648 5238 alterum
1701 5178 2105 5237 manifestum.

460 5268 769 5325 Occultum
800 5287 959 5327 nunc
1003 5273 1215 5342 agitur,
1262 5272 1335 5327 de
1389 5288 1509 5344 quo
1556 5268 1860 5343 apostolus
1908 5271 2110 5324 Petrus

459 5357 644 5414 dicit:
701 5361 947 5431 Tempus
991 5366 1075 5418 est
1119 5367 1185 5417 ut
1218 5360 1518 5430 judicium
1557 5357 1809 5425 incipiat
1854 5373 1889 5413 a
1939 5358 2110 5414 domo

461 5448 702 5504 Domini
754 5451 806 5521 (1
835 5452 998 5507 Petr.
1035 5452 1133 5518 iv).
1193 5448 1497 5504 Occultum
1560 5447 1758 5517 itaque
1814 5444 2109 5515 judicium

458 5541 549 5592 est
570 5552 753 5609 poena
788 5555 912 5610 qua
957 5554 1119 5595 nunc
1165 5534 1581 5608 unusquisque
1637 5533 1952 5590 hominum
2010 5538 2115 5591 aut

459 5629 764 5681 exercetur
792 5624 869 5681 ad
898 5624 1337 5697 purgationem,
1360 5625 1463 5679 aut
1491 5621 1850 5681 admonetur
1870 5623 1947 5682 ad
1970 5639 2109 5682 con-

2225 3400 2590 3458 voluntatem
2633 3417 2708 3457 ne
2763 3407 3073 3459 moveatur
3109 3402 3186 3459 ad
3218 3401 3555 3457 faciendum
3587 3414 3737 3472 opus
3773 3398 3893 3455 bc

2223 3507 2372 3546 num
2400 3490 2495 3544 vel
2524 3491 2601 3545 ab
2631 3506 2812 3562 opere
2842 3491 3002 3547 malo
3040 3489 3484 3547 abstinendum.
3549 3491 3615 3545 Ut
3669 3492 3895 3545 autem

2223 3580 2557 3636 innotescat
2585 3581 2752 3654 quod
2779 3579 3018 3646 latebat,
3053 3584 3110 3636 et
3161 3595 3343 3635 suave
3385 3580 3491 3634 fiat
3535 3575 3699 3650 quod
3749 3592 3895 3633 non

2222 3672 2576 3739 delectabat,
2612 3672 2799 3743 gratia
2830 3669 2925 3726 Dei
2956 3674 3065 3739 est,
3114 3685 3251 3742 qum.
3285 3667 3605 3723 hominum
3634 3663 3899 3723 ordinat

2223 3762 2353 3834 [al.,
2376 3762 2644 3834 adjuvat]
2672 3761 3041 3816 voluntates:
3089 3772 3213 3830 qua
3242 3761 3307 3813 ut
3336 3771 3458 3812 non
3490 3754 3893 3826 adjuvantur,

2220 3852 2283 3906 in
2312 3850 2460 3923 ipsis
2491 3851 2691 3907 itidem
2723 3864 2910 3905 causa
2939 3851 3043 3912 est,
3090 3862 3210 3902 non
3243 3846 3302 3901 in
3336 3848 3474 3914 Deo,
3524 3845 3645 3899 sive
3702 3841 3900 3899 dam-

2219 3939 2406 3996 nandi
2433 3937 2831 4014 prtedestinati
2854 3936 2985 4005 sint,
3015 3940 3258 4007 propter
3276 3932 3647 4014 iniquitatem
3668 3946 3900 4003 super-

2217 4028 2351 4097 biae,
2370 3992 2493 4085 sitis
2514 4032 2720 4083 contra
2744 4028 2935 4099 ipsam
2961 4024 3306 4097 superbiam
3331 3992 3891 4093 suam,judicandi,

2220 4121 2276 4174 et
2304 4116 2633 4185 erudiendi,
2669 4114 2714 4171 si
2744 4114 2847 4170 ﬁlii
2879 4114 2994 4170 sint
3023 4112 3463 4168 misericordias.

2293 4204 2603 4276 Augustini
2633 4221 2707 4260 ex
2735 4203 2842 4260 lib.
2872 4218 2948 4259 xv
2977 4202 3051 4257 de
3084 4200 3326 4257 Civitate
3358 4200 3459 4256 Dei
3491 4198 3637 4273 (cap.
3668 4196 3738 4269 l).
3781 4202 3898 4255 Ar-

2219 4295 2405 4350 bitror
2434 4298 2635 4349 tamen
2666 4293 2808 4349 satis
2838 4307 2948 4348 nos
2974 4292 3101 4363 jam
3128 4289 3337 4346 fecisse
3369 4288 3605 4358 magnis
3634 4292 3692 4343 et
3718 4284 3900 4344 difﬁ-

2220 4381 2452 4438 cillimis
2483 4380 2939 4453 quaestionibus,
2964 4380 3038 4435 de
3067 4380 3254 4449 initio,
3278 4376 3369 4435 vel
3397 4377 3472 4433 de
3493 4377 3609 4432 ﬁne
3634 4377 3896 4443 mundi;

2218 4471 2313 4527 vel
2338 4471 2576 4533 animae,
2608 4469 2797 4541 ipsius
2857 4469 3089 4539 generis
3135 4467 3416 4533 humani;
3449 4462 3613 4538 quod
3660 4462 3719 4519 in
3746 4461 3899 4522 duo

2219 4575 2439 4631 genere
2469 4557 2902 4619 distribuimus.
2934 4574 3121 4613 unum
3155 4572 3364 4612 eorum
3394 4555 3497 4629 qui
3536 4550 3895 4610 secundum

2219 4647 2566 4715 hominem;
2617 4646 2868 4702 alterum
2924 4661 3132 4701 eorum
3184 4644 3288 4717 qui
3320 4642 3650 4700 secundum
3680 4641 3897 4697 Deum

2217 4737 2441 4792 vivant.
2482 4737 2640 4798 Quas
2690 4736 2830 4791 item
2880 4736 3129 4807 mystice
3176 4732 3552 4807 appellamus
3607 4730 3897 4789 civitates

2218 4824 2392 4897 duas,
2422 4826 2538 4882 hoc
2569 4829 2676 4896 est,
2708 4825 2862 4881 duas
2910 4825 3221 4881 societates
3263 4822 3580 4880 hominum
3607 4835 3900 4895 quarum

2216 4932 2341 4971 una
2366 4920 2456 4972 est
2484 4932 2617 4988 quae
2649 4913 3065 4988 praedestinata
3090 4918 3182 4969 est
3206 4911 3270 4969 in
3300 4917 3591 4968 aeternum
3617 4924 3901 4981 regnare

2218 5021 2357 5061 cum
2390 5007 2536 5074 Deo;
2561 5002 2765 5073 altera,
2797 5007 3088 5060 aeternum
3119 5000 3487 5075 supplicium
3510 4998 3711 5056 subire
3732 5015 3899 5058 cum

2216 5090 2480 5148 diabolo.
3565 5133 3572 5139 .

2292 5177 2611 5249 Augustini
2628 5179 2701 5234 de
2725 5178 3083 5235 Perfectione
3109 5178 3396 5245 hominis,
3418 5176 3496 5233 ad
3522 5174 3897 5249 Eutropium

2218 5274 2275 5326 et
2290 5267 2564 5323 Paulum.
2581 5268 2737 5325 Deus
2759 5268 2830 5324 de
2851 5270 2997 5325 ctelo
3018 5270 3273 5337 respexit
3298 5281 3477 5336 super
3492 5264 3649 5335 ﬁlios
3687 5264 3896 5323 homi-

2218 5376 2381 5426 num,
2398 5366 2460 5414 ut
2479 5358 2673 5414 videat
2690 5360 2742 5413 si
2754 5366 2839 5413 est
2860 5358 3340 5427 intellz’gens,aut
3359 5355 3668 5427 requirens
3688 5357 3892 5412 Deum

2218 5447 2405 5518 (Psal.
2438 5451 2580 5515 xui).
2618 5450 2733 5503 Hoc
2777 5462 2919 5515 ergo
2963 5445 3194 5502 bonum
3239 5443 3403 5518 quod
3453 5448 3540 5500 est
3568 5445 3891 5516 requirere

2219 5537 2427 5604 Deum,
2457 5553 2581 5593 non
2625 5541 2753 5593 erat
2798 5536 2904 5608 qui
2945 5535 3183 5604 faceret,
3215 5548 3338 5592 non
3387 5540 3513 5591 erat
3550 5550 3745 5607 usque
3802 5537 3891 5592 ad

2220 5639 2433 5695 unum,
2449 5625 2554 5683 sed
2565 5624 2631 5682 in
2647 5640 2718 5682 eo
2735 5639 2949 5696 genere
2966 5623 3282 5682 hominum
3304 5621 3469 5696 quod
3485 5618 3891 5695 praedestina-
