4112 6184
329 208 438 266 909

1350 204 1555 266 EPIST.
1609 208 1706 264 AD
1744 201 2159 263 HWCMARUM
2199 204 2283 264 ET
2320 206 2720 269 PARDULUM.

3634 222 3739 276 990

327 334 455 387 tum
503 332 591 386 est
638 330 716 385 ad
762 331 1083 387 interitum.
1135 313 1324 404 super
1374 342 1479 388 eos
1534 333 1691 388 enim
1722 328 1982 403 respexit
2012 328 2062 387 Α
2100 333 2452 403 cruciatum,
2485 348 2668 409 quem
2720 326 3049 409 justissime
3103 340 3448 411 patientur:
3499 356 3609 399 nec
3663 340 3745 399 ad

327 422 429 476 Dei
458 420 851 494 prtescientia,
886 420 1251 494 protulitque
1283 422 1659 477 sententiam.

400 511 771 583 Rescriptum
799 511 986 565 sancti
1016 511 1329 579 Augustini
1352 511 1434 567 ad
1462 511 1742 568 Hilarium
1765 510 1982 581 (Epist.

323 602 414 665 89,
451 605 661 670 qmest.
695 598 770 669 3).
810 600 1035 671 Itaque,
1069 600 1220 655 sicut
1262 615 1374 669 per
1402 604 1579 656 unius
1607 602 1888 656 delictum
1919 600 1982 654 in

323 700 527 744 omnes
557 688 820 744 homines
846 687 929 742 ad
979 688 1548 752 condemnationem,
1592 689 1665 744 de
1692 704 1814 761 qua
1844 701 1984 742 con-

323 774 715 832 demnatione
766 774 1002 849 parvuli
1041 792 1149 848 per
1206 781 1655 834 sacramentum
1698 775 1983 849 baptismi

322 863 622 919 liberandi
668 869 826 932 sunt,
875 864 963 921 ita
1009 874 1121 933 per
1167 868 1342 921 unius
1389 867 1881 935 justiﬁcationem
1916 865 1981 919 in

323 966 527 1009 omnes
564 952 829 1009 homines
854 950 936 1008 ad
970 954 1462 1024 justiﬁeationem
1516 958 1653 1009 vitae
1681 955 1868 1021 (Rom.
1900 953 1974 1020 v).

326 1045 391 1097 Et
420 1043 518 1098 hic
553 1056 764 1099 omnes
789 1039 957 1109 dixit,
981 1046 1038 1098 et
1064 1042 1146 1098 ibi
1178 1059 1191 1098 :
1224 1045 1353 1099 Non
1382 1043 1529 1116 quia
1558 1058 1771 1099 omnes
1791 1042 1981 1099 homia

323 1146 435 1187 nes
496 1132 764 1188 venirent
808 1131 887 1187 ad
941 1131 1200 1201 gratiam
1250 1131 1692 1203 justiﬁcationis
1747 1132 1976 1202 Christi,

322 1234 466 1275 cum
497 1225 620 1275 tam
674 1219 846 1275 multi
876 1219 1200 1276 abalienati
1230 1221 1319 1292 [al
1345 1219 1608 1292 alienati]
1658 1220 1736 1276 ab
1764 1221 1885 1288 illa,
1917 1220 1979 1276 in

320 1312 616 1365 aeternum
647 1310 980 1365 moriantur
1014 1324 1027 1364 :
1057 1309 1164 1364 sed
1190 1309 1338 1382 quia
1392 1326 1605 1366 omnes
1654 1311 1758 1382 qui
1806 1322 1978 1365 rena-

323 1403 577 1454 scuntur
606 1399 666 1453 in
694 1397 1209 1468 justiﬁcationem,
1242 1414 1364 1453 non
1395 1398 1508 1454 nisi
1545 1415 1653 1473 per
1683 1399 1978 1456 Christum

320 1492 765 1543 renascuntur:
802 1486 957 1543 sicut
993 1502 1202 1541 omnes
1244 1485 1346 1559 qui
1386 1493 1716 1544 nascuntur
1743 1487 1804 1542 in
1843 1499 1985 1542 cons

320 1575 798 1642 damnationem,
810 1588 934 1631 non
950 1573 1070 1631 nisi
1083 1590 1191 1647 per
1211 1576 1408 1632 Adam
1426 1583 1776 1633 nascuntur.
1795 1579 1978 1632 Nemo

2096 429 2410 492 peccatum
2455 442 2578 498 quo
2627 426 2834 498 prima:
2878 429 3324 485 resurrectionis
3380 429 3742 488 beneﬁcium

2093 515 2195 566 aut
2223 526 2343 567 non
2390 513 2691 586 accipiunt
2739 520 2841 571 aut
2890 516 3335 583 amittunt;sed
3366 518 3440 575 ad
3480 523 3741 575 tormen-

2094 603 2237 666 tum,
2278 601 2443 674 quod
2496 602 2607 658 illis
2656 604 2900 678 propria
2954 605 3235 678 iniquitas
3267 608 3424 662 male
3480 608 3654 680 parit,
3688 612 3745 665 et

2091 689 2340 761 aequitas
2369 690 2572 747 divina
2598 691 2751 748 bene
2782 693 3071 750 retribuit.
3099 698 3211 751 Nec
3235 696 3312 751 ad
3343 702 3595 752 mortem
3619 697 3743 753 ani-

2092 793 2204 832 mm
2226 778 2505 849 primam,
2531 779 2591 836 in
2611 798 2734 853 qua
2757 787 3086 838 nascuntur
3102 783 3464 857 parvuli,vel
3479 784 3540 840 in
3554 802 3743 859 quam

2092 866 2267 933 (sicut
2311 867 2525 923 beatus
2574 871 2833 927 Jacobus
2884 870 3048 939 dicit)
3099 874 3586 947 concupiscentia
3634 893 3744 934 sua

2090 954 2369 1011 abstracti
2399 961 2456 1012 et
2474 956 2647 1014 illecti
2673 960 2946 1017 recidunt
2971 961 3275 1018 criminosi
3304 980 3315 1019 :
3343 963 3447 1019 sed
3480 963 3557 1021 ad
3586 979 3743 1021 mor-

2088 1048 2206 1100 tem
2238 1045 2589 1114 secundam,
2630 1063 2814 1119 quam
2845 1064 3086 1105 necesse
3121 1054 3211 1106 est
3226 1052 3550 1124 patiantur,
3579 1054 3744 1109 retri-

2088 1131 2309 1189 buente
2330 1133 2675 1204 justissimo
2696 1136 2921 1209 judice,
2945 1138 3068 1194 sive
3096 1139 3201 1211 qui
3233 1144 3369 1195 ante
3398 1146 3743 1215 perceptam

2086 1221 2370 1294 baptismi
2397 1224 2653 1293 gratiam
2702 1225 3020 1282 discedunt
3065 1226 3140 1283 de
3190 1228 3410 1285 saeculo
3440 1245 3455 1286 :
3482 1231 3605 1286 sive
3636 1230 3739 1304 qui

2086 1310 2149 1365 in
2178 1326 2439 1367 vacuum
2472 1313 2723 1382 gratiam
2748 1314 2845 1370 Dei
2868 1314 3399 1388 recipientes,post
3429 1322 3740 1391 acceptum

2086 1399 2477 1471 baptismum,
2496 1418 2684 1474 usque
2706 1403 2783 1458 ad
2805 1407 2987 1459 ﬁnem
3014 1405 3319 1476 praesentis
3340 1406 3493 1473 vitae,
3510 1405 3743 1463 malunt

2089 1489 2239 1543 servi
2271 1501 2402 1545 esse
2428 1490 2678 1562 peccati,
2706 1504 2817 1546 nec
2838 1490 3070 1559 volunt,
3090 1492 3237 1548 dum
3270 1498 3506 1566 tempus
3534 1500 3620 1551 est
3649 1510 3743 1551 ao-

2088 1577 2382 1651 ceptabile
2422 1584 2478 1635 et
2515 1579 2642 1635 dies
2675 1581 2902 1649 salutis,
2935 1581 3199 1637 converti
3229 1597 3265 1638 a
3291 1583 3386 1639 via
3416 1599 3527 1639 sua
3556 1581 3739 1655 mala,

318 1662 552 1737 quippe
606 1669 694 1721 est
749 1664 811 1720 in
869 1664 969 1719 illa
1027 1664 1430 1733 generatione,
1488 1670 1703 1736 praeter
1746 1662 1976 1731 Adam;
2011 1677 2055 1736 Β
2088 1670 2152 1724 ut
2180 1668 2403 1724 vivant.
2435 1668 2499 1725 Et
2526 1667 2871 1739 ignorantes
2916 1671 3209 1744 quoniam
3267 1671 3608 1742 benignitas
3640 1670 3741 1728 Dei

319 1765 506 1809 nemo
558 1753 619 1809 in
686 1753 799 1809 ista
863 1754 1333 1823 regeneratione,
1387 1758 1601 1826 praeter
1658 1754 1975 1810 Christum.

324 1842 467 1898 Ideo
488 1852 707 1914 omnes,
733 1845 790 1899 et
810 1856 1028 1899 omnes.
1062 1842 1317 1898 Eosdem
1344 1846 1545 1899 autem
1575 1854 1773 1899 omnes
1798 1844 1977 1899 etiam

316 1931 542 1987 multo:
586 1936 795 2004 postea
842 1931 1005 2000 dicit,
1062 1930 1407 2001 adjunges:
1454 1929 1620 1988 Sicut
1668 1934 1821 1989 enim
1868 1942 1983 2002 per

317 2018 784 2079 inobedientiam
814 2022 993 2078 unius
1023 2021 1277 2078 hominis
1302 2028 1643 2092 peccatores
1668 2023 1979 2078 constituti

316 2112 463 2167 sunt
485 2111 700 2182 multi;
730 2111 814 2168 sic
842 2116 896 2168 et
912 2124 1029 2181 per
1074 2111 1254 2167 unius
1286 2110 1539 2167 hominis
1585 2111 1978 2168 obedientiam

307 2199 473 2271 justi
527 2201 980 2257 constituuntur
1036 2200 1234 2256 multi.
1283 2201 1393 2266 Qui
1443 2201 1641 2268 multi,
1668 2200 1783 2255 nisi
1822 2212 1979 2272 quos

318 2287 508 2361 paulo
529 2293 667 2345 ante
696 2302 894 2346 omnes
926 2289 1201 2345 dixerat?

395 2376 455 2432 In
478 2377 692 2433 eodem
726 2394 740 2433 :
774 2378 1068 2445 Quoniam
1096 2393 1259 2433 mors
1295 2372 1662 2449 temporalis,
1695 2376 1977 2450 quamvis

312 2468 376 2523 et
402 2465 535 2539 ipsa
575 2467 650 2523 de
679 2465 955 2538 originali
1000 2467 1215 2524 delicto
1245 2469 1581 2540 propagata
1630 2467 1721 2535 sit,
1754 2476 1977 2539 corpus

315 2557 380 2613 in
412 2553 497 2613 eis
521 2550 821 2627 interimit,
851 2556 1123 2614 animum
1153 2570 1290 2613 vero
1316 2557 1393 2613 ad
1424 2568 1670 2629 pmnam
1698 2567 1822 2613 non
1853 2561 1975 2612 tra-

316 2644 427 2712 hit,
462 2640 564 2702 ubl
606 2644 795 2703 voluit
833 2658 1088 2718 regnum
1138 2646 1346 2702 mortis
1388 2644 1653 2716 intelligi,
1680 2650 1743 2701 ut
1771 2645 1975 2701 anima

317 2734 533 2793 renata
578 2746 687 2810 per
711 2737 988 2807 gratiam,
1006 2737 1135 2808 jam
1182 2748 1308 2792 non
1337 2736 1630 2792 moriatur
1656 2736 1717 2791 in
1750 2736 1975 2805 gehen-

318 2835 465 2881 nam
491 2835 505 2880 :
528 2822 589 2880 id
616 2829 721 2892 est,
748 2838 785 2881 a
813 2822 933 2881 vita
965 2825 1065 2882 Dei
1093 2836 1217 2881 non
1241 2823 1551 2892 alienatur,
1583 2834 1706 2879 non
1739 2834 1979 2897 separe-

320 2918 434 2970 tur.
466 2910 831 2986 Temporalis
879 2919 1081 2970 autem
1128 2926 1293 2969 mors
1345 2910 1636 2986 corporis,
1667 2912 1848 2969 etiam
1903 2912 1975 2967 iis

2086 1757 2163 1814 ad
2194 1756 2608 1829 paenitentiam
2647 1770 2750 1814 eos
2784 1756 3067 1831 adducat,
3099 1760 3237 1833 ipsi,
3265 1760 3597 1816 secundum
3626 1759 3739 1816 du-

2085 1843 2279 1899 ritiam
2332 1857 2505 1901 suam
2536 1850 2593 1902 et
2616 1843 3001 1919 impaenitens
3039 1862 3161 1914 cor,
3195 1845 3594 1905 thesaurizant
3626 1849 3739 1905 sibi

2083 1932 2234 1988 iram
2260 1932 2321 1988 in
2347 1932 2441 1989 die
2468 1933 2569 1990 ira)
2601 1939 2656 1991 et
2688 1935 3065 1992 revelationis
3092 1936 3239 2006 justi
3269 1934 3488 2008 judicii
3517 1934 3638 1993 Dei.

2155 2024 2300 2077 Item
2328 2022 2391 2078 in
2439 2023 2653 2079 eodem
2683 2022 2837 2096 (cap.
2872 2026 2927 2097 7)
2961 2044 2973 2082 :
3008 2028 3136 2081 Non
3166 2040 3306 2097 ergo
3337 2025 3742 2098 praedestinati

2084 2112 2224 2166 sunt
2251 2110 2396 2167 mali
2426 2111 2503 2167 ad
2558 2112 2677 2168 hoc
2721 2114 2887 2186 quod
2918 2113 3075 2169 male
3105 2118 3433 2186 operantur
3458 2131 3494 2170 a
3523 2128 3740 2171 concu-

2082 2195 2376 2271 piscentia
2405 2214 2517 2256 sua
2543 2200 2824 2257 abstracti
2852 2205 2908 2257 et
2934 2202 3140 2270 illecti;
3171 2200 3274 2257 sed
3306 2202 3383 2257 ad
3412 2202 3527 2258 hoc
3569 2200 3738 2275 quod

2079 2289 2241 2360 juste
2259 2289 2569 2362 patiuntur
2583 2289 2771 2347 inviti.
2797 2290 3334 2347 Prtedestinationis
3360 2290 3520 2347 enim
3542 2291 3735 2348 nomi-

2082 2389 2179 2445 ne,
2219 2390 2341 2433 non
2387 2377 2590 2451 aliqua
2635 2379 2959 2436 voluntatis
3008 2378 3291 2435 humanae
3325 2379 3595 2436 coactiva
3623 2380 3730 2451 [al,

2083 2466 2381 2539 coactitia]
2408 2470 2732 2526 necessitas
2762 2466 3129 2543 exprimitur,
3156 2467 3263 2526 sed
3309 2468 3649 2526 misericors
3678 2472 3737 2527 et

2078 2556 2241 2627 justa
2296 2552 2477 2613 futuri
2527 2558 2725 2630 operis
2773 2556 2959 2614 divini
3015 2557 3375 2631 sempiterna
3421 2557 3733 2631 dispositio

2081 2645 2461 2717 praedicatur.
2494 2644 2615 2702 Deo
2636 2651 2836 2703 autem
2867 2644 3340 2703 misericordiam
3369 2650 3427 2703 et
3440 2644 3735 2718 judicium

2082 2732 2285 2790 cantat
2312 2730 2593 2799 Ecclesia,
2628 2732 2801 2807 cujus
2828 2736 2946 2791 hoc
2975 2750 3130 2809 opus
3156 2741 3244 2791 est
3289 2734 3349 2791 in
3382 2730 3645 2803 homine,
3671 2734 3741 2792 ut

2082 2821 2315 2880 occulto
2360 2820 2685 2879 voluntatis
2717 2839 2859 2891 suae,
2892 2838 3015 2881 non
3047 2826 3246 2881 tamen
3286 2821 3509 2896 injuste
3539 2822 3737 2880 consi-

2081 2908 2183 2980 lio,
2217 2911 2321 2967 aut
2350 2912 2671 2983 gratuitam
2713 2908 3193 2969 misericordiam
3244 2915 3538 2985 praeroget
3561 2910 3737 2968 mise-

316 2997 425 3075 qui
450 2998 661 3059 Christi
687 3006 880 3060 morte
905 3002 1303 3073 redimuntur,
1334 3001 1692 3074 relinquitur
1736 3002 1973 3058 interim
2004 3034 2045 3090 ο
2082 3010 2172 3066 ro,
2202 3000 2313 3090 aut
2328 2999 2599 3090 debitam
2646 3000 2935 3090 justitiam
2967 2998 3259 3090 rependat
3287 2998 3559 3090 injuste:
3590 2997 3735 3090 imo,

317 3090 399 3147 ad
459 3091 940 3148 exercitationem
1000 3091 1162 3163 ﬁdei,
1227 3092 1284 3148 et
1338 3106 1597 3161 agonem
1662 3091 1974 3163 prtesentis
2015 3086 2043 3090 ’
2083 3091 2187 3143 aut
2231 3086 2695 3145 misericorditer
2733 3088 3008 3157 debitori,
3042 3089 3246 3153 donet,
3277 3087 3445 3161 quod
3483 3088 3532 3143 si
3561 3086 3737 3143 vellet

320 3177 659 3237 luctaminis
710 3180 839 3254 [al.,
878 3178 1241 3253 luctationis]
1278 3178 1338 3237 in
1395 3193 1519 3253 quo
1568 3184 1625 3236 et
1682 3185 1974 3252 martyres

326 3272 714 3344 certaverunt,
733 3268 1089 3327 absumetur
1106 3286 1245 3326 vero
1267 3275 1325 3327 et
1348 3266 1479 3343 ipsa
1499 3271 1560 3325 in
1586 3268 1975 3326 renovatione

329 3356 596 3430 corporis
640 3370 825 3433 quam
884 3358 1235 3417 resurrectio
1284 3358 1614 3431 pollicetur.
1663 3355 1748 3414 Ibi
1812 3357 1972 3414 enim

322 3441 563 3518 penitus
593 3444 1012 3505 absorbebitur
1030 3460 1194 3504 mors
1219 3447 1279 3504 in
1307 3446 1636 3514 victoriam,
1665 3446 1761 3503 cui
1791 3446 1976 3503 modo

318 3534 513 3604 gratia
565 3536 773 3593 Christi
804 3538 1015 3594 adimit
1052 3553 1328 3608 regnum,
1371 3552 1447 3593 ne
1490 3548 1695 3593 secum
1741 3536 1974 3593 animas

316 3626 398 3680 ad
429 3636 641 3699 pcenas
670 3628 893 3683 Tartari
922 3627 1134 3683 trahat.

388 3715 702 3785 Augustini
734 3730 807 3772 ex
834 3711 988 3772 libro
1019 3711 1400 3771 Enchiridion
1454 3714 1605 3785 (cap.
1644 3716 1765 3787 100)
1795 3728 1807 3768 τ
1843 3712 1976 3771 Haec

316 3809 459 3859 sunt
504 3818 729 3876 magna
775 3820 957 3875 opera
1004 3804 1265 3871 Domini,
1313 3805 1612 3876 exquisita
1660 3804 1722 3859 in
1778 3810 1977 3859 omnes

316 3892 657 3951 voluntates
699 3892 846 3965 ejus,
901 3898 958 3950 et
1014 3899 1135 3950 tam
1185 3892 1486 3965 sapienter
1539 3891 1856 3965 exquisita,
1912 3890 1978 3948 ut

315 3992 461 4037 cum
506 3978 777 4054 angelica
825 3984 881 4040 et
927 3979 1198 4039 humana
1252 3986 1525 4037 creatura
1554 3985 1883 4052 peccasset,
1915 3979 1976 4037 id

310 4073 402 4126 est
434 4082 559 4127 non
589 4070 757 4144 quod
786 4070 901 4141 ille,
938 4073 1042 4129 sed
1094 4072 1254 4144 quod
1307 4066 1496 4125 voluit
1539 4064 1670 4142 ipsa
1720 4066 1972 4139 fecisset,

315 4159 502 4216 etiam
558 4175 665 4234 per
718 4158 995 4218 eamdem
1056 4166 1343 4225 creaturae
1400 4160 1793 4227 voluntatem,
1850 4172 1974 4231 qua

309 4247 544 4305 factum
579 4252 667 4306 est
691 4250 856 4324 quod
880 4253 1117 4307 Creator
1135 4249 1344 4318 noluit,
1363 4246 1635 4322 impleret
1652 4247 1782 4321 ipse
1806 4242 1972 4320 quod

2078 3175 2238 3248 juste
2262 3179 2468 3249 posset
2495 3174 2730 3247 exigere
2762 3192 2775 3233 :
2808 3182 2911 3234 aut
2955 3178 3112 3248 juste
3143 3191 3280 3233 cum
3320 3176 3537 3246 usuris,
3569 3174 3736 3250 quod

2084 3282 2264 3321 suum
2294 3270 2383 3321 est
2408 3267 2626 3336 exigat,
2655 3272 2711 3323 et
2740 3268 2948 3340 iniquo
2979 3264 3255 3338 debitori,
3291 3263 3455 3341 quod
3485 3262 3739 3323 debetur

2083 3352 2517 3427 iniquitatibus,
2540 3354 2768 3412 reddat.

2155 3444 2297 3500 Item
2343 3441 2403 3499 in
2459 3446 2670 3500 eodem
2718 3445 2868 3517 (cap.
2906 3442 2989 3519 14)
3019 3460 3032 3502 :
3067 3451 3128 3502 In
3177 3443 3444 3519 utrisque
3476 3459 3638 3517 ergo,
3674 3440 3737 3501 id

2083 3533 2174 3589 est
2195 3529 2218 3604 j
2228 3533 2374 3588 ustis
2405 3536 2462 3589 et
2482 3529 2539 3588 in
2543 3534 2564 3604 j
2575 3534 2738 3601 ustis,
2759 3531 2867 3589 tria
2894 3532 3139 3606 quidem
3158 3532 3595 3591 consideranda
3614 3533 3736 3589 exi-

2084 3618 2261 3678 stimo
2278 3620 2513 3678 initium
2535 3620 2877 3689 voluntatis,
2896 3638 3284 3695 progressum
3309 3620 3527 3696 operis,
3550 3618 3733 3678 ﬁnem

2082 3709 2489 3766 retributionis
2521 3724 2534 3767 :
2569 3713 2633 3766 ut
2661 3708 2721 3766 in
2771 3708 2866 3766 his
2898 3724 3278 3785 quaecunque
3304 3711 3468 3783 justa
3490 3716 3548 3767 et
3576 3706 3738 3767 bona

2083 3796 2379 3865 videmus,
2394 3798 2556 3868 insto
2587 3800 2643 3855 et
2661 3799 2823 3854 bono
2848 3804 2965 3855 Deo
2985 3799 3236 3856 demus:
3262 3799 3362 3855 illa
3392 3804 3592 3855 autem
3615 3798 3735 3854 Deo

2082 3885 2332 3956 indigna
2362 3886 2727 3951 noverimus,
2762 3888 2823 3942 in
2844 3887 3068 3960 quibus
3098 3905 3209 3944 nec
3239 3887 3589 3952 bonitatem,
3624 3900 3735 3942 nec

2077 3975 2369 4047 justitiam
2401 3972 2763 4030 invenimus.
2800 3976 2863 4031 Et
2891 3975 3274 4031 considerata
3299 3986 3548 4047 operum
3580 3988 3735 4046 qua-

2080 4061 2263 4130 litate,
2297 4062 2401 4119 illa
2432 4063 2747 4119 credamus
2776 4078 2812 4119 a
2840 4064 2960 4119 Deo
2990 4060 3433 4136 praedestinata,
3466 4075 3601 4135 quae
3626 4060 3736 4117 mi-

2083 4150 2418 4207 sericordiae
2444 4146 2537 4206 vel
2565 4150 2828 4223 aequitati
2859 4150 3076 4207 divinae
3108 4151 3412 4221 condigna
3434 4147 3737 4223 reperiun-

2082 4242 2196 4308 tur,
2228 4243 2285 4295 et
2311 4250 2600 4309 congrua,
2632 4240 2971 4297 Misericors
3000 4241 3178 4307 enim,
3221 4242 3278 4296 et
3318 4240 3654 4301 miseratur,
3678 4240 3735 4294 et

308 4336 524 4405 voluit,
570 4339 724 4395 bene
774 4344 948 4395 utens
987 4345 1043 4395 et
1100 4336 1292 4405 malis,
1362 4340 1655 4410 tanquam
1735 4351 1970 4392 summe
2000 4380 2045 4441 Β
2073 4330 2277 4398 justus
2307 4329 2618 4384 Dominus.
2649 4334 2729 4384 Ac
2757 4328 2956 4401 primo
2979 4329 3155 4383 totius
3205 4328 3379 4383 bonte
3409 4325 3734 4383 voluntatis

308 4422 327 4441 1
628 4426 642 4441 ι
844 4440 847 4441 ,
935 4428 951 4441 ιι
1149 4427 1181 4441 ,ο
1605 4424 1617 4441 ι
1686 4438 1691 4441 Α
1810 4440 1831 4441 η
1892 4424 1909 4441 ι
1938 4438 1945 4441 Α
2084 4417 2312 4441 ἔ..ζιέ....μ
2345 4417 2417 4441 ‘k
2443 4416 2534 4441 :IIA
2567 4418 2917 4441 a-_....:1-_..-
2942 4416 3214 4441 'l"..'..:t..t-
3248 4414 3344 4441 -.-ι
3368 4431 3523 4441 ...ι-,ι-
3547 4413 3709 4441 -Α1.ιι-

308 4422 536 4495 bonus,
569 4426 645 4483 ad
675 4440 885 4485 eorum
916 4427 1386 4495 damnationem,
1416 4442 1570 4499 quos
1595 4424 1696 4497 jus
1747 4424 1973 4498 praede-

313 4510 558 4572 stinavit
583 4515 661 4571 ad
690 4527 973 4589 pmnam;
1007 4520 1062 4572 et
1110 4514 1187 4572 ad
1243 4532 1454 4572 eorum
1505 4514 1781 4582 salutem,
1813 4524 1969 4586 quos

312 4599 579 4675 benigne
608 4600 1051 4678 praedestinavit
1079 4606 1157 4662 ad
1185 4604 1458 4676 gloriam.

944 4712 1169 4770 CAPUT
1206 4714 1342 4769 VIII.

317 4795 419 4857 Ea:
445 4809 652 4860 sancto
683 4795 1037 4928 Fulgentti
1052 4797 1203 4930 £2be
1233 4803 1307 4859 de
1335 4798 1867 4859 Prwdestinatione
1894 4794 1977 4857 ad

1037 4890 1070 4930 ο
1119 4888 1321 4930 imum.

1037 4888 1321 4930 animum.

394 4955 701 5031 Fulgentii,
734 4976 805 5018 ex
834 4958 988 5018 libro
1018 4957 1092 5018 de
1122 4956 1644 5018 Praedestinatione
1665 4954 1745 5017 ad
1790 4956 1971 5016 Moni-

309 5060 487 5106 mum
516 5048 643 5117 (tib.
665 5062 705 5118 ι,
738 5067 870 5121 cap.
896 5053 1309 5117 v)..0uantum
1340 5046 1517 5119 igitur
1565 5049 1699 5123 ipsa
1726 5049 1972 5106 Veritate

308 5140 474 5213 (quia
496 5154 707 5195 verum
730 5140 933 5196 lumen
962 5142 1065 5211 est)
1086 5136 1459 5195 illuminante
1480 5140 1756 5195 tenebras
1780 5152 1968 5206 meas,

311 5224 380 5283 in
435 5224 619 5297 hujus
679 5224 1025 5301 quaestionis
1085 5228 1466 5294 scrutatione,
1520 5225 1769 5283 facultas
1827 5221 1972 5282 mihi

308 5318 605 5373 hactenus
633 5322 721 5373 est
744 5316 1117 5388 intelligendi
1161 5323 1470 5381 concessa,
1503 5315 1649 5371 nihil
1678 5314 1841 5371 aliud
1872 5330 1970 5371 ac-

307 5402 666 5477 cipiendum
696 5406 975 5463 existimo
1021 5407 1083 5462 in
1132 5406 1230 5462 illo
1273 5403 1462 5462 sancti
1510 5404 1818 5473 Augustini
1849 5418 1967 5460 ser~

310 5508 518 5563 mone,
551 5510 672 5567 quo
705 5495 783 5551 ad
830 5495 1137 5552 interitum
1181 5494 1482 5568 quosdam
1515 5492 1969 5563 prmdestinatos

308 5581 539 5652 ﬁrmat,
568 5580 683 5639 nisi
727 5584 807 5640 ad
862 5583 1171 5641 interitum
1210 5578 1507 5656 supplicii,
1552 5595 1675 5637 non
1721 5580 1964 5638 delicti:

309 5678 516 5742 neque
544 5666 621 5726 ad
675 5666 903 5729 malum
931 5671 1098 5745 quod
1127 5666 1333 5743 injustt
1373 5665 1717 5737 admittunt,
1751 5664 1858 5737 sed
1888 5661 1966 5735 ad

2084 4417 2316 4473 initium
2344 4417 2422 4473 ab
2442 4416 2542 4474 illa
2566 4418 2924 4490 sempiterna
2942 4414 3348 4490 Trinitate,qui
3368 4431 3524 4471 unus
3546 4413 3731 4471 solus.

2084 4510 2142 4563 et
2167 4520 2345 4563 verus
2378 4508 2469 4563 est
2496 4507 2671 4577 Deus,
2701 4511 2755 4563 et
2781 4504 3273 4579 praedestinatum
3304 4502 3659 4559 conﬁtemur
3679 4504 3737 4558 et

2082 4595 2312 4651 datum.
2365 4597 2485 4650 Hoc
2528 4595 2690 4650 enim
2727 4593 2959 4651 homini
3005 4594 3265 4665 gratuita
3306 4589 3736 4664 justiﬁcatione

2084 4683 2288 4739 tribuit
2315 4687 2738 4756 praeparatum,
2773 4683 2940 4756 quod
2992 4681 3050 4738 in
3083 4684 3303 4738 aeterna
3351 4678 3736 4753 praedestina-

2084 4772 2242 4827 tione
2266 4775 2696 4844 preparaverat
2718 4771 3128 4827 tribuendum.

2155 4864 2300 4916 Item
2327 4855 2388 4916 in
2419 4860 2633 4916 eodem
2665 4864 2823 4930 (cap.
2856 4861 2945 4934 t7)
2978 4876 2990 4916 :
3025 4860 3090 4916 Et
3118 4856 3253 4917 ideo
3274 4859 3426 4931 jam,
3460 4859 3526 4914 ut
3550 4854 3733 4913 libelli

2082 4948 2264 5005 series
2294 4952 2675 5020 temperetur,
2704 4948 3003 5006 malorum
3042 4961 3287 5023 quoque
3337 4946 3732 5017 voluntatem,

2081 5038 2489 5112 operatiOnem
2522 5052 2592 5095 ac
2639 5037 3090 5096 retributionem
3140 5035 3523 5095 considerare
3552 5033 3733 5093 debe-

2079 5146 2254 5197 mus;
2285 5132 2349 5184 ut
2370 5143 2777 5197 agnoscamus
2808 5133 3006 5185 utrum
3038 5127 3230 5186 malos
3253 5129 3409 5185 Deus
3433 5128 3631 5199 justus
3655 5126 3728 5183 ad

2079 5221 2192 5275 hoc
2224 5219 2402 5274 etiam
2436 5218 2943 5290 prredestinaverit
2970 5216 3334 5287 faciendum,
3361 5215 3524 5290 quod
3557 5214 3612 5269 in
3648 5215 3753 5269 eis‘

2080 5310 2397 5382 puniturus
2428 5313 2519 5365 est
2544 5309 2769 5365 factum
2794 5312 2822 5366 ?
2854 5313 2942 5364 An
2970 5308 3191 5365 idcirco
3221 5308 3459 5381 iniquos
3495 5302 3573 5359 ad
3597 5318 3735 5376 sup-

2078 5400 2323 5474 plicium
2370 5400 2531 5473 juste
2578 5396 3110 5474 praedestinaverit,
3138 5399 3283 5471 quia
3331 5412 3539 5452 eorum
3574 5392 3732 5449 mala

2078 5506 2282 5562 opera,
2312 5489 2448 5547 licet
2476 5486 2673 5546 futura
2718 5488 3038 5563 praescierit
3087 5488 3194 5558 [al,
3228 5482 3575 5559 praescerit],
3609 5496 3727 5537 non

2078 5585 2279 5635 tamen
2326 5579 2456 5651 ipse
2504 5574 2953 5651 praedestinavit
2981 5580 3047 5633 ut
3084 5575 3286 5632 futura
3331 5577 3552 5642 essent,
3584 5567 3732 5642 quia

2078 5678 2201 5724 non
2231 5665 2359 5739 ipse
2388 5664 2526 5724 fecit
2549 5667 2614 5725 ut
2639 5664 2867 5734 ﬂerent.
