4098 6176
384 176 480 230 991

1471 176 1527 231 S.
1570 176 1939 231 PRUDENTII
1977 173 2349 229 TRECENSIS
2388 173 2698 230 EPISCOPI

3717 175 3829 228 99'2

381 297 526 354 item
576 297 635 352 in
684 296 896 352 eodem
942 296 1094 366 (cap.
1128 301 1217 365 19)
1252 314 1264 352 :
1296 298 1385 352 Ad
1432 297 1800 354 voluntatem
1856 297 2036 368 igitur
2062 299 2107 352 Α
2146 299 2300 352 Deus
2339 295 2813 369 praedestinaret,
2843 311 2954 368 pro
2993 294 3256 368 peccatis
3315 295 3645 352 hominem
3699 311 3834 353 non

383 385 611 442 malam
670 385 822 440 Deus
875 384 1183 441 hominem
1232 402 1353 442 non
1387 386 1852 458 prmdestinavit,
1892 386 2036 459 quia

382 472 613 529 homini
668 488 804 528 eam
863 473 1117 529 daturus
1165 474 1295 546 ipse
1347 491 1471 531 non
1528 475 1658 531 fuit.
1720 474 2036 541 Quomodo

382 560 545 617 enim
578 562 734 617 Deus
782 562 1114 630 hominem,
1146 579 1328 636 quem
1377 564 1457 619 ad
1507 564 1832 635 imaginem
1862 579 2036 619 suam

381 648 537 717 fecit,
572 649 1025 723 praedestinaret
1051 650 1131 707 ad
1159 652 1386 709 malam
1417 652 1808 722 voluntatem,
1848 668 2035 726 quam

380 739 511 813 ipse
540 754 664 796 non
687 738 866 796 fecit?

453 831 594 884 Item
624 827 687 884 in
715 828 930 885 eodem
960 830 1110 901 (cap.
1143 830 1235 902 2t)
1261 848 1274 883 :
1305 834 1483 886 Porro
1522 834 1723 887 autem
1764 846 1903 886 cum
1934 845 2035 885 ne-

383 932 524 988 gare
554 933 679 973 non
702 917 1012 991 possimus
1042 934 1077 976 a
1107 919 1226 975 Deo
1266 919 1431 976 bono
1461 919 1685 977 factum
1725 918 2036 976 hominem

381 1007 639 1078 bonum,
674 1007 723 1062 si
753 1006 1083 1063 dixerimus
1108 1025 1247 1064 eum
1289 1024 1326 1065 a
1376 1012 1495 1065 Deo
1543 1008 2036 1083 praedestinatum

384 1095 464 1154 ad
497 1111 653 1169 opus
680 1095 926 1168 aliquod
957 1096 1208 1165 malum,
1239 1113 1353 1153 nos
1399 1098 1519 1154 Deo
1567 1097 1935 1153 misericordi
1980 1101 2037 1154 et

378 1186 544 1257 justo
593 1184 708 1241 tale
737 1201 914 1258 opus,
943 1186 1109 1259 quod
1151 1185 1325 1253 absit,
1359 1186 1737 1251 aseribimus,
1765 1185 1869 1241 ubi
1926 1201 2037 1241 nec

382 1273 724 1331 misericors
772 1274 960 1347 possit
1026 1274 1300 1346 inveniri,
1342 1291 1479 1331 nec,
1494 1276 1718 1347 justus.
1763 1274 1820 1332 Si
1875 1274 2035 1331 enim

385 1378 525 1418 cum
550 1377 587 1418 a
618 1363 738 1418 Deo
764 1362 930 1418 ﬁeret
955 1363 1161 1433 homo,
1190 1362 1273 1419 sic
1312 1367 1438 1420 erat
1465 1364 1525 1420 in
1555 1363 1837 1436 praesenti
1856 1379 2035 1436 opere

384 1450 510 1520 Dei,
543 1449 765 1518 bonus,
800 1451 948 1506 utin
976 1451 1499 1524 praedestinatione
1522 1452 1651 1524 ejus
1697 1455 1854 1508 esset
1905 1467 2035 1507 ma-

383 1538 479 1595 lus
507 1556 520 1607 ;
551 1538 763 1611 procul
792 1538 981 1595 dubio
1012 1539 1113 1594 Dei
1170 1555 1349 1612 opere
1394 1541 1591 1596 malus
1624 1540 1857 1597 futurus
1889 1545 2032 1608 erat,

2142 385 2399 457 puniret.
2423 386 2521 441 Dei
2547 385 2707 441 enim
2729 383 3255 458 praedestinatione
3277 388 3380 441 aut
3408 389 3833 457 peccatorum

2142 479 2484 547 praeparata
2513 479 2601 530 est
2619 475 2719 547 pia
2748 473 3043 541 remissio,
3072 479 3177 530 aut
3220 478 3623 547 peccatorum
3655 475 3837 546 justa

2141 563 2393 636 punitio.
2448 566 2770 636 Nunquam
2800 563 2981 635 igitur
3026 563 3180 619 Deus
3212 562 3291 619 ad
3340 563 3458 618 hoc
3488 564 3836 620 hominem

2141 653 2335 726 potuit
2378 653 2828 727 prtedestinare,
2874 651 3043 726 quod
3091 652 3221 727 ipse
3287 658 3712 726 proposuerat
3776 658 3836 710 et

2142 747 2441 817 praecepto
2492 742 2837 817 prohibere,
2884 745 2941 799 et
2985 740 3403 798 misericordia
3458 741 3732 812 diluere,
3775 747 3835 800 et

2138 831 2367 903 justitia
2390 832 2624 905 punire.
2654 832 2899 905 Iniquos
2920 831 3124 904 itaque
3147 846 3305 904 quos
3325 831 3639 905 praescivit
3663 832 3832 889 Deus

2141 920 2301 977 hanc
2355 920 2539 977 vitam
2570 920 2632 977 in
2661 925 2908 994 peccato
2934 919 3379 987 terminaturos,
3407 920 3830 994 prsidestina-

2140 1009 2225 1065 vit
2253 1010 2548 1083 supplicio
2572 1009 3002 1066 interminabili
3024 1008 3395 1083 puniendos,
3418 1010 3482 1066 in
3503 1026 3636 1084 quo
3665 1011 3832 1068 sicut

2143 1097 2450 1171 culpanda
2478 1115 2600 1155 uon
2631 1103 2718 1155 est
2736 1098 3107 1172 praascientia
3136 1098 3425 1155 humanm
3455 1098 3824 1171 iniquitatis,

2142 1186 2225 1242 ita
2262 1187 2705 1259 praedestinatio
2733 1186 3046 1243 laudanda
3093 1189 3183 1241 est
3231 1185 3498 1255 ultionis,
3529 1192 3596 1243 ut
3623 1203 3826 1258 agno-

2144 1281 2363 1346 scatur,
2397 1293 2517 1332 uon
2567 1275 2644 1332 ab
2694 1290 2766 1331 eo
2818 1274 3318 1348 praedestinatum
3369 1274 3689 1332 hominem
3737 1274 3822 1333 ad

2143 1364 2564 1438 qualecunque
2588 1368 2931 1438 peccatum,
2959 1379 3142 1437 quem
3188 1362 3640 1436 praedestinavit
3668 1381 3819 1439 pec-

2147 1453 2264 1509 cati
2292 1454 2504 1510 merito
2535 1453 2938 1526 puniendum.

2218 1546 2361 1599 ltem
2386 1542 2448 1598 in
2475 1542 2688 1599 eodem
2721 1543 2873 1614 (cap.
2906 1543 2995 1614 24)
3023 1559 3036 1596 :
3062 1543 3126 1598 Et
3153 1540 3291 1597 licet
3318 1540 3382 1597 in
3410 1542 3543 1614 ejus
3583 1542 3813 1616 praede-

385 1644 421 1684 a
446 1643 571 1700 quo
622 1627 699 1683 ad
738 1628 1115 1701 peccandum
1161 1630 1617 1702 praedestinatus
1663 1629 1865 1687 fiebat.
1927 1629 2034 1687 Ubi
2069 1648 2109 1704 Β
2145 1630 2458 1688 stinatione
2475 1647 2597 1688 non
2618 1630 2884 1701 fuerit,ut
2902 1629 3193 1687 malitiam
3208 1630 3492 1686 humanae
3513 1631 3803 1687 voluntati

386 1715 586 1772 statim
641 1715 743 1772 illa
799 1718 1184 1790 consequitur
1236 1718 1604 1789 absurditas,
1662 1723 1723 1774 ut
1782 1719 2036 1791 dicatur,

385 1804 531 1878 quia
558 1806 714 1861 Deus
744 1805 842 1876 (de
873 1822 997 1879 quo
1053 1807 1344 1880 Propheta
1375 1808 1537 1874 dicit,
1563 1809 1668 1881 qui
1708 1809 1854 1878 fecit
1903 1823 2038 1880 qua?

381 1895 602 1966 futura
630 1896 788 1966 sunt)
832 1896 891 1951 in
928 1912 991 1952 se
1020 1897 1232 1953 habuit
1279 1898 1463 1970 (quod
1506 1897 1682 1956 absit)
1711 1893 2041 1970 iniquitatis

385 1983 701 2053 originem,
745 1985 792 2040 si
824 1985 1134 2043 hominem
1171 2003 1207 2042 a
1229 2003 1293 2042 se
1324 1986 1549 2043 factum
1582 1987 1709 2060 ipse
1738 1984 2043 2059 praedesti-

386 2078 637 2130 naverat
686 2079 1083 2146 peccatorcm.
1146 2075 1594 2144 Prmdestinatip
1663 2075 1825 2132 enim
1888 2074 2038 2145 ejus,

386 2162 747 2235 praeparatio
791 2168 880 2219 est
923 2179 1175 2236 operum
1229 2165 1378 2236 ejus.
1437 2165 1507 2220 Et
1544 2164 1696 2221 sicut
1759 2160 2043 2234 competit

388 2252 509 2307 Deo
538 2251 723 2319 bono,
759 2256 820 2307 ut
849 2268 1038 2308 causa
1068 2253 1143 2309 sit
1181 2253 1362 2309 totius
1386 2252 1582 2326 operis
1610 2252 1758 2309 boni
1791 2270 1803 2307 :
1837 2250 1921 2306 sic
1950 2249 2043 2305 in-

388 2355 726 2411 congruum
754 2346 842 2397 est
875 2347 938 2397 ut
973 2342 1033 2398 in
1064 2342 1197 2416 ipso
1226 2347 1467 2416 putetur
1495 2357 1680 2399 causa
1726 2339 2045 2412 cujuslibet

390 2429 592 2501 operis
619 2428 782 2485 mali.
815 2431 1039 2486 Deinde
1087 2432 1488 2498 attendamus,
1521 2431 1668 2504 quia
1696 2428 1863 2486 nulla
1890 2428 2044 2483 ratio

390 2515 678 2582 redditur,
712 2533 835 2587 qua
860 2517 1044 2573 homo
1065 2518 1143 2573 ad
1174 2525 1488 2590 peccatum
1518 2517 1978 2590 praedestinatus
2007 2530 2046 2571 a

393 2606 513 2659 Deo
541 2603 837 2659 credatur.
875 2606 932 2661 Si
958 2605 1120 2661 enim
1158 2606 1220 2660 in
1268 2607 1364 2661 his
1406 2622 1561 2679 quos
1606 2607 1762 2661 Deus
1791 2609 1850 2660 et
1878 2607 2046 2659 Pater

392 2689 630 2745 Domini
667 2691 855 2746 nostri
885 2694 1022 2748 Jesu
1056 2693 1270 2748 Christi
1318 2694 1622 2750 benedixit
1651 2693 1712 2749 in
1743 2692 1910 2749 omni
1939 2692 2042 2748 be-

391 2777 732 2835 nedictione
759 2779 1006 2853 spiritali
1037 2797 1098 2836 m
1125 2781 1459 2839 coelestibus
1514 2782 1574 2838 in
1626 2781 1857 2838 Christo
1883 2783 2043 2852 Jesu,

395 2867 552 2923 sicut
578 2866 751 2938 elegit
777 2884 880 2925 eos
911 2869 971 2925 in
1009 2870 1316 2937 charitate,
1345 2871 1450 2944 qui
1473 2870 1919 2944 prtedestinavit
1942 2885 2047 2926 eos

393 2956 458 3012 in
505 2955 895 3029 adoptionem
942 2958 1204 3015 ﬁliorum
1252 2976 1359 3033 per
1403 2962 1609 3016 Iesum
1640 2959 1937 3016 Christum
1983 2958 2045 3014 in

392 3046 619 3120 ipsum.
646 3047 703 3104 Si
731 3062 873 3119 ergo
899 3049 961 3104 in
989 3048 1083 3105 his
1114 3065 1298 3106 causa
1324 3048 1867 3122 przedestinationis
1886 3064 2047 3121 quie-

394 3141 580 3206 ratur,
614 3152 736 3193 non
769 3137 972 3211 utique
1001 3138 1140 3208 alia,
1172 3139 1277 3195 sed
1304 3139 1436 3197 sola
1464 3138 1722 3210 gratuita
1744 3137 1843 3194 Dei
1871 3137 2046 3193 mise-

394 3224 652 3282 ricordia
678 3227 987 3299 reperitur.

467 3315 613 3370 Item
641 3315 701 3370 in
732 3316 945 3372 eodem
969 3318 1119 3387 (cap.
1153 3320 1243 3388 22)
1275 3335 1288 3372 :
1328 3318 1393 3374 In
1417 3317 1511 3373 his
1540 3323 1741 3374 autem
1770 3316 1875 3390 qui
1932 3331 2045 3389 pu-

397 3404 599 3458 tantur
626 3403 1052 3474 praadestinati,
1081 3421 1204 3460 non
1235 3406 1314 3461 ad
1341 3406 1564 3463 luenda
1594 3405 1912 3479 supplicia,
1938 3403 2047 3459 sed

398 3490 480 3545 ad
504 3490 907 3561 perpetranda
938 3496 1204 3562 peccata,
1228 3509 1368 3568 cum
1389 3510 1574 3549 causa
1602 3494 1795 3566 ipsius
1818 3493 2045 3566 praede-

400 3576 738 3633 stinationis
762 3577 1067 3649 quaeritur,
1101 3595 1222 3634 non
1247 3580 1485 3636 invenio
1505 3580 1655 3654 quid
1683 3580 2048 3653 respondere

398 3665 608 3741 possit,
631 3665 905 3739 quisquis
925 3668 1081 3724 hanc
1111 3683 1373 3725 asserere
1393 3670 1730 3726 meditatur.
1766 3668 2048 3742 Nunquid

399 3753 584 3820 enim,
615 3754 767 3811 sicut
794 3761 952 3812 recte
999 3756 1275 3823 dicimus,
1308 3758 1386 3814 ad
1435 3759 1550 3815 hoc
1592 3758 2048 3832 praedestinatos

400 3848 661 3908 sanctos,
694 3850 779 3912 ut,
806 3847 923 3903 Deo
955 3846 1016 3901 in
1045 3846 1131 3902 eis
1168 3848 1624 3905 misericorditer
1647 3853 1954 3922 operante,
1975 3862 2049 3903 ex

399 3932 575 3989 malis
605 3935 814 3991 tierent
858 3935 1024 3998 boni,
1057 3940 1115 3991 et
1141 3952 1214 3992 ex
1252 3936 1453 4011 impiis
1475 3938 1673 4010 justi?
1696 3937 1867 4004 Quod
1910 3954 2049 3994 cum

399 4021 680 4095 dicimus,
732 4022 813 4079 ad
870 4024 968 4080 Dei
1006 4025 1258 4095 gloriam
1301 4026 1602 4083 dicimus:
1636 4027 1920 4101 Nunquid
1968 4026 2053 4084 sic

399 4116 558 4168 recte
583 4111 778 4167 dicere
807 4115 1159 4186 poterimus,
1193 4115 1272 4171 ad
1298 4116 1411 4173 hoc
1460 4116 1915 4189 prredestinatos
1944 4116 2052 4173 ini-

402 4214 558 4271 quos
588 4205 652 4255 ut
676 4202 793 4256 Deo
818 4200 879 4257 in
912 4202 1017 4270 eis,
1042 4203 1147 4259 etsi
1178 4219 1299 4259 non
1339 4204 1818 4276 misericorditer,
1841 4205 2050 4263 saltem

402 4289 557 4360 juste
586 4295 894 4361 operante,
922 4306 993 4347 ex
1022 4292 1201 4348 bonis
1226 4293 1437 4349 tierent
1468 4293 1631 4362 mali,
1656 4298 1761 4350 aut
1778 4310 1852 4349 ex
1873 4293 2051 4365 justis

403 4374 616 4449 ﬁerent
641 4377 860 4450 impii?
886 4379 1053 4436 Absit
1089 4381 1203 4437 hoc
1248 4398 1284 4437 a
1326 4381 1521 4450 nobis,
1556 4389 1612 4438 et
1659 4383 1737 4440 ab
1767 4382 2051 4439 omnibus

406 4463 776 4533 Christianis,
790 4471 854 4523 ut
876 4483 1124 4525 causam
1146 4469 1463 4540 cujuslibet
1479 4470 1705 4542 peccati
1727 4471 2054 4543 quisquam

407 4552 697 4627 deputare
728 4555 943 4613 divinae
969 4558 1190 4613 audeat
1217 4558 1482 4631 aequitati
1513 4578 1525 4616 :
1570 4576 1710 4616 cum
1739 4575 1850 4616 nec
1889 4558 2056 4615 mali-

408 4642 522 4711 tiae,
553 4660 665 4701 nec
703 4645 1025 4718 impietatis
1055 4647 1416 4720 cujusquam
1460 4665 1646 4705 causa
1676 4665 1803 4705 esse
1843 4649 2054 4722 possit.

480 4732 624 4788 Item
648 4735 709 4790 in
739 4735 952 4791 eodem
987 4744 1141 4806 (cap.
1164 4737 1255 4805 23)
1279 4755 1292 4793 :
1314 4737 1456 4803 Quis
1484 4754 1627 4809 ergo
1650 4744 1818 4812 putet
1838 4755 1875 4795 a
1893 4737 2056 4794 bono

412 4832 483 4872 ac
513 4822 679 4875 suavi
714 4826 828 4879 Deo
853 4825 1345 4895 praedestinatum
1374 4827 1683 4884 hominem
1712 4833 1815 4884 aut
1834 4827 1914 4884 ad
1934 4844 2061 4885 ma-

410 4903 599 4960 litiam
646 4908 991 4982 voluntatis,
1029 4930 1153 4985 qua
1183 4915 1411 4971 bonum
1456 4920 1642 4973 Deum
1676 4916 2057 4990 relinqueret,

413 4995 520 5047 aut
559 4994 638 5048 ad
684 4999 1149 5057 amaritudinem
1191 5005 1606 5071 contumaciae,
1637 5021 1762 5078 qua
1809 5021 2058 5061 suavem

415 5080 735 5137 Dominum
757 5098 880 5140 non
907 5085 1177 5145 timeret?
1207 5092 1458 5147 Proinde
1487 5092 1767 5148 ﬁdelibus
1787 5093 2063 5162 congruit

414 5167 655 5225 credere
685 5174 743 5226 et
766 5170 1052 5239 conﬁteri,
1086 5176 1269 5232 Deum
1299 5177 1531 5234 bonum
1561 5184 1617 5235 et
1638 5180 1870 5250 justum
1907 5194 2060 5251 prae-

414 5258 602 5315 scisse
631 5259 876 5329 quidem
908 5268 1257 5332 peccaturos
1279 5266 1730 5340 homines,quia
1753 5267 1897 5323 nihil
1922 5283 2061 5323 eum

412 5346 596 5402 latere
653 5348 844 5420 potuit
890 5353 1224 5408 futurorum
1274 5355 1491 5427 (neque
1530 5358 1687 5414 enim
1734 5357 1825 5412 vel
1864 5357 2063 5413 futura

414 5440 612 5491 essent
640 5436 689 5493 si
736 5435 799 5492 in
852 5438 983 5509 ejus
1028 5441 1400 5511 praescientia
1429 5459 1550 5499 non
1599 5444 1904 5518 fuissent):
1939 5462 2060 5503 non

413 5527 621 5581 tamen
643 5525 1099 5599 praedestinasse
1126 5530 1458 5603 quemlibet
1482 5532 1791 5591 hominem
1816 5536 1895 5592 ad
1924 5552 2063 5608 pec-

414 5619 619 5673 catum
669 5615 815 5690 quia
865 5618 915 5675 si
965 5618 1043 5678 ad
1088 5624 1405 5694 peccatum
1453 5622 1700 5697 aliquod
1754 5624 2063 5684 hominem

2146 1721 2427 1792 dedisset,
2450 1721 2559 1777 fuit
2578 1726 2780 1778 tamen
2811 1721 2873 1776 in
2899 1721 2948 1791 ej
2961 1737 3030 1776 us
3076 1719 3607 1794 praedestinatione,
3639 1719 3791 1793 quid

2145 1809 2430 1865 humanas
2443 1809 2767 1865 voluntatis
2780 1807 3020 1865 malitiae
3034 1806 3781 1879 reddidisset.Propterhoc,

2148 1899 2292 1972 quia
2310 1898 2462 1955 sicut
2490 1897 2807 1954 Psalmista
2832 1901 3080 1954 testatur
3103 1914 3116 1952 :
3139 1897 3468 1953 Misericors
3491 1902 3571 1952 est
3590 1896 3786 1952 Domi-

2148 2004 2262 2045 nus
2292 1995 2345 2044 et
2387 1991 2593 2059 justus
2638 1988 2822 2059 (Psal.
2857 1987 2993 2058 0x1),
3030 1984 3476 2059 praedestinavit
3494 1984 3675 2054 justos
3708 1982 3796 2038 ad

2151 2077 2427 2149 gloriam,
2445 2076 2687 2148 iniquos
2718 2076 2797 2131 ad
2818 2091 3085 2149 poenam.
3112 2072 3517 2131 Justiﬁcandis
3541 2087 3678 2142 ergo
3708 2074 3801 2128 at-

2150 2181 2269 2239 que
2291 2164 2695 2236 gloriﬁcandis
2716 2163 3209 2237 praedestinatum
3229 2160 3651 2218 misericordiae
3677 2174 3806 2216 sua:

2151 2269 2306 2326 opus
2333 2252 2608 2327 praedixit
2634 2252 2857 2325 pariter
2881 2256 2938 2307 et
2983 2250 3261 2324 promisit
3287 2269 3300 2306 :
3330 2249 3559 2322 iniquis
3605 2253 3808 2304 autem

2152 2342 2647 2416 praedestinatum
2668 2341 2912 2413 justitiaa
2930 2357 3056 2396 sua:
3078 2356 3235 2412 opus
3254 2337 3535 2412 praedixit
3556 2341 3812 2394 tantum-

2152 2432 2358 2498 modo,
2386 2447 2508 2487 non
2534 2429 2809 2504 promisit
2828 2429 2983 2502 (cap.
3008 2429 3119 2500 25).
3151 2427 3325 2495 Quod
3351 2427 3401 2483 si
3420 2426 3561 2500 quis
3580 2428 3807 2500 quierat

2152 2537 2260 2578 cur
2290 2522 2444 2577 Deus
2477 2520 2684 2576 omnia
2704 2518 2951 2592 quidem
2979 2517 3406 2591 priedestinata
3445 2514 3807 2589 praedixerit,

2152 2625 2276 2666 non
2329 2615 2532 2665 tamen
2578 2608 2787 2664 omnia
2832 2607 3257 2681 praedestinata
3299 2604 3689 2679 promiserit?
3706 2603 3813 2658 Re-

2152 2698 2522 2770 spondemus
2541 2696 3003 2769 promissionem
3025 2694 3140 2751 dici
3161 2710 3286 2751 non
3311 2709 3514 2767 posse,
3536 2692 3658 2749 nisi
3675 2706 3814 2748 eum

2153 2786 2384 2860 aliquid
2410 2786 2489 2842 ad
2528 2786 2644 2841 hoc
2669 2783 3011 2858 praedicitur
3048 2782 3417 2847 faciendum,
3448 2786 3514 2838 ut
3540 2781 3742 2855 possit
3763 2779 3815 2836 ei

2155 2876 2251 2934 cui
2292 2874 2655 2948 promittitur
2697 2872 2983 2947 prodesse
3019 2873 3150 2945 jam
3177 2872 3423 2929 factum.
3456 2872 3526 2926 Et
3550 2869 3814 2944 promis-

2075 2994 2115 3049 ρ
2157 2982 2290 3022 sum
2327 2978 2567 3037 semper
2590 2978 2717 3019 esse
2747 2961 2914 3033 doni,
2943 2977 3067 3017 non
3100 2976 3342 3033 semper
3387 2975 3518 3016 esse
3560 2957 3811 3030 judicii;

2155 3071 2292 3113 cum
2325 3052 2611 3127 promissi
2665 3051 2915 3122 largitas
2969 3066 3206 3123 semper
3254 3048 3570 3116 beatiﬁcet,
3597 3044 3815 3119 judicii

2151 3160 2296 3202 vero
2313 3142 2593 3199 severitas
2620 3139 2949 3213 aliquando
2968 3138 3289 3195 contristet.
3314 3136 3488 3203 Quod
3515 3135 3817 3208 Propheta

2156 3236 2431 3287 metuens
2463 3227 2814 3299 hujusmodi
2839 3227 2919 3284 ad
2937 3228 3125 3283 Deum
3156 3226 3489 3283 orationem
3514 3224 3813 3281 effundit:

2153 3320 2241 3377 Ne
2270 3320 2454 3376 intres
2477 3320 2539 3373 in
2554 3317 2795 3389 judicio
2824 3332 2958 3373 cum
2984 3331 3153 3373 servo
3184 3322 3307 3385 tuo,
3325 3315 3470 3388 quia
3489 3329 3610 3370 non
3633 3313 3816 3385 justi-

2152 3409 2438 3479 ﬁcabitur
2456 3408 2519 3462 in
2537 3411 2851 3476 conspectu
2869 3412 2970 3462 tuo
2989 3407 3178 3462 omnis
3196 3406 3396 3462 vivens
3408 3403 3600 3476 (Psal.
3617 3406 3815 3467 exui).

2155 3496 2392 3553 Sciebat
2430 3494 2591 3551 enim
2640 3499 2888 3551 cunctos
2929 3494 3063 3567 pari
3087 3492 3429 3551 retinendos
3481 3490 3818 3565 punitionis

2159 3581 2415 3649 vinculo,
2440 3581 2556 3637 nisi
2599 3583 2754 3638 Deus
2791 3582 2853 3638 in
2884 3581 3108 3655 quibus
3136 3581 3313 3638 vellet
3336 3578 3819 3636 misericordiam

2156 3668 2387 3737 fecisse,
2424 3670 2894 3743 superexaltaret
2934 3670 3184 3742 judicio.
3231 3668 3578 3726 Justiﬁcatio
3635 3667 3820 3738 igitur

2158 3766 2215 3816 et
2246 3758 2620 3829 gloriﬁcatio,
2643 3777 2781 3834 quae
2806 3777 2930 3817 non
2952 3765 3040 3816 est
3062 3758 3289 3815 homini
3316 3775 3389 3816 ex
3418 3758 3689 3826 homine,
3714 3755 3818 3813 sed

2158 3863 2231 3904 ex
2259 3851 2396 3916 Deo,
2415 3849 2560 3922 quia
2585 3848 2843 3905 multum
2865 3848 3086 3905 sanctis
3113 3848 3306 3904 fuerat
3331 3846 3818 3922 profuturmideo

2164 3937 2443 4010 praedicta
2491 3942 2579 3993 cst
2631 3943 2687 3994 et
2731 3937 3072 4011 promissa;
3104 3936 3335 4010 punitio
3380 3952 3541 4004 vero,
3589 3934 3696 4009 qui
3756 3933 3813 3988 in

2161 4032 2451 4082 aeternum
2481 4026 2593 4081 fuit
2638 4025 2841 4098 impiis
2889 4025 3191 4095 obfutura,
3227 4024 3515 4098 praedicta
3554 4028 3648 4080 est
3686 4028 3813 4079 tan-

2162 4114 2501 4182 tummodo,
2522 4130 2645 4170 non
2667 4113 2988 4186 promissa.
3014 4114 3185 4180 Quod
3206 4114 3387 4169 etiam
3412 4113 3632 4169 divinis
3661 4114 3815 4170 testi-

2164 4203 2384 4259 moniis
2410 4201 2642 4258 facilius
2671 4201 3027 4259 ostenditur.
3055 4202 3119 4257 In
3148 4201 3248 4258 illo
3285 4202 3512 4276 quippe
3560 4203 3819 4275 Prophe-

2164 4296 2239 4347 tre
2281 4291 2415 4347 loco
2466 4294 2788 4361 utrumque
2839 4291 3059 4364 pariter
3087 4290 3386 4347 invenitur
3439 4305 3817 4363 expressum,

2164 4378 2269 4435 ubi
2301 4379 2454 4434 Deus
2482 4394 2589 4451 per
2618 4378 2834 4435 lsaiam
2862 4394 2966 4435 eos
2986 4379 3091 4453 qui
3120 4378 3233 4434 sibi
3259 4394 3384 4435 non
3411 4378 3700 4442 serviunt,
3726 4379 3820 4435 his

2164 4469 2361 4541 arguit
2385 4467 2619 4525 verbis:
2647 4469 2817 4530 Ecce.
2868 4470 2974 4540 qui
3011 4469 3280 4525 serviunt
3308 4467 3460 4524 mihi
3485 4468 3820 4526 manduca-

2167 4559 2331 4625 bunt,
2357 4573 2456 4615 vos
2489 4573 2625 4615 vero
2655 4558 2926 4615 esurietis
2951 4572 2975 4614 .·
3003 4558 3176 4629 Ecce,
3208 4558 3315 4629 qui
3353 4558 3625 4614 serviunt
3670 4557 3821 4613 mihi

2168 4648 2385 4719 bibent,
2420 4663 2517 4704 vos
2564 4663 2701 4705 vero
2732 4649 2941 4704 sitietis
2966 4663 2989 4704 .·
3018 4648 3188 4714 Ecce,
3227 4648 3334 4719 qui
3376 4648 3647 4703 serviunt
3672 4645 3817 4702 mihi

2169 4738 2561 4808 laetabuntur,
2585 4754 2683 4795 vos
2714 4753 2852 4796 vero
2882 4737 3219 4794 clamabitis
3245 4752 3374 4808 prae
3389 4737 3596 4793 dolore
3624 4735 3818 4792 cordis

2166 4827 2369 4897 vestri,
2389 4832 2445 4883 et
2467 4842 2504 4883 a
2521 4827 2879 4883 contritione
2895 4827 3143 4896 spiritus
3165 4825 3480 4882 ululabilis
3497 4825 3639 4893 (lsa.
3666 4824 3817 4897 xxv).

2169 4916 2234 4970 In
2260 4915 2353 4970 his
2383 4915 2690 4983 omnibus,
2720 4928 3099 4988 quascunque
3130 4913 3209 4969 ad
3236 4913 3585 4986 iniquorum
3616 4928 3821 4985 perso-

2167 5021 2313 5062 nam
2365 5004 2682 5078 pertinent,
2713 5004 2995 5076 praedicta
3049 5008 3190 5059 sunt
3225 5007 3669 5071 tantummodo,
3695 5018 3821 5059 non

2166 5093 2486 5168 promissa.
2512 5094 2711 5164 Neque
2745 5091 2906 5148 enim
2936 5091 3263 5148 dicendum
3284 5096 3373 5148 est
3402 5091 3690 5148 bonitatis
3707 5090 3824 5149 lar-

2171 5181 2351 5251 gitate
2380 5178 2751 5253 promissum
2778 5178 2944 5252 quod
2974 5179 3224 5238 intentat
3252 5178 3580 5254 iniquitatis
3608 5176 3821 5233 merito

2172 5269 2452 5325 severitas
2499 5267 2897 5324 inferendum.
2930 5268 2987 5325 Si
3029 5284 3153 5341 qua
3201 5286 3343 5327 vero
3370 5268 3450 5326 ad
3496 5282 3821 5341 personam

2172 5359 2555 5415 servientium
2612 5358 2730 5413 Deo
2776 5358 3093 5430 pertinent,
3124 5363 3182 5416 et
3232 5358 3517 5431 praedicta
3566 5363 3725 5427 sunt,
3766 5361 3822 5413 et

2168 5448 2492 5521 promissa.
2529 5447 2663 5503 Tale
2693 5446 2920 5520 aliquid
2949 5451 3038 5504 est
3063 5447 3241 5504 etiam
3268 5448 3329 5503 in
3358 5446 3459 5503 illo
3498 5446 3820 5502 Salvatoris

2168 5535 2356 5593 nostri
2383 5551 2681 5609 sermone,
2707 5552 2831 5610 quo
2870 5536 2989 5595 ait:
3020 5539 3186 5594 Tunc
3233 5536 3333 5593 illi
3358 5535 3532 5592 ibunt
3559 5536 3624 5591 in
3663 5550 3818 5592 com-

2174 5625 2499 5683 bustionem
2543 5632 2848 5692 aeternam,
2875 5628 3037 5698 justi
3075 5631 3272 5684 autem
3320 5627 3384 5682 in
3422 5625 3608 5683 vitam
3648 5630 3817 5682 acter-
