4112 6184
279 132 367 186 993

1298 135 1512 192 EPIST.
1554 137 1651 190 AD
1690 136 2100 195 HINCMARUM
2140 141 2224 196 ET
2259 140 2666 200 PARDULUM.

3567 156 3672 209 99!

279 270 399 310 nam
419 253 659 323 (Matth.
690 259 848 321 xxv).
882 255 1157 313 Prasdixit
1187 262 1243 314 et
1270 259 1544 332 promisit
1567 259 1908 331 praemium,
1937 265 1984 318 Α
2019 261 2188 318 niant
2205 280 2383 336 :quos
2397 266 2541 339 quia
2557 283 2592 322 a
2613 267 2790 340 culpa
2810 268 3058 339 originis
3072 278 3447 329 sacramenta
3463 274 3671 330 salutis

274 357 378 414 quo
430 342 763 399 fruerentur
804 345 968 414 justi,
1025 361 1147 402 non
1208 352 1408 402 autem
1458 349 1754 419 promisit,
1807 349 1912 403 sed

272 430 530 502 praedixit
547 432 930 504 supplicium,
949 450 1070 506 quo
1087 435 1439 507 punirentur
1462 437 1541 506 inj
1555 437 1687 492 usti.
1714 441 1912 510 Neque

271 519 414 574 enim
439 519 590 575 sicut
608 521 1058 592 praedestinavit
1079 528 1318 579 sanctos
1347 525 1422 579 ad
1438 525 1734 596 justitiam
1763 525 1914 580 acci-

271 607 560 679 piendam,
606 608 689 664 sic
735 610 1186 682 prredestinavit
1234 612 1457 685 impios
1504 613 1581 668 ad
1631 613 1908 668 eamdem

263 696 539 766 justitiam
588 697 980 754 amittendam
1015 717 1026 755 :
1062 700 1206 772 quia
1246 702 1578 757 misericors
1624 703 1910 757 Dominus

269 791 318 842 et
340 788 559 856 justus,
594 787 787 859 potuit
833 789 1014 858 gratis
1063 805 1100 845 a
1138 791 1429 862 pravitate
1473 791 1724 846 liberare
1754 807 1909 862 quos

267 874 456 942 voluit,
488 876 800 948 pravitatis
851 883 1053 934 autem
1096 885 1374 950 operator
1423 896 1739 952 nunquam
1778 879 1906 948 fuit,

265 964 368 1019 nisi
395 964 455 1020 in
494 971 792 1038 quantum
823 983 859 1023 a
908 969 1026 1023 Deo
1061 967 1359 1034 discessit,
1411 984 1521 1024 nec
1569 968 1906 1024 discessum

266 1055 403 1108 Deus
444 1055 910 1126 praedestinavit,
958 1057 1238 1129 quamvis
1272 1057 1678 1113 discessurum
1708 1058 1909 1127 cogni-

262 1141 406 1197 tione
438 1142 642 1200 divina
673 1145 1036 1215 prtBSClVCI'll
1075 1147 1224 1216 (cap.
1261 1149 1436 1210 xxvi).
1489 1149 1642 1200 Dcus
1683 1146 1904 1218 itaque,

261 1229 383 1285 licet
405 1236 614 1287 auctor
641 1248 762 1288 non
810 1233 882 1288 sit
927 1233 1226 1290 malarum
1257 1235 1706 1304 cogitationum,
1750 1234 1906 1290 ordi-

262 1325 419 1374 nator
447 1325 641 1375 tamen
669 1325 758 1377 est
787 1321 1083 1378 malarum
1123 1323 1520 1385 voluntatum,
1556 1328 1612 1379 et
1638 1323 1712 1378 de
1743 1321 1904 1379 malo

261 1423 425 1479 opere
447 1408 763 1478 cujuslibet
784 1411 950 1477 mali,
967 1427 1090 1467 non
1111 1411 1330 1467 desinit
1354 1412 1485 1485 ipse
1509 1411 1742 1468 bonum
1768 1428 1906 1485 ope-

260 1496 367 1552 rari
398 1515 410 1552 :
444 1513 554 1554 nec
592 1499 652 1554 in
680 1499 826 1571 ipsis
855 1501 936 1572 inj
949 1507 1092 1556 ustze
1118 1502 1444 1557 voluntatis
1469 1501 1773 1573 operibus,
1797 1502 1901 1557 de-

2020 366 2143 406 non
2173 352 2444 422 liberant,
2481 361 2535 410 et
2564 356 2658 410 hic
2704 373 2773 411 ex
2806 358 3064 429 propriis
3107 360 3256 415 nihil
3298 369 3562 431 egerunt,
3617 369 3674 422 et

2021 438 2157 495 illuc
2203 442 2280 496 ad
2327 448 2620 499 tormenta
2657 446 3030 517 perveniunt.
3067 449 3296 513 Quibus
3329 467 3516 506 unum
3549 470 3673 509 ma—

2019 526 2144 583 lum
2183 534 2291 595 est,
2327 521 2788 604 corruptibiliter
2812 535 2997 602 nasci,
3049 536 3212 592 aliud
3256 539 3672 612 corruptibiler

2021 618 2173 673 mori
2205 636 2217 673 :
2253 620 2358 675 sed
2387 621 2530 692 quia
2554 629 2689 693 post
2710 629 2962 680 mortem
2985 641 3228 698 quoque
3253 633 3476 685 aeterna
3504 646 3670 686 mors

2020 706 2289 778 sequitur
2329 709 2562 765 occulto
2606 710 2692 766 eis
2734 712 3018 786 justoque
3045 714 3293 786 judicio,
3325 719 3502 774 etiam
3547 722 3673 777 sine

2017 809 2202 850 causa
2233 797 2485 854 vulnera
2513 801 3005 869 multiplicantur
3051 819 3074 859 .·
3117 810 3407 876 perpetua
3445 808 3670 880 quippe

2019 887 2312 940 tormenta
2341 887 2691 958 suscipiunt,
2720 890 2822 960 qui
2870 891 3020 946 nihil
3050 907 3122 947 ex
3173 895 3418 966 propria
3464 897 3672 952 volun-

2017 975 2132 1027 tate
2186 981 2602 1044 peccaverunt.
2665 978 2806 1033 Hinc
2868 995 3131 1052 namque
3179 984 3469 1056 scriptum
3526 990 3666 1043 est:

2015 1062 2145 1116 Non
2171 1067 2257 1118 est
2293 1065 2552 1119 mundus
2583 1066 2646 1121 in
2677 1075 2990 1136 conspectu
3029 1074 3179 1140 ejus,
3211 1088 3318 1128 nec
3346 1075 3523 1129 unius
3553 1076 3672 1132 diei

2017 1151 2224 1220 infans
2252 1167 2432 1222 super
2463 1161 2703 1210 terram.
2755 1156 2900 1212 Hinc
2933 1173 3039 1229 per
3083 1161 3467 1234 semetipsam
3507 1163 3670 1219 Veri-

2017 1243 2106 1294 tas
2136 1239 2278 1296 dicit
2305 1258 2317 1296 :
2346 1243 2480 1297 Nisi
2505 1245 2636 1314 quis
2674 1251 2918 1301 renatus
2952 1247 3142 1317 fuerit
3172 1264 3246 1305 ex
3274 1265 3433 1320 aqua
3459 1258 3510 1308 et
3539 1253 3670 1322 Spi-

2014 1327 2139 1382 ritu
2186 1335 2411 1392 sancto,
2453 1346 2573 1386 non
2616 1339 2807 1401 potest
2847 1335 3100 1391 introire
3147 1338 3209 1391 in
3255 1353 3502 1407 regnum
3561 1341 3671 1396 Dei

2014 1414 2210 1484 (Joan.
2252 1418 2352 1488 in).
2399 1419 2540 1473 llinc
2571 1421 2787 1476 Paulus
2835 1422 2915 1477 ait
2947 1441 2959 1478 :
2991 1424 3252 1480 Eramus
3289 1432 3513 1483 natura
3553 1429 3670 1497 ﬁlii

2013 1506 2141 1575 irae,
2171 1505 2323 1560 sicut
2349 1513 2402 1562 et
2426 1510 2626 1564 caueri
2665 1509 2902 1578 (Ep/tes.
2936 1518 3022 1578 ιι).
3067 1513 3176 1578 Qui
3201 1514 3403 1586 itaque
3433 1517 3668 1572 nullum

260 1585 386 1641 serit
412 1603 664 1655 operum
692 1605 940 1644 suorum
958 1589 1190 1660 justum
1221 1589 1518 1655 ordinem,
1540 1590 1685 1662 quia
1705 1594 1762 1646 et
1788 1591 1900 1646 hoc
1935 1617 1972 1670 Β
2012 1593 2323 1665 proprium
2365 1595 2723 1666 adjungens,
2759 1614 2830 1653 ex
2862 1599 2988 1654 solo
3016 1600 3293 1669 originali
3310 1585 3491 1659 reatu
3519 1605 3670 1676 peri-

258 1673 314 1728 in
346 1673 472 1746 ipso
503 1676 712 1732 ordine
755 1677 958 1748 habet,
1009 1681 1175 1750 quod
1219 1678 1445 1734 malam
1481 1679 1638 1749 juste
1682 1679 1902 1734 deserit

256 1761 633 1820 voluntatem.
665 1767 857 1832 Quam
890 1771 1091 1822 tamen
1121 1767 1204 1823 sic
1235 1767 1297 1822 in
1327 1767 1453 1822 suis
1491 1767 1666 1823 malis
1704 1767 1899 1840 operi-

253 1851 416 1908 busa
443 1869 504 1909 se
543 1853 950 1911 discedentem
993 1856 1231 1922 deserit,
1278 1860 1341 1912 ut
1383 1855 1467 1911 ibi
1507 1856 1900 1928 permittentis

255 1939 348 1996 Dei
376 1942 642 2013 operatio
674 1943 834 2000 bona
862 1961 984 2000 non
1015 1944 1172 2000 desit
1199 1945 1225 2000 ?
1251 1944 1399 2000 dum
1426 1950 1483 2000 et
1511 1945 1570 1999 in
1596 1945 1899 2018 peccantis

253 2028 544 2086 voluntate
571 2031 651 2103 inj
665 2037 814 2101 usta,
829 2032 1038 2106 implet
1063 2033 1190 2106 ipse
1205 2033 1500 2104 justitiam
1522 2051 1535 2101 ;
1560 2033 1700 2088 etde
1713 2032 1895 2094 malo.

251 2134 366 2190 quo
395 2125 743 2191 peccantem
788 2121 1042 2193 judicat,
1073 2122 1296 2196 quibus
1334 2123 1462 2194 ipse
1498 2121 1644 2194 vult,
1674 2122 1896 2177 benefi-

253 2206 408 2262 cium
430 2214 747 2280 prmrogat.

320 2300 455 2351 ltcm
494 2296 556 2352 in
586 2298 797 2354 eodem
849 2299 999 2371 (cap.
1031 2299 1214 2371 xxvr).
1259 2299 1426 2356 Tales
1472 2299 1550 2355 ad
1594 2299 1894 2354 interitum

248 2385 705 2456 praadestinavit,
737 2388 882 2460 quia
912 2388 1128 2444 talibus
1149 2390 1306 2460 juste
1335 2389 1405 2460 [Α
1419 2390 1458 2444 ι.
1487 2389 1688 2459 justas]
1719 2388 1896 2459 puni-

248 2473 418 2528 tionis
445 2474 808 2547 supplicium
838 2478 1220 2550 praeparavit.
1250 2477 1423 2543 Quod
1465 2477 1668 2549 utique
1697 2476 1892 2532 mani-

245 2560 394 2617 festo
416 2562 704 2619 Dominus
733 2564 859 2638 ipse
890 2582 1164 2622 sermone
1185 2566 1515 2639 perdocuit,
1545 2566 1607 2620 in
1629 2564 1894 2637 eo.quod

244 2666 278 2706 a
316 2667 376 2706 se
414 2652 678 2708 ostendit
723 2658 1025 2725 paratum,
1074 2670 1198 2710 non
1243 2655 1438 2710 solum
1489 2670 1744 2725 regnum
1789 2653 1894 2715 ubi

239 2738 508 2795 laetentur
534 2739 718 2809 boni;
757 2743 859 2798 sed
915 2748 972 2798 et
1017 2743 1219 2814 ignem
1263 2749 1574 2810 aeternum,
1618 2742 1718 2798 ubi
1759 2759 1890 2798 cru-

239 2828 467 2884 cientur
494 2829 658 2886 mali.
694 2831 872 2887 Bonis
903 2833 1121 2887 ctenim
1151 2832 1420 2888 dicturus
1467 2837 1554 2888 est
1595 2851 1606 2888 :
1669 2833 1890 2896 Venite,

239 2916 528 2974 benedicti
553 2920 760 2995 Patris
802 2922 936 2990 mei,
959 2922 1254 2992 percipitc
1306 2937 1576 2992 regnum,
1607 2921 1766 2991 quod
1795 2937 1889 2976 vo-

239 3005 324 3061 bis
346 3013 637 3076 paratum
653 3016 738 3064 est
759 3025 796 3066 a
815 3011 1234 3066 constitutione
1251 3010 1463 3065 mundi
1485 3010 1660 3065 (Matt
1669 3010 1887 3080 h.xxv).

237 3094 400 3151 Malis
430 3102 633 3152 autem
667 3097 934 3154 dicturus
961 3103 1048 3154 est
1075 3116 1087 3155 :
1121 3100 1208 3155 Ite
1235 3099 1560 3162 maledicti,
1593 3103 1655 3154 in
1695 3100 1890 3168 ignem

237 3189 549 3252 zternum,
597 3188 704 3258 qui
733 3194 1120 3258 praeparatus
1161 3195 1244 3244 est
1288 3187 1526 3243 diabolo
1560 3192 1616 3243 et
1658 3187 1889 3256 angelis

240 3275 372 3342 ejus
404 3274 602 3345 t1bid.)
647 3277 792 3332 Ecce
818 3277 896 3332 ad
927 3277 1090 3349 quod
1116 3277 1406 3332 Dominus
1435 3275 1675 3348 iniquos
1703 3279 1758 3330 et
1784 3274 1892 3330 im-

242 3359 380 3432 pios
409 3363 859 3432 prmdestinavit,
902 3365 961 3420 id
993 3372 1081 3422 est
1119 3366 1195 3421 ad
1234 3364 1596 3438 supplicium
1637 3364 1888 3436 justum,

239 3463 366 3504 non
393 3448 470 3504 ad
500 3450 742 3524 aliquod
789 3469 943 3526 opus
991 3454 1278 3525 injustum
1306 3472 1319 3522 ;
1353 3453 1429 3510 ad
1469 3469 1734 3527 poenam,
1768 3468 1891 3508 non

233 3537 315 3594 ad
347 3538 590 3612 culpam
623 3559 636 3596 :
670 3542 748 3598 ad
779 3543 1175 3615 punitionem,
1207 3559 1329 3599 non
1369 3543 1449 3598 ad
1480 3541 1895 3611 transgressio-

228 3643 376 3682 nem
410 3645 422 3680 :
456 3629 532 3683 ad
551 3629 873 3695 interitum,
899 3649 1079 3705 quem
1106 3633 1194 3688 ira
1219 3632 1361 3703 justi
1386 3631 1608 3703 judicis
1638 3646 1894 3704 peccan-

230 3715 395 3772 tibus
425 3717 706 3784 reddidit,
740 3737 861 3775 non
905 3721 982 3776 ad
1028 3721 1348 3784 interitum,
1388 3738 1508 3793 quo
1550 3721 1608 3775 in
1642 3738 1702 3775 se
1745 3720 1894 3775 iram

225 3804 335 3859 Dei
363 3807 742 3876 peccantium
787 3807 1074 3881 iniquitas
1115 3809 1483 3881 provocavit.
1527 3807 1700 3873 Quod
1736 3807 1897 3870 beati

223 3895 496 3963 Apostoli
525 3895 873 3968 prmdicatio
905 3897 1269 3969 manifestat,
1301 3897 1405 3969 qui
1437 3895 1632 3951 malos
1660 3913 1814 3968 quos
1837 3896 1898 3950 in

219 3985 528 4039 aeternum
558 3984 955 4044 damnaturus
1007 3990 1096 4043 est
1139 3986 1313 4052 Deus,
1365 4001 1510 4041 vasa
1552 3989 1728 4040 vocat
1775 3984 1896 4047 irae,

211 4085 346 4126 non
382 4072 594 4146 culpas.

291 4162 446 4216 Item
469 4161 530 4216 in
552 4163 766 4219 eodem
790 4181 802 4219 :
822 4167 949 4220 Non
968 4179 1109 4234 ergo
1127 4163 1316 4236 iniqui
1337 4161 1738 4236 praedestinati
1762 4167 1902 4218 sunt

211 4247 304 4303 ad
336 4253 600 4306 mortem
627 4252 844 4308 animai
871 4253 1152 4324 primam,
1184 4251 1290 4307 sed
1320 4250 1728 4324 praedestinati
1759 4255 1899 4305 sunt

211 4337 299 4393 ad
325 4339 762 4410 secundam,id
783 4346 889 4409 est,
905 4342 983 4397 ad
1004 4347 1284 4411 stagnum
1308 4340 1462 4412 ignis
1487 4345 1542 4396 et
1564 4339 1893 4412 sulphuris.

884 4470 1106 4524 CAPUT
1155 4469 1252 4522 IX.

379 4574 484 4630 Ex
513 4575 576 4630 S.
612 4574 896 4645 Gregorio
917 4591 1083 4645 papa
1113 4577 1173 4630 in
1207 4575 1374 4630 libris
1404 4575 1749 4632 Moralium.

299 4698 576 4768 Gregorii
605 4715 780 4771 papae
812 4699 871 4754 in
902 4699 1036 4766 Job,
1063 4699 1217 4755 libro
1245 4717 1301 4754 ix
1328 4700 1481 4770 (cap.
1525 4717 1625 4768 xu,
1658 4702 1720 4756 in
1761 4716 1895 4770 cap-

212 4801 286 4839 ix
306 4787 452 4857 Job)
485 4804 498 4840 :
531 4787 595 4842 In
615 4804 737 4860 quo
762 4787 1050 4843 nimirum
1079 4788 1563 4856 turbine,idcirco
1579 4789 1776 4859 justus
1797 4804 1898 4843 ne-

2009 1679 2208 1746 mitur,
2235 1680 2382 1753 quid
2413 1681 2520 1737 iste
2540 1683 2601 1737 in
2626 1682 2726 1740 illo
2755 1690 3021 1740 extremo
3051 1688 3346 1750 examine,
3371 1696 3667 1761 quantum

2009 1768 2087 1824 ad
2116 1769 2369 1826 humani
2400 1788 2610 1827 sensus
2655 1773 3127 1846 aestimationem,
3168 1777 3282 1832 nisi
3314 1779 3440 1835 sine
3483 1796 3666 1837 causa

2007 1859 2367 1915 vulneratur
2403 1863 2432 1914 ?
2476 1861 2589 1916 Sed
2637 1867 2838 1918 tamen
2890 1863 3005 1918 sub
3053 1864 3256 1921 divina
3300 1866 3665 1924 districtione

2002 1945 2232 2016 justum
2255 1952 2362 2012 est,
2391 1953 2454 2003 ut
2479 1965 2752 2022 propago
2782 1952 3072 2020 mortalis,
3104 1955 3264 2010 velut
3293 1954 3665 2014 infructuosa

2006 2034 2208 2098 arbor,
2247 2041 2304 2091 et
2350 2037 2411 2092 in
2460 2039 2646 2094 ramis
2697 2046 2887 2096 servet
2935 2042 3422 2110 amaritudinem,
3475 2062 3664 2117 quam

2007 2119 2624 2178 traxitestradice.Ait
2653 2139 2794 2194 ergo
2821 2143 2832 2180 :
2865 2127 2936 2180 In
2956 2125 3193 2182 turbine
3216 2143 3369 2183 enim
3403 2136 3665 2187 conteret

2005 2224 2112 2269 me.
2143 2215 2198 2265 et
2222 2212 2649 2281 multiplicabit
2677 2215 2931 2281 vulnera
2961 2231 3090 2272 mea
3119 2217 3244 2272 sine
3269 2233 3472 2274 causa.
3506 2219 3588 2274 Ac
3612 2219 3662 2275 si

2005 2302 2206 2369 aperte
2231 2298 2483 2355 humani
2506 2302 2742 2370 generis
2768 2303 2992 2360 damna
3017 2305 3424 2374 considerans,
3459 2308 3619 2364 dicat
3643 2327 3654 2364 :

2004 2384 2314 2443 Districtus
2340 2387 2524 2458 judex
2555 2391 2660 2462 qui
2690 2407 2792 2446 eos
2835 2391 3352 2449 animadversione
3382 2395 3656 2462 trucidat,

2002 2487 2155 2544 quos
2181 2473 2361 2546 culpa
2399 2476 2654 2548 proprias
2685 2479 2935 2534 actionis
2962 2480 3250 2548 damnat;
3284 2481 3332 2536 si
3357 2486 3414 2538 et
3441 2482 3572 2538 illos
3596 2483 3659 2538 in

2002 2564 2288 2617 aeternum
2315 2564 2585 2634 percutit,
2614 2581 2768 2637 quos
2793 2573 2993 2622 reatus
3014 2567 3238 2623 arbitrii
3258 2585 3382 2624 non
3413 2568 3657 2627 addicit.

2073 2651 2333 2720 Gregorii
2361 2669 2536 2725 papas
2559 2654 2621 2708 in
2657 2654 2810 2710 libro
2835 2656 2944 2712 Job
2973 2673 3034 2711 x1
3066 2657 3197 2726 (cap
3237 2661 3292 2726 2,
3323 2659 3387 2712 in
3417 2674 3549 2729 cap.
3581 2667 3661 2714 x1!

1998 2739 2130 2810 Job)
2185 2756 2197 2795 :
2240 2740 2574 2798 Abundant
2617 2743 3011 2800 tabernacula
3043 2745 3425 2816 praedonum,
3466 2753 3519 2802 et
3559 2763 3664 2804 au-

1997 2826 2205 2883 dacter
2231 2837 2563 2898 provocant
2596 2832 2804 2898 Deum,
2829 2848 2960 2888 cum
2983 2834 3108 2902 ipse
3127 2834 3356 2890 dederit
3377 2836 3574 2891 omnia
3597 2837 3659 2891 in

1995 2917 2267 2971 manibus
2289 2933 2508 2973 eorum.
2557 2919 2750 2974 Facile
2776 2925 2864 2975 est
2885 2921 3192 2976 hominem
3235 2927 3377 2977 tunc
3421 2922 3656 2978 divitias

1997 3003 2305 3076 despicere
2337 3022 2474 3061 cum
2514 3007 2737 3062 habet:
2771 3007 3010 3063 difﬁcile
3049 3025 3189 3064 vero
3234 3013 3322 3065 est
3367 3026 3471 3066 eas
3518 3027 3658 3066 cum

2000 3108 2121 3148 non
2153 3092 2348 3154 habet,
2387 3094 2528 3149 viles
2568 3095 2882 3151 zestimare.
2937 3096 3099 3152 Unde
3144 3102 3415 3170 patenter
3461 3102 3658 3154 osten-

1997 3180 2174 3246 ditur,
2209 3186 2504 3253 quatenus
2533 3187 2910 3256 contemptus
2953 3188 3322 3241 terrenarum
3365 3203 3566 3242 rerum
3596 3186 3658 3242 in

1998 3268 2158 3325 beati
2187 3269 2296 3325 Job
2324 3271 2683 3341 cogitatione
2721 3271 2915 3344 fuerit,
2966 3273 3071 3346 qui
3120 3279 3259 3330 tunc
3306 3275 3451 3331 dicit
3491 3275 3660 3332 nulla

1999 3373 2126 3413 esse
2167 3375 2300 3432 quae
2323 3359 2948 3434 abundantreprobis,
2981 3363 3229 3435 quando
3270 3364 3475 3420 omnia
3513 3364 3660 3420 ami-

2001 3447 2094 3503 sit.
2139 3449 2233 3504 Ait
2271 3464 2449 3519 ergo:
2485 3451 2819 3506 Abundanl
2850 3451 3246 3508 tabernacula
3281 3453 3658 3522 praedonum,

2003 3543 2056 3594 et
2085 3539 2377 3594 audacter
2402 3547 2732 3609 provocant
2758 3543 2964 3597 Deum.
3008 3542 3156 3607 Quia
3185 3541 3540 3615 plerumque
3587 3558 3659 3598 eo

2004 3627 2200 3698 magis
2221 3633 2428 3683 contra
2455 3632 2638 3684 Deum
2673 3631 3043 3702 superbiunt.
3069 3647 3190 3702 quo
3219 3631 3295 3686 ab
3323 3632 3453 3702 ejus
3483 3631 3659 3702 largi-

2006 3720 2146 3784 tate,
2175 3722 2231 3772 ct
2256 3723 2462 3773 contra
2494 3719 2793 3786 meritum,
2817 3720 3102 3784 ditantur,
3125 3726 3182 3776 et
3210 3721 3315 3792 qui
3346 3723 3661 3792 provocari

2007 3805 2183 3861 bonis
2215 3807 2291 3861 ad
2321 3805 2570 3861 meliora
2601 3807 2953 3870 debuerant,
2987 3807 3163 3863 donis
3206 3809 3442 3880 pejores
3487 3809 3655 3866 ﬁunt.

2011 3895 2123 3951 Sed
2153 3894 2604 3964 intelligendum
2629 3895 2804 3950 nobis
2843 3901 2948 3962 est,
2998 3896 3308 3967 quomodo
3347 3898 3658 3965 praedones

2009 3983 2403 4055 appellentur,
2436 3983 2584 4038 dum
2612 3984 2883 4055 protinus
2914 3983 3174 4039 additur.
3224 3985 3371 4042 Cum
3411 3986 3536 4055 ipse
3570 3986 3661 4042 de-

2007 4073 2161 4129 derit
2192 4074 2393 4129 omnia
2423 4074 2484 4127 in
2515 4073 2788 4129 manibus
2820 4089 3041 4130 eorum.
3074 4073 3128 4130 Si
3159 4075 3320 4129 enim
3346 4075 3659 4147 praedones

2011 4168 2171 4229 sunt,
2220 4161 2504 4217 violenter
2549 4161 2921 4219 abstulerunt
2954 4181 2966 4219 :
2997 4167 3054 4219 et
3082 4163 3335 4219 dubium
3384 4180 3504 4220 non
3549 4169 3658 4230 est,

2008 4252 2155 4326 quin
2184 4250 2582 4307 violentorum
2613 4267 2735 4307 non
2762 4251 2836 4307 sit
2863 4251 3102 4322 adjutor
3128 4253 3300 4308 Deus.
3346 4253 3659 4319 Quomodo

2007 4342 2185 4412 igitur
2213 4341 2339 4413 ipse
2370 4340 2491 4402 dat,
2521 4340 2686 4412 quod
2712 4340 2773 4395 hi
2797 4342 2900 4414 qui
2930 4340 3246 4414 praedones
3271 4346 3427 4412 sunt,
3455 4343 3661 4414 nequi-

2007 4433 2094 4486 ter
2122 4429 2334 4486 tollunt
2362 4429 2389 4484 ‘?
2413 4429 2524 4486 Sed
2560 4429 2873 4484 sciendum
2894 4434 3000 4496 est,
3023 4429 3166 4501 quia
3191 4429 3355 4485 aliud
3379 4435 3468 4485 est
3493 4430 3659 4501 quod

2006 4519 2387 4592 omnipotens
2411 4521 2583 4588 Deus,
2603 4517 3060 4574 misericorditer
3081 4517 3472 4582 tribuit,aliud
3487 4517 3660 4588 quod

2005 4608 2192 4664 iratus
2222 4607 2444 4664 habere
2476 4607 2630 4663 sinit.
2661 4611 2811 4663 Nam
2849 4607 3014 4680 quod
3041 4607 3354 4678 praedones
3382 4623 3655 4678 perverse

2005 4696 2246 4762 faciunt,
2283 4697 2395 4751 hoc
2420 4697 2804 4768 dispensator
2827 4695 3210 4768 aequissimus
3229 4695 3376 4766 fieri,
3396 4710 3518 4750 non
3539 4695 3661 4750 nisi

1996 4785 2154 4856 juste
2179 4784 2484 4856 permittit,
2508 4789 2570 4839 ut
2602 4790 2656 4840 et
2695 4784 2746 4838 is
2774 4783 2878 4856 qui
2902 4800 3112 4855 rapere
3139 4783 3370 4849 sinitur,
3403 4788 3659 4839 ccecatus

211 4891 550 4947 quaquam
581 4877 924 4932 conteritur.
958 4877 1274 4949 Perpendit
1304 4893 1569 4950 namque
1594 4877 1793 4932 adhuc
1832 4876 1893 4932 in
2000 4875 2198 4928 mente
2229 4871 2470 4943 culpam
2499 4877 2734 4940 augeat,
2775 4877 2833 4928 et
2876 4873 2925 4927 is
2962 4872 3066 4944 qui
3109 4873 3387 4945 rapinam
3419 4872 3658 4946 patitur,

204 4965 549 5036 praesentis
573 4965 705 5020 vita-
728 4965 934 5022 itinere
955 4966 1326 5028 constitutus,
1353 4965 1637 5022 humanis
1659 4964 1894 5021 actibus
1998 4961 2127 5034 jam
2147 4960 2209 5015 in
2229 4959 2500 5031 ejusdem
2521 4959 2748 5032 rapinae
2768 4961 3014 5026 damno,
3040 4976 3150 5032 pro
3173 4960 3291 5017 alia
3311 4977 3497 5033 quam
3519 4965 3658 5018 ante

200 5057 479 5109 exactor
522 5069 776 5127 operum
827 5071 1014 5128 quam
1059 5054 1361 5113 districtus
1407 5058 1699 5128 appareat
1736 5071 1748 5108 :
1789 5053 1898 5126 qui
2002 5047 2364 5124 perpetravit
2386 5048 2582 5120 culpa,
2627 5047 2886 5104 feriatur.
2932 5051 3076 5105 Ecce
3116 5049 3277 5106 enim
3318 5050 3567 5123 quidam
3597 5051 3658 5106 in

199 5141 540 5214 quosdam
597 5147 739 5199 tunc
786 5149 952 5199 reatu
1001 5143 1193 5215 culpae
1241 5143 1552 5213 originalis
1599 5143 1895 5209 astrictos,
2002 5139 2223 5195 montis
2246 5137 2418 5195 fauce
2443 5136 2818 5200 constitutus,
2848 5136 3166 5194 insidiatur
3197 5138 3653 5205 itinerantibus;

199 5231 418 5288 etiam
445 5232 574 5288 sine
596 5233 879 5305 operibus
900 5233 1170 5289 damnat.
1193 5233 1355 5289 Unde
1371 5238 1525 5289 recte
1542 5232 1628 5287 vir
1650 5235 1898 5287 sanctus

199 5337 290 5376 ex
309 5321 579 5377 humani
603 5321 836 5392 generis
856 5337 1005 5378 voce
1021 5321 1295 5394 protinus
1313 5322 1410 5392 adj
1421 5321 1587 5388 ungit
1612 5339 1624 5376 :
1649 5321 1726 5374 Et
1749 5320 1902 5374 mul-

200 5410 540 5479 tiplicabit
567 5412 819 5466 vulnera
845 5425 996 5476 mea,
1031 5411 1207 5466 etiam
1233 5412 1359 5466 sine
1389 5424 1592 5466 causa.
1622 5407 1897 5463 Nonnulli

198 5498 402 5554 enim
426 5498 594 5570 prius
613 5515 649 5553 a
674 5499 950 5569 prtesenti
980 5499 1109 5554 luce
1133 5499 1585 5560 subtrahuntur,
1613 5513 1799 5570 quam
1822 5495 1901 5553 ad

196 5585 608 5660 proferenda
625 5586 789 5644 bona
813 5586 1048 5644 malave
1067 5586 1281 5644 merito
1307 5585 1514 5643 activae
1534 5586 1669 5643 vitae
1695 5600 1901 5658 perve-

2006 5229 2115 5285 sed
2143 5229 2236 5284 his
2274 5228 2379 5301 qui
2419 5227 2528 5283 iter
2557 5227 2698 5297 agit,
2726 5227 2929 5300 inique
2957 5228 3210 5284 fortasse
3239 5227 3523 5301 quaedam
3552 5226 3658 5282 ali-

2005 5318 2253 5391 quando
2293 5316 2685 5389 perpetravit;
2719 5315 2892 5388 eique
2922 5315 3302 5388 omnipotens
3331 5319 3486 5371 Deus
3534 5330 3660 5372 ma-

2006 5406 2131 5462 lum
2162 5423 2342 5461 suum
2365 5405 2427 5460 in
2456 5405 2730 5477 praesenti
2771 5404 2891 5460 vita
2917 5405 3269 5471 retribuens,
3294 5408 3472 5476 atque
3500 5405 3657 5460 hanc

2008 5497 2298 5568 [al.hunc]
2318 5495 2682 5551 insidiatoris
2705 5495 2986 5550 manibus
3019 5493 3384 5562 tradens,vel
3415 5492 3657 5565 spoliari

2006 5582 2304 5650 rebus,vel
2326 5583 2507 5639 etiam
2535 5583 2771 5640 interire
2785 5579 3270 5656 permittit.Quod
3284 5595 3428 5650 ergo
3447 5579 3657 5652 praedo
