4098 6176
459 136 565 199 σοι

1538 136 1596 193 Β.
1634 136 2005 195 NW
2042 129 2421 193 rammers
2461 86 2766 193 EPISCDH

459 258 680 331 injuste
703 259 970 332 appetiit.
1008 259 1126 316 hoc
1174 259 1556 332 aequissimus
1589 259 1777 330 judex
1795 260 1954 331 juste
1989 257 2116 314 ﬁeri
2151 262 2202 317 Δ
2230 259 2357 314 tum
2384 256 2614 330 quippe
2646 258 2775 329 jam
2820 257 3052 314 homini
3092 260 3203 326 est,
3251 256 3344 313 vel
3384 262 3688 329 quantum
3729 261 3896 319 hunc

460 349 749 422 permisit,
783 353 844 403 ut
870 353 927 402 et
946 346 1041 403 ille
1057 347 1343 421 reciperet
1362 349 1527 420 quod
1548 347 1765 419 injuste
1784 349 2004 404 fecerat
2026 365 2039 402 :
2062 354 2119 404 et

461 438 573 493 iste
591 437 827 507 gravius
846 437 1217 510 quandoque
1238 437 1613 509 feriatur,per
1634 439 1805 509 cujus
1826 454 1941 510 neq
1951 437 2117 494 uissi-

461 542 626 582 mam
652 526 1285 599 voluntatem,culpam
1307 528 1689 599 omnipotens
1710 531 1863 583 Deus
1894 528 1957 583 in
1981 527 2120 583 alte-

459 631 596 672 rum
610 616 767 685 juste
792 616 1129 673 vindicavit.
1155 616 1251 673 llle
1271 623 1563 688 purgatur
1585 617 1690 689 qui
1718 616 2115 689 opprimitur;

458 704 521 762 in
538 705 655 760 istc
672 709 874 760 reatus
891 708 1145 773 augetur
1162 705 1268 777 qui
1297 705 1603 777 opprimit,
1626 709 1692 760 ut
1716 705 1806 761 vel
1835 705 1909 761 de
1927 705 2117 761 tundo

457 792 739 865 nequitiae
767 791 1140 865 quandoque
1180 792 1263 849 ad
1299 792 1719 865 pcenitentiam
1758 793 1984 861 redeat,
2024 792 2119 849 vel

458 896 581 938 non
616 885 944 944 revertens,
992 884 1154 937 tanto
1193 882 1437 951 gravius
1464 886 1688 938 interna
1731 881 2117 939 damnatione

458 968 722 1039 feriatur,
748 973 977 1042 quanto
1002 970 1107 1027 diu
1136 975 1225 1027 est
1252 970 1315 1026 in
1335 985 1447 1028 sua
1475 970 1784 1044 iniquitate
1812 971 2113 1028 toleratae.

457 1059 607 1115 Cum
633 1057 733 1114 illo
772 1074 916 1127 ergo
946 1058 1403 1115 misericorditer
1432 1060 1647 1129 agitur,
1700 1064 1768 1115 ut
1802 1063 2117 1132 peccatum

458 1147 662 1203 ﬁniat:
686 1164 825 1203 cum
843 1148 957 1203 isto
980 1148 1238 1205 districta
1260 1153 1322 1205 ut
1346 1148 1716 1221 multiplicet,
1738 1149 1851 1205 nisi
1879 1149 1959 1205 ad
1988 1164 2114 1221 pm-

457 1236 771 1293 nitentiam
791 1241 1145 1293 recurrat.tn
1165 1238 1267 1294 illo
1286 1238 1451 1295 mala
1470 1244 1805 1310 purgantur
1825 1238 1973 1294 dum
1993 1239 2115 1293 vim

461 1326 712 1381 sustinet
736 1343 756 1382 -ε
790 1325 851 1381 in
882 1327 994 1382 isto
1027 1326 1429 1394 cumulantur,
1461 1328 1612 1383 dum
1638 1327 1798 1383 facit.
1837 1327 2118 1400 Omnipo-

460 1417 591 1470 tens
626 1414 829 1487 itaque
860 1415 1013 1471 Deus
1040 1415 1207 1487 quod
1236 1416 1364 1471 ﬁeri
1410 1416 1706 1488 prohibet,
1747 1417 1981 1488 justum
2026 1421 2118 1473 est

460 1507 527 1557 ut
549 1502 675 1558 fieri
702 1502 857 1558 sinat
887 1521 901 1559 :
926 1508 991 1558 ut
1011 1503 1171 1559 unde
1192 1520 1352 1560 nunc
1384 1508 1706 1577 exspectat,
1738 1509 1941 1560 etnon
1972 1520 2115 1560 con-

2227 345 2436 401 mundi
2469 347 2835 417 prosperitas
2868 352 3174 417 sequatur,
3218 344 3311 401 vel
3354 352 3652 417 quantum
3682 350 3893 407 adver-

2225 434 2374 489 sitas
2404 433 2575 490 feriat
2608 452 2620 487 :
2654 451 2729 490 ue
2760 435 2977 490 electos
3008 435 3137 504 ejus
3168 439 3271 491 aut
3297 435 3698 494 immoderata
3728 456 3891 511 pros-

2226 524 2445 595 peritas
2473 523 2680 587 elevet,
2707 529 2810 579 aut
2841 523 3027 579 nimia
3057 522 3386 579 adversitas
3420 532 3648 593 gravet.
3692 531 3892 585 Statu~

2227 615 2354 668 tum
2401 628 2646 684 quoque
2691 617 2799 680 est,
2853 618 3150 685 quantum
3196 612 3258 667 in
3298 612 3433 684 ipsa
3481 614 3605 670 vita
3648 617 3892 674 mortali

2224 699 2633 772 temporaliter
2661 700 2844 757 vivat.

2295 789 2558 859 Gregorii
2586 804 2763 863 papae
2790 790 2854 846 in
2881 790 3011 857 lob,
3041 789 3197 847 libro
3221 806 3325 845 xxv
3356 805 3512 861 (cap.
3547 794 3634 860 18,
3667 794 3890 866 incap.

2224 892 2319 935 na
2358 878 2489 950 Job)
2532 894 2553 934 :
2590 878 2673 936 Et
2723 878 3077 947 obsederunt
3128 880 3193 935 in
3234 895 3389 951 gyro
3428 881 3890 940 tabernaculum

2223 966 2510 1023 meumln
2523 980 2671 1038 gyro
2684 966 2844 1023 enim
2857 966 3318 1024 tabernaculum
3334 967 3892 1044 obsident,quando

2224 1067 2300 1108 ex
2322 1053 2490 1109 omni
2508 1053 2690 1110 latere
2719 1054 2841 1110 suis
2870 1054 3300 1110 tentationibus
3324 1060 3591 1112 mentem
3617 1058 3888 1129 cingunt,

2225 1157 2412 1214 quam
2433 1142 2618 1199 modo
2646 1143 2851 1213 lugere
2875 1145 2950 1200 de
2981 1144 3432 1216 temporalibus,
3464 1146 3651 1202 modo
3681 1148 3891 1222 despe-

2224 1247 2360 1312 rare
2379 1231 2455 1287 de
2483 1234 2739 1303 internis,
2766 1234 2947 1289 modo
2968 1234 3027 1289 in
3050 1234 3486 1307 impatientiam
3506 1243 3889 1310 ruere,atque

2224 1319 2285 1376 in
2316 1322 2503 1377 Deum
2534 1321 2926 1399 blasphemiae
2950 1323 3134 1379 verba
3156 1322 3438 1393 jaculari,
3462 1324 3728 1397 pessima
3757 1342 3892 1397 sug-

2226 1410 2495 1477 gestione
2537 1411 2920 1482 persuadent.
2967 1413 3111 1477 Quae
3159 1417 3363 1468 tarmen
3411 1413 3613 1480 verba,
3662 1420 3729 1471 ut
3759 1415 3886 1486 jam

2226 1498 2824 1569 praediximusmeato
2847 1500 2957 1555 lob
2994 1500 3175 1556 etiam
3200 1501 3376 1573 juxta
3402 1502 3717 1560 historiam
3744 1521 3889 1560 con-

459 1590 791 1646 versosdiu
816 1590 1428 1665 tolerat,quandoque
1447 1593 1585 1648 inde
1602 1592 1741 1665 plus
1762 1592 1948 1649 feriat.
1964 1595 2116 1649 Bene
2149 1616 2187 1670 Β
2226 1592 2451 1655 eruunt
2482 1602 2495 1641 ε
2531 1588 2635 1660 qui
2660 1587 2811 1644 dum
2838 1587 3005 1645 ina-la
3029 1605 3167 1661 quae
3212 1590 3459 1661 pertulit
3501 1597 3640 1648 ante
3678 1593 3887 1649 oculos

460 1695 603 1751 ergo
648 1680 867 1738 dicitur
898 1700 912 1738 :
946 1683 1275 1739 Abundant
1318 1683 1723 1740 tabemacula
1765 1685 2117 1753 praedonum

460 1776 515 1827 el
537 1771 829 1828 audacter
853 1778 1185 1841 provocant
1208 1773 1419 1839 Deum,
1442 1788 1577 1830 cum
1596 1774 1722 1843 ipse
1752 1773 1979 1830 dederit
1998 1788 2119 1830 om-

458 1860 563 1915 nia
586 1861 654 1915 in
676 1861 953 1917 manibus
972 1876 1175 1916 eorum
1204 1878 1219 1916 :
1248 1860 1544 1934 quidquid
1568 1861 1757 1935 iniqui
1778 1861 2007 1931 tollant,
2028 1863 2117 1917 eis

457 1947 575 2004 hoc
602 1948 730 2020 ipse
754 1948 878 2011 dat.
906 1950 1010 2021 qui
1040 1948 1153 2004 illis
1176 1950 1257 2005 ad
1284 1950 1566 2023 rapinam
1586 1954 1797 2023 posset
1824 1951 2113 2013 resistere,

461 2036 513 2092 si
535 2036 803 2093 misereri
828 2037 1130 2094 voluisset.

530 2129 615 2182 Ex
637 2126 854 2183 eodem
878 2127 1034 2183 libro
1052 2128 1211 2199 (cap.
1238 2129 1295 2199 ὅ)
1327 2145 1342 2183 :
1372 2128 1775 2186 Siincluserit
1803 2128 2113 2193 hominem,

460 2214 764 2273 nudasset
778 2218 886 2287 qui
898 2216 1518 2286 aperiaLQuiaomnis
1531 2218 1717 2273 homo
1742 2232 1851 2290 per
1868 2216 1931 2271 id
1949 2215 2117 2289 quod

459 2303 618 2362 male
653 2304 796 2376 agit,
829 2304 977 2378 quid
1004 2304 1121 2360 sibi
1140 2305 1311 2361 aliud
1342 2321 1530 2378 quam
1570 2305 1947 2362 conscientiae
1992 2320 2116 2360 sum

462 2407 763 2449 carcerem
828 2393 996 2461 facit,
1043 2397 1109 2449 ut
1162 2394 1322 2449 hunc
1379 2393 1568 2450 animi
1618 2400 1819 2451 reatus
1860 2396 2115 2467 premat,

459 2482 695 2539 etiamsi
738 2497 924 2538 nemo
960 2482 1224 2538 exterius
1261 2488 1498 2538 recusat
1524 2484 1554 2539 ‘I
1591 2483 1703 2548 Qui
1749 2498 1909 2546 cum,
1955 2481 2119 2553 judi-

464 2574 639 2626 cante
676 2570 817 2631 Dec.
865 2570 927 2625 in
975 2569 1217 2625 malitias
1262 2585 1392 2626 suae
1430 2569 1700 2627 caicitate
1742 2570 2116 2643 relinquitur.

464 2659 643 2731 quasi
665 2658 829 2713 intra
857 2658 1248 2731 semetipsum
1266 2656 1583 2724 clauditur,
1608 2675 1693 2715 ne
1714 2658 2011 2715 evadendi
2038 2658 2121 2715 lo-

465 2762 604 2804 cum
618 2748 907 2815 inveniat,
922 2760 1111 2820 quem
1132 2748 1395 2804 invenire
1408 2748 1663 2804 minime
1684 2752 2119 2806 meretur.Nam

465 2849 625 2908 saepe
648 2834 927 2892 nonnulli
946 2848 993 2893 ea
1014 2836 1219 2909 pravis
1232 2836 1478 2894 actibus
1516 2837 1677 2894 exire
1704 2840 1976 2911 cupiunt,
2016 2836 2122 2893 sed

463 2925 609 2997 quia
644 2924 996 2981 earumdem
1036 2931 1289 2981 actuum
1322 2926 1594 3000 pondere
1635 2932 2011 2999 premuntur,
2056 2927 2119 2982 in

465 3014 641 3070 malae
674 3014 1127 3071 consuetudinis
1170 3030 1408 3072 carcere
1441 3015 1676 3081 inclusi,
1716 3032 1753 3073 a
1790 3016 2122 3089 semetipsis

462 3103 623 3160 exire
645 3117 771 3159 non
800 3108 1083 3175 possunt.
1117 3105 1184 3159 Et
1204 3103 1455 3176 quidam
1478 3104 1689 3177 culpas
1713 3105 1987 3177 proprias
2017 3120 2123 3177 pu-

464 3191 593 3248 nire
618 3190 926 3264 cupientes
944 3191 1059 3248 hoc
1088 3192 1252 3265 quod
1268 3197 1425 3249 recte
1450 3208 1514 3248 se
1539 3207 1716 3262 agere
1737 3192 2123 3261 aestimant,in

462 3279 764 3350 graviores
782 3278 1002 3351 culpas
1028 3283 1302 3336 vertunt:
1324 3279 1513 3352 ﬁtque
1537 3279 1724 3337 modo
1752 3279 2035 3347 mirabili,
2060 3283 2126 3335 ut

461 3367 632 3439 quod
654 3366 884 3422 exitum
911 3371 1146 3439 putant,
1192 3367 1308 3423 hoc
1348 3366 1744 3424 inclusionem
1793 3368 2120 3424 inveniant.

460 3455 558 3510 Sic
600 3453 874 3510 videlicet
914 3454 1208 3525 reprobus
1249 3456 1456 3522 ludas,
1502 3471 1642 3511 cum
1697 3462 1954 3513 mortem
2012 3456 2125 3512 sibi

463 3546 673 3598 contra
688 3545 1005 3613 peccatum
1024 3542 1237 3612 intulit,
1255 3543 1333 3598 ad
1350 3547 1584 3599 aeterne
1604 3544 1812 3600 mortis
1832 3544 2126 3617 supplicia

466 3629 771 3701 pervenit;
815 3633 873 3685 et
899 3630 1071 3700 pejus
1099 3628 1173 3685 de
1202 3635 1448 3703 peccato
1471 3631 1748 3703 paenituit
1773 3647 1961 3705 quam
1984 3648 2123 3704 pec-

466 3717 642 3773 cavit.
676 3716 914 3774 Dicatur
938 3733 1079 3789 ergo
1104 3737 1117 3774 :
1140 3720 1211 3775 Si
1228 3720 1543 3776 incluserit
1575 3720 1892 3789 hominem,
1916 3723 2125 3778 nullus

464 3812 551 3864 est
576 3809 686 3879 qui
705 3809 960 3878 aperiat.
995 3808 1146 3873 Quia
1175 3808 1325 3865 sicut
1360 3825 1541 3866 nemo
1584 3808 1821 3867 obsistit
1864 3810 2125 3881 largitati

462 3897 756 3965 vocantis,
806 3896 887 3954 ita
933 3896 1134 3953 nullus
1180 3897 1385 3955 obviat
1425 3900 1666 3971 justitiaa
1711 3899 2121 3974 relinquentis.

465 3985 771 4043 lncludere
798 3987 1002 4060 itaque
1032 3986 1154 4055 Dei,
1176 3992 1265 4043 est
1283 3987 1501 4045 clausis
1519 4005 1645 4045 non
1675 3989 1927 4062 aperire.
1960 3988 2125 4046 Unde

466 4074 547 4130 ad
592 4076 831 4146 Moysen
878 4075 1095 4131 dicitur
1140 4075 1215 4131 de
1263 4076 1572 4133 Pharaone
1606 4095 1619 4134 :
1651 4078 1781 4149 Ego
1816 4078 2125 4135 obdurabo

467 4178 571 4219 cor
608 4164 755 4233 ejus.
806 4162 1114 4220 Obdurare
1156 4164 1383 4238 quippe
1431 4181 1540 4238 per
1573 4166 1866 4237 justitiam
1908 4165 2127 4221 dicitur

467 4252 642 4316 Deus,
691 4252 939 4323 quando
989 4268 1092 4308 cor
1146 4254 1474 4326 reprobum
1523 4269 1630 4326 per
1686 4254 1942 4324 gratiam
1999 4269 2125 4309 non

466 4338 712 4397 emollit.
758 4339 1029 4397 Recludit
1071 4343 1175 4413 [αι.
1222 4341 1491 4417 includit]
1541 4343 1743 4414 itaque
1790 4341 2119 4405 hominem,

466 4444 649 4501 quem
679 4428 739 4484 in
768 4444 1018 4486 suorum
1041 4445 1296 4503 operum
1326 4429 1586 4486 tenebris
1611 4429 1912 4502 relinquit.

539 4521 622 4573 Ex
649 4518 864 4575 eodem
887 4517 1040 4574 libro
1062 4519 1219 4590 (cap.
1243 4519 1298 4591 8)
1327 4536 1340 4573 :
1371 4520 1596 4589 Regum
1627 4520 1832 4591 itaque
1863 4518 2126 4576 balteum

467 4608 757 4675 dissolvit,
797 4607 1047 4680 quando
1078 4608 1142 4663 in
1170 4607 1263 4663 his
1292 4606 1398 4680 qui
1421 4606 1576 4663 bene
1603 4622 1809 4676 regere
1852 4607 2129 4665 membra

466 4712 579 4752 sua
605 4696 985 4763 videbantur,
1013 4700 1257 4769 propter
1284 4695 1557 4753 elationis
1586 4696 1854 4769 culpam,
1886 4697 2126 4754 castita-

470 4787 545 4839 tis
572 4784 637 4839 in
665 4784 749 4840 eis
778 4784 1087 4854 cingulum
1111 4785 1378 4842 destruit.
1410 4785 1565 4852 Quid
1593 4801 1733 4843 vero
1774 4785 1837 4841 in
1863 4785 2007 4842 fune
2034 4801 2132 4842 ac-

460 4871 703 4943 cipitur,
740 4872 855 4927 nisi
890 4878 1209 4944 peccatum
1233 4874 1262 4931 ‘2
1288 4874 1452 4931 Sicut
1475 4891 1583 4948 per
1611 4874 1997 4932 Salomonem
2043 4874 2130 4931 di-

471 4959 623 5015 citur
652 4976 666 5015 :
698 4960 1056 5031 Iniquitate:
1076 4977 1197 5018 suae
1210 4965 1459 5033 capiunt
1485 4965 1737 5034 impium
1763 4980 1787 5021 .·
1806 4969 1864 5021 et
1878 4963 2130 5034 funibus

466 5053 850 5118 peccatorum
879 5063 1119 5105 suorum
1152 5052 1589 5122 constringitur
1619 5054 1912 5120 (Prov.v).

544 5137 807 5208 Gregorii
833 5153 1008 5211 papa:
1034 5139 1097 5193 in
1122 5139 1253 5195 Job.
1284 5139 1438 5195 libro
1466 5156 1547 5196 xu
1578 5144 1735 5212 (cap.
1769 5145 1824 5212 2,
1844 5141 1907 5196 in
1924 5156 2058 5212 cap.
2075 5160 2131 5199 iv

474 5227 608 5298 Job)
641 5244 655 5282 :
689 5225 1066 5283 Constituisti
1092 5228 1375 5284 terminos
1400 5230 1528 5297 eius
1554 5230 1660 5300 qui
1678 5231 1989 5299 prateriri
2006 5248 2131 5289 non

475 5320 782 5385 poterunt.
800 5314 970 5371 Nulla
987 5330 1124 5387 quas
1145 5315 1494 5372 hominibus
1514 5318 1578 5373 in
1597 5316 1712 5374 hoc
1731 5318 1963 5374 mundo
1982 5312 2135 5376 ﬁunt

477 5403 708 5476 absque
737 5404 1163 5476 omnipotentis
1190 5404 1291 5460 Dei
1317 5406 1551 5463 occulto
1580 5407 1830 5464 consilio
1860 5410 2130 5465 veniunt-

476 5496 626 5550 Nam
652 5498 869 5552 cuncta
892 5497 1051 5552 Deus
1072 5499 1348 5553 secutura
1374 5499 1722 5571 prmscions,
1744 5502 1885 5555 ante
1913 5497 2136 5555 stecula

472 5581 752 5654 decrevit,
774 5583 1026 5658 qualiter
1049 5598 1170 5659 per
1194 5585 1416 5644 scamna
1460 5586 1883 5661 disponantur.
1938 5586 2135 5643 Statu-

2148 4312 2198 4368 Β

2225 1675 2545 1745 congessit,
2568 1691 2691 1732 non
2719 1677 2897 1749 quasi
2923 1676 3346 1746 corrigendum
3364 1678 3687 1744 ﬁlium,sed
3706 1681 3882 1753 quasi

2225 1763 2478 1830 hostem,
2522 1780 2883 1837 percussum
2926 1781 2989 1822 se
3033 1782 3162 1822 esse
3210 1766 3513 1823 indicavit.
3553 1770 3661 1823 Per
3691 1784 3876 1839 quem

2222 1852 2341 1909 sibi
2365 1855 2545 1910 etiam
2564 1854 2827 1911 latrones
2848 1856 2976 1924 ejus
2998 1856 3157 1911 viam
3172 1855 3603 1928 feceruul,quia
3619 1852 3870 1925 maligni

2224 1947 2433 1996 contra
2459 1958 2596 1997 eum
2621 1943 2861 2015 spiritus
2887 1942 3191 1999 licentiam
3216 1944 3600 2015 percussionis
3623 1958 3874 2015 accepe-

2223 2033 2381 2084 runt.
2410 2030 2593 2100 cuius
2625 2032 2687 2087 in
2707 2042 2862 2102 gyro
2882 2032 3341 2088 tabernaculum
3356 2032 3884 2103 obsederunt,quia

2224 2116 2474 2174 sublatis
2510 2119 2693 2174 rebus
2741 2125 2798 2175 et
2847 2120 3001 2183 filiis,
3047 2120 3229 2177 etiam
3274 2136 3492 2193 corpus
3534 2124 3665 2192 ejus
3701 2136 3887 2176 omne

2223 2206 2568 2261 vulneribus
2599 2208 2963 2264 attriverant.
3013 2210 3123 2264 Sed
3159 2210 3378 2265 mirum
3409 2210 3585 2267 valde
3604 2216 3713 2276 est,
3744 2226 3884 2265 cum

2224 2292 2486 2350 latrones
2514 2296 2756 2365 diceret,
2787 2312 2893 2352 cur
2917 2297 3148 2354 addidit
3168 2301 3322 2369 eius,
3352 2305 3418 2355 ut
3457 2298 3732 2355 videlicet
3757 2314 3887 2354 eos-

2225 2381 2364 2439 dem
2393 2383 2654 2441 latrones
2699 2386 2800 2441 Dei
2843 2402 2975 2442 esse
3025 2392 3404 2444 monstraret.
3439 2389 3570 2453 Qua
3607 2387 3671 2445 in
3717 2403 3783 2444 re
3834 2386 3886 2443 si

2224 2470 2505 2529 voluntas
2551 2489 2622 2530 ac
2648 2479 2915 2546 potestas
2943 2474 3352 2546 malignorum
3396 2476 3720 2549 spirituum
3765 2477 3880 2534 dis-

2226 2567 2522 2629 cernatur,
2552 2579 2660 2620 cur
2682 2566 2947 2621 latrones
2978 2566 3089 2623 Dei
3123 2564 3420 2622 dicantur.
3453 2567 3740 2638 aperitur.
3770 2570 3880 2624 Ia-

2225 2647 2374 2719 ligni
2401 2653 2626 2724 quippe
2658 2652 2899 2725 spiritus
2918 2653 2996 2710 ad
3034 2653 3380 2710 nocendum
3410 2670 3525 2711 nos
3552 2655 3885 2712 incessabi-

2225 2735 2356 2793 liter
2381 2738 2698 2810 anhelant;
2730 2741 2998 2798 sedcum
3027 2758 3282 2815 pravam
3302 2742 3676 2800 voluntatem
3699 2760 3777 2801 ex
3798 2761 3885 2802 se-

2228 2828 2498 2899 metipsis
2530 2828 2814 2899 habeant,
2846 2834 3200 2904 potestatem
3231 2836 3433 2888 tamen
3457 2832 3721 2889 nocendi
3764 2849 3884 2891 non

2228 2913 2596 2984 habent,nisi
2610 2935 2725 2974 eos
2751 2919 3030 2977 voluntas
3046 2935 3292 2977 summa
3306 2922 3635 2992 permittat.
3658 2925 3730 2979 Et
3748 2938 3886 2980 cum

2229 3004 2343 3076 ipsi
2363 3006 2609 3078 quidem
2630 3007 2848 3080 injuste
2865 3024 2975 3065 nos
2990 3007 3208 3066 undere
3226 3015 3544 3082 appetunt,
3558 3011 3887 3083 quemlibet

2232 3098 2432 3152 tamen
2455 3096 2693 3162 hedera,
2716 3114 2839 3155 non
2858 3098 2974 3155 nisi
2994 3098 3217 3170 injuste
3237 3115 3275 3155 a
3302 3102 3423 3157 Deo
3444 3101 3885 3174 permittuntur.

2232 3183 2383 3248 Quia
2411 3201 2555 3255 ergo
2587 3187 2648 3244 in
2685 3187 2771 3243 eis
2796 3187 3079 3245 voluntas
3116 3188 3341 3260 injuste
3376 3194 3487 3255 est,
3527 3195 3586 3246 et
3626 3194 3886 3262 potestas

2227 3270 2409 3341 justa,
2441 3279 2498 3331 et
2524 3275 2789 3333 latrones
2820 3276 3121 3345 dicuntur,
3166 3282 3223 3333 et
3269 3278 3389 3344 Dei,
3418 3282 3485 3334 ut
3513 3294 3587 3335 ex
3614 3279 3766 3351 ipsis
3794 3281 3887 3349 sit,

2232 3362 2395 3432 quod
2434 3363 2650 3421 inferre
2678 3364 2841 3422 mala
2869 3366 3085 3437 injuste
3117 3365 3483 3423 desiderant.
3524 3372 3585 3423 et
3618 3383 3700 3424 ex
3750 3369 3886 3439 Deo,

2232 3452 2398 3525 quod
2425 3452 2762 3509 desiderata
2785 3453 2943 3525 juste
2972 3459 3418 3511 consummant.

2306 3544 2385 3597 Ex
2415 3541 2629 3598 eodem
2654 3542 2806 3598 libro
2834 3544 2989 3613 (cap.
3013 3547 3105 3611 22)
3138 3560 3152 3598 :
3179 3545 3259 3601 Et
3279 3543 3526 3602 orabam
3552 3545 3714 3614 ﬁlios
3734 3547 3894 3602 uteri

2231 3632 2366 3687 mei.
2401 3634 2461 3685 In
2496 3634 2634 3700 Deo,
2667 3631 2772 3704 qui
2801 3632 3068 3704 corporis
3114 3632 3309 3689 forma
3350 3648 3474 3689 non
3517 3635 3891 3690 circumscri-

2230 3718 2409 3786 bitur,
2460 3719 2735 3775 membra
2785 3721 3073 3793 corporis,
3123 3720 3182 3775 id
3231 3725 3320 3777 est
3366 3737 3610 3791 manus,
3654 3722 3888 3791 oculus,

2234 3811 2437 3863 uterus
2467 3808 2548 3864 ita
2576 3809 2985 3882 nominantur,
3013 3816 3074 3866 ut
3097 3826 3171 3866 ex
3193 3810 3606 3867 membrorum
3628 3813 3892 3869 vocabu-

2230 3896 2323 3965 lis,
2338 3895 2586 3953 eﬁ‘ectus
2602 3899 2730 3970 ejus
2747 3899 3025 3971 potentiae
3043 3898 3404 3968 designetur.
3435 3900 3651 3956 Oculos
3665 3902 3890 3974 quippe

2231 3984 2455 4042 habere
2511 3987 2745 4053 dicitur,
2794 3987 2899 4059 qui
2949 3993 3166 4043 cuneta
3219 3988 3381 4044 videt
3438 4006 3452 4045 :
3512 4005 3735 4046 manus
3787 3990 3894 4045 ha-

2231 4074 2374 4131 bere
2399 4075 2753 4132 describitur
2768 4076 2916 4148 quia
2936 4081 3153 4133 cuncta
3175 4082 3459 4150 operatur
3484 4095 3496 4133 :
3520 4079 3582 4134 in
3608 4083 3769 4135 utero
3789 4093 3894 4133 au-

2234 4166 2355 4219 tem
2382 4164 2581 4236 proles
2611 4164 2963 4236 concipitur,
2995 4181 3132 4237 quae
3163 4167 3225 4220 in
3262 4166 3376 4222 hac
3417 4167 3539 4223 vita
3577 4165 3892 4238 profertur.

2237 4252 2390 4318 Quid
2420 4268 2563 4322 ergo
2593 4256 2829 4308 uterum
2869 4252 2992 4321 Dei,
3022 4252 3137 4311 nisi
3179 4253 3309 4326 ejus
3351 4254 3671 4317 consilium
3717 4255 3897 4312 debe-

2234 4357 2371 4396 mus
2396 4340 2685 4412 accipere,
2713 4341 2775 4397 in
2801 4356 2925 4413 quo
2950 4346 3089 4396 ante
3119 4341 3339 4400 saecula
3368 4358 3476 4415 per
3504 4342 3897 4416 praedestina-

2235 4430 2458 4486 tionem
2502 4428 2774 4502 concepti
2806 4445 3056 4497 sumus;
3087 4430 3170 4486 ita
3209 4436 3273 4486 ut
3314 4431 3494 4487 creati
3537 4447 3645 4504 per
3676 4431 3901 4488 saecula

2233 4517 2644 4591 producamur
2670 4518 2698 4573 ?
2733 4522 2882 4573 Heus
2920 4534 3084 4588 ergo,
3116 4519 3220 4591 qui
3245 4524 3450 4575 manet
3481 4524 3619 4575 ante
3675 4520 3899 4576 saecula

2234 4606 2384 4663 uteri
2414 4607 2506 4661 sui
2534 4606 2691 4663 ﬁlios
2731 4607 2943 4675 oravit,
2974 4607 3119 4679 quia
3148 4623 3252 4663 eos
3282 4622 3437 4680 quos
3476 4613 3752 4681 potenter
3794 4624 3901 4682 per

2234 4696 2605 4754 divinitatem
2632 4697 2918 4768 condidit,
2944 4697 3289 4754 incarnatus
3322 4698 3564 4754 veniens
3594 4697 3901 4754 humiliter

2236 4786 2486 4856 rogavit.

2307 4874 2570 4945 Gregorii
2601 4889 2778 4948 papas
2808 4873 2871 4931 in
2905 4874 3038 4932 Job.
3085 4874 3191 4931 lib.
3234 4891 3310 4932 xv
3344 4890 3478 4946 cap.
3522 4878 3614 4944 24,
3656 4876 3726 4932 in
3760 4891 3895 4947 cap.

2236 4980 2336 5020 xxi
2354 4964 2512 5032 Job).
2527 4964 2606 5020 Et
2624 4965 2685 5019 in
2706 4970 2934 5033 puncto
2949 4964 3031 5021 ad
3054 4965 3302 5035 inferna
3313 4964 3904 5023 descenduntJ’otest

2235 5054 2298 5109 in
2323 5051 2692 5125 puncto_hoc
2718 5068 2963 5125 quoque
2986 5052 3254 5124 intelligi,
3289 5053 3457 5126 quod
3485 5070 3649 5127 saepe
3687 5054 3774 5123 hi,
3803 5055 3901 5128 qui

2238 5140 2340 5196 diu
2369 5140 2432 5197 in
2450 5140 2762 5212 iniquitate
2788 5141 3015 5198 tolerati
3039 5146 3198 5209 sunt,
3221 5141 3422 5199 subita
3438 5148 3633 5199 morte
3663 5144 3796 5216 rapi
3806 5158 3902 5199 un-

2240 5233 2371 5297 tur;
2406 5233 2471 5285 ut
2488 5244 2599 5285 nec
2626 5229 2768 5285 flere
2798 5234 2935 5286 ante
2960 5234 3219 5288 mortem
3247 5230 3425 5288 liceat
3448 5247 3588 5303 quin
3618 5246 3901 5304 peccave-

2239 5317 2515 5375 runt.Sed
2534 5318 2680 5391 quia
2694 5333 3136 5392 nonnunquam
3155 5319 3341 5376 etiam
3356 5319 3479 5377 vita
3486 5320 3797 5391 justorum
3816 5336 3902 5376 su-

2238 5408 2365 5464 bito
2394 5407 2512 5463 ﬁne
2548 5407 2917 5472 terminatur,
2942 5408 3157 5464 melius
3188 5408 3336 5466 illud
3360 5409 3776 5481 accipimus,si
3790 5411 3897 5466 hoc

2242 5497 2319 5553 de
2337 5512 2548 5554 eorum
2573 5497 2889 5570 temporali
2909 5498 3028 5556 vita
3046 5498 3374 5557 sentiamus
3399 5517 3412 5569 ;
3435 5499 3583 5571 quia
3602 5494 3901 5572 quidquid

2243 5584 2498 5643 transire
2540 5587 2753 5659 potuit,
2792 5586 3064 5646 susum
3100 5586 3231 5647 fuit.
3260 5587 3484 5665 sm
3509 5586 3901 5647 autsmM‘
