4098 6176
224 190 329 246 90?

228 310 361 379 Job,
393 310 496 387 qui
526 307 750 363 idcirco
782 308 944 362 hunc
980 307 1271 377 injustam
1312 321 1449 363 esse
1478 307 1877 374 crediderunt,

226 398 367 471 quia
411 396 783 466 ﬂagellatam
836 396 1130 463 viderunt,
1161 399 1316 451 recte
1366 397 1641 467 ejusdem
1694 394 1883 452 sancti

228 486 333 542 viri
369 502 541 547 voce.
573 487 648 541 de
677 484 1025 557 iniquorum
1062 486 1207 540 ﬂore
1238 491 1294 541 et
1323 486 1653 558 perditione
1684 492 1879 541 osten-

227 592 363 630 sum
395 579 503 641 est,
533 576 677 646 quia
704 575 1006 645 praesentis
1035 574 1162 629 vitae
1187 576 1572 646 prosperitas,
1602 575 1882 630 innocen-

230 664 323 721 tize
364 665 530 720 testis
561 680 681 719 non
708 668 797 719 est
827 682 840 718 :
870 664 1013 736 quia
1039 665 1208 720 multi
1238 665 1317 721 ad
1347 681 1671 738 perennem
1702 666 1882 720 vitam

229 770 340 826 per
371 752 605 824 ﬂagella
629 753 896 822 redeunt,
918 759 978 810 et
1006 753 1271 827 plerique
1297 755 1376 810 ad
1402 754 1635 811 infinita
1656 753 1885 826 judicia

232 842 599 915 perducendi
628 841 754 898 sine
789 841 1026 912 ﬂagello
1064 844 1419 900 moriuntur.

304 934 386 987 Ex
416 932 627 989 eodem
655 932 807 989 libro
837 934 993 1005 (cap.
1027 934 1115 1005 30)
1141 952 1153 990 :
1183 935 1262 991 Et
1282 936 1437 990 sicut
1456 934 1678 1003 favilla
1698 948 1880 1004 quam

232 1020 409 1076 turbo
450 1021 759 1092 dispergit.
788 1026 937 1078 Ante
976 1023 1411 1095 Omnipotentis
1440 1023 1668 1094 oculos,
1694 1010 1888 1096 iniqui

231 1107 352 1163 vita
390 1108 587 1165 favilla
614 1114 706 1164 est
737 1126 749 1166 :
782 1110 927 1181 quia
956 1110 1062 1166 etsi
1110 1115 1361 1183 apparet
1390 1111 1470 1167 ad
1508 1116 1884 1167 momentum

224 1194 452 1257 viridis,
468 1196 546 1252 ab
576 1198 705 1268 ejus
734 1202 960 1254 tamem
986 1199 1213 1270 judicio
1223 1200 1353 1271 jam
1381 1205 1740 1273 consumpta
1768 1216 1886 1257 cer-

225 1284 425 1353 nitur;
455 1286 600 1358 quia
648 1289 1095 1361 consumptioni
1143 1294 1231 1346 est
1282 1296 1517 1345 internae
1576 1291 1882 1363 deputata.

226 1376 390 1445 Hanc
415 1374 680 1432 favillam
712 1377 889 1433 turbo
918 1378 1223 1450 dispergit,
1247 1380 1392 1452 quia
1420 1381 1576 1435 Deus
1605 1380 1888 1449 manifes-

225 1463 323 1513 tus
354 1460 564 1527 veniet,
589 1462 745 1517 Deus
769 1470 971 1519 noster
990 1469 1046 1519 et
1064 1479 1181 1520 non
1211 1465 1426 1520 silebit.
1452 1466 1615 1535 Ignis
1636 1465 1699 1519 in
1723 1480 1885 1519 cons-

218 1553 400 1615 pectu
448 1550 578 1618 ejus
625 1551 881 1614 ardebit,
913 1558 969 1607 et
999 1553 1060 1608 in
1090 1554 1348 1609 circuitu
1391 1557 1519 1623 ejus
1571 1558 1887 1623 tempestas

230 1634 441 1691 valida
473 1637 661 1706 (Psal.
694 1638 873 1709 XLIX).

304 1725 367 1777 ln
392 1724 607 1780 eodem
637 1724 789 1782 libro
814 1732 971 1798 (cap.
996 1730 1080 1801 32)
1115 1748 1126 1785 :
1166 1729 1279 1786 Sed
1307 1746 1445 1786 ecce
1470 1746 1612 1786 cum
1633 1730 1763 1785 haec
1786 1737 1893 1785 au‘

225 1810 494 1870 divimus
522 1814 656 1886 [al.,
698 1816 1023 1889 audimus],
1053 1818 1220 1874 cordi
1260 1824 1466 1875 nostro
1496 1818 1749 1891 quaestio
1777 1819 1893 1875 ori-

226 1905 328 1958 tur
362 1945 377 1972 ,
411 1920 519 1960 cur
542 1906 924 1979 omnipotens
946 1912 1002 1965 et
1025 1909 1365 1966 misericors
1391 1913 1545 1967 Deus
1573 1911 1634 1967 in
1660 1915 1892 1967 tantam

226 1992 558 2049 caecitatem
604 1995 817 2052 cadere
856 1998 1149 2055 rationem
1194 1999 1476 2056 humanae
1509 2000 1726 2056 mentis
1763 2014 1892 2072 per-

226 2080 512 2138 miserit?
538 2086 618 2138 Ne
648 2100 789 2141 vero
812 2086 1139 2158 quisquam
1170 2087 1322 2145 ultra
1351 2106 1539 2162 quam
1572 2088 1771 2159 debet,
1801 2104 1893 2144 oc-

226 2169 395 2225 culta
416 2170 518 2226 Dei
536 2171 761 2242 judicia
779 2173 1073 2231 discutere
1095 2183 1438 2248 praesumat,
1460 2182 1619 2235 recte
1642 2178 1895 2250 subjun-

231 2256 395 2326 gitur
414 2273 427 2310 :
446 2257 736 2330 Nunquid
762 2262 950 2318 Deum
978 2264 1291 2334 quisquam
1306 2266 1533 2323 docebit
1557 2268 1892 2342 scientiam,

235 2345 350 2416 qui
393 2347 647 2403 eccelsos
687 2351 932 2419 judicat
961 2352 989 2408 ‘2
1016 2353 1166 2409 Cum
1190 2353 1252 2409 in
1279 2354 1375 2410 his
1419 2371 1554 2428 quae
1597 2357 1672 2412 de
1719 2357 1893 2414 nobis

237 2438 528 2503 aguntur,
546 2436 932 2507 ambigimus,
949 2440 1243 2499 debemus
1271 2442 1391 2500 alia
1407 2460 1544 2518 quas
1564 2446 1738 2502 nobis
1755 2450 1898 2503 sunt

236 2525 403 2577 certa
450 2525 814 2598 conspicere,
839 2534 896 2584 et
921 2545 1056 2586 eam
1086 2547 1222 2604 quae
1250 2532 1327 2588 de
1366 2537 1573 2591 nostra
1612 2535 1787 2592 nobis
1808 2536 1900 2592 in-

236 2609 594 2669 certitudine
647 2621 971 2687 surexerat,
992 2618 1368 2688 cogitationis
1416 2622 1726 2695 querelam
1770 2624 1898 2697 pla-

235 2714 398 2755 care.
428 2703 573 2758 Ecce
604 2704 763 2760 enim
794 2712 962 2778 quod
988 2707 1204 2765 electos
1230 2711 1307 2767 ad
1336 2712 1520 2769 vitam
1548 2713 1787 2785 ﬂagella
1811 2731 1894 2771 re-

233 2795 497 2858 vocant;
527 2796 584 2848 et
608 2807 645 2849 a
672 2794 851 2853 malis
891 2797 1123 2853 actibus
1167 2800 1456 2873 reprobos
1504 2818 1614 2859 nec
1662 2802 1900 2874 ﬂagella

233 2886 637 2951 compescunt
664 2902 679 2939 :
712 2885 1138 2959 omnipotentis
1176 2889 1282 2945 Dei
1315 2890 1544 2961 judicia
1571 2906 1753 2964 super
1786 2906 1901 2948 nos

1284 176 1500 241 EPtS’l‘.
1528 181 1626 236 Αο
1655 172 2074 237 uiscum
2103 181 2189 237 ΕΤ
2212 184 2619 246 WUI.

3541 195 3646 261 Μ

1988 301 2259 363 humano
2288 310 2796 380 suecinditurmec
2824 314 3006 387 lignis
3034 320 3319 389 nutritur;
3348 321 3456 380 sed
3479 336 3642 383 crea-

1991 395 2083 445 tas
2108 397 2293 451 semel
2309 398 2487 455 durat
2501 402 3023 473 inexstinguibilis,
3044 413 3101 462 et
3119 413 3505 469 succensione
3522 430 3645 471 non

1989 479 2236 552 indiget,
2258 492 2315 541 et
2346 489 2559 545 ardore
2591 508 2712 548 non
2746 490 2925 551 caret.
2954 499 3105 551 Bene
3130 513 3274 567 ergo
3303 501 3376 555 de
3402 501 3515 557 hoc
3539 503 3645 560 ini-

1988 584 2112 639 quo
2142 571 2356 630 dicitur
2388 594 2401 630 :
2431 579 2751 636 Devorabit
2773 596 2906 639 eum
2936 586 3093 653 ignis
3127 588 3227 658 qui
3262 604 3381 644 non
3413 605 3648 648 succen-

1990 659 2159 751 ditur
2182 664 2369 751 :Aquia
2399 667 2833 741 Omnipotentis
2852 673 3082 743 justitia
3107 675 3445 734 futurorum
3470 694 3651 751 praes-

1990 745 2183 846 ciaab
2201 749 2334 822 ipsa
2361 756 2573 811 mundi
2587 758 2822 850 prigine
2852 762 3143 830 gehennae
3164 764 3366 835 ignem
3398 745 3645 850 creavit,

1991 835 2176 927 quiin
2198 854 2378 910 pmea
2408 845 2801 916 inproborum
2830 863 2962 905 esse
2982 851 3171 907 semel
3196 852 3504 927 inciperet,
3536 835 3644 911 sed
3720 844 3731 857 κ

1992 924 2272 983 ardorem
2302 945 2480 988 suum
2504 933 2688 989 etiam
2726 936 2853 991 sine
2882 936 3061 1007 lignis
3081 924 3401 1013 nunquam
3429 941 3644 1000 ﬁniret.

2062 1014 2147 1114 ita
2173 1015 2387 1114 eodem
2407 1018 2578 1114 libro
2610 1023 2736 1089 (lib.
2768 1039 2890 1091 xu,
2916 1040 3049 1095 cap.
3088 1029 3267 1097 t6,i7,
3300 1032 3364 1086 in
3392 1044 3524 1101 cap.
3554 1046 3650 1114 xul

1990 1099 2149 1171 Job):
2170 1105 2304 1172 Ipse
2318 1107 2473 1163 enim
2494 1110 2654 1165 solus
2675 1116 2783 1180 est,
2799 1116 2856 1167 et
2879 1126 3046 1169 nemo
3067 1123 3336 1174 avertere
3345 1099 3538 1188 potest
3556 1099 3649 1176 co:

1991 1190 2339 1258 gitationem
2368 1198 2497 1265 ejus
2520 1197 2687 1268 (Sep.
2712 1200 2771 1270 1).
2804 1202 3081 1274 Nunquid
3126 1219 3251 1259 non
3283 1212 3422 1263 sunt
3451 1205 3649 1278 angeli

1994 1283 2051 1332 et
2081 1278 2375 1351 homines,
2407 1284 2627 1341 caelum
2670 1290 2727 1341 et
2758 1291 2935 1357 terra,
2967 1304 3070 1346 aer
3113 1296 3171 1347 et
3217 1306 3401 1362 mare,
3434 1301 3650 1352 cuncta

1993 1366 2276 1437 volatilia,
2328 1374 2769 1447 quadrupedia,
2804 1382 2984 1449 atque
3050 1380 3283 1451 reptilia
3311 1383 3339 1437 τ
3372 1385 3440 1438 Et
3494 1389 3649 1441 certe

1995 1456 2282 1542 scriptum
2320 1468 2428 1527 est,
2460 1466 2686 1519 creavit
2721 1470 2788 1519 ut
2837 1473 3026 1522 essent
3072 1471 3296 1537 omnia,
3322 1471 3477 1526 Cum
3507 1487 3650 1542 ergo

1994 1541 2055 1597 in
2071 1560 2272 1601 rerum
2302 1553 2518 1606 natura
2543 1555 2665 1608 tam
2692 1553 2882 1609 multa
2909 1554 3044 1617 sint,
3068 1571 3174 1611 cur
3197 1558 3355 1615 beati
3374 1560 3486 1615 viri
3502 1541 3649 1616 voce

1918 1657 1958 1711 B
1994 1646 2156 1690 nunc
2202 1635 2419 1693 dicitur
2446 1654 2461 1693 :
2494 1640 2630 1709 Ipse
2658 1644 2811 1698 enim
2852 1643 3013 1699 solus
3042 1651 3129 1701 est
3152 1646 3183 1701 τ
3214 1647 3328 1703 Sed
3364 1648 3529 1704 aliud
3550 1660 3655 1714 est

1995 1739 2153 1794 esse,
2198 1725 2365 1783 aliud
2414 1728 2818 1801 principaliter
2868 1747 3041 1801 esse;
3077 1734 3241 1792 aliud
3286 1736 3652 1795 mutabilitei'

1997 1818 2177 1886 atque
2220 1815 2385 1873 aliud
2432 1818 2882 1876 immutabiliter
2922 1836 3075 1878 esse.
3111 1826 3259 1881 Sunt
3309 1827 3470 1883 enim
3522 1827 3651 1883 haec

1997 1903 2225 1976 omnia,
2247 1905 2351 1961 sed
2393 1907 2794 1980 principaliter
2822 1924 2946 1965 non
2992 1915 3166 1969 sunt:
3193 1914 3336 1982 quia
3378 1916 3435 1971 in
3467 1931 3653 1972 seme~

1998 1991 2164 2064 tipsis
2184 1994 2431 2050 minime
2457 1995 2810 2065 subsistunt,
2833 2004 2889 2054 et
2908 1999 3022 2054 nisi
3052 2001 3442 2071 gubernantis
3463 2016 3653 2061 manu

2001 2087 2331 2152 teneantur,
2349 2100 2481 2141 esse
2510 2101 2899 2159 nequaquam
2918 2094 3195 2159 possunt.
3228 2094 3453 2150 Cuncta
3481 2109 3654 2150 nam-

2000 2187 2119 2244 que
2144 2172 2209 2228 in
2251 2173 2352 2229 illo
2391 2174 2740 2242 subsistunt,
2776 2191 2813 2231 a
2840 2191 2964 2249 quo
2994 2183 3194 2236 creata
3240 2186 3412 2250 sunt;
3440 2197 3551 2238 nec
3579 2196 3653 2239 ea

2001 2274 2138 2331 quas
2183 2261 2414 2327 vivunt,
2443 2262 2831 2336 sibimetipsis
2879 2264 3066 2321 vitam
3119 2268 3407 2340 tribuunt,
3454 2284 3652 2343 neque

2003 2364 2076 2404 ea
2103 2365 2240 2421 quas
2269 2356 2604 2419 moventur,
2634 2356 2696 2408 et
2721 2366 2847 2408 non
2880 2354 3090 2412 vivunt
3118 2356 3242 2412 suis
3280 2358 3547 2430 nutibus,
3574 2357 3653 2415 ad

2005 2445 2237 2496 motum
2262 2441 2567 2498 ducuntur
2597 2459 2610 2497 :
2642 2441 2750 2498 sed
2775 2441 2874 2499 ille
2890 2449 3109 2501 cuncta
3128 2449 3470 2521 movet,qui
3489 2462 3653 2521 qum-

2004 2528 2150 2585 dam
2182 2529 2464 2597 viviﬁcat,
2516 2532 2802 2603 quadam
2855 2547 2993 2589 vero
3045 2548 3169 2591 non
3216 2536 3537 2605 viviﬁcata,
3593 2535 3655 2592 in

2006 2622 2337 2674 extremam
2376 2618 2697 2675 essentiam
2731 2620 2877 2676 mire
2905 2621 3193 2680 ordinans
3219 2630 3437 2681 servat.
3463 2623 3656 2680 Cunc-

2007 2711 2068 2762 ta
2116 2706 2341 2780 quippe
2394 2722 2464 2761 ex
2520 2706 2707 2762 nihilo
2760 2706 2917 2763 facta
2971 2714 3129 2777 sunt,
3184 2720 3517 2785 eorumque
3564 2724 3658 2768 es-

2008 2795 2198 2850 sentia
2241 2809 2482 2850 rursum
2512 2793 2591 2850 ad
2631 2794 2883 2851 nihilum
2924 2797 3207 2865 tenderet,
3240 2800 3358 2855 nisi
3385 2815 3519 2856 eam
3558 2808 3660 2857 au-

2008 2888 2136 2939 ctor
2164 2882 2437 2939 omnium
2457 2883 2763 2952 regiminis
2788 2899 2978 2940 manu
2995 2886 3289 2944 retineret.
3312 2888 3528 2946 Omnia
3555 2888 3660 2945 ita-

237 2971 413 3029 valde
440 2970 678 3028 occulta
701 2979 859 3045 sunt,
884 2980 943 3032 et
964 2976 1192 3047 injusta
1220 2993 1346 3034 non
1373 2984 1534 3036 sunt.
1564 2980 1681 3037 Sed
1710 2981 1758 3036 si
1780 2985 1901 3037 ten.

2012 2987 2129 3043 que
2175 2987 2311 3044 quae
2355 2976 2552 3027 creata
2596 2976 2756 3041 sunt,
2788 2987 2894 3044 per
2922 2986 2984 3028 se
3012 2988 3124 3030 nec
3155 2975 3473 3033 subsistere
3511 2991 3663 3051 prae-

231 3060 460 3118 damus
489 3060 731 3119 oculum
759 3065 972 3121 mentis
998 3065 1078 3121 ad
1107 3067 1441 3139 superiora,
1468 3068 1529 3124 in
1556 3067 1668 3124 illis
1694 3069 1906 3141 aspici-

236 3167 399 3215 mus,
428 3151 575 3224 quia
604 3152 678 3209 de
707 3154 883 3210 nobis
902 3154 1049 3226 quid
1074 3155 1235 3225 juste
1265 3156 1553 3229 conqueri
1573 3173 1693 3213 non
1719 3157 1905 3213 habe-

233 3256 398 3296 mus.
422 3241 815 3314 Omnipotens
835 3242 997 3298 enim
1014 3246 1171 3300 Deus
1188 3244 1542 3313 angelorum
1563 3244 1775 3303 merita
1789 3247 1910 3303 dis-

237 3344 520 3398 cernens,
536 3329 688 3387 alios
716 3330 781 3387 in
809 3334 1029 3388 aeterna
1049 3329 1183 3387 luce
1198 3332 1329 3389 sine
1355 3331 1532 3406 lapsu
1553 3350 1905 3407 permanere

237 3419 580 3487 constituit;
604 3418 754 3476 alios
789 3424 1003 3493 sponte
1040 3419 1247 3493 lapsos
1276 3438 1313 3478 a
1337 3425 1497 3479 statu
1533 3439 1654 3480 suae
1676 3426 1911 3483 celsitu-

237 3506 424 3579 dinis,
458 3506 520 3564 in
560 3512 798 3565 eterna
838 3507 1246 3566 damnationis
1296 3511 1518 3570 ultione
1566 3518 1901 3587 prostravit.

240 3597 573 3655 Nobiscum
603 3598 782 3667 igitur
804 3597 1023 3669 injuste
1053 3599 1198 3656 nihil
1236 3602 1375 3671 agit,
1408 3604 1513 3675 qui
1542 3608 1598 3660 et
1635 3605 1905 3662 subtilio-

240 3701 376 3742 rem
425 3684 601 3742 nobis
646 3691 926 3743 naturam
964 3688 1122 3758 juste
1155 3689 1464 3759 judicavit.
1509 3694 1672 3751 Dicat
1711 3710 1902 3765 ergo:

244 3776 543 3846 Nunquid
586 3776 775 3832 Deum
826 3778 1122 3848 quispiam
1171 3780 1399 3836 docebit
1450 3783 1781 3850 scientiam,
1803 3786 1910 3856 qui

249 3865 514 3921 excelsos
534 3865 815 3934 iudicat?
840 3866 951 3932 Qui
976 3867 1140 3923 enim
1184 3884 1366 3941 super
1392 3885 1506 3927 nos
1556 3872 1709 3929 mira
1744 3873 1905 3937 facit,

254 3955 492 4007 constat
512 3952 722 4025 procul
741 3952 929 4009 dudio
953 3954 1098 4026 quia
1125 3955 1201 4012 de
1223 3956 1399 4013 nobis
1428 3959 1682 4016 scienter
1701 3962 1908 4019 omnia

248 4038 534 4113 disponit.
550 4042 646 4098 His
673 4041 874 4115 itaque
907 4043 1230 4115 prtemissis
1265 4046 1633 4117 adjungitur,
1666 4049 1771 4105 ubi
1800 4050 1911 4106 hu-

249 4145 477 4187 manus
496 4130 735 4187 animus
754 4131 816 4187 in
841 4132 1221 4204 requisitione
1255 4133 1552 4206 fatigatur.
1579 4141 1725 4194 Nam
1771 4140 1914 4195 sub.

248 4220 416 4277 ditur
440 4236 453 4275 :
473 4221 592 4277 Iste
608 4221 866 4278 moritur
887 4222 1161 4279 robustus
1178 4229 1233 4281 ct
1250 4238 1454 4293 sanus,
1467 4226 1631 4283 dives
1648 4233 1702 4283 et
1717 4228 1914 4298 felix;

250 4310 485 4368 viscera
497 4311 625 4379 eius
647 4310 831 4379 plena
849 4316 989 4365 sunt
1010 4310 1204 4381 adipe,
1216 4318 1277 4369 et
1296 4312 1575 4370 medullis
1591 4330 1723 4372 ossa
1739 4318 1911 4374 illius

254 4399 603 4469 irrigantur
616 4399 806 4455 :alius
832 4413 969 4455 vero
994 4401 1254 4456 moritur
1270 4402 1334 4457 in
1354 4405 1769 4462 amaritudine
1788 4408 1920 4463 ani.

254 4504 368 4544 mm
380 4502 507 4544 suae
526 4486 747 4558 absque
760 4488 903 4543 ullis
926 4488 1221 4557 operibus.
1237 4491 1352 4546 Ista
1372 4506 1513 4547 cum
1528 4491 1611 4549 ita
1622 4494 1761 4561 sint,
1776 4496 1913 4568 quis

253 4576 684 4647 omnipotentis
708 4576 811 4631 Dei
835 4582 1061 4633 secreta
1076 4577 1375 4645 discutiat,
1395 4595 1502 4635 cur
1532 4581 1659 4636 haec
1682 4585 1762 4638 ita
1788 4600 1917 4640 esse

260 4660 602 4734 permittat?
612 4660 726 4717 Sed
747 4660 943 4717 electis
956 4666 1013 4717 et
1030 4661 1301 4734 reprobis
1318 4667 1375 4719 et
1394 4665 1513 4721 vita
1537 4666 1785 4737 quidem
1801 4669 1924 4725 dis-

261 4766 372 4822 par
387 4755 481 4807 est
495 4768 509 4818 ;
529 4749 727 4807 carnis
750 4754 953 4808 autem
963 4750 1027 4806 in
1042 4754 1236 4807 morte
1248 4752 1551 4825 corruptio
1573 4753 1782 4827 dispar
1796 4772 1921 4815 non

265 4843 373 4894 est.
1798 4898 1821 4915 ,

340 4929 424 4982 Ex
437 4927 649 4984 eodem
674 4926 826 4984 libro
847 4927 1005 4998 (cap.
1028 4926 1090 4981 l7
1113 4927 1177 4984 in
1198 4942 1331 4999 cap.
1353 4945 1393 4985 ι
1416 4931 1549 5003 Job)
1570 4949 1582 4987 :
1603 4933 1924 4993 Devoravit

262 5030 397 5074 eum
422 5017 580 5087 ignis
605 5017 711 5087 qui
740 5031 860 5072 non
888 5016 1283 5072 succinditur.
1315 5026 1342 5053 ⁸
1368 5018 1508 5075 Miro
1535 5019 1711 5078 valde
1741 5021 1925 5078 modo

262 5105 477 5179 paucis
523 5104 723 5162 verbis
772 5120 1094 5176 expressus
1123 5109 1211 5161 est
1238 5105 1391 5176 ignis
1425 5109 1733 5180 gehennae.
1767 5110 1927 5182 Ignis

264 5210 513 5267 nanque
559 5209 912 5266 corporeus,
938 5198 1004 5250 ut
1031 5209 1160 5249 esse
1190 5194 1345 5265 ignis
1382 5197 1596 5268 valeat,
1625 5201 1926 5272 corporeis

263 5282 496 5354 indiget
518 5282 821 5339 fomentis.
848 5282 957 5348 Qui
987 5298 1126 5338 cum
1156 5298 1399 5343 necesse
1427 5291 1518 5342 est
1544 5291 1607 5342 ut
1636 5292 1925 5356 servetur,

267 5388 376 5446 per
391 5376 678 5441 congesta
697 5370 862 5441 ligna
886 5371 1097 5443 procul
1118 5372 1304 5430 dudio
1328 5375 1583 5431 nutritur
1607 5392 1619 5429 :
1645 5390 1754 5431 nec
1772 5376 1928 5435 valet

266 5460 385 5518 nisi
415 5475 740 5516 succensus
777 5476 928 5530 esse,
960 5464 1016 5515 et
1041 5460 1154 5516 nisi
1183 5461 1437 5517 reiectus
1482 5462 1824 5518 subsistere.
1855 5468 1926 5522 At

269 5554 483 5606 contra
504 5548 789 5619 gehennae
808 5548 984 5619 ignis,
1009 5566 1148 5605 cum
1178 5549 1254 5605 sit
1272 5550 1679 5622 incorporeus,
1705 5557 1761 5608 et
1783 5553 1844 5608 in
1866 5569 1927 5609 se

271 5638 493 5696 missos
534 5639 828 5711 mprobos
880 5638 1268 5711 corporaliter
1309 5642 1537 5708 exurat,
1570 5652 1680 5696 nec
1731 5642 1928 5698 studio

2013 3058 2226 3128 valent,
2258 3075 2368 3115 nec
2412 3060 2673 3127 moveri;
2705 3059 2811 3115 sed
2848 3060 3147 3118 intentum
3192 3064 3538 3136 subsistunt,
3569 3065 3661 3121 in-

2012 3152 2306 3223 quantum
2355 3153 2420 3205 ut
2461 3164 2595 3204 esse
2628 3147 2887 3206 debeant
2931 3157 3331 3224 acceperunt:
3366 3154 3664 3211 intentum

2013 3243 2350 3307 moventur,
2366 3238 2727 3310 inquantum
2757 3238 2990 3294 occulto
3029 3239 3310 3297 instinctu
3334 3242 3666 3316 disponun-

2014 3329 2129 3383 tur.
2162 3329 2307 3382 Ecce
2336 3326 2497 3383 enim
2526 3331 2805 3400 peccator
2834 3327 3230 3397 ﬂagellandus
3255 3335 3345 3388 est
3365 3332 3441 3389 de
3482 3333 3664 3390 rebus

2014 3414 2299 3472 humanis
2333 3432 2346 3471 :
2380 3416 2592 3473 arescit
2620 3416 2682 3473 in
2712 3416 3023 3474 laboribus
3053 3418 3184 3489 ejus
3217 3424 3387 3489 terra,
3444 3437 3666 3479 concu-

2015 3505 2155 3560 titur
2170 3504 2233 3561 in
2254 3505 2385 3577 ejus
2408 3504 2737 3575 naufragiis
2757 3522 2944 3577 mare,
2967 3507 3220 3579 ignescit
3239 3509 3301 3565 in
3323 3511 3453 3582 ejus
3483 3512 3666 3569 sudo-

2016 3593 2182 3650 ribus
2202 3594 2765 3661 aer,obtenebrescit
2785 3601 2991 3653 contra
3009 3613 3149 3654 eum
3176 3598 3670 3659 inundationibus

2017 3682 2259 3747 omium,
2290 3684 2676 3740 inardescunt
2702 3684 2762 3739 in
2792 3686 2922 3756 ejus
2951 3688 3454 3758 oppressionibus
3481 3690 3671 3747 homi-

2016 3777 2466 3835 nes,moventur
2484 3773 2545 3827 in
2570 3773 2701 3842 ejus
2728 3773 3084 3829 adversitate
3105 3781 3163 3830 et
3190 3778 3473 3845 angelicas
3492 3781 3675 3837 virtu-

2018 3866 2128 3916 tes.
2145 3861 2426 3933 Nunquid
2438 3876 2581 3916 nam
2592 3861 2687 3915 hic
2697 3876 2834 3932 quae
2850 3861 3200 3931 inanimata,
3213 3864 3308 3920 vel
3319 3880 3455 3936 quae
3468 3866 3673 3923 viven-

2020 3948 2101 4005 tia
2136 3949 2421 4015 diximus,
2476 3949 2599 4003 suis
2646 3946 3144 4019 instinctionibus,
3190 3956 3249 4007 et
3302 3966 3426 4007 non
3476 3955 3673 4025 magis

2018 4035 2239 4092 divinis
2295 4035 2758 4108 impulsionibus
2825 4034 3128 4105 agitantur
3167 4037 3195 4092 ἳ
3242 4039 3541 4115 Quidquid
3589 4048 3679 4101 est

2020 4124 2221 4198 itaque
2248 4125 2420 4199 quod
2470 4126 2728 4182 exterius
2767 4124 2954 4193 suevit,
2997 4141 3108 4199 per
3136 4127 3253 4185 hoc
3300 4129 3399 4187 ille
3449 4132 3681 4189 intuen-

2023 4215 2139 4272 dus
2182 4220 2272 4271 est
2306 4215 2410 4288 qui
2457 4215 2572 4272 hoc
2612 4214 2860 4272 interius
2900 4214 3184 4288 disponit.
3214 4220 3279 4275 In
3308 4221 3474 4277 omni
3502 4221 3681 4293 igitur

2024 4320 2229 4375 causa,
2260 4304 2425 4360 solus
2457 4304 2583 4377 ipse
2627 4302 2952 4361 intuendus
2981 4309 3071 4361 est
3111 4306 3239 4377 [al.,
3273 4310 3677 4383 metuendus],

2023 4393 2131 4465 qui
2177 4393 2583 4467 principaliter
2606 4398 2715 4464 est,
2740 4394 2849 4467 qui
2894 4395 3078 4450 etiam
3120 4396 3200 4451 ad
3240 4398 3463 4455 Mosem
3491 4399 3677 4457 dicit:

2025 4483 2155 4554 Ego
2202 4500 2334 4540 sum
2363 4485 2469 4556 qui
2485 4500 2614 4540 sum
2647 4500 2668 4539 .·
2697 4485 2783 4540 sic
2806 4484 2967 4540 dices
2998 4485 3143 4553 ﬁliis
3184 4486 3378 4543 Israel
3405 4504 3419 4542 :
3456 4490 3571 4556 Qui
3592 4494 3676 4544 est

2029 4574 2187 4629 misit
2216 4590 2308 4630 me
2346 4574 2427 4629 ad
2454 4590 2553 4630 vos
2582 4574 2802 4643 (Exod.
2834 4573 2938 4643 ιιι).
2986 4574 3135 4628 Cum
3174 4574 3377 4646 itaque
3424 4575 3685 4644 ﬂagella.

2029 4678 2167 4717 mur
2191 4678 2297 4735 per
2332 4677 2405 4717 ea
2460 4678 2595 4733 quae
2638 4661 2936 4728 videmus,
2965 4660 3130 4717 illum
3183 4663 3475 4719 debemus
3528 4663 3687 4720 solli-

2024 4750 2142 4805 cite
2206 4754 2487 4817 metuere,
2545 4764 2725 4820 quem
2790 4764 2912 4803 non
2978 4749 3273 4807 videmus.
3319 4748 3415 4807 Vir
3486 4752 3685 4827 itaque

2031 4842 2274 4895 sanctus
2322 4837 2611 4910 despiciat
2654 4836 2951 4910 quidquid
2991 4840 3247 4896 exterius
3291 4844 3488 4915 terret,
3517 4843 3690 4918 quid-

2032 4926 2179 5000 quid
2220 4941 2329 4999 per
2371 4925 2693 4982 essentiam
2737 4939 2934 4996 suam,
2969 4926 3085 4983 nisi
3120 4933 3442 4999 regeretur,
3475 4931 3555 4989 ad
3603 4932 3691 4989 ni-

2033 5016 2226 5073 hilum
2296 5015 2619 5072 tenderet:
2687 5019 2743 5072 et
2808 5014 3024 5071 mentis
3098 5017 3276 5076 oculo
3350 5021 3689 5095 suppressis

2032 5106 2319 5164 omnibus
2350 5105 2651 5162 intueatur
2685 5120 2877 5161 unum
2916 5105 2978 5162 in
3008 5107 3181 5179 cujus
3219 5111 3492 5169 essentia;
3525 5128 3690 5170 com-

2034 5196 2367 5271 paratione,
2398 5210 2529 5251 esse
2559 5199 2832 5251 nostrum
2852 5210 2976 5252 non
3002 5213 3134 5254 esse
3164 5204 3270 5267 est,
3281 5204 3337 5257 et
3354 5200 3533 5257 dicat:
3559 5202 3693 5271 Ipse

2035 5288 2191 5343 enim
2248 5286 2409 5341 solus
2436 5290 2540 5341 est.
2597 5288 2673 5341 De
2739 5285 2911 5357 cujus
2964 5302 3108 5343 mox
3186 5287 3691 5355 immutabilitate,

2036 5383 2176 5449 apte
2254 5376 2698 5448 subjungitur:
2752 5377 2832 5432 Et
2906 5390 3077 5435 nemo
3160 5385 3429 5436 avertere
3498 5385 3693 5449 potest

2043 5468 2459 5537 cogitationem
2510 5468 2656 5535 ejus.
2717 5464 2874 5521 Sicut
2926 5466 3088 5522 enim
3144 5465 3535 5523 immutabilis
3590 5484 3696 5524 na-

2038 5559 2177 5610 tura
2203 5559 2311 5623 est,
2336 5556 2416 5611 ita
2434 5554 2828 5610 immutabilis
2861 5553 3242 5625 cogitatione.
3260 5554 3694 5626 Cogitationem

2041 5641 2269 5715 quippe
2293 5644 2421 5713 ejus
2449 5643 2649 5700 nullus
2676 5643 2902 5712 avertit,
2923 5642 3071 5713 quia
3096 5654 3276 5699 nemo
3300 5644 3571 5699 resistere
3600 5658 3697 5702 oc-

350 5735 370 5755 '
398 5730 613 5785 Totum
641 5728 802 5786 hunc
825 5728 1028 5788 locum
1048 5744 1160 5801 pro
1190 5743 1252 5785 se
1280 5728 1423 5787 citat
1452 5729 1808 5789 Hincmarus
1834 5730 1942 5790 lib.
1970 5732 2050 5794 de
2076 5730 2622 5804 Praedestinatione,
2648 5748 2782 5805 cap,
2812 5734 2878 5787 16
