4098 6176
456 171 562 224 999

1525 169 1580 225 S.
1620 160 1998 226 PRUDENTII
2034 160 2412 218 TRECENSIS
2451 163 2782 222 EPISCOPI.

3756 165 3895 222 1000

461 287 631 344 cultis
659 288 1045 358 ejusjudiciis
1071 289 1370 360 praevalet.
1409 290 1560 345 Nam
1584 289 1690 346 etsi
1721 289 1962 344 fuerunt
1989 283 2120 358 qui-
2148 286 2194 336 A
2306 285 2387 338 Ex
2416 283 2568 340 libro
2596 302 2637 341 x
2659 286 2745 357 (in
2767 301 2818 342 c.
2849 286 2992 354 xxx)
3019 305 3032 340 :
3063 283 3153 339 Ab
3182 283 3310 340 heri
3324 285 3574 357 quippe,
3597 290 3657 342 et
3685 302 3724 342 a
3743 304 3898 360 prte-

463 377 603 432 dam
653 375 756 448 qui
798 376 1319 446 deprecationibus
1361 378 1484 432 suis
1529 378 1656 447 ejus
1698 377 2117 446 cogitationem

463 464 740 521 avertisse
773 463 1106 520 videantur.
1139 464 1218 519 ita
1251 464 1361 521 fuit
1389 467 1519 536 ejus
1555 467 1789 521 interna
1815 463 2118 534 cogitatio,

463 559 526 608 ut
556 554 911 608 sententiam
963 553 1118 608 illius
1167 559 1425 610 avertere
1472 554 1854 627 deprecando
1899 553 2124 627 potuis-

463 646 611 708 sent,
636 641 796 696 etab
827 656 897 696 eo
925 641 1194 713 accipere
1224 642 1391 714 quod
1421 649 1666 713 agerent
1703 643 1868 716 apud
1899 644 2120 716 ipsum.

465 730 627 785 Dicat
657 745 799 798 ergo
829 748 840 784 :
875 731 954 784 Et
976 746 1143 786 nemo
1163 732 1383 800 poterit
1409 739 1680 788 avertere
1703 733 2121 802 coyitationem

463 817 611 884 ejus,
641 816 786 888 quia
825 817 1011 872 semel
1034 819 1156 874 lixa
1189 819 1419 888 judicia
1471 821 1690 876 mutari
1733 836 2123 892 nequaquam

461 909 734 977 possunt.
764 906 926 961 Unde
954 907 1241 978 scriptum
1275 913 1397 963 est:
1429 910 1801 978 Praeceptum
1826 911 2041 979 posuit,
2068 913 2124 964 et

464 1011 581 1049 non
622 995 955 1063 prieteribit
1005 997 1122 1066 (Ps.
1173 999 1420 1068 CXLVIII).
1472 1001 1534 1052 Et
1581 1015 1860 1053 rursum:
1894 999 2121 1055 Caele

464 1089 518 1139 et
551 1089 711 1139 terra
749 1086 1111 1151 transibunt,
1145 1086 1324 1141 verba.
1359 1092 1562 1142 autem
1606 1102 1736 1143 mea
1765 1104 1883 1143 non
1909 1087 2126 1143 transi-

467 1171 610 1227 bunt
635 1172 796 1243 (Luc.
828 1172 960 1243 XXI).
988 1175 1050 1227 Et
1072 1189 1310 1228 rursum
1344 1193 1356 1228 :
1388 1176 1522 1230 Non
1550 1176 1704 1231 enim
1736 1177 2124 1244 cogitationes

465 1275 608 1315 mea?
653 1261 804 1315 sicut
848 1263 1233 1330 cogitationes
1278 1270 1506 1328 vestrae,
1531 1280 1717 1336 neque
1748 1266 1854 1320 via:
1882 1280 2023 1320 mea:
2051 1267 2125 1320 si-

465 1353 566 1403 cut
595 1349 702 1404 viae
726 1356 933 1404 vestrae
957 1351 1098 1418 (lsa.
1134 1354 1334 1422 xxxv).
1372 1355 1517 1407 Cum
1545 1368 1687 1421 ergo
1718 1354 1975 1408 exterius
1996 1370 2124 1408 mu-

467 1436 575 1491 tari
606 1437 840 1492 videtur
870 1438 1180 1503 sententia,
1212 1439 1458 1494 interius
1498 1441 1812 1496 consilium
1843 1457 1965 1496 non
1996 1458 2125 1496 mu-

467 1528 644 1594 tatur,
673 1525 816 1596 quia
862 1525 936 1580 de
972 1542 1333 1598 unaquaque
1372 1544 1433 1584 re
1470 1527 1919 1584 immutabiliter
1962 1529 2122 1585 intus

2231 371 2401 427 terito
2433 377 2698 446 tempore
2744 378 3082 446 praeparata
3110 377 3196 428 est
3245 389 3282 429 a
3328 388 3465 442 rege
3500 375 3756 432 Domino
3783 380 3894 433 To-

2233 460 2392 531 phet,
2427 461 2487 516 id
2541 468 2627 517 est
2673 463 2794 518 lata
2842 468 2898 518 et
2941 462 3210 535 spatiosa
3264 462 3563 531 gehenna,
3603 480 3744 537 quae
3790 481 3893 521 eos

2234 551 2467 604 internis
2491 555 2622 606 urat
2652 551 2990 606 ardoribus.

2305 638 2647 711 Hieronymi
2695 640 3026 713 presbyteri
3083 639 3572 712 explanationem
3639 641 3702 698 in
3758 646 3892 699 Eze-

2233 725 2403 782 chiel.
2437 727 2588 784 libro
2637 745 2694 784 iv
2743 729 2829 795 (in
2868 745 2918 785 c.
2955 731 3111 800 xw):
3145 729 3270 784 Fili
3314 728 3590 797 hominis,
3623 732 3732 787 isti
3775 734 3895 788 viri

2233 817 2340 886 qui
2375 832 2573 873 coram
2613 824 2666 874 te
2689 819 2914 884 sedent,
2945 824 3274 888 posuerunt
3305 819 3722 877 immunditias
3751 838 3889 879 suas

2233 905 2296 960 in
2317 905 2591 962 cordibus
2621 908 2762 977 suis,
2788 907 2908 962 sive
2953 907 3367 978 cogitationes:
3412 913 3470 964 et
3493 909 3668 980 juxta
3716 911 3888 983 Sym-

2234 995 2520 1049 machum
2561 1000 2617 1050 et
2670 995 3160 1065 Theodotionem,
3193 995 3357 1051 idola
3404 1001 3458 1052 et
3503 997 3885 1054 scandalum.

2234 1082 2515 1154 Nunquid
2544 1083 2891 1154 hujusmodi
2912 1083 3261 1139 hominibus
3280 1083 3475 1140 debeo
3500 1086 3887 1159 respondere,

2232 1170 2503 1242 quicum
2547 1173 3009 1242 cogitationibus
3053 1172 3319 1246 pirstinis
3371 1173 3450 1229 ad
3491 1191 3590 1230 me
3619 1177 3886 1243 veniunt,

2233 1273 2308 1313 ne
2336 1259 2451 1315 hoc
2482 1261 2727 1333 quidem
2759 1266 3023 1334 tempore
3045 1261 3367 1336 impietatis
3396 1279 3520 1318 sua:
3549 1264 3774 1321 scelera
3802 1282 3889 1321 re-

2231 1347 2608 1422 linquentes?
2635 1351 2785 1416 Quia
2813 1351 2991 1421 igitur
3010 1367 3293 1424 perverso
3315 1351 3392 1407 ad
3424 1357 3478 1408 te
3505 1353 3686 1410 corde
3717 1370 3889 1411 vene-

2232 1443 2391 1498 runt,
2423 1439 2720 1510 responde
2758 1440 2862 1505 eis,
2894 1455 3016 1495 non
3073 1455 3144 1496 ex
3198 1455 3464 1512 persona
3506 1446 3628 1511 tua,
3663 1443 3769 1498 sed
3816 1459 3886 1498 ex

2233 1543 2370 1581 nico
2394 1527 2668 1599 imperio,
2695 1535 2751 1584 et
2780 1529 2940 1584 dices
2968 1528 3044 1584 ad
3069 1544 3174 1584 eos
3201 1545 3214 1583 :
3241 1528 3375 1584 llzec
3397 1529 3538 1586 dicit
3567 1532 3880 1588 Dominus.

468 1614 843 1669 constituitur
881 1633 893 1681 ;
941 1615 1237 1688 quidquid
1296 1616 1434 1671 foris
1491 1617 1856 1674 mutabiliter
1904 1618 2118 1688 agitur.
2154 1630 2196 1682 Î’
2234 1613 2330 1666 Est
2355 1619 2554 1669 autem
2583 1616 2758 1672 totius
2800 1616 2914 1672 loci
2961 1617 3077 1673 ista
3103 1618 3428 1674 sententia:
3460 1621 3642 1675 Homo
3672 1620 3882 1692 homo,

470 1703 784 1774 Sequitur:
814 1704 892 1758 Et
932 1706 1134 1760 animo
1167 1706 1296 1774 ejus
1347 1707 1741 1778 quodcunque
1778 1709 1986 1775 voluit,
2014 1709 2122 1764 hoc

465 1791 630 1860 fecit.
656 1791 802 1844 Cum
845 1791 915 1845 sit
955 1794 1182 1846 cunctis
1209 1793 1561 1865 corporibus
1597 1795 1868 1865 exterior,
1897 1797 2122 1851 cunctis

468 1878 770 1933 mentibus
790 1879 1030 1934 interior
1055 1884 1208 1934 Deus
1235 1899 1246 1948 ;
1277 1898 1347 1937 ea
1369 1882 1499 1954 ipsa
1522 1884 1610 1938 vis
1627 1885 1756 1954 ejus
1777 1901 1898 1956 qua
1919 1885 2124 1940 omnia

468 1972 756 2040 penetrat,
791 1973 1124 2041 cunctaque
1156 1970 1451 2042 disponit;
1485 1971 1690 2028 anima
1718 1972 1873 2028 lllius
1899 1973 2122 2046 apella-

468 2059 582 2110 tur.
642 2055 821 2125 Cujus
870 2055 1141 2112 videlicet
1192 2058 1482 2115 voluntati
1528 2076 1639 2116 nec
1682 2059 1782 2117 illa
1828 2061 2125 2117 obsistunt

467 2161 603 2216 quia
635 2147 842 2200 contra
882 2145 1247 2228 voluntatem
1278 2147 1433 2202 illius
1477 2148 1603 2204 fieri
1647 2149 1940 2206 videntur.
1974 2150 2118 2216 Quia

467 2233 546 2289 ad
596 2233 711 2288 hoc
761 2249 1158 2306 nonunquam
1206 2236 1490 2308 permittit
1539 2237 1687 2305 ï¬eri,
1734 2239 1914 2294 etiam
1957 2238 2124 2311 quod

469 2338 588 2378 non
627 2324 910 2395 praecipit,
948 2329 1007 2379 ut
1052 2341 1158 2397 per
1199 2325 1314 2380 hoc
1357 2325 1500 2381 illud
1545 2328 1758 2382 certius
1804 2328 2124 2400 impleatur

468 2410 635 2483 quod
659 2411 848 2482 jubet.
895 2418 1192 2484 ApostattP
1223 2413 1447 2486 quippe
1476 2415 1670 2484 angeli
1699 2432 1980 2488 perversa
2021 2433 2120 2472 vo-

471 2501 573 2554 lun
586 2505 671 2554 tas
696 2506 816 2556 cst:
852 2501 953 2555 sed
985 2506 1184 2557 tamen
1213 2517 1248 2556 a
1277 2504 1392 2556 Deo
1415 2502 1764 2559 mirabiliter
1791 2504 2119 2575 ordinatur,

471 2590 536 2640 ut
559 2585 706 2657 ipsae
735 2603 980 2659 quoque
1009 2589 1138 2658 ejus
1160 2588 1391 2643 insidite
1420 2589 1648 2646 utilitati
1674 2593 1973 2648 bonorum
2005 2609 2124 2648 ser-

469 2673 654 2744 viant,
685 2691 839 2746 quos
869 2681 1129 2746 purgant
1166 2676 1311 2731 dum
1358 2683 1602 2734 tentant.
1647 2680 1736 2736 Sic
1767 2682 1965 2753 itaque
1994 2684 2122 2752 ejus

471 2764 673 2818 anima
717 2764 1108 2836 quodcunque
1141 2767 1350 2835 voluit,
1384 2767 1494 2822 hoc
1526 2768 1692 2837 fecit,
1723 2774 1783 2823 ut
1807 2769 1944 2824 inde
1974 2787 2122 2842 quo-

469 2864 587 2920 que
641 2850 1007 2908 voluntatem
1070 2871 1241 2910 suam
1299 2856 1565 2928 impleat,
1617 2859 1776 2914 unde
1833 2859 2123 2916 voluntati

469 2937 623 2994 illius
649 2942 970 3013 repugnari
1000 2942 1334 3000 videbatur.

1131 3034 1357 3090 CAPUT
1399 3037 1456 3090 Î§.

805 3123 907 3175 Ex.
941 3120 1029 3176 SS
1053 3123 1282 3178 Isidoro
1308 3129 1362 3180 et
1393 3126 1780 3196 Hieronymo.

540 3205 743 3262 lsidori
764 3223 837 3263 ex
855 3207 1008 3265 libro
1032 3225 1049 3265 1
1074 3212 1533 3280 Sententiarum,
1565 3214 1640 3270 de
1665 3215 1863 3271 Gratia
1889 3221 1948 3272 et
1975 3219 2122 3271 Prae-

467 3293 858 3352 destinatione
890 3298 1041 3367 (cap.
1067 3301 1156 3369 22)
1190 3319 1201 3355 :
1240 3301 1400 3357 Sicut
1446 3301 1682 3372 ignorat
1707 3304 1892 3360 homo
1924 3305 2122 3360 termi-

467 3394 613 3434 num
646 3381 794 3437 lucis
822 3388 877 3438 et
914 3386 1319 3455 tenebrarum,
1367 3390 1460 3446 vel
1509 3392 1815 3464 utriusque
1853 3393 1937 3447 rei
1989 3393 2123 3464 quis

467 3466 604 3521 ï¬nis
632 3469 736 3524 sit:
761 3473 842 3525 ita
870 3472 1104 3542 plenius
1137 3476 1342 3542 nescit,
1367 3478 1504 3549 quis
1549 3485 1685 3534 ante
1730 3497 1907 3535 suum
1938 3480 2123 3536 ï¬nem

466 3553 598 3609 luce
623 3556 864 3626 justitiae
900 3563 1332 3631 prteveniatur;
1359 3566 1446 3620 vel
1465 3567 1600 3638 quis
1626 3575 2011 3639 paccatorum
2038 3575 2120 3625 te-

466 3641 669 3696 nebris
718 3660 908 3716 usque
937 3647 997 3701 in
1037 3665 1214 3704 suum
1256 3653 1579 3708 terminum
1625 3655 1998 3725 obscuretur,
2021 3661 2125 3713 aut

465 3727 601 3800 quis
631 3736 767 3803 post
795 3731 1036 3806 lapsum
1065 3737 1445 3796 tenebrarum
1488 3757 1835 3813 conversus,
1853 3749 2126 3815 resurgat

468 3817 548 3874 ad
603 3817 820 3876 lucem.
881 3825 1106 3881 Cuncta
1165 3826 1286 3884 haec
1346 3831 1464 3885 Deo
1519 3836 1742 3904 patent,
1773 3831 2121 3889 hominibus

464 3925 604 3964 vero
633 3909 836 3968 latent.

538 4001 881 4075 Hieronymi
905 4003 968 4059 in
994 4005 1144 4062 Isaia
1167 4005 1270 4062 lib.
1300 4015 1362 4063 xi
1381 4009 1538 4080 (cap.
1562 4014 1614 4078 6,
1638 4014 1701 4068 in
1722 4028 1772 4068 c.
1795 4017 1857 4082 v)
1881 4029 1894 4069 :
1929 4015 2122 4079 Quam

467 4089 667 4145 sreculi
689 4091 816 4161 [at.,
835 4093 939 4164 qui
971 4095 1196 4167 saeculi]
1219 4097 1442 4153 deliciis
1473 4102 1770 4169 occupati,
1803 4118 1913 4158 nec
1942 4103 2124 4175 respi-

467 4177 686 4233 cientes
711 4194 893 4250 opera
923 4182 1043 4252 Dei,
1067 4185 1281 4256 captivi
1305 4185 1606 4243 ducuntur
1625 4189 1686 4244 in
1712 4195 2046 4262 peccatum,
2068 4195 2124 4247 ct

466 4281 590 4321 non
618 4267 842 4325 habent
893 4271 1202 4328 scientiam
1246 4276 1365 4340 Dei,
1400 4280 1458 4332 et
1485 4277 1707 4333 idcirco
1744 4277 1902 4334 fame
1932 4284 1988 4334 et
2029 4279 2122 4335 siti

465 4360 715 4426 pereunt
751 4355 1050 4416 bonorum
1079 4377 1351 4434 operum,
1377 4369 1557 4437 atque
1588 4366 1873 4422 virtutum
1899 4384 1912 4422 :
1940 4372 1997 4422 et
2023 4367 2122 4424 de-

466 4441 772 4500 trahentur
791 4445 849 4500 in
877 4447 1236 4517 gehennam,
1262 4450 1464 4522 ibique
1495 4453 1731 4508 aeternis
1758 4454 2122 4510 cruciatibus

464 4530 750 4604 deputati,
773 4537 1103 4607 potentiam
1133 4542 1190 4594 et
1220 4539 1570 4611 superbiam
1596 4541 1838 4598 miseria
1859 4547 2122 4611 cernent,

465 4624 522 4676 et
549 4621 882 4680 humilitate
911 4626 1150 4683 mutari.

538 4711 878 4784 Hieronymi
916 4714 978 4768 in
1005 4713 1182 4783 Isaia,
1213 4715 1366 4772 libro
1407 4734 1464 4772 Ill
1513 4718 1594 4788 (in
1623 4719 1893 4790 ipartem
1921 4736 1972 4775 c.
1997 4722 2076 4793 ix)
2107 4756 2122 4795 Îµ

467 4797 784 4862 Quomodo
850 4802 1011 4857 enim
1081 4804 1260 4859 vestis
1312 4821 1447 4877 quae
1507 4805 1777 4864 humano
1831 4810 2128 4879 sanguine

466 4891 774 4943 cruentata
817 4893 928 4951 est,
957 4894 1155 4947 sanari
1196 4907 1320 4948 non
1350 4898 1566 4966 potest.
1595 4895 1701 4950 sed
1731 4895 1948 4954 infecta
1987 4913 2126 4953 san-

466 4969 664 5040 guine,
688 4974 824 5041 igne
843 4976 1235 5046 comburitur,
1258 4985 1322 5034 ut
1337 4981 1589 5037 maculae
1613 4997 1752 5038 cum
1775 4984 2125 5041 vestimento

467 5056 608 5113 foedi
635 5062 863 5118 cruoris
889 5063 1180 5122 intereant
1205 5083 1217 5120 :
1254 5067 1337 5122 sic
1367 5067 1593 5125 diaboli
1621 5070 1881 5128 violenta
1901 5073 2125 5143 praeda.

467 5144 567 5215 tio,
606 5151 663 5204 et
709 5150 998 5208 tumultus
1043 5169 1115 5210 ac
1157 5153 1345 5210 turbae
1387 5155 1612 5228 quibus
1646 5157 1982 5214 humanum
2013 5159 2124 5218 sibi

469 5234 786 5306 subjiceret
811 5255 1022 5308 genus,
1055 5241 1344 5311 gehennae
1367 5241 1607 5313 ignibus
1639 5244 1937 5316 deputatae
1963 5253 2119 5304 sunt.

540 5324 605 5378 1n
653 5324 808 5382 libro
871 5342 962 5384 vni
1013 5328 1115 5398 (in.
1143 5330 1359 5401 cxxv).
1410 5333 1478 5386 Ut
1515 5333 1719 5388 omnia
1762 5350 1944 5406 opera
1995 5335 2123 5406 ejus

467 5411 844 5482 proferantur
886 5415 948 5469 in
987 5416 1396 5487 publicum,et
1433 5419 1857 5492 dispergantur
1885 5423 2122 5480 habita-

471 5502 623 5554 tores
653 5501 784 5572 ejus
824 5502 882 5558 in
926 5503 1166 5560 diversa
1204 5505 1358 5578 loca,
1389 5509 1652 5580 praemiis
1693 5510 1782 5566 vel
1813 5512 2119 5584 suppliciis

467 5586 736 5662 deputati
765 5591 895 5663 [at.,
926 5592 1246 5666 destinati].

2232 1716 2353 1756 non
2384 1701 2638 1760 aliarum
2661 1705 2947 1774 gentium,
2969 1722 3230 1778 quarum
3260 1722 3424 1762 error
3440 1713 3627 1780 potest
3652 1708 3879 1764 habere

2232 1789 2488 1858 veniam,
2517 1793 2621 1847 sed
2672 1793 2893 1849 domus
2945 1794 3144 1862 Israel,
3177 1795 3283 1867 qui
3313 1812 3445 1850 cum
3493 1795 3758 1867 pristinis
3791 1796 3869 1850 vi-

2233 1877 2346 1949 tiis,
2369 1878 2442 1934 de
2474 1880 2697 1952 quibus
2719 1898 2902 1954 supra
2927 1882 3210 1950 diximus,
3231 1883 3307 1939 ad
3330 1884 3670 1956 Prophetam
3689 1899 3873 1939 vene-

2231 1967 2306 2022 rit
2337 1967 2784 2037 sciscitandum,
2818 1987 2928 2042 ego
2961 1971 3335 2044 respondebo
3361 1973 3528 2042 juxta
3554 1988 3657 2027 cor
3679 1976 3740 2027 et
3764 1971 3881 2026 im-

2232 2055 2559 2113 munditias
2589 2075 2729 2114 suas
2753 2077 2766 2126 ;
2795 2063 2860 2114 ut
2878 2059 3051 2131 juxta
3079 2059 3245 2132 quod
3268 2060 3392 2116 vult
3413 2064 3470 2116 et
3490 2059 3697 2129 credit,
3716 2060 3802 2116 ita
3831 2065 3888 2116 et

2232 2143 2455 2200 audiat.
2490 2148 2604 2201 Nec
2645 2146 2807 2202 enim
2850 2153 3109 2204 meretur
3138 2149 3585 2216 correctionem,
3617 2148 3724 2221 qui
3762 2164 3884 2204 non

2231 2235 2519 2300 discendi,
2545 2235 2650 2291 sed
2679 2236 2945 2292 tentandi
2973 2237 3176 2293 animo
3205 2237 3564 2308 interrogat:
3619 2237 3729 2294 sed
3776 2254 3884 2293 suo

2233 2323 2410 2378 corde
2459 2323 2787 2397 capiendus
2833 2330 2942 2393 est,
2975 2325 3310 2381 secundum
3357 2326 3523 2398 quod
3574 2325 3788 2382 scriba).
3831 2331 3887 2383 et

2232 2411 2503 2466 Pharisaei
2561 2412 2994 2483 interrogantes
3037 2414 3378 2482 Dominum,
3413 2415 3538 2470 imo
3569 2420 3877 2482 tentantes,

2231 2499 2519 2556 audiunt:
2555 2501 2710 2568 Quid
2745 2518 2838 2558 me
2881 2504 3165 2559 tentatis?
3211 2507 3267 2559 et
3312 2519 3590 2560 rursum:
3628 2504 3756 2561 Nec
3779 2518 3874 2574 ego

2230 2588 2426 2644 dicam
2468 2588 2626 2644 vobis
2664 2590 2728 2645 in
2769 2606 2890 2662 qua
2938 2593 3157 2648 virtute
3197 2593 3322 2648 haec
3375 2593 3604 2662 faciam
3643 2592 3877 2664 (Matth.

2230 2677 2379 2748 xxt).

2304 2766 2367 2819 In
2393 2765 2605 2822 eodem
2631 2784 2642 2822 :
2678 2766 2968 2840 Quodque
3017 2768 3304 2841 sequitur,
3337 2773 3396 2826 et
3421 2768 3659 2825 videtur
3687 2768 3880 2826 facere

2230 2856 2653 2929 quaestionem:
2695 2859 3001 2929 Propheta
3041 2875 3173 2916 cum
3205 2862 3520 2928 erraverit,
3552 2867 3608 2916 et
3651 2861 3881 2917 locutus

2149 2977 2190 3031 Î¿
2227 2946 2418 3016 fuerit
2448 2945 2710 3018 verbum,
2744 2962 2848 3017 ego
2876 2949 3163 3004 Dominus
3191 2949 3398 3018 decepi
3418 2949 3778 3020 prophetam
3810 2950 3880 3004 it-

2234 3037 2378 3091 tum.
2409 3039 2536 3091 Non
2576 3040 2856 3108 putemus
2886 3037 2962 3093 de
2993 3053 3131 3094 vero
3178 3039 3474 3111 propheta
3501 3038 3640 3110 dici,
3675 3039 3782 3094 sed
3811 3039 3880 3095 de

2230 3124 2887 3198 pseudopropheta,qui
2905 3128 3187 3200 á½Î¼Ï‰Î½á½»Î¼Ï‰Ï‚
3209 3127 3504 3200 propheta
3524 3127 3877 3201 appellatur.

2233 3215 2298 3268 Et
2325 3212 2400 3268 de
2426 3213 2526 3269 illo
2565 3214 3002 3287 Scripturarum
3031 3215 3164 3272 loco
3208 3215 3354 3272 solvi
3383 3221 3602 3290 potest,
3636 3215 3882 3291 quando

2230 3301 2435 3357 Achab
2448 3319 2549 3358 rex
2563 3303 2762 3374 Israel,
2772 3303 2997 3359 vadens
3013 3304 3092 3360 ad
3104 3304 3525 3377 praelium,non
3538 3305 3666 3362 vult
3677 3305 3882 3362 audire

2231 3389 2532 3446 Michteam
2555 3391 3043 3464 prophetam,sed
3064 3393 3604 3468 pseudoprophetae
3623 3395 3882 3450 consiliis

2231 3478 2591 3550 acquiescit:
2635 3479 2894 3552 dicitque
2921 3481 3212 3549 Michteas,
3241 3482 3408 3554 quod
3445 3482 3658 3540 viderit
3681 3483 3884 3540 Domi-

2230 3583 2378 3622 num
2409 3567 2712 3623 sedentem
2741 3568 2801 3623 in
2828 3568 2975 3624 solio
2998 3575 3054 3625 et
3078 3571 3294 3626 erroris
3323 3571 3598 3643 spiritum
3634 3571 3794 3628 ultro
3823 3588 3883 3628 se

2230 3653 2517 3712 obtulisse
2559 3655 2637 3710 ad
2679 3655 3102 3730 decipiendum
3145 3675 3351 3729 regem
3400 3659 3524 3732 (III
3559 3662 3703 3734 Reg.
3741 3661 3881 3731 Î¹Î¹Î¹).

2231 3743 2514 3800 Diabolus
2545 3759 2788 3818 quoque
2835 3746 2897 3802 in
2938 3747 3244 3804 volumine
3291 3749 3423 3820 Job,
3454 3749 3750 3806 circuiens
3780 3756 3886 3807 ter-

2229 3847 2384 3898 ram,
2411 3838 2565 3888 stare
2593 3833 2808 3890 dicitur
2835 3835 2899 3890 in
2929 3842 3254 3908 conspectu
3279 3838 3402 3905 Dei,
3431 3843 3489 3894 et
3515 3837 3580 3894 in
3607 3839 3886 3896 substan-

2229 3921 2375 3978 tiam
2402 3921 2598 3995 primo
2627 3923 2759 3994 Job,
2791 3924 3009 3980 deinde
3036 3924 3097 3980 in
3126 3941 3345 3998 corpus
3385 3926 3514 3998 ejus
3548 3927 3820 4001 accipere
3849 3944 3886 3984 a

2232 4010 2484 4067 Domino
2515 4015 2870 4083 potestatem
2902 4013 3051 4084 (Job.
3076 4013 3136 4085 1).
3174 4014 3288 4071 Sed
3315 4019 3374 4072 et
3397 4013 3640 4072 Balaam
3660 4015 3880 4072 ariolus

2230 4115 2268 4156 a
2298 4098 2549 4155 Domino
2579 4099 2847 4171 mittitur,
2881 4105 2946 4157 ut
2982 4101 3241 4176 decipiat
3287 4102 3464 4160 Balac
3505 4104 3696 4163 tilium
3739 4106 3887 4162 Beor

2230 4187 2435 4259 (Num.
2469 4192 2624 4256 Ï‡Ï‡Î¹Î¹).
2659 4191 2777 4244 Hoc
2806 4193 3005 4246 autem
3042 4194 3230 4247 totum
3256 4191 3491 4264 dicitur,
3522 4209 3598 4249 ne
3624 4193 3887 4266 pseudo-

2232 4276 2662 4350 prophetarum
2689 4277 3016 4335 fortitudini
3044 4285 3368 4352 reputetur,
3401 4282 3566 4355 quod
3595 4281 3890 4357 decipitur

2234 4363 2517 4438 populus,
2545 4370 2603 4422 et
2629 4366 2825 4436 magis
2857 4367 2981 4424 vult
3022 4369 3231 4426 audire
3261 4369 3669 4441 mendacium,
3698 4387 3888 4444 quam

2232 4452 2463 4509 veritati
2494 4469 2702 4508 aurem
2719 4457 3202 4512 accommodare:
3233 4459 3339 4514 sed
3358 4460 3524 4531 quod
3546 4460 3643 4515 Dei
3660 4460 3764 4517 irae
3795 4460 3887 4530 sit,

2235 4546 2299 4598 ut
2326 4557 2644 4614 pervorsus
2673 4542 2936 4616 populus
2981 4549 3039 4600 et
3067 4544 3347 4602 incredus
3398 4548 3592 4618 magis
3630 4548 3892 4620 pseudo-

2233 4631 2557 4704 prophetas
2600 4631 2824 4700 audiat,
2854 4649 3040 4704 quam
3070 4621 3445 4707 'prophetas.
3477 4636 3747 4710 Denique
3793 4628 3908 4694 ex?

2236 4719 2423 4776 tendit
2448 4736 2701 4776 manum
2750 4737 2922 4776 suam
2964 4739 3145 4794 super
3174 4740 3335 4788 eum,
3369 4725 3727 4782 subauditur
3750 4741 3889 4799 pro-

2233 4809 2500 4888 phetam,
2533 4814 2591 4866 et
2617 4809 2845 4866 deletur
2868 4809 2944 4865 de
2975 4811 3176 4867 medio
3201 4813 3411 4886 populi
3437 4815 3587 4886 ejus,
3614 4819 3682 4871 ut
3698 4819 3894 4888 portet

2234 4897 2608 4970 iniquitatem
2652 4914 2850 4970 suam,
2883 4899 3028 4972 quia
3070 4899 3279 4957 similis
3331 4903 3588 4966 terroris,
3623 4907 3681 4960 et
3709 4920 3894 4976 paena

2235 4986 2563 5043 consimilis
2586 4987 2690 5043 sit:
2723 4993 2786 5043 ut
2812 4992 2935 5044 tam
2963 4987 3062 5045 ille
3091 4989 3196 5062 qui
3228 4989 3573 5063 interrogat,
3604 5009 3798 5066 quam
3826 4991 3894 5050 il-

2232 5071 2286 5129 le
2313 5073 2414 5146 qui
2440 5073 2855 5147 interrogatur,
2882 5081 3117 5150 portent
3143 5077 3520 5153 iniquitatem
3550 5096 3729 5138 suam
3756 5098 3770 5137 :
3797 5097 3895 5138 ne-

2231 5176 2543 5234 quaquam
2573 5160 2792 5218 domus
2840 5164 3038 5238 Israel,
3072 5181 3282 5222 eorum
3313 5169 3418 5241 qui
3446 5169 3548 5226 Dei
3577 5169 3769 5229 verba
3794 5186 3895 5228 au-

2233 5248 2360 5305 dire
2388 5249 2681 5306 voluerint
2703 5253 2998 5324 perversis
3023 5255 3548 5315 vaticinationibus
3575 5258 3894 5317 illudatur:

2235 5337 2343 5393 sed
2375 5338 2451 5395 sit
2480 5339 2741 5412 populus
2773 5341 2892 5408 Dei,
2922 5347 2980 5398 et
3006 5342 3133 5415 ipse
3167 5346 3485 5402 Dominum
3524 5347 3751 5404 habere
3780 5365 3899 5404 me-

2231 5433 2450 5483 reatur.
2482 5433 2544 5484 In
2575 5446 2645 5486 eo
2671 5431 2835 5502 quod
2862 5431 3047 5488 dixit:
3088 5436 3218 5504 Ego
3261 5437 3547 5492 Dominus
3597 5437 3808 5508 decepi
3829 5440 3897 5494 il-

2237 5516 2380 5581 lum,
2411 5516 2747 5573 Salomonis
2777 5519 2963 5576 verba
2992 5523 3370 5579 consentiunt
3397 5525 3502 5597 qui
3531 5525 3605 5580 de
3655 5529 3776 5581 Deo
3803 5526 3893 5582 di-

2234 5609 2486 5675 sputans
2511 5604 2627 5662 ait:
2659 5607 2739 5662 Et
2765 5608 3110 5666 ittusoribus
3132 5612 3348 5669 itludet
3366 5613 3572 5682 (Prov.
3597 5615 3704 5686 Î¹Î¹Î¹).
3729 5615 3899 5672 Illud-
