4112 6184
221 188 358 244 1001

1227 189 1432 246 EPIST.
1476 189 1569 243 AD
1611 183 2017 243 HINCMARUM
2057 184 2149 239 ET
2188 188 2581 249 PARDULUM.

3492 206 3630 266 1002

211 326 332 384 que
364 309 766 366 testimonium
800 329 812 365 :
847 312 916 367 Si
938 311 1380 368 ambulaverint
1396 312 1477 368 ad
1505 326 1598 368 me
1623 324 1867 381 perver-
1905 307 1954 361 A
1982 321 2131 364 num
2158 320 2560 387 consequatur
2585 318 2772 375 vitam
2817 323 3124 388 aeternam,
3173 338 3296 380 non
3322 332 3410 384 est
3440 329 3631 388 salva-

206 403 280 466 si,
313 406 368 456 et
393 415 497 470 ego
529 400 848 456 ambulabo
889 407 1100 457 contra
1126 416 1218 456 eos
1248 403 1310 456 in
1351 404 1567 471 furore
1591 413 1872 471 perverso

203 491 417 561 (Levit.
435 507 593 560 xxw,
615 492 803 559 juxta
832 491 1021 546 LXX.
1405 511 1408 514 ·

853 600 1076 655 CAPUT
1117 602 1177 654 ΧΙ
1188 643 1200 654 .

206 724 307 778 Ex
318 725 608 793 Prosperi
619 725 1112 794 Responsionibus
1124 725 1205 782 ad
1229 725 1511 795 Capitula
1529 725 1865 781 Gallorum.

279 849 548 920 Prosperi
578 853 795 921 quarta
823 849 1059 906 decima
1080 851 1305 923 quippe
1338 849 1644 906 Gallorum
1666 849 1868 919 objec-

208 937 292 992 tio
324 938 406 992 sic
429 937 686 993 habetur
708 939 805 1007 (ea:
819 940 998 1009 Fulg.
1014 941 1095 996 ad
1106 941 1372 1006 Monim.,
1400 955 1531 1010 cap.
1551 941 1620 996 3O
1638 945 1691 995 et
1710 940 1863 1009 ult.):

203 1033 222 1055 ⁸
253 1026 424 1092 Quod
445 1027 549 1099 qui
572 1027 939 1098 Evangelicae
969 1029 1379 1100 praedicationi
1428 1043 1550 1084 non
1593 1028 1865 1097 credunt,

205 1131 280 1171 ex
312 1115 411 1170 Dei
440 1115 956 1186 praedestinatione
986 1132 1110 1173 non
1134 1117 1402 1173 credant.
1429 1120 1494 1172 Et
1514 1117 1683 1188 quod
1713 1119 1867 1172 Deus

205 1204 290 1259 ita
318 1203 628 1274 deﬁnierit,
661 1209 725 1260 ut
753 1205 1098 1278 quicunque
1128 1222 1251 1262 non
1282 1206 1533 1262 credunt
1575 1222 1648 1262 ex
1675 1205 1868 1278 ipsius

209 1293 628 1350 constitutione
666 1310 788 1349 non
828 1294 1094 1351 credant.
1151 1297 1289 1352 Huic
1337 1297 1539 1368 itaque
1568 1295 1864 1368 pravitati,

207 1398 345 1454 qum
365 1381 526 1438 beati
554 1384 871 1452 Augustini
893 1383 1086 1452 dictis,
1115 1400 1238 1441 non
1269 1401 1342 1441 cx
1373 1385 1615 1441 veritate
1658 1385 1760 1440 sed
1794 1401 1866 1440 ex

201 1469 395 1526 livore
430 1470 849 1541 objiciebatur,
884 1472 981 1527 tali
1012 1473 1268 1546 Prosper
1301 1489 1578 1529 sermone
1620 1489 1867 1546 respon-

203 1560 329 1615 dit:
365 1559 684 1616 lntidelitas
714 1577 836 1617 non
867 1561 1237 1617 credentium
1270 1562 1590 1632 Evangelio
1639 1579 1868 1635 nequa-

203 1665 394 1721 quam
425 1665 497 1705 ex
523 1651 620 1706 Dei
645 1650 1169 1722 prtedestinatione
1201 1657 1537 1720 generatur.
1564 1654 1864 1708 Bonorum
1895 1671 1940 1725 Β

203 1739 367 1795 enim
383 1741 536 1796 Deus
556 1748 762 1796 auctor
792 1745 900 1809 est,
925 1757 1048 1796 non
1077 1741 1398 1797 malorum.
1422 1741 1864 1797 Praedestinatio

201 1828 384 1898 igitur
408 1829 507 1884 Dei
535 1829 594 1884 in
627 1845 864 1902 semper
910 1829 1074 1886 bono
1112 1835 1220 1901 est,
1253 1835 1357 1887 aut
1398 1830 1477 1886 ad
1526 1830 1865 1887 retributio-

201 1933 348 1973 nem
370 1917 632 1988 justitiaa,
657 1923 761 1974 aut
780 1918 859 1973 ad
879 1918 1267 1974 donationem
1293 1918 1594 1991 pertinens
1622 1920 1856 1989 gratiae:

209 2007 513 2063 Universae
540 2008 694 2064 enim
721 2008 1083 2063 viaeDomini
1110 2007 1524 2063 misericordia
1545 2013 1598 2064 et
1622 2009 1861 2064 veritas.

203 2094 458 2150 Proinde
482 2095 804 2152 inﬁdelitas
832 2112 954 2152 non
984 2097 1374 2163 credentium,
1407 2111 1532 2152 non
1570 2096 1649 2152 ad
1689 2113 1864 2152 cons-

206 2185 541 2240 titutionem
600 2186 722 2254 Dei,
770 2185 875 2240 sed
929 2185 1008 2241 ad
1048 2186 1490 2257 praescientiam
1546 2185 1866 2242 referenda

199 2277 311 2330 est.
343 2274 482 2336 Quae
503 2289 627 2330 non
659 2274 796 2329 ideo
827 2274 1246 2331 necessitatem
1298 2290 1419 2330 non
1452 2273 1736 2330 credendi
1765 2274 1859 2330 in-

202 2362 357 2429 tulit,
385 2362 528 2432 quia
557 2362 678 2418 falli
700 2362 774 2418 de
805 2378 897 2433 ea,
929 2379 1063 2436 quae
1094 2363 1294 2420 futura
1335 2367 1478 2431 erat,
1514 2363 1864 2420 inﬁdelitate

199 2467 330 2508 non
353 2452 557 2524 potuit.

278 2542 496 2607 Quinta
524 2540 760 2598 decima
807 2542 984 2598 etiam
1033 2543 1292 2612 objectio
1339 2543 1520 2613 (Ibid.
1576 2546 1743 2613 c.15,
1775 2543 1863 2610 t6)

200 2632 298 2688 his
328 2630 525 2687 verbis
552 2630 774 2686 inserta
798 2635 904 2687 est.
933 2632 960 2671 b
989 2631 1162 2697 Quod
1200 2631 1360 2687 idem
1392 2632 1466 2687 sit
1484 2631 1861 2704 praescentia,

200 2720 370 2794 quod
395 2719 858 2793 prmdestinatio.
884 2720 988 2776 Cui
1016 2723 1267 2792 PrOSper
1287 2719 1370 2776 sic
1398 2719 1710 2793 respondit
1729 2719 1864 2785 :Qui

203 2810 644 2884 praescientiam
693 2809 793 2866 Dei
822 2810 881 2865 in
911 2809 1078 2866 nullo
1107 2809 1185 2866 ab
1240 2809 1427 2883 ipsius
1468 2809 1861 2882 praedestina-

207 2901 366 2956 tione
387 2899 631 2966 dicerni,
662 2900 828 2973 quod
860 2899 1248 2956 tribuendum
1273 2904 1363 2955 est
1393 2900 1510 2955 Deo
1558 2899 1632 2956 de
1661 2898 1860 2972 bonis,

201 2989 320 3044 hoc
341 2989 390 3044 ei
440 2989 619 3044 etiam
641 2988 715 3044 de
739 2988 910 3044 malis
943 2993 1194 3045 conatur
1223 2987 1539 3044 ascribere.
1577 2987 1690 3045 Sed
1719 3003 1860 3044 cum
1890 3019 1930 3073 ο

200 3079 369 3135 bona
389 3079 469 3134 ad
492 3077 835 3147 largitorem
853 3082 1426 3150 cooperatoremque
1445 3093 1654 3132 eorum
1671 3079 1861 3133 Deum

203 3167 368 3223 mala
406 3171 610 3222 autem
659 3166 734 3222 ad
776 3165 1181 3223 volontariam
1219 3165 1526 3222 rationalis
1575 3172 1863 3220 creaturas

209 3256 542 3328 nequitiam
612 3255 924 3312 referenda
983 3257 1145 3312 sint:
1230 3255 1486 3312 dubium
1552 3271 1675 3311 non
1755 3257 1861 3323 est,

213 3346 343 3400 sine
373 3344 493 3399 ulla
518 3345 827 3418 temporali
867 3344 1218 3414 differentia,
1252 3347 1436 3402 Deum
1480 3348 1539 3400 et
1588 3345 1866 3417 pra-cisse

208 3431 391 3488 simul
421 3436 475 3488 et
500 3433 955 3505 predestinasse,
985 3449 1120 3506 quae
1150 3434 1284 3506 ipso
1305 3436 1474 3489 erant
1503 3436 1744 3488 auctore
1782 3431 1868 3488 fa-

204 3520 439 3587 cienda,
475 3520 563 3576 vel
592 3537 728 3593 quas
776 3521 952 3576 malis
984 3520 1207 3577 meritis
1233 3521 1397 3592 justo
1427 3523 1601 3576 erant
1635 3518 1866 3591 judicio

198 3607 591 3664 retribuenda
623 3627 634 3672 ;
662 3609 976 3681 priescisse
1021 3612 1223 3664 autem
1267 3605 1715 3674 tantummodo,
1742 3621 1868 3663 non

201 3698 383 3754 etiam
401 3696 1028 3770 praedestinasse,quae
1048 3713 1170 3753 non
1188 3712 1252 3752 ex
1278 3696 1411 3769 ipso
1432 3700 1602 3752 erant
1619 3711 1870 3752 causam

203 3786 574 3859 operationis
603 3786 905 3842 habitura.
936 3788 1271 3855 (Hactenus
1301 3791 1383 3842 est
1409 3785 1620 3856 Fulg.)

279 3873 563 3946 Ejusdem
608 3873 893 3945 (Prosper
921 3874 1089 3944 ibid.,
1124 3889 1172 3930 c.
1207 3876 1289 3943 9):
1314 3878 1330 3902 ⁸
1355 3871 1561 3928 Nullus
1617 3871 1867 3927 omnino

206 3967 300 4020 est
329 3979 401 4019 ex
417 3962 704 4019 omnibus
723 3962 1090 4032 hominibus,
1119 3961 1292 4032 cujus
1313 3963 1532 4016 natura
1555 3959 1616 4014 in
1638 3959 1868 4015 Christo

203 4052 466 4109 Domino
522 4056 728 4107 nostro
754 4054 1036 4123 suscepta
1063 4065 1188 4106 non
1219 4049 1393 4104 fuerit
1426 4067 1440 4116 ;
1472 4046 1750 4120 quamvis
1772 4045 1870 4102 ille

203 4146 384 4198 natus
403 4139 478 4196 sit
491 4141 554 4195 in
580 4139 965 4196 similitudine
985 4137 1184 4195 carnis
1196 4133 1650 4210 peccati,omnis
1667 4139 1870 4190 autem

198 4231 393 4287 homo
419 4232 707 4286 nascatur
725 4228 785 4284 in
806 4244 984 4285 carne
1023 4227 1270 4301 peccati.
1316 4228 1466 4282 Deus
1495 4239 1637 4295 ergo
1660 4223 1760 4280 Dei
1789 4222 1871 4279 Fi-

197 4320 340 4383 lius,
361 4317 736 4375 mortalitatis
764 4317 1047 4374 humanae
1077 4316 1379 4390 particeps
1407 4314 1603 4371 factus
1635 4313 1867 4387 absque

196 4413 476 4483 peccato,
499 4408 612 4463 hoc
629 4406 1045 4480 peccatoribus
1060 4409 1118 4462 et
1145 4403 1500 4461 mortalibus
1513 4401 1782 4473 contulit,
1803 4404 1870 4457 ut

197 4499 308 4571 qui
338 4496 662 4554 nativitatis
714 4497 847 4568 ejus
905 4499 1215 4552 consortes
1244 4492 1500 4549 fuissent
1552 4490 1864 4547 vinculum

198 4587 441 4660 peccati
465 4590 520 4642 et
563 4585 769 4641 mortis
799 4585 1139 4641 evaderent.
1175 4582 1337 4640 Sicut
1366 4581 1567 4654 itaque
1597 4595 1720 4636 non
1754 4579 1870 4635 suf-

199 4675 329 4732 ﬁcit
355 4675 676 4732 hominum
716 4672 1109 4740 renovationi,
1142 4675 1354 4728 natum
1381 4686 1510 4726 esse
1553 4668 1868 4725 hominem

204 4767 414 4820 Jesum
441 4764 758 4831 Christum,
792 4763 906 4819 nisi
935 4762 997 4818 in
1025 4761 1179 4834 ipso,
1211 4760 1425 4816 eodem
1454 4758 1529 4814 de
1573 4774 1696 4830 quo
1742 4758 1870 4830 ipse

207 4858 381 4909 ortus
406 4858 507 4922 est,
539 4852 747 4926 spiritu
784 4855 1176 4908 renascantur
1200 4867 1213 4906 :
1241 4849 1324 4905 sic
1353 4863 1477 4904 non
1526 4845 1744 4902 sufficit
1767 4846 1871 4902 ho-

203 4941 446 4998 minum
487 4939 908 5013 redemptioni,
967 4938 1320 4996 cruciﬁxum
1367 4953 1496 4993 esse
1545 4933 1870 4990 Dominum

198 5031 528 5099 Christum,
559 5031 674 5087 nisi
703 5030 1180 5087 eommoriantur
1210 5028 1264 5084 ei
1292 5031 1349 5083 et
1380 5024 1870 5098 consepeliantur

199 5120 267 5176 in
319 5120 672 5193 baptismo;
725 5119 992 5193 alioquin
1045 5121 1186 5174 nato
1244 5115 1549 5172 Salvatore
1577 5115 1640 5171 in
1686 5128 1865 5170 carne

202 5209 567 5266 substantiae
637 5213 878 5279 nostrae,
964 5213 1020 5265 et
1095 5205 1378 5263 cruciﬁxo
1416 5222 1527 5279 pro
1586 5204 1871 5261 omnibus

200 5298 427 5367 nobis,
509 5314 634 5355 non
701 5297 894 5354 fuerat
959 5295 1370 5352 necessarium
1457 5298 1521 5350 ut
1597 5306 1872 5348 renasce-

198 5403 437 5453 remur,
482 5391 539 5444 et
566 5385 951 5443 similitudine
996 5384 1205 5440 mortis
1252 5384 1383 5454 ejus
1427 5379 1872 5454 complantare-

198 5492 368 5532 mur.
400 5474 516 5534 Sed
544 5490 683 5531 cum
715 5475 840 5530 sine
875 5475 989 5531 hoc
1037 5475 1418 5530 sacramento
1450 5485 1630 5526 nemo
1674 5467 1870 5524 homi-

278 5597 304 5624 ι
337 5586 474 5639 Haec
503 5582 841 5654 frequenter
861 5585 1111 5654 usurpat
1134 5580 1508 5654 Hincmarus.

276 5654 305 5692 ι’
336 5649 694 5710 Ηίηοωδιῖυε
717 5653 792 5709 de
822 5649 1122 5723 Pr.edést.,
1152 5667 1284 5723 cap.
1323 5649 1409 5704 16.

504 5745 747 5798 Punor.
777 5741 942 5796 CXV.

1984 398 2077 451 tus
2102 414 2274 456 cruce
2300 403 2512 461 Christi
2541 407 2645 480 qui
2671 424 2792 464 non
2824 414 2912 465 est
2935 411 3254 468 cruciﬁxus
3282 414 3343 470 in
3377 419 3628 490 Christo,

1981 500 2106 572 non
2131 493 2219 545 est
2248 493 2566 550 cruciﬁxus
2608 497 2670 552 in
2697 498 2947 570 Christo,
2999 499 3102 572 qui
3149 516 3273 558 non
3313 510 3399 562 est
3443 524 3630 566 mem-

1978 571 2158 670 brum
2185 581 2452 652 corporis
2476 584 2706 656 Christi,
2736 586 2841 660 qui
2869 602 2993 644 non
3016 571 3130 661 per
3155 605 3381 663 aquam
3410 598 3467 651 et
3498 597 3630 670 Spi-

1979 662 2158 722 ritum
2195 674 2470 726 sanctum
2499 671 2694 731 induit
2722 675 3039 732 Christum.
3074 678 3183 744 Qui
3213 662 3358 738 ideo
3379 662 3632 743 inﬁrmi-

1979 755 2095 809 tate
2123 761 2329 814 nostra
2357 763 2846 821 communionem
2892 765 3106 822 habuit
3132 770 3364 837 mortis,
3427 777 3492 828 ut
3519 790 3633 832 nos

1976 840 2038 895 in
2067 841 2279 900 virtute
2323 847 2452 917 ejus
2503 849 2859 909 haberemus
2917 855 3280 913 consortium
3338 875 3634 920 resurrec-

1977 929 2172 988 tionis.
2223 936 2370 991 Cum
2427 936 2628 1010 itaque
2682 942 3010 998 rectissime
3061 943 3295 1002 dicatur
3364 949 3634 1010 Salvator

1979 1033 2087 1090 pro
2117 1022 2297 1113 totius
2326 1027 2538 1081 mundi
2572 1029 2983 1103 redemptione
3013 1034 3356 1108 cruciﬁxus,
3387 1047 3632 1113 propter

1980 1121 2184 1165 veram
2226 1111 2512 1170 humanae
2557 1121 2786 1174 naturae
2874 1122 3337 1192 susceptionem,
3385 1131 3444 1182 et
3491 1111 3632 1200 pro-

1975 1201 2106 1288 pter
2130 1214 2516 1260 communem
2543 1204 2602 1260 in
2633 1206 2831 1278 primo
2853 1207 3098 1265 homine
3130 1213 3406 1269 omnium
3435 1217 3634 1288 perdi-

1976 1284 2242 1343 tionem:
2281 1296 2479 1363 potest
2515 1298 2713 1352 tamen
2760 1297 2878 1353 dici
2934 1315 3044 1371 pro
3103 1300 3196 1355 his
3237 1284 3470 1360 tantum
3502 1322 3631 1363 cru-

1976 1373 2211 1446 ciﬁxus,
2241 1380 2465 1451 quibus
2516 1399 2679 1440 mors
2739 1387 2926 1459 ipsius
2975 1388 3214 1460 profuit.
3272 1392 3421 1450 Dicit
3469 1397 3632 1453 enim

1975 1465 2390 1556 Evangelista:
2427 1470 2577 1538 Quia
2596 1476 2761 1530 Jesus
2790 1477 3121 1534 moriturus
3151 1486 3278 1536 erat
3292 1496 3410 1550 pro
3435 1491 3630 1556 gente,

1975 1554 2079 1609 sed
2133 1557 2311 1614 etiam
2369 1565 2434 1615 ut
2484 1562 2642 1629 ﬁlios
2671 1564 2788 1620 Dei
2808 1565 3103 1635 dispersos
3132 1579 3524 1642 congregaret
3568 1554 3634 1630 in

1976 1656 2163 1699 unum
2195 1647 2396 1703 (Joan.
2428 1649 2528 1722 χι).
2569 1652 2640 1707 In
2668 1668 2779 1709 sua
2808 1655 2965 1710 enim
3015 1658 3197 1724 venit,
3249 1663 3305 1714 et
3359 1660 3456 1716 sui
3499 1676 3632 1718 eum

1977 1747 2097 1788 non
2120 1745 2508 1804 receperunt;
2549 1747 2832 1814 quotquot
2865 1749 3061 1800 autem
3095 1755 3446 1817 receperunt
3474 1765 3631 1819 eum,

1975 1820 2140 1877 dedit
2158 1825 2240 1879 eis
2253 1832 2606 1894 potestatem
2630 1830 2788 1897 ﬁlios
2811 1834 2922 1888 Dei
2948 1835 3106 1902 ﬁeri,
3131 1837 3237 1906 qui
3261 1853 3380 1893 non
3403 1854 3478 1895 ex
3499 1855 3638 1896 san-

1973 1913 2276 1983 guinibus,
2309 1931 2498 1988 neque
2523 1934 2598 1974 ea:
2644 1921 2955 1978 voluntate
2983 1925 3182 1980 carnis
3220 1940 3409 1996 neque
3438 1943 3513 1985 ea:
3540 1946 3636 1987 vo-

1978 2000 2211 2058 luntate
2228 2004 2359 2059 viri.
2391 2007 2494 2061 sed
2522 2022 2596 2063 ex
2614 2009 2734 2065 Deo
2763 2013 3052 2068 natisunt
3071 2014 3264 2080 (Joan.
3298 2018 3362 2086 ι.)
3387 2017 3632 2074 Diversa

1974 2103 2117 2158 ergo
2147 2089 2225 2146 ab
2256 2090 2381 2148 istis
2413 2109 2542 2149 sors
2576 2112 2786 2152 eorum
2830 2103 2936 2163 est,
2978 2100 3084 2173 qui
3112 2100 3265 2158 inter
3317 2103 3448 2160 illos
3494 2122 3630 2162 cen-

1974 2181 2178 2233 sentur
2206 2179 2280 2235 de
2310 2181 2532 2252 quibus
2553 2184 2801 2242 dicitur:
2825 2188 3089 2244 Mundus
3111 2205 3238 2247 eum
3273 2207 3394 2248 non
3419 2208 3635 2265 cogno-

1974 2267 2104 2336 vit;
2143 2271 2206 2324 ut
2261 2270 2451 2341 possit
2505 2274 2838 2330 secundum
2889 2275 3005 2333 hoc
3054 2277 3220 2334 dici:
3271 2280 3634 2355 Redemptor

1972 2355 2184 2411 mundi
2249 2357 2414 2415 dedit
2459 2376 2569 2432 pro
2626 2364 2858 2421 mundo
2906 2366 3268 2436 sanguinem
3324 2386 3524 2439 suum,
3576 2375 3637 2428 et
3724 2437 3729 2442 κ

1972 2443 2239 2500 mundus
2268 2447 2486 2504 redimi
2505 2450 2700 2506 noluit
2741 2453 2890 2525 quia
2934 2453 3131 2511 lucem
3191 2456 3449 2514 tenebras
3509 2476 3634 2516 non

1971 2539 2341 2605 receperunt,
2399 2538 2623 2610 quibus
2681 2539 2824 2598 dicit
2864 2544 3225 2616 Apostolus:
3259 2547 3483 2603 Fuistis
3517 2550 3632 2604 ali-

1970 2624 2211 2694 quando
2240 2626 2516 2694 tenebrce,
2541 2645 2703 2686 nunc
2716 2637 2914 2688 autem
2946 2633 3057 2689 tua:
3081 2635 3144 2690 in
3175 2636 3423 2692 Domino
3448 2637 3633 2707 (Eph.

1970 2712 2050 2783 v).
2077 2715 2206 2784 Ipse
2236 2715 2527 2772 Dominus
2553 2719 2745 2789 Jesus,
2785 2720 2892 2792 qui
2909 2720 3062 2790 dixit
3093 2737 3155 2777 se
3187 2724 3424 2780 venisse
3454 2741 3622 2798 quae-

1969 2815 2096 2856 rere
2143 2806 2201 2859 et
2255 2803 2486 2860 salvare
2511 2806 2678 2879 quod
2707 2808 2966 2880 perierat
2990 2826 3003 2864 :
3033 2811 3172 2866 Non
3202 2813 3362 2868 venit
3415 2813 3632 2886 inquit,

1967 2891 2087 2946 nisi
2099 2892 2181 2946 ad
2195 2907 2326 2949 oves
2337 2910 2468 2964 quae
2483 2897 2794 2964 perierant
2810 2899 3020 2954 domus
3041 2900 3236 2956 Israel
3246 2902 3486 2970 (Matth.
3511 2905 3631 2974 xv).

1968 2979 2177 3050 Neque
2198 2982 2302 3050 qui
2324 2988 2462 3038 sunt
2491 2998 2685 3040 semen
2740 2987 3014 3054 Abrahae,
3040 3003 3236 3044 omnes
3265 2990 3403 3061 ﬁlii,
3433 2991 3538 3046 sed
3567 2992 3632 3047 in

1968 3068 2140 3124 Isaac
2168 3070 2478 3126 vocabitur
2499 3072 2609 3127 tibi
2627 3089 2822 3129 semen
2845 3075 2910 3129 id
2936 3081 3039 3141 est,
3068 3091 3187 3132 non
3213 3079 3320 3149 qui
3343 3079 3479 3147 ﬁlii,
3505 3094 3635 3135 car-

1970 3158 2086 3228 nis,
2115 3159 2183 3215 hi
2201 3159 2321 3228 ﬁlii
2333 3161 2458 3226 Dei,
2481 3161 2585 3218 sed
2613 3163 2719 3233 qui
2743 3163 2862 3232 ﬁlii
2870 3166 3310 3233 promissionis,
3339 3168 3634 3224 aestiman-

1974 3251 2076 3301 tur
2095 3247 2158 3302 in
2186 3253 2404 3304 semine
2430 3249 2617 3318 (Rom.
2673 3252 2776 3318 IX).
2809 3251 2868 3306 In
2902 3251 3029 3307 istis
3058 3268 3201 3323 ergo
3242 3255 3504 3311 sunt'illi
3547 3255 3628 3311 de

1973 3334 2196 3406 quibus
2247 3335 2474 3392 dictum
2517 3354 2701 3411 supra
2748 3341 3220 3397 memoravimus
3246 3359 3259 3397 :
3290 3343 3443 3410 Quia
3464 3345 3634 3400 Jesus

1974 3426 2303 3480 moriturus
2333 3431 2463 3482 erat
2493 3442 2604 3497 pro
2633 3433 2827 3497 gente,
2860 3445 2980 3485 non
3031 3435 3266 3487 tantum
3293 3447 3408 3502 pro
3437 3438 3631 3504 gente,

1975 3513 2078 3569 sed
2101 3514 2278 3569 etiam
2312 3519 2376 3568 ut
2421 3515 2579 3581 ﬁlios
2609 3517 2722 3573 Dei
2772 3517 3068 3587 dispersos
3117 3527 3514 3590 congregaret
3570 3523 3634 3578 in

1976 3618 2163 3657 unum
2193 3603 2388 3674 (Joan.
2432 3604 2534 3674 x1).
2569 3605 2721 3670 Quia
2749 3621 2872 3662 non
2901 3605 3097 3664 solum
3146 3624 3218 3664 ex
3244 3608 3492 3678 Judaeis,
3523 3609 3632 3666 sed

1977 3690 2156 3746 etiam
2185 3706 2258 3746 ex
2301 3691 2602 3764 gentibus,
2633 3709 2740 3766 per
2769 3710 2908 3750 eum
2959 3695 3065 3767 qui
3108 3701 3286 3753 vocat
3327 3713 3463 3769 qum
3503 3714 3628 3754 non

1977 3783 2136 3846 sunt,
2177 3783 2466 3852 tanquam
2493 3797 2628 3853 qua:
2681 3787 2837 3849 sunt,
2866 3786 2923 3838 et
2968 3784 3071 3855 qui
3097 3783 3402 3856 dispersos
3453 3785 3633 3842 Israel

1977 3875 2319 3938 congregat,
2351 3869 2455 3924 ﬁlii
2502 3869 2917 3941 promissionis
2955 3870 3018 3926 in
3057 3887 3244 3928 unam
3303 3872 3630 3929 Ecclesium

1977 3963 2434 4028 congregentur,
2462 3964 2528 4015 ut
2550 3958 2869 4030 impleatur
2908 3959 3070 4031 quod
3126 3960 3495 4033 promissum
3543 3966 3634 4019 est

1976 4046 2256 4117 Abrahae,
2313 4047 2410 4102 cui
2451 4047 2676 4104 dictum
2706 4052 2840 4102 est:
2881 4049 3042 4119 quod
3098 4050 3162 4104 in
3225 4051 3444 4106 semine
3501 4053 3631 4121 ejus

1980 4134 2386 4192 benedzcendw
2405 4140 2595 4192 essent
2619 4150 2815 4191 omnes
2844 4137 3030 4191 tribus
3063 4143 3238 4194 terrae
3264 4137 3431 4210 (Gen.
3456 4141 3623 4211 xvu).

2616 4225 2845 4280 CAPUT
2882 4225 2993 4280 XII.

2215 4313 2315 4370 Ex
2333 4313 2687 4370 Cassiodoro
2718 4314 2779 4369 in
2807 4314 3102 4382 Psalmos,
3128 4320 3182 4371 et
3205 4315 3391 4372 Beda.

1902 4372 1945 4424 Β
2050 4401 2393 4458 Cassiodori
2423 4402 2484 4457 in
2510 4402 2882 4474 expositione
2935 4401 3155 4474 psalmi
3177 4419 3274 4459 ix:
3327 4405 3624 4476 Cognosce

1979 4495 2081 4546 tur
2107 4492 2396 4547 Dominus
2413 4491 2653 4561 judicia
2673 4492 2928 4560 faciens,
2960 4493 3021 4547 in
3040 4492 3315 4561 operibus
3331 4509 3622 4550 manuum

1977 4594 2226 4636 suarum
2287 4581 2744 4649 comprehensus
2781 4585 2866 4636 est
2898 4587 3201 4652 peccator,
3249 4595 3389 4636 vera
3437 4581 3622 4636 nimis

1979 4672 2037 4723 et
2082 4667 2360 4724 absoluta
2411 4667 2703 4724 sententia
2736 4686 2750 4736 ;
2791 4668 3084 4741 quoniam
3133 4674 3272 4724 tunc
3311 4669 3628 4726 manifeste

1981 4759 2374 4825 cognoscetur
2449 4755 2743 4812 Dominus
2812 4755 3044 4826 judicia
3109 4756 3325 4827 facere,
3378 4757 3629 4830 quando

1978 4841 2394 4916 peccatoribus
2471 4842 2714 4900 dabitur
2792 4847 3014 4899 {eterna
3079 4844 3446 4901 cruciatione
3519 4849 3636 4903 tor-

1979 4930 2171 5004 queri.
2235 4931 2338 4987 Hic
2392 4931 2553 4987 enim
2601 4931 2746 5004 quia
2795 4935 2935 4987 sunt
2977 4932 3062 4987 eis
3140 4932 3332 4990 libera
3385 4933 3630 5004 scelera,

1980 5019 2305 5077 creduntur
2350 5020 2600 5076 forsitan
2648 5020 2991 5093 impunita:
3043 5021 3148 5078 sed
3193 5021 3299 5078 ubi
3356 5023 3484 5079 dies
3539 5023 3634 5080 ille

1979 5109 2476 5166 manifestationis
2534 5109 2863 5177 advenerit,
2906 5115 2961 5166 et
3020 5110 3235 5167 throno
3300 5113 3636 5185 majestatis

1981 5216 2105 5255 suae
2154 5198 2442 5256 Dominus
2485 5198 2791 5266 insederit,
2851 5202 2991 5255 tunc
3039 5200 3394 5271 generaliter
3423 5217 3639 5271 agnos-

1982 5294 2145 5345 cetur
2193 5288 2428 5362 operari
2494 5288 2726 5360 judicia
2781 5304 2912 5359 sua,
2992 5289 3241 5362 quando
3291 5291 3634 5346 humanum

1982 5393 2191 5449 genus,
2260 5379 2384 5434 sive
2455 5393 2491 5433 a
2566 5377 2843 5448 sinistris,
2913 5377 3031 5434 sive
3095 5396 3132 5435 a
3197 5379 3441 5446 dextris,
3502 5378 3634 5450 ejus

1982 5467 2157 5524 fuerit
2201 5467 2446 5524 arbitrio
2501 5472 2903 5537 segregatum.
2957 5471 3075 5524 Hoc
3116 5471 3209 5524 est
3254 5467 3413 5525 enim
3477 5466 3636 5539 judi-

2051 5581 2068 5601 ε
2101 5574 2179 5628 Id.
2209 5573 2376 5644 ibid.,
2410 5590 2542 5646 cap.
2576 5578 2626 5629 3.

3274 5735 3342 5785 32
