4098 6176
512 159 645 216 1003

1534 158 1587 211 s.
1632 122 2005 214 recasura
2043 155 2418 213 ramassxs
2457 139 2761 219 EPISCOPI

3802 160 3923 219 I004

506 284 754 339 ciavera
770 282 983 343 facere,
1002 280 1475 353 uniuscujusque
1494 281 1723 347 merita,
1739 280 1867 335 sine
1881 279 2001 335 ulla
2020 294 2160 335 con-
2191 281 2240 335 Δ
2276 279 2442 335 sione
2465 281 2689 346 divina,
2714 282 2794 340 ain
2824 281 3091 353 praedam
3120 282 3347 337 cadunt
3391 285 3929 353 perniciosissima-

505 373 740 429 fusione
768 370 1124 424 discernere.
1153 370 1430 441 Sequitur
1453 372 1758 425 sentcntiae
1782 370 1963 440 hujus
1993 385 2166 441 aper-

504 464 563 516 ta
592 458 913 513 declaratio
949 475 961 524 ;
996 457 1135 512 dicit
1165 459 1323 513 enim
1356 460 1514 513 unde
1548 459 1927 528 cognoscitur
1966 460 2161 514 Domi-

498 564 648 603 num
673 563 815 603 vera
834 545 1064 617 judicia
1084 546 1275 603 facere
1303 563 1314 602 :
1342 548 1583 613 scilicet,
1605 547 1853 620 quando
1874 548 2159 603 nexuosis

499 637 784 709 operibus
814 636 935 691 suis
965 641 1245 707 peccator
1290 638 1658 709 astringitur,
1719 642 1774 694 et
1825 637 2160 694 secundum

499 730 747 783 actuum
793 724 1142 797 qualitatem
1167 726 1376 798 recipit
1404 726 1711 783 ultionem.
1746 731 1893 783 Nam
1948 742 2158 783 sensus

495 814 591 869 ille
622 814 870 869 omnino
926 813 1204 869 vitandus
1234 818 1339 882 est,
1397 817 1501 887 qui
1553 820 1723 887 putat
1770 820 2150 887 peccatorem

497 904 628 960 sola
650 903 1003 959 delictorum
1028 920 1275 960 suorum
1305 905 1717 960 recordatione
1761 905 2152 961 cruciandum

506 995 656 1049 Nam
694 991 741 1046 si
773 992 888 1047 hoc
945 996 1179 1047 tantum
1237 992 1548 1051 sufﬁceret.
1602 1009 1788 1064 quare
1812 993 2105 1049 diceretur
2137 1000 2149 1037 τ

491 1081 582 1136 Ite
608 1082 669 1135 in
700 1081 851 1150 igem
885 1086 1168 1136 nterii-um
1222 1082 1323 1153 qui
1366 1088 1618 1150 paratus
1668 1088 1748 1137 est
1803 1082 2041 1137 diabolo
2096 1090 2150 1138 et

493 1171 722 1238 angelis
756 1173 882 1238 ejus
928 1171 1124 1240 (Matt.
1177 1187 1295 1225 xxv
1316 1171 1344 1225 ?
1373 1170 1596 1225 Etillud
1624 1190 1635 1225 :
1696 1172 1917 1226 Vermis
1949 1187 2149 1228 eorum

492 1275 609 1313 non
634 1260 1001 1327 morietm',et
1028 1261 1178 1327 ignis
1204 1275 1403 1315 eorum
1435 1276 1551 1315 non
1580 1260 2148 1330 exstinguelurUsa.

504 1347 680 1418 LXVI).
715 1350 841 1403 Non
869 1348 1029 1403 enim
1054 1349 1149 1403 hic
1178 1348 1312 1404 loca
1336 1354 1771 1405 tormentorum
1818 1356 1995 1419 negat
2021 1365 2154 1421 pec-

495 1437 811 1495 catoribus
840 1438 991 1504 dari,
1011 1438 1114 1493 sed
1141 1454 1246 1509 per
1274 1439 1590 1509 qualitates
1618 1454 1870 1503 operum
1901 1452 2147 1495 suorum

490 1541 603 1581 nos
623 1525 764 1580 dicit
795 1541 925 1580 esse
950 1526 1336 1596 torquendos.
1376 1526 1714 1583 Sentiamus
1744 1527 1923 1593 igitur
1946 1527 2148 1583 locum

2271 384 2406 423 rum
2430 370 2777 425 bestiarum.
2804 370 3313 425 Perscrutandum
3337 375 3425 426 est
3446 373 3625 428 etiam
3648 374 3823 445 quod
3851 374 3929 431 di-

2272 459 2368 527 cit,
2394 460 2791 515 iminissiones
2830 460 3017 515 factas
3069 476 3173 530 per
3222 466 3470 529 angelos
3500 462 3722 530 malos,
3756 468 3925 536 quasi

2268 549 2325 602 et
2357 564 2462 619 per
2517 548 2763 619 angelos
2804 549 2997 605 bonos
3028 565 3151 604 non
3181 549 3403 605 delibet
3433 556 3808 623 peccatores.
3829 556 3927 609 Per

2265 635 2461 691 bonos
2511 637 2671 692 enim
2711 638 2956 707 angelos
3017 638 3344 695 Sodomam
3408 639 3707 696 subvertit
3740 646 3799 697 et
3829 645 3925 699 Go-

2265 725 2593 791 morrham,
2638 738 2791 799 quos
2846 718 3145 783 Abraham
3196 726 3253 782 et
3309 726 3415 783 Lot
3468 728 3782 801 suscipere
3812 732 3924 787 suis

2263 811 2536 885 hospitiis
2587 819 2953 871 meruerunt.
3026 817 3306 871 Teutalus
3374 820 3463 872 est
3497 816 3682 873 etiam
3745 824 3922 876 trans-

2264 914 2505 968 gressor
2536 917 2640 973 per
2660 902 2942 969 angelum
2970 902 3219 969 malum,
3246 903 3399 959 sicut
3428 903 3491 959 in
3541 907 3781 975 Regum
3825 924 3917 964 voc

2260 986 2483 1044 lumine
2503 990 2641 1045 dicit
2674 991 2789 1045 :Et
2834 992 3106 1047 introivit
3155 994 3405 1061 spiritus
3466 994 3579 1049 Dei
3613 996 3816 1052 malus
3863 1000 3917 1053 in

2260 1077 2411 1132 Saul
2433 1078 2487 1149 (Ι
2512 1080 2651 1149 Reg.
2684 1086 2871 1138 xvm).
2896 1079 3045 1133 Justi
3067 1096 3313 1152 quoque
3347 1082 3551 1137 tentati
3578 1088 3774 1141 sunta

2258 1166 2419 1233 bolo,
2452 1172 2519 1223 ut
2544 1168 2679 1237 Joh,
2709 1173 2766 1223 et
2787 1168 3006 1224 Paulus
3037 1169 3371 1240 apostolus,
3390 1176 3446 1225 et
3477 1175 3692 1229 czetera
3719 1174 3917 1245 hujus-

2260 1256 2444 1313 modi.
2471 1262 2713 1313 Constat
2740 1260 2900 1313 enim
2926 1262 3143 1315 cuncta
3168 1275 3307 1331 quae
3330 1266 3533 1317 creata
3561 1268 3719 1332 sunt,
3746 1264 3911 1321 Crea-

2259 1346 2400 1402 toris
2429 1351 2533 1401 aut
2562 1346 2941 1418 permissioni
2968 1353 3072 1403 aut
3100 1348 3356 1419 imperio
3387 1349 3719 1421 subjacere.

2331 1434 2667 1491 Cassiodori
2698 1435 2755 1490 in
2790 1435 3030 1491 Psalmo
3062 1453 3235 1492 LXXXI
3272 1454 3283 1490 :
3313 1441 3569 1495 Tantum
3599 1446 3706 1511 est,
3734 1457 3810 1498 ne
3829 1458 3908 1497 re-

2258 1522 2550 1591 fugientes
2627 1524 2933 1593 malagma
2987 1525 3382 1595 salutiterum,
3461 1528 3699 1585 exitium
3741 1530 3903 1587 vobis

492 1618 884 1686 peccatorum
917 1613 1180 1685 sppliciis
1211 1630 1343 1669 esse
1368 1619 1806 1687 prmparatum;
1850 1616 2144 1684 intelliga-
2178 1632 2218 1689 Β
2257 1613 2605 1684 praeparatis
2636 1618 2947 1670 internum.

489 1718 627 1765 mus
674 1702 1027 1758 intrinsecus
1066 1703 1302 1775 poenale
1344 1703 1593 1770 malum,
1626 1704 1789 1775 quod
1840 1704 2143 1761 sceleratis

489 1790 747 1862 legimus
776 1792 1108 1848 imminere.
1160 1796 1307 1849 Nam
1340 1798 1404 1848 ut
1452 1808 1656 1848 revera
1702 1808 2145 1861 cognoscamus

486 1881 917 1938 beatitudinem
949 1899 984 1937 a
1014 1882 1528 1953 damnationibus,
1555 1883 1919 1955 quibusdam
1953 1886 2146 1939 termi-

487 1971 581 2027 nis
609 1970 886 2039 divisam,
919 1970 1304 2026 recordemur
1322 1970 1563 2025 divitem
1596 1970 1802 2027 oculos
1834 1971 2143 2027 sublevass-

489 2078 571 2117 se.
607 2076 1059 2134 pauperemque
1092 2063 1378 2116 Lazarum
1410 2061 1469 2116 in
1504 2062 1641 2121 sinu
1671 2061 1927 2117 Abrahae
1964 2061 2143 2119 fuisse

487 2153 896 2222 conspectum,
930 2165 993 2205 se
1025 2142 1228 2207 autem
1251 2149 1515 2206 ﬂammis
1549 2150 1856 2206 ultricibus
1895 2151 2140 2222 deputa-

485 2241 617 2296 tum
647 2239 810 2305 (Luc,
843 2240 983 2309 xv1).
1044 2239 1208 2295 Unde
1234 2239 1385 2295 ordo
1430 2239 1537 2294 iste
1578 2239 1835 2295 veritatis
1888 2239 2139 2295 nullate‘

484 2342 602 2385 nus
674 2326 983 2395 diceretur,
1066 2329 1115 2384 si
1196 2333 1540 2401 peccatores
1596 2327 1899 2384 malorum
1940 2344 2139 2384 recor-

482 2415 646 2473 datio
693 2416 823 2471 sola
904 2420 1223 2489 torqueret.
1298 2420 1432 2473 Haac
1507 2422 1649 2473 sunt
1696 2417 1929 2473 occulta
2008 2417 2135 2485 ﬁlii,

488 2518 627 2579 qum
654 2504 858 2561 titulus
910 2507 1203 2578 praedixit.
1934 2495 1943 2502 ’

489 2645 499 2653 .
558 2594 895 2652 Cassiodori
933 2595 995 2651 in
1032 2596 1277 2667 psalmo
1306 2612 1359 2652 Li
1392 2614 1405 2651 :
1449 2596 1705 2651 Destruit
1736 2596 1887 2652 Deus
1916 2596 1978 2652 in
2025 2597 2140 2652 hac

484 2682 609 2739 vita
654 2684 1078 2756 prosperrime,
1128 2700 1286 2757 quos
1334 2684 1548 2740 iterum
1590 2684 1884 2742 aediﬁcare
1932 2684 2139 2741 decre-

482 2772 651 2830 verit.
681 2776 745 2830 ln
772 2774 892 2830 ﬁne
923 2777 1126 2829 autem
1153 2774 1257 2848 qui
1282 2774 1625 2840 destruitur,
1654 2774 1890 2830 aeternis
1918 2773 2140 2848 suppli-

483 2863 589 2920 ciis
610 2864 951 2937 deputatur.

2326 1702 2665 1758 Cassiodori
2684 1702 2746 1758 in
2774 1703 3047 1775 psalmos
3078 1720 3270 1760 Lxxxu
3297 1723 3310 1760 :
3346 1710 3365 1734 ⁸
3388 1706 3469 1761 Et
3495 1713 3889 1773 revereantw',

2253 1795 2307 1845 et
2333 1797 2603 1859 pereant.
2660 1794 2769 1847 Iste
2801 1808 3016 1848 sensus
3072 1798 3161 1848 est
3205 1809 3389 1865 quem
3421 1797 3679 1867 superius
3718 1795 3878 1863 dixit,

2250 1879 2392 1950 quia
2418 1878 2499 1934 ibi
2545 1880 2872 1935 reverendo
2929 1896 3050 1937 non
3108 1882 3439 1953 proﬁciunt,
3490 1884 3588 1939 sed
3619 1887 3884 1955 pereunt,

2249 1967 2357 2038 qui
2373 1967 2449 2022 ad
2480 1970 2771 2023 aeternum
2794 1969 3157 2040 supplicium
3176 1971 3561 2027 destinantur.

2319 2055 2660 2111 Cassiodori
2728 2057 2787 2112 in
2862 2058 3100 2130 psalmo
3156 2076 3411 2115 Lxxxvui
3443 2077 3457 2115 :
3487 2060 3514 2099 ι’
3541 2062 3894 2132 Frequenter

2249 2145 2541 2200 smundat
2559 2145 2841 2201 Divinitas
2864 2162 3017 2218 quos
3047 2146 3332 2217 ﬂagellat.
3370 2155 3433 2204 ut
3469 2155 3788 2221 purgatum
3811 2166 3891 2206 re-

2248 2233 2445 2305 cipiat,
2473 2249 2658 2306 quem
2699 2236 2959 2306 peccatis
2988 2236 3303 2293 sordidum
3348 2238 3705 2311 respuebat;
3739 2255 3887 2311 quos

2247 2338 2388 2379 vero
2412 2323 2490 2379 ad
2522 2324 2947 2381 emundatione
2969 2326 3261 2397 dissolvit,
3287 2327 3351 2383 id
3366 2333 3461 2385 est
3489 2329 3760 2395 removit,
3789 2331 3892 2386 hos

2240 2410 2370 2482 jam
2401 2416 2457 2467 et
2479 2411 2771 2468 damnare
2802 2412 3083 2469 decrevit.
3568 2484 3573 2487 _

2318 2501 2653 2558 Cassiodori
2697 2502 2761 2558 in
2808 2503 3043 2575 psalmo
3072 2521 3213 2560 xcn:
3283 2506 3520 2564 Parata
3569 2508 3736 2564 sedes
3763 2514 3871 2574 tua,

2245 2592 2420 2647 Deus.
2473 2591 2689 2647 Parata
2748 2592 3043 2662 signiﬁcat
3090 2595 3718 2668 praedestinationem;
3752 2597 3882 2671 quia

2247 2684 2438 2737 totum
2462 2680 2526 2734 in
2560 2680 2660 2735 illa
2685 2681 2927 2737 veritate
2957 2682 3249 2752 consistit,
3295 2684 3598 2757 quidquid
3624 2687 3693 2743 in
3719 2686 3896 2742 admi-

2246 2767 2595 2823 nistratione
2625 2768 2840 2824 mundi
2877 2771 3112 2826 evenire
3141 2772 3471 2843 contigerit.

2317 2856 2657 2913 Cassiodori
2678 2858 2739 2913 in
2770 2860 3143 2931 expositione
3164 2861 3382 2933 psalmi
3414 2879 3505 2919 CIII
3530 2880 3545 2919 :
3576 2864 3643 2919 ln
3668 2865 3786 2922 hac
3800 2865 3892 2922 ita-

550 2953 887 3010 Cassiodori
911 2953 973 3009 in
1003 2952 1240 3025 psalmo
1270 2968 1399 3009 uv:
1427 2957 1541 3009 Hos
1564 2954 1709 3008 tales
1738 2954 1983 3025 implere
2012 2969 2133 3010 non
2164 2980 2204 3037 ρ
2246 2961 2360 3017 tiae
2384 2951 2556 3037 nocte
2589 2946 2792 3003 bestiae
2844 2948 3153 3017 Silvarum,
3183 2950 3245 3006 id
3296 2956 3406 3022 est,
3450 2952 3782 3024 daamonia,
3839 2959 3891 3011 et

478 3043 609 3114 [al..
642 3056 763 3099 non
784 3042 1051 3116 implere]
1082 3043 1225 3098 dicit
1247 3043 1376 3099 dies
1408 3060 1549 3098 suos
1578 3043 1825 3115 quando
1857 3059 1996 3099 cum
2019 3044 2133 3099 sibi

475 3130 725 3202 longam
755 3132 942 3189 vitam
970 3133 1346 3206 promittunt,
1370 3134 1594 3190 exitum
1625 3133 1945 3188 celerrimae
1978 3144 2134 3189 mor~

477 3222 550 3278 tis
578 3223 907 3280 inveniunt.
941 3227 1090 3279 Nam
1134 3223 1409 3279 omnium
1467 3224 1593 3278 dies
1644 3224 1703 3278 in
1745 3224 2134 3296 praedestina-

475 3310 635 3367 tione
664 3316 997 3368 noscuntur
1024 3328 1155 3367 esse
1175 3312 1423 3368 deﬁniti.

547 3399 888 3455 Cassiodori
908 3400 967 3453 in
994 3399 1231 3469 psalmo
1279 3417 1421 3456 va:
1486 3402 1831 3469 Imposuisti
1869 3401 2132 3457 homines

474 3500 657 3555 super
682 3488 885 3555 capita
916 3495 1143 3542 nostra.
1170 3489 1510 3558 lmposuisti
1534 3488 1695 3557 dicit,
1724 3496 1788 3543 ut
1814 3491 2020 3546 omnia
2047 3492 2132 3562 ip-

477 3573 601 3628 sius
658 3572 959 3629 voluntate
1014 3573 1170 3629 facta
1228 3590 1360 3629 esse
1418 3580 1752 3643 constaret;
1788 3578 1939 3633 sicut
1992 3578 2135 3635 dicit

475 3661 764 3717 Dominus
786 3661 967 3717 Pilato
1000 3680 1011 3717 :
1040 3662 1177 3719 Non
1204 3663 1448 3719 haberes
1518 3670 1861 3733 potestatem
1909 3667 1971 3722 in
2018 3682 2129 3737 me,

474 3752 595 3807 nisi
622 3752 730 3807 tibi
756 3752 903 3808 data
931 3751 1139 3822 fuisse!
1162 3753 1415 3822 desuper
1443 3754 1641 3824 (Joan.
1676 3757 1818 3825 nx),

546 3839 885 3897 Cassiodori
920 3840 987 3895 in
1010 3841 1379 3913 expositione
1410 3842 1629 3915 psalmi
1657 3856 1890 3898 Lxxxvn
1920 3859 1933 3897 :
1966 3844 2129 3901 Misit

472 3931 538 3987 in
569 3928 662 3988 eas
682 3933 838 3987 iram
868 3931 1302 4002 indignationis
1345 3948 1500 3989 suae:
1556 3935 2049 4004 indignationem,
2074 3942 2130 3992 et

470 4023 649 4088 iram,
681 4024 736 4076 et
767 4020 1234 4089 tribulationem,
1260 4027 1312 4076 et
1336 4023 1718 4078 immissiones
1740 4038 1861 4092 per
1884 4027 2129 4095 angelos

472 4110 684 4165 malos.
704 4108 863 4164 Ordo
880 4109 1201 4165 vindinctas
1228 4110 1537 4166 verissima
1562 4111 1958 4184 descriptione
1987 4128 2127 4168 nar-

471 4202 658 4253 ratur.
687 4196 852 4251 Prius
872 4198 1032 4253 enim
1066 4198 1352 4254 Dominus
1378 4199 1639 4270 peccatis
1668 4200 1886 4255 nostris
1926 4201 2126 4256 irasci-

378 4289 393 4298 ‘
468 4290 584 4353 tur,
615 4285 863 4358 quando
880 4286 1043 4342 nulla
1072 4288 1535 4359 compunctione
1568 4288 1989 4345 convertimur.
2045 4294 2124 4345 Ac

471 4374 689 4432 deinde
732 4376 1023 4431 malitiam
1054 4376 1316 4432 hominis
1344 4376 1406 4431 in
1437 4391 1548 4432 sua
1594 4376 2026 4447 indignatione,
2068 4384 2126 4436 et

465 4462 574 4531 ira,
606 4468 665 4520 et
688 4464 1070 4521 tribulatione
1098 4463 1477 4535 derelinquit,
1507 4467 1570 4519 ut
1584 4464 1841 4537 propriis
1864 4465 2125 4522 adversi-

464 4552 685 4609 tatibus
710 4552 1073 4627 afﬂigantur,
1106 4551 1211 4624 qui
1238 4551 1456 4608 divinis
1479 4552 1859 4623 jussionibus
1881 4554 2125 4612 obedire

464 4647 881 4699 contemnunt.
907 4642 1068 4699 Sicut
1098 4641 1383 4714 scriptum
1415 4645 1539 4697 est:
1578 4644 1904 4712 Propterea
1932 4644 2123 4701 tradi-

464 4731 553 4786 dit
582 4734 720 4789 illos
772 4736 928 4789 Deus
986 4734 1049 4789 in
1090 4732 1388 4788 desideria
1437 4733 1632 4788 cordis
1664 4748 1886 4804 eorum,
1919 4734 1981 4789 in
2018 4736 2122 4790 im-

463 4824 845 4888 munditiam,
899 4830 961 4876 πε
991 4823 1231 4891 faciant
1273 4836 1406 4893 quae
1436 4837 1554 4878 non
1588 4825 1968 4894 conveniunt,
2008 4828 2117 4880 etc.

463 4907 654 4976 (Rom.
685 4925 721 4975 ι,
754 4911 824 4978 1).
882 4910 1155 4966 Scelerati
1198 4912 1424 4983 quippe
1480 4912 1739 4967 hominis
1788 4913 2119 4981 indignatio

461 4994 716 5067 pertinet
744 4996 821 5052 ad
859 4998 1154 5053 tumidam
1183 5000 1552 5071 superbiam,
1576 5000 1663 5056 ira
1694 5001 1773 5056 ad
1799 5003 2119 5060 audaciam

459 5081 808 5157 nefandam,
871 5085 1180 5142 tribulatio
1238 5088 1316 5144 ad
1375 5087 1694 5145 confusam
1750 5088 2116 5163 desperatio-

457 5184 622 5229 nem.
670 5172 839 5229 Tunc
914 5188 1021 5246 per
1076 5173 1321 5243 angelos
1388 5176 1580 5232 malos
1640 5177 1718 5234 ad
1784 5178 2112 5237 immissio-

458 5275 569 5317 nes
598 5262 1044 5335 praecipitantur
1074 5262 1324 5331 illicitas,
1358 5269 1414 5321 et
1443 5266 1620 5335 quasi
1674 5266 1882 5324 nudati
1908 5267 2108 5325 defen-

528 5485 555 5511 ⁸
585 5475 733 5549 (litat
762 5476 993 5532 Hincm.
1019 5492 1153 5549 cap,
1191 5474 1274 5531 l6.

530 5549 557 5588 δ
590 5548 846 5619 Hinrm.,
871 5549 1014 5604 ibid.

528 5626 545 5649 ε
575 5619 698 5677 Hoc
716 5620 850 5678 loco
880 5620 1078 5678 deﬁcit
1106 5620 1552 5694 apographum,
1577 5636 1771 5697 neque
1794 5624 1973 5697 hujus
1988 5626 2100 5684 loci

2246 3035 2423 3092 catuli
2482 3035 2752 3106 leonum,
2808 3052 2965 3109 quos
3010 3038 3236 3096 diaboli
3275 3047 3560 3113 corrupta
3596 3042 3893 3100 voluntate

2245 3128 2596 3195 genuerunt,
2643 3124 2722 3181 ad
2765 3126 3216 3184 devorationem
3246 3134 3587 3202 quaerentes
3639 3131 3889 3204 aliquos,

2243 3214 2514 3270 exierunt
2565 3218 2629 3268 ut
2676 3229 2879 3271 escam
2950 3216 3213 3285 malitiae,
3266 3219 3643 3291 permittente
3692 3225 3891 3276 tamen

2243 3303 2515 3373 Domino,
2564 3305 2905 3376 reperirent.
2954 3306 3103 3362 Nihil
3149 3308 3308 3364 enim
3342 3325 3380 3366 a
3407 3326 3723 3383 quoquam
3772 3308 3895 3366 ﬁeri

2241 3399 2453 3466 potest,
2500 3394 2614 3449 nisi
2665 3394 2832 3467 quod
2876 3396 3005 3468 ipse
3057 3404 3285 3454 secreto
3328 3398 3580 3470 judicio,
3642 3405 3748 3457 aut
3822 3399 3896 3456 ad

2240 3483 2680 3555 probationem,
2730 3488 2833 3541 aut
2879 3486 2957 3541 ad
2986 3486 3308 3544 vindictam
3363 3487 3716 3545 faciendum
3767 3506 3895 3547 esse

2238 3572 2591 3642 permiserit.

2309 3661 2651 3717 Cassiodori
2680 3661 2741 3718 in
2789 3665 3114 3736 exposione
3161 3665 3383 3738 psalmi
3418 3682 3547 3726 Civ:
3582 3669 3895 3728 Convertit

2237 3764 2340 3805 cor
2359 3764 2582 3821 eorum,
2612 3757 2679 3806 ut
2704 3753 2937 3810 adirent
2964 3756 3254 3823 populum
3292 3758 3438 3826 ejus,
3470 3764 3523 3812 et
3569 3759 3785 3816 dolum
3811 3762 3898 3829 fa-

2236 3845 2435 3895 cerent
2463 3840 2525 3894 in
2555 3854 2755 3898 servos
2772 3846 2920 3912 ejus.
2970 3844 3134 3899 Venit
3164 3845 3240 3901 ad
3296 3850 3578 3917 quartam
3627 3854 3891 3921 partem,

2234 3928 2340 3983 ubi
2360 3929 2673 4002 1Egyptios
2695 3938 2989 3988 memorat
3006 3933 3270 3989 Hebrteis
3298 3935 3587 3992 invidiam
3607 3937 3899 3994 habuisse

2236 4017 2652 4086 saevissimam,
2693 4024 2871 4093 atque
2916 4038 3018 4078 eos
3067 4023 3354 4095 operibus
3409 4024 3731 4097 subjecisse
3777 4027 3893 4083 du-

2234 4105 2504 4162 rissimis.
2569 4109 2912 4169 Prtestando
2968 4111 3129 4167 enim
3178 4111 3373 4169 felicia
3430 4114 3658 4187 populo
3706 4119 3896 4173 Israe-

2234 4193 2413 4257 litico.
2498 4199 2788 4253 convertit
2851 4199 3141 4256 Dominus
3214 4200 3295 4257 ad
3361 4201 3591 4269 odium,
3675 4208 3733 4259 et
3812 4206 3891 4262 ad

2235 4282 2406 4339 dolos
2483 4300 2586 4340 cor
2645 4286 3094 4358 Aﬁgyptiorum;
3154 4305 3279 4345 non
3344 4289 3491 4363 quia
3546 4290 3676 4364 ipse
3749 4295 3897 4352 mali

2235 4377 2444 4429 auctor
2522 4378 2633 4445 est,
2739 4375 2845 4431 sed
2912 4378 3257 4448 praestando
3346 4379 3476 4437 aliis
3590 4382 3896 4441 beneﬁcia

2233 4467 2463 4518 mentes
2513 4463 2786 4521 excitavit
2860 4466 3157 4539 obliquas.
3238 4472 3488 4527 Necesse
3541 4475 3633 4528 est
3694 4473 3885 4545 enim,

2231 4556 2296 4607 ut
2322 4550 2589 4609 scelerati
2642 4552 2919 4610 homines
2966 4556 3178 4613 alienis
3235 4560 3544 4632 prosperis
3620 4562 3884 4620 intume-

2229 4646 2417 4709 scant,
2454 4642 2560 4714 qui
2604 4659 2667 4698 se
2697 4649 2921 4702 norunt
2971 4647 3183 4703 mereri
3241 4664 3366 4705 non
3406 4666 3587 4723 posse
3644 4652 3889 4711 similia.

2230 4734 2386 4789 Sicut
2412 4734 2476 4789 in
2505 4733 2807 4791 sacrificiis
2838 4736 2980 4793 Cain
3006 4742 3064 4794 et
3091 4738 3235 4795 Abel
3258 4738 3480 4797 factum
3530 4747 3644 4811 est,
3696 4761 3891 4817 quan-

2226 4823 2305 4878 do
2334 4823 2514 4880 uuius
2545 4825 2907 4881 sacriﬁcium
2938 4828 3186 4899 respuit,
3216 4828 3455 4885 alterius
3497 4831 3755 4890 libenter
3797 4850 3891 4891 ac-

2225 4913 2381 4984 cepit
2406 4913 2571 4984 (Gen.
2604 4914 2701 4982 iv).

2296 5004 2809 5077 Bedsspresbytcri
2828 5006 2888 5062 in
2908 5006 3059 5064 libro
3082 5008 3566 5067 Hexaemeronin
3590 5014 3883 5071 Genesin:

2220 5093 2302 5149 Et
2331 5109 2460 5149 ecce
2496 5096 2789 5151 miserunt
2816 5112 3061 5154 manum
3088 5102 3226 5171 viri,
3283 5106 3340 5158 et
3381 5103 3883 5174 introduxerunt,

2221 5185 2328 5238 etc.
2362 5182 2508 5251 (Gen
2536 5184 2677 5254 XIX).
2730 5185 2819 5242 Ad
2850 5188 3283 5260 sempiternum
3336 5200 3764 5265 prosperantur
3796 5196 3859 5253 in

2222 5271 2523 5344 eendium,
2557 5288 2679 5330 non
2699 5273 3188 5335 inconvenienter
3208 5279 3510 5339 insinuare
3527 5289 3567 5339 ο.

2216 5488 2506 5567 expositio
2534 5482 2826 5567 reperitur
2837 5490 2892 5546 in
2920 5492 3106 5551 Beda:
3133 5494 3341 5566 paucis
3362 5492 3538 5567 igitur
3566 5498 3772 5555 verbis
3795 5498 3870 5557 ad

2216 5557 2549 5617 clausulam
2570 5557 2950 5634 facientibus,
2982 5557 3257 5638 cogimur
3275 5557 3417 5624 esse;
3430 5572 3711 5627 contenti.
