4112 6184
174 135 314 192 1005

788 262 1021 318 CAPUT
1069 262 1216 319 XIII.

316 349 401 403 De
428 352 628 417 gratia
655 355 709 404 et
743 351 926 406 libero
956 352 1228 417 arbitrio,
1278 370 1353 409 ac
1385 356 1658 411 diversis.

242 437 604 495 Venerabilis
626 440 950 496 Innocentii
972 457 1147 513 papae
1169 442 1243 498 de
1264 443 1449 500 libero
1476 443 1719 501 arbitrio
1744 445 1824 500 is-

165 530 231 583 ta
260 532 401 584 sunt
422 527 605 585 verba
625 528 701 585 ad
732 530 1202 601 Carthaginense
1231 534 1552 591 concilium
1583 534 1815 605 (Innoc.

166 614 324 688 epist
344 616 527 687 xxxx).
555 623 574 644 '
607 616 883 675 Liberum
906 620 1087 688 enim,
1104 620 1321 695 inquit,
1338 621 1654 681 arbitrium
1679 621 1824 679 olim

165 702 266 760 ille
292 719 638 778 perpessus,
666 706 815 763 dum
847 707 971 763 suis
995 709 1390 766 inconsultius
1414 711 1594 767 utitur
1622 710 1822 778 bonis,

168 794 397 851 cadens
425 795 488 852 in
519 796 1021 870 praevaricationis
1049 798 1353 869 profunda
1399 800 1734 867 demersus,
1766 803 1825 855 et

166 882 318 939 nihil
346 884 868 956 quemadmodum
899 887 1114 943 exinde
1145 902 1388 960 surgere
1421 894 1621 962 posset
1648 891 1816 944 inve-

166 972 277 1042 nit,
304 988 532 1045 suaque
560 975 624 1030 in
660 980 950 1032 aeternum
982 976 1250 1034 libertate
1289 978 1597 1051 deceptus,
1642 979 1825 1051 hujus

167 1062 362 1118 ruinae
389 1062 673 1133 jacuisset
703 1066 1178 1137 oppressus,nisi
1203 1083 1342 1123 eum
1374 1074 1584 1140 postea
1616 1067 1825 1124 Christi

166 1167 278 1224 per
328 1167 505 1209 suam
549 1153 804 1223 gratiam
853 1154 960 1226 [αι.
1009 1171 1308 1229 oppressa
1344 1157 1457 1213 nisi
1504 1173 1644 1214 eum
1687 1162 1829 1229 post

168 1240 383 1296 Christi
413 1256 523 1312 pro
551 1257 662 1299 sua
706 1244 916 1314 gratia]
966 1243 1292 1302 relevasset
1343 1243 1661 1316 adventus,
1721 1246 1825 1318 qui

166 1344 279 1404 per
290 1344 461 1386 novae
474 1332 939 1400 regenerationis
958 1332 1827 1407 puriﬁcationem,prseteritum

161 1434 350 1475 omne
376 1419 584 1476 vitium
613 1419 705 1475 sui
726 1421 1110 1492 baptismatis
1141 1422 1379 1480 lavacro
1413 1424 1712 1496 purgavit.

241 1510 326 1563 Ex
354 1508 605 1581 epistola
637 1508 913 1566 Afrorum
934 1511 1357 1584 episcoporum
1378 1513 1457 1569 ad
1477 1529 1704 1585 papam
1727 1517 1826 1570 Zo-

1124 123 1129 129 ’
1174 146 1380 199 EPIST.
1425 147 1520 200 AD
1576 142 1988 202 HINCMARUM
2032 144 2115 197 ar
2168 142 2572 201 PARDULUM.

3440 145 3585 205 1006

1850 273 1895 327 Α
1938 281 2063 321 rem
2086 264 2271 321 donat
2298 266 2633 323 indebitum
2660 267 2870 337 gratia,
2906 282 3029 323 non
3057 268 3251 324 meriti
3281 285 3585 344 praeroga-

1937 355 2069 419 tiva,
2106 370 2224 409 non
2247 356 2352 410 fati
2390 355 2759 417 necessitate,
2794 371 2917 411 non
2951 356 3275 413 temeritate
3305 357 3584 431 fortunae,

1933 444 2036 499 sed
2063 443 2370 500 altitudine
2395 443 2735 501 divitiarum
2767 444 3071 518 sapientiae
3092 448 3149 502 et
3178 445 3436 502 scientias
3462 447 3584 525 Dei,

1932 547 2119 604 quam
2146 549 2269 589 non
2291 534 2499 606 aperit,
2532 534 2637 590 sed
2665 533 2935 591 clausam
2962 534 3212 593 miratur
3235 535 3585 610 Apostolus,

1933 620 2232 678 clamans:
2270 623 2317 678 0
2337 623 2596 679 altitudo
2613 623 2968 680 divitiarum
2988 626 3303 695 sapientia?
3322 630 3378 685 et
3398 625 3587 682 scien-

1935 711 2033 767 tia:
2064 712 2191 779 Dei,
2214 727 2392 782 quam
2414 712 2835 770 inscrutabilia
2850 718 2992 769 sunt
3011 713 3254 783 Judicia
3263 715 3392 783 ejus
3410 719 3468 771 et
3497 713 3586 769 in-

1934 801 2304 871 vestigabiles
2337 802 2445 858 vix
2468 804 2595 871 ejus
2622 806 2645 860 ,ν
2683 802 2822 869 Quis
2853 804 3013 858 enim
3042 806 3317 873 cognovit
3347 819 3586 861 sensum

1933 890 2190 953 Domini,
2223 894 2329 945 aut
2372 892 2500 960 quis
2545 892 2904 947 consilarius
2946 894 3074 961 ejus
3121 893 3265 962 fuit,
3311 899 3417 948 aut
3456 894 3587 963 quis

1928 979 2102 1048 prior
2131 977 2289 1034 dedit
2323 979 2437 1049 illi,
2469 984 2524 1035 ct
2547 980 2913 1035 retribuetur
2941 981 2995 1036 ei
3022 984 3051 1035 ?
3082 981 3370 1048 Quoniam
3402 996 3479 1038 ex
3502 982 3589 1053 ip-

1933 1082 2015 1134 so,
2036 1074 2090 1123 et
2109 1083 2223 1136 per
2250 1069 2463 1138 ipsum,
2499 1073 2551 1123 et
2583 1069 2646 1125 in
2686 1070 2811 1137 ipso
2840 1075 2979 1125 sunt
3008 1072 3228 1137 omnia,
3252 1068 3367 1141 ipsi
3386 1071 3588 1142 gloria

1935 1158 1998 1213 in
2014 1157 2236 1214 siccata
2256 1157 2635 1214 saeculorum.
2666 1158 2857 1214 Amen
2889 1159 3079 1227 (Rom.
3111 1174 3194 1215 ιι.

2007 1243 2319 1315 Augustini
2358 1248 2568 1300 contra
2591 1243 2898 1314 Pelagium
2928 1244 3083 1301 libro
3113 1245 3405 1317 I(Contra
3434 1247 3588 1305 dua:

1935 1333 2104 1400 epist.
2135 1333 2629 1405 Pelagianorum,
2657 1331 2697 1388 l.
2732 1348 2776 1402 ι,
2817 1348 2951 1406 cap.
2984 1333 3040 1405 2)
3070 1351 3083 1388 :
3115 1332 3344 1404 Dicunt,
3375 1333 3587 1408 inquit.

1935 1420 2018 1475 illi
2039 1421 2361 1490 Manichzei,
2377 1422 2601 1494 quibus
2623 1422 2810 1478 modo
2841 1438 2963 1478 non
2983 1424 3586 1494 communicavimus,

1938 1508 1997 1564 id
2029 1514 2133 1575 est,
2166 1509 2266 1565 toti
2294 1510 2393 1565 isti
2422 1527 2562 1566 cum
2600 1510 2823 1583 quibus
2854 1510 3261 1580 dissentimus,
3293 1512 3439 1585 quia
3476 1514 3589 1587 pri-

166 1598 396 1654 zimum
425 1615 438 1653 :
468 1598 935 1655 Manifestissime
972 1616 1183 1656 sensus
1229 1600 1455 1673 probus
1504 1602 1821 1667 invenitur,
1864 1619 1907 1670 Β
1939 1599 2018 1652 mi
2040 1597 2301 1653 hominis
2333 1603 2599 1671 peccato,
2617 1599 2677 1654 id
2700 1604 2793 1656 est
2816 1600 2976 1667 Adae,
3004 1600 3259 1657 liberum
3280 1601 3591 1659 arbitrium

168 1702 295 1742 non
340 1703 468 1742 esse
514 1686 767 1744 liberum
808 1688 1143 1757 arbitrium,
1177 1696 1309 1758 etc.,
1333 1695 1391 1746 et
1420 1690 1659 1764 operari
1708 1706 1819 1763 pro

171 1775 342 1833 bona
365 1775 670 1833 voluntate
700 1777 744 1831 ιτ.

238 1867 329 1921 Ex
353 1863 603 1939 epistola
627 1865 942 1935 Augustini
973 1866 1051 1922 ad
1072 1867 1299 1925 Sixtum
1324 1868 1747 1941 presbyterum
1778 1881 1821 1923 ο.

167 1953 349 2020 Quod
388 1955 547 2010 enim
578 1959 792 2028 putant
820 1955 1036 2011 auferri
1064 1955 1174 2012 sibi
1204 1956 1461 2012 liberum
1486 1957 1820 2026 arbitrium,

168 2043 220 2099 si
248 2059 361 2099 nec
398 2043 590 2116 ipsam
652 2043 878 2099 bonam
940 2043 1304 2100 voluntatem
1354 2046 1477 2101 sine
1526 2046 1827 2117 adjutorio

167 2134 272 2189 Dei
292 2133 604 2190 hominem
622 2132 845 2189 habere
866 2133 1291 2201 consenserint,
1322 2150 1446 2190 non
1469 2134 1822 2205 intelligunt,

169 2237 295 2278 non
328 2236 388 2275 se
412 2221 653 2277 firmare
684 2221 940 2277 liberum
969 2220 1277 2277 arbitrium
1313 2240 1327 2289 ;
1374 2222 1479 2279 sed
1524 2222 1827 2295 impellere

170 2314 235 2367 ut
256 2325 364 2383 per
381 2310 586 2366 inania
612 2309 855 2380 feratur,
884 2326 1008 2365 non
1036 2310 1095 2365 in
1137 2310 1410 2377 Domino,
1447 2316 1740 2385 tanquam
1765 2312 1827 2368 in

168 2406 344 2473 petra
374 2399 571 2455 stabili
604 2399 922 2455 collocetur
952 2416 963 2455 :
998 2400 1270 2455 Paratur
1297 2403 1453 2457 enim
1483 2402 1760 2457 voluntas
1791 2417 1830 2457 α

170 2490 426 2547 Domino
456 2490 654 2559 (Prov.
683 2492 985 2560 vnijuxta
1011 2490 1182 2544 LXX
1204 2504 1227 2559 ,'
1260 2490 1453 2560 Vulg.,
1479 2490 1717 2546 Hauriet
1736 2506 1826 2546 sa-

169 2578 358 2635 lutem
389 2594 426 2633 a
456 2578 752 2646 Domino).
806 2576 978 2644 Quod
1030 2582 1228 2633 autem
1276 2593 1674 2650 personarum
1726 2593 1828 2635 ac-

170 2670 477 2741 ceptorem
514 2670 699 2723 Deum
731 2682 792 2721 se
820 2666 1057 2722 credere
1089 2666 1452 2732 existimant,
1483 2667 1531 2723 si
1558 2668 1826 2733 credant,

168 2754 342 2829 quod
371 2754 496 2809 sine
528 2753 662 2809 ullis
692 2753 1171 2826 praecedentibus
1223 2755 1465 2824 meritis,
1497 2756 1671 2826 cujus
1704 2755 1831 2812 vult

168 2845 506 2913 miseretur,
540 2848 599 2900 et
634 2859 790 2916 quos
814 2843 1117 2914 dignatur,
1154 2851 1343 2913 vocat,
1376 2849 1433 2901 et
1470 2860 1653 2918 quem
1688 2844 1827 2909 vult,

167 2933 523 3002 religiosum
568 2931 727 3001 facit,
787 2948 1003 3005 parum
1051 2933 1383 2997 attendunt,
1430 2933 1595 3005 quod
1624 2932 1832 2989 debita

166 3022 460 3079 reddatur
490 3036 672 3093 pcena
696 3020 1006 3094 damnato,
1037 3022 1303 3077 indebita
1332 3022 1524 3092 gratia
1554 3021 1826 3088 liberato;

174 3113 246 3168 Ut
271 3126 386 3167 nec
409 3109 505 3167 ille
536 3127 598 3166 se
638 3109 957 3180 indignum
991 3115 1295 3182 queratur,
1341 3126 1450 3166 nec
1479 3109 1732 3179 dignum
1765 3126 1829 3165 se

170 3202 288 3257 iste
332 3200 611 3270 glorietur
645 3220 658 3268 ;
710 3204 890 3272 atque
923 3200 999 3255 ibi
1028 3200 1227 3272 potius
1257 3199 1666 3270 acceptionem
1694 3199 1828 3255 nul-

173 3289 307 3344 lam
337 3288 461 3343 ﬁeri
510 3304 926 3361 personarum,
963 3288 1066 3344 ubi
1104 3305 1224 3344 una
1257 3288 1593 3360 eademque
1624 3303 1829 3343 massa

182 3376 591 3432 damnationis
617 3383 672 3434 et
704 3378 901 3449 potius
932 3376 1280 3433 offensionis
1312 3375 1569 3443 involvit,
1602 3382 1662 3431 ut
1681 3376 1829 3433 libe-

177 3470 351 3522 ratus
378 3465 452 3522 de
475 3482 593 3522 non
613 3467 863 3524 liberato
893 3466 1101 3534 discat,
1133 3466 1301 3538 quod
1328 3468 1508 3522 etiam
1542 3466 1655 3523 sibi
1695 3482 1834 3539 sup-

173 3554 431 3629 plicium
458 3558 815 3624 conveniret,
849 3556 966 3612 nisi
1007 3556 1199 3625 gratia
1230 3556 1591 3612 subveniret.
1639 3557 1694 3614 Si
1725 3573 1832 3612 au-

173 3649 301 3701 tem
334 3644 544 3715 gratia,
578 3647 782 3717 utique
813 3645 990 3701 nullis
1019 3644 1244 3700 meritis
1276 3644 1531 3705 reddita.
1562 3645 1667 3700 sed
1696 3661 1832 3715 gra-

174 3733 329 3789 tuita
354 3733 619 3790 bonitate
648 3733 893 3789 donata.
932 3733 1046 3789 Sed
1072 3733 1364 3803 injustum
1388 3738 1498 3796 est,
1528 3733 1831 3805 inquiunt,

171 3822 238 3877 in
266 3838 389 3877 una
411 3823 744 3895 eademque
777 3822 936 3879 mala
957 3838 1165 3890 causa,
1194 3822 1358 3878 hunc
1377 3821 1637 3890 liberari,
1667 3822 1836 3879 illum

172 3911 402 3983 puniri.
451 3914 674 3983 Nempe
704 3927 848 3982 ergo
876 3912 1105 3982 justum
1136 3916 1229 3967 est
1259 3916 1582 3982 utrumque
1614 3911 1831 3982 puniri.

174 3999 324 4067 Quis
359 4000 477 4057 hoc
508 4002 811 4070 negaverit
840 4001 867 4055 ‘l
914 4002 1183 4070 Agamus
1210 4014 1353 4068 ergo
1384 3999 1603 4068 gratias
1633 3999 1835 4056 Salva-

172 4089 309 4157 tori,
335 4088 484 4145 dum
517 4089 693 4145 nobis
728 4088 1032 4146 redditum
1060 4104 1183 4145 non
1216 4087 1537 4158 cernimus,
1582 4087 1749 4161 quod
1774 4088 1837 4144 in

171 4178 572 4234 damnatione
597 4178 881 4235 similium
911 4178 1090 4235 etiam
1128 4177 1303 4234 nobis
1350 4177 1622 4234 debitum
1651 4177 1837 4234 fuisse

171 4265 625 4337 cognoscimus.
676 4266 732 4322 Si
789 4266 950 4322 enim
1000 4265 1197 4322 omnis
1249 4266 1434 4322 homo
1463 4264 1834 4330 liberaretur,

1934 1686 2191 1759 perierit,
2222 1690 2280 1742 et
2308 1703 2487 1743 nemo
2502 1688 2632 1759 jam
2668 1694 3024 1761 potestatem
3060 1689 3284 1746 habeat
3309 1689 3465 1748 bene
3501 1690 3590 1747 νίν

1935 1775 2136 1840 vendi.
2169 1776 2273 1831 sed
2300 1792 2512 1833 omnes
2554 1775 2614 1833 in
2658 1782 2973 1850 peccatum
3004 1777 3201 1835 carnis
3230 1795 3354 1836 suae
3384 1794 3591 1837 neces-

1936 1864 2104 1921 sitate
2126 1872 2435 1935 cogantur.
2452 1865 2787 1922 Manicheos
2814 1865 3079 1939 appellat
3098 1867 3443 1938 catholicos,
3466 1884 3593 1925 moo

1934 1969 1997 2009 re
2029 1952 2183 2009 illius
2206 1953 2528 2019 Joviniani,
2560 1954 2663 2027 qui
2701 1958 2839 2011 ante
2867 1970 3098 2028 paucos
3135 1970 3331 2013 annos
3359 1956 3590 2013 haereti—

1936 2058 2044 2098 cus
2074 2058 2287 2107 novus,
2320 2042 2721 2111 virginitatem
2754 2047 2983 2099 sanctas
3010 2044 3201 2100 Maria:
3222 2043 3590 2117 destruebat,

1937 2135 1993 2187 et
2019 2131 2343 2202 virginitati
2383 2147 2567 2187 sacras
2598 2131 2843 2205 nuptias
2890 2131 3161 2188 ﬁdelium
3210 2132 3589 2205 coequabat.

1939 2222 2052 2275 Nec
2072 2220 2152 2275 ob
2178 2218 2339 2276 aliud
2370 2220 2484 2276 hoc
2525 2220 2848 2290 obiiciebat
2884 2219 3193 2277 catholicis
3238 2238 3254 2281 :
3305 2220 3418 2281 nisi
3446 2220 3592 2297 quia

1938 2324 2039 2365 eos
2070 2308 2251 2365 videri
2274 2308 2514 2365 volebat
2534 2309 3040 2377 accusatores,vel
3058 2308 3442 2367 damnatores
3462 2326 3592 2369 esse

1936 2397 2305 2469 nuptiarum.
2338 2398 2616 2454 Liberum
2639 2403 2839 2455 autem
2870 2399 3182 2456 arbitrium
3212 2399 3592 2459 defendendo

1935 2487 2330 2560 praecipitant,
2360 2492 2425 2543 ut
2451 2487 2527 2544 de
2557 2488 2655 2544 illo
2685 2489 2885 2562 potius
2921 2488 3001 2545 ad
3034 2488 3377 2549 faciendam
3417 2490 3591 2562 justio

1936 2574 2104 2643 tiam,
2127 2591 2313 2648 quam
2336 2576 2410 2632 de
2444 2577 2678 2633 Domini
2708 2577 3007 2649 adjutorio
3035 2577 3391 2648 conﬁdatur,
3416 2583 3597 2650 atque

1936 2663 2091 2721 utin
2119 2680 2182 2720 se
2208 2665 2487 2739 quisque,
2521 2681 2644 2722 non
2694 2665 2755 2722 in
2803 2666 3059 2722 Domino
3105 2665 3405 2736 glorietur.
3455 2665 3598 2731 Quis

1938 2755 2139 2808 autem
2160 2757 2435 2810 nostrum
2466 2753 2625 2811 dicat
2646 2752 2813 2828 quod
2846 2754 3022 2825 primi
3047 2754 3316 2811 hominis
3349 2757 3598 2827 peccato

1937 2841 2173 2913 perierit
2200 2841 2455 2898 liberum
2486 2841 2799 2898 arbitrium
2826 2843 2903 2899 de
2926 2843 3204 2901 humano
3233 2858 3452 2913 genere
3486 2860 3499 2898 :
3534 2842 3600 2901 li~

1939 2929 2141 2987 bertas
2163 2932 2410 3003 quidem
2433 2932 2605 3004 periit
2628 2947 2735 3004 per
2758 2939 3099 3004 peccatum,
3127 2933 3233 2988 sed
3264 2930 3365 2989 illa
3401 2932 3461 2991 in
3492 2947 3598 3004 pa-

1937 3019 2139 3074 radiso
2159 3019 2267 3075 fuit
2284 3019 2551 3076 habendi
2578 3019 2821 3092 plenam
2843 3037 2982 3075 cum
3009 3020 3449 3077 immortalitate
3464 3020 3594 3091 jus-

1940 3107 2151 3171 titiam,
2190 3112 2431 3179 propter
2469 3108 2636 3180 quod
2663 3113 2880 3164 natura
2906 3107 3179 3164 humana
3214 3107 3418 3164 divina
3444 3106 3598 3163 indi-

1942 3201 2040 3265 get
2067 3196 2274 3265 gratia,
2306 3196 2536 3252 dicente
2556 3194 2811 3253 Domino
2843 3213 2856 3251 :
2886 3196 2956 3253 Si
2967 3211 3069 3253 vos
3087 3197 3283 3253 Filius
3306 3197 3597 3255 liberave-

1940 3287 2039 3351 rit,
2071 3292 2214 3342 tunc
2244 3301 2377 3341 vere
2408 3286 2582 3343 liberi
2597 3286 2761 3342 eritis
2793 3286 2993 3357 (Joan.
3024 3286 3187 3354 vni);
3218 3285 3426 3356 utique
3454 3283 3596 3341 libe-

1938 3376 2008 3445 ri,
2042 3374 2119 3431 ad
2149 3374 2303 3430 bene
2325 3374 2604 3446 justeque
2633 3374 2982 3432 vivendum.
3034 3378 3183 3431 Nam
3213 3374 3476 3431 liberum
3498 3389 3597 3431 arv

1940 3463 2181 3519 bitrium
2206 3479 2393 3535 usque
2424 3462 2577 3518 adeo
2600 3462 2663 3518 in
2683 3467 2998 3536 peccatore
3026 3478 3152 3519 non
3172 3463 3369 3536 periit,
3398 3467 3462 3519 ut
3490 3478 3600 3535 per

1940 3553 2082 3609 illud
2116 3556 2363 3625 peccent
2402 3552 2665 3609 maxime
2714 3568 2947 3621 omnes,
3004 3553 3111 3625 qui
3152 3569 3292 3613 cum
3346 3552 3600 3609 delecta-

1942 3642 2101 3699 tione
2140 3645 2411 3713 peccant,
2463 3646 2521 3697 et
2565 3657 2771 3699 amore
2822 3641 3053 3715 peccati
3099 3641 3216 3699 hoc
3266 3640 3352 3698 eis
3380 3640 3599 3714 placet,

1941 3726 2109 3799 quod
2132 3726 2216 3781 eis
2252 3725 2414 3784 libet.
2444 3725 2610 3782 Unde
2641 3731 2698 3781 et
2727 3726 3046 3799 Apostolus
3071 3744 3084 3781 :
3120 3726 3268 3783 Cum
3296 3725 3604 3783 essetisin-

1941 3816 2090 3889 quit,
2118 3816 2272 3872 servi
2286 3816 2541 3887 peccati,
2580 3816 2757 3871 liberi
2781 3816 2985 3886 fuistis
2998 3818 3258 3887 justitite
3280 3816 3467 3888 (Rom.
3500 3818 3601 3884 γι).

1944 3907 2089 3960 Ecce
2120 3903 2517 3960 ostenduntur
2547 3903 2727 3958 etiam
2759 3906 3005 3975 peccato
3035 3903 3286 3960 minime
3308 3903 3600 3975 potuisse,

1944 3992 2061 4048 nisi
2090 3991 2206 4047 alia
2233 3991 2500 4047 libertate
2534 3990 2770 4048 servire.
2801 3990 2991 4047 Liberi
3021 4006 3165 4061 ergo
3187 3989 3463 4061 ajustitia
3476 4003 3601 4047 non

1945 4084 2102 4147 sunt,
2136 4079 2251 4136 nisi
2282 4080 2524 4136 arbitrio
2552 4078 2874 4136 voluntatis
2910 4097 2923 4136 :
2964 4078 3136 4136 liberi
3178 4084 3381 4136 autem
3410 4095 3447 4135 a
3465 4094 3602 4153 pec~

1946 4174 2078 4228 cato
2097 4184 2221 4225 non
2243 4168 2415 4235 ﬁunt,
2447 4168 2563 4225 nisi
2585 4168 2778 4239 gratia
2800 4167 3137 4225 Salvatoris.
3171 4170 3414 4241 Propter
3434 4166 3601 4242 quod

1947 4257 2323 4316 admirabilis
2369 4258 2579 4314 doctor
2620 4258 2801 4315 etiam
2855 4256 3039 4314 verba
3093 4257 3227 4329 ipsa
3270 4256 3593 4314 discrevit:

172 4328 388 4428 utique
411 4354 617 4411 lateret
644 4355 792 4427 quid
813 4360 1060 4428 peccato
1087 4370 1193 4426 per
1208 4354 1497 4425 justitiam
1525 4328 1836 4422 debeatur;
1875 4328 1915 4380 υ
1950 4349 2098 4406 Cum
2120 4349 2275 4405 enim
2304 4348 2461 4403 servi
2497 4347 2704 4412 essitis,
2728 4346 2942 4419 inquit,
2971 4328 3228 4416 peccati,
3257 4346 3430 4403 liberi
3451 4346 3603 4416 fuis-

174 4444 226 4498 si
242 4459 455 4505 nemo,
485 4443 632 4515 quid
652 4444 842 4512 gratia
862 4442 1203 4512 largiretur?
1236 4444 1303 4498 Ut
1327 4458 1469 4512 ergo
1500 4442 1562 4498 in
1593 4444 1705 4498 hac
1727 4442 1840 4498 dif-

172 4532 454 4588 ﬁcillima
475 4533 802 4605 quaestione
825 4532 1019 4589 verbis
1049 4533 1248 4605 potius
1272 4537 1513 4588 utamur
1536 4532 1801 4604 Apostoli
1824 4547 1837 4586 :

188 4622 415 4678 Valens
436 4625 586 4678 Deus
605 4624 1111 4695 ostenderejiram,
1131 4629 1185 4679 et
1210 4623 1619 4678 demonstrare
1637 4628 1846 4691 poten-

180 4713 335 4767 tiam
372 4727 565 4778 suam,
618 4713 829 4768 attulit
860 4714 923 4767 in
960 4712 1155 4767 multa
1192 4712 1492 4782 patientia
1524 4726 1667 4766 vasa
1712 4712 1842 4779 έναι,

181 4813 324 4870 qua?
345 4800 614 4868 perfecta
633 4805 771 4856 sunt
802 4802 864 4857 in
898 4799 1292 4869 perditionem
1322 4815 1334 4853 :
1367 4804 1419 4854 et
1452 4802 1515 4851 ut
1545 4803 1721 4852 notas
1746 4797 1844 4866 fa-

177 4891 350 4943 ceret
380 4888 617 4945 divitias
640 4890 856 4959 glorite
869 4904 1011 4958 suae,
1035 4892 1096 4943 in
1118 4903 1261 4944 vasa
1282 4884 1722 4952 misericordiae,
1750 4885 1848 4941 cui

177 4991 310 5034 non
325 4983 516 5048 potest
544 4979 896 5049 ﬁgmentum
919 4978 1147 5034 dicere:
1167 4980 1363 5044 Quare
1387 4976 1469 5031 sic
1492 4989 1581 5031 me
1605 4975 1849 5045 fecisti?

176 5081 321 5121 cum
367 5064 585 5122 habeat
628 5072 977 5135 potestatem
1030 5080 1104 5122 ea:
1141 5064 1344 5121 eadem
1394 5078 1590 5121 massa
1643 5063 1848 5134 facere

175 5154 364 5212 aliud
391 5155 579 5211 vasin
603 5154 906 5223 honorem,
931 5150 1105 5210 aliud
1127 5154 1189 5209 in
1213 5154 1635 5209 contumeliam
1657 5154 1842 5223 (Rom.

173 5248 289 5311 ιχ).
327 5243 437 5299 Ubi
455 5243 602 5316 quia
633 5244 911 5300 universa
941 5242 1055 5298 ista
1084 5258 1288 5299 massa
1318 5242 1529 5298 merito
1561 5241 1855 5298 damnata

173 5336 295 5403 est,
321 5331 755 5390 contumeliam
783 5331 1052 5389 debitam
1083 5330 1280 5388 reddit
1302 5330 1555 5401 justitia,
1584 5331 1640 5383 et
1665 5329 1853 5383 hono-

256 5553 280 5577 ³
316 5550 453 5603 Haec
484 5547 627 5604 citat
656 5547 1030 5603 Hincmarus.

258 5621 289 5661 δ
321 5621 391 5675 Et
417 5618 516 5675 hic
540 5618 741 5679 deﬁcit
768 5616 1211 5691 apographum,
1245 5630 1356 5672 nec
1380 5616 1569 5671 exstat
1597 5612 1854 5685 epistola

1948 4437 2310 4508 tisjustitiw.
2347 4435 2527 4503 Quem
2561 4451 2702 4507 ergo
2739 4437 3015 4505 fructum
3045 4434 3336 4492 habuistis
3366 4442 3510 4492 tunc
3538 4436 3603 4493 in

1949 4528 2041 4583 his
2067 4528 2130 4582 in
2150 4525 2362 4598 quibus
2392 4541 2553 4581 nunc
2582 4525 2923 4582 erubescitis
2939 4524 2967 4579 ‘2
2990 4525 3146 4581 Nam
3166 4525 3305 4593 finis
3334 4525 3602 4593 illorum,

1948 4631 2107 4671 mors
2128 4620 2230 4669 est.
2259 4615 2435 4669 Nunc
2456 4620 2655 4670 autem
2692 4614 2935 4670 liberati
2959 4628 2996 4670 a
3019 4619 3285 4682 peccato,
3320 4612 3478 4669 servi
3499 4625 3604 4669 au-

1952 4710 2066 4760 tem
2098 4702 2255 4771 facti
2275 4704 2416 4769 Deo,
2449 4702 2677 4758 habetis
2713 4703 2987 4771 fructum
3008 4708 3268 4759 vestrum
3298 4702 3361 4757 in
3387 4700 3608 4758 sancti-

1946 4792 2248 4862 ﬁcatione,
2270 4791 2448 4858 finem
2480 4805 2617 4846 vero
2644 4792 2825 4846 vitam
2851 4796 3159 4848 aeternum.
3188 4789 3429 4847 Liberos
3456 4788 3609 4846 dixit

1946 4878 2211 4951 justitiaa,
2243 4893 2365 4933 non
2396 4877 2698 4948 liberatos,
2730 4894 2767 4933 a
2794 4882 3041 4950 peccato
3073 4884 3276 4934 autem
3307 4894 3431 4934 non
3457 4877 3607 4935 libe-

1951 4984 2076 5040 ros,
2103 4982 2179 5024 ne
2210 4966 2322 5023 sibi
2351 4966 2466 5024 hoc
2492 4966 2857 5035 tribuerent;
2882 4967 2988 5024 sed
3009 4967 3459 5037 vigilantissime
3481 4983 3609 5025 ma-

1953 5056 2062 5113 luit
2086 5055 2302 5124 dicere,
2334 5054 2641 5127 liberatos,
2673 5054 2937 5112 referens
2967 5056 3081 5113 hoc
3105 5055 3185 5113 ad
3214 5055 3383 5113 illam
3408 5056 3610 5115 Domi-

1955 5147 2018 5204 ni
2043 5146 2435 5203 sententiam:
2469 5145 2539 5203 Si
2562 5160 2660 5203 vos
2690 5145 2886 5203 Filius
2909 5146 3275 5203 liberaverit.
3306 5151 3450 5203 tunc
3479 5159 3617 5204 vere

1962 5238 2135 5294 liberi
2168 5237 2333 5293 eritis
2381 5236 2577 5303 (Joan.
2621 5234 2763 5305 vni).
2818 5236 2967 5291 Cum
3002 5234 3205 5309 itaque
3255 5252 3379 5292 non
3409 5234 3615 5293 vivant

1958 5325 2112 5381 bene
2136 5323 2552 5392 homines,nisi
2572 5322 2763 5381 effecti
2783 5322 2888 5380 ﬁlii
2909 5324 3186 5398 Dei,quid
3208 5330 3302 5383 est
3318 5322 3485 5398 quod
3504 5322 3615 5381 iste

1966 5539 2174 5609 magni
2203 5538 2361 5595 illius
2382 5537 2628 5609 concilii
2651 5537 3154 5609 Carthaginiensis.

2043 5620 2066 5645 α
2086 5608 2349 5677 Ηὶιιοω.,
2379 5608 2482 5664 lib.
2508 5608 2584 5665 de
2609 5608 2906 5676 Prasdest.,
2937 5625 3067 5682 cap.
3103 5615 3156 5663 6.
