4098 6176
513 146 649 201 1007

1572 136 1627 191 S.
1670 130 2044 189 PRUDENTII
2080 126 2463 188 TRECENSIS
2505 132 2839 189 EPISCOPI.

3791 136 3940 189 1008

505 267 697 325 libero
722 260 966 320 arbitrio
992 259 1118 316 vult
1162 259 1315 315 bene
1340 257 1577 314 vivendi
1612 256 1865 313 tribuere
1893 255 2157 326 potesta-
2186 256 2233 309 A
2275 252 2458 320 bona,
2492 255 2551 312 in
2597 256 2817 329 quibus
2848 254 3172 311 laudantur
3211 269 3317 327 per
3361 269 3639 328 quasque
3695 262 3942 327 gentes.

508 362 651 424 tem,
676 369 815 410 cum
852 350 981 407 hrec
1009 352 1275 423 potestas
1304 364 1427 404 non
1469 346 1663 411 detur,
1694 345 1808 401 nisi
1840 342 2030 415 gratia
2060 340 2160 397 Dei

507 461 617 520 per
643 444 848 500 Jesum
880 439 1178 496 Christum
1226 437 1548 494 Dominum
1602 439 1899 498 nostrum,
1928 431 2160 520 dicente

508 518 829 605 Evangelio
854 546 867 585 :
902 528 1198 598 Quotquot
1227 531 1422 583 autem
1439 529 1790 595 receperunt
1814 537 1968 587 eum,
1999 518 2162 576 dedit

507 625 589 681 eis
615 624 964 693 potestatem
981 617 1139 686 filios
1168 616 1276 672 Dei
1299 615 1437 684 ﬁeri
1452 614 1649 685 (Joan.
1685 616 1745 679 ι).

582 710 698 770 Sed
726 725 802 766 ne
831 707 981 764 forte
1010 705 1232 768 dicant,
1262 703 1342 759 ad
1383 704 1497 760 hoc
1529 718 1657 758 esse
1696 700 1935 771 adjutos
1961 702 2026 754 ut
2049 698 2159 753 ha-

505 802 717 858 berent
746 799 1099 871 potestatem
1129 792 1256 848 ﬁeri
1285 792 1388 848 ﬁlii
1413 792 1511 848 Dei
1541 809 1552 846 :
1589 795 1862 847 utautem
1889 788 2046 844 hanc
2068 802 2161 842 ac-

508 890 703 963 cipere
731 888 1119 951 mererentur,
1147 881 1315 955 prius
1341 898 1478 936 cum
1509 880 1696 935 libero
1726 875 1967 934 arbitrio
1994 874 2161 932 nulla

507 962 695 1050 adjuti
724 974 915 1047 gratia
941 974 1313 1044 receperunt.
1348 973 1481 1025 Πεεο
1512 972 1599 1024 est
1627 969 1851 1041 quippe
1890 962 2157 1029 intentio,

506 1081 632 1141 qua
656 1063 910 1136 gratiam
936 1061 1238 1117 destruere
1267 1058 1616 1126 moliuntur,
1649 1059 1714 1112 ut
1738 1070 1872 1110 eam
1915 1051 2046 1109 dari
2074 1065 2160 1107 se-

507 1154 775 1212 cundum
803 1150 1015 1208 merita
1044 1152 1249 1205 nostra
1287 1145 1671 1203 contendant.
1706 1146 1784 1201 Ne
1821 1142 1968 1198 forte
2016 1154 2159 1210 ergo

505 1244 665 1301 hanc
693 1238 1104 1310 evangelicam
1135 1236 1492 1293 sententiam
1520 1234 1602 1290 sic
1633 1232 1919 1298 dividant,
1951 1234 2016 1286 ut
2039 1244 2160 1284 me-

504 1331 685 1389 ritum
709 1332 941 1404 ponant
987 1328 1046 1382 in
1099 1342 1170 1382 eo
1218 1324 1385 1397 quod
1430 1323 1656 1379 dictum
1685 1324 1808 1380 est:
1865 1319 2161 1390 Quotquot

507 1425 707 1478 autem
736 1420 1085 1487 receperunt
1116 1430 1249 1471 eum
1267 1428 1290 1485 ;
1318 1429 1388 1468 ac
1416 1411 1653 1480 deinde,
1682 1425 1804 1466 non
1835 1407 2019 1478 gratis
2048 1406 2158 1461 da-

507 1511 655 1578 tam,
685 1504 792 1562 sed
819 1504 959 1560 huic
979 1502 1189 1558 merito
1214 1501 1511 1557 redditam
1538 1499 1810 1569 gratiam,
1833 1496 1894 1552 in
1910 1493 2159 1567 ecquod

2271 345 2694 418 praecipueque
2722 346 2783 400 iu
2810 350 2982 415 gente
3021 347 3312 410 Romana,
3356 345 3456 417 qui
3488 344 3779 418 praeclare
3807 346 3943 417 glo-

2269 431 2713 507 riosissimeque
2740 434 3037 500 vixerunt;
3074 433 3180 489 sed
3212 432 3525 505 quoniam,
3576 433 3729 491 sicut
3762 450 3941 491 vera-

2269 519 2513 578 cissima
2537 522 2839 595 Scriptura
2866 520 3036 577 dicit:
3066 521 3421 593 Omnequod
3436 537 3557 578 non
3581 529 3666 578 est
3696 525 3939 593 ραι-βόε,

2261 615 2577 678 peccatum
2595 617 2679 668 est
2719 611 2904 682 (Rom.
2936 610 3076 680 xxv).
3109 613 3178 666 Et
3206 628 3218 665 :
3256 611 3401 668 Sine
3421 610 3543 680 ﬁde
3567 612 3942 682 impossibile

2269 704 2352 753 est
2378 699 2583 771 utique
2611 700 2851 770 placere
2870 700 2989 755 Deo
3021 698 3224 769 (Hebr.
3258 704 3362 766 x1),
3402 714 3527 755 non
3552 699 3937 758 hominibus:

2268 785 2415 842 nihil
2446 787 2528 844 sic
2558 788 2682 859 agit
2702 788 2795 843 hic
2830 788 3129 861 princeps,
3161 775 3349 859 quam
3385 792 3449 843 ut
3476 804 3598 843 non
3649 789 3938 846 credatur

2268 873 2327 929 in
2355 876 2563 944 Deum,
2611 892 2723 932 nec
2774 875 2854 932 ad
2903 875 3306 945 Mediatorem,
3345 891 3382 931 a
3432 893 3558 949 quo
3607 876 3937 934 solvuntur

2267 978 2453 1034 opera
2499 964 2629 1033 ejus
2654 964 2955 1020 credendo
2981 963 3273 1019 veniatur.
3306 964 3421 1021 Sed
3473 965 3604 1038 ipse
3643 966 3937 1023 Mediator

2267 1053 2459 1109 intrat
2490 1056 2553 1110 in
2570 1055 2810 1110 domum
2828 1054 3007 1125 fortis
3039 1055 3205 1121 (Luc.
3239 1054 3341 1125 γι),
3370 1053 3434 1109 id
3463 1058 3554 1110 est
3588 1055 3651 1111 in
3681 1055 3803 1112 hoc
3824 1073 3935 1112 sar.-

2267 1139 2473 1197 culum
2505 1141 2990 1213 mortalium,sub
3015 1146 3311 1214 potestate
3340 1141 3593 1211 diaboli,
3623 1149 3932 1217 quantum

2267 1229 2347 1286 ad
2383 1229 2586 1303 ipsum
2616 1230 2906 1303 pertinet:
2957 1228 3368 1297 constitutum,
3401 1230 3478 1287 de
3533 1230 3667 1305 ipso
3696 1233 3930 1306 quippe

2267 1318 2553 1391 scriptum
2570 1318 2849 1393 est,quod
2865 1322 3215 1389 potestatem
3243 1317 3459 1375 habeat
3480 1322 3691 1377 mortis
3720 1321 3928 1391 (Apoc.

2267 1409 2369 1478 v1).
2397 1408 2593 1464 Intrat
2618 1409 2682 1463 in
2712 1408 2949 1463 domum
2968 1408 3179 1478 fortis:
3199 1406 3260 1462 id
3284 1408 3473 1478 est,in
3504 1425 3616 1466 suo
3645 1410 3926 1467 domina-

2267 1500 2331 1551 tu
2386 1496 2661 1552 habentis
2710 1512 2899 1568 genus
2942 1496 3329 1564 humanum;
3376 1501 3436 1553 et
3475 1498 3640 1571 prius
3703 1502 3925 1570 alligat

507 1594 813 1668 sequitur:
864 1592 1039 1649 Dedit
1088 1592 1168 1648 eis
1222 1594 1568 1660 potestatem
1622 1588 1780 1657 ﬁlios
1836 1585 1946 1642 Dei
1982 1584 2157 1654 ﬁeri;
2188 1605 2229 1659 Β
2266 1602 2421 1654 eum,
2448 1586 2512 1643 id
2540 1590 2649 1658 est,
2671 1587 2800 1658 ejus
2820 1591 3049 1643 coercet
3075 1590 3131 1641 et
3147 1585 3783 1660 cohibetpotestatem,
3808 1605 3922 1662 po-

506 1682 785 1757 nunquid
815 1682 863 1737 si
907 1686 1213 1755 quaeratur
1266 1678 1344 1735 ab
1374 1680 1478 1735 eis.
1508 1676 1653 1750 quid
1685 1676 1777 1742 sit,
1806 1677 2179 1744 receperunt

505 1789 639 1831 eum
665 1776 693 1828 ?
716 1769 929 1828 dicturi
959 1773 1098 1825 sunt
1126 1768 1311 1835 aliud,
1334 1767 1471 1835 nisi,
1487 1764 1868 1822 crediderunt
1889 1763 1949 1818 in
1972 1777 2112 1818 eum
2130 1762 2158 1817 ?

506 1864 578 1920 Ut
595 1861 773 1933 igitur
801 1865 858 1917 et
884 1860 999 1916 hoc
1021 1858 1211 1914 sciant
1239 1856 1319 1912 ad
1340 1855 1592 1926 gratiam
1625 1853 1934 1927 pertinere,
1956 1851 2160 1922 legant

503 1950 672 2025 quod
703 1949 784 2007 ait
802 1946 1126 2023 Apostolus
1152 1964 1165 2001 :
1201 1947 1272 2001 In
1316 1945 1488 2001 nullo
1517 1942 1922 2014 erpavescatis
1948 1941 2023 1998 ab
2053 1940 2157 1996 ad-

505 2040 807 2109 versariis,
831 2037 1067 2111 quidem
1089 2042 1172 2093 est
1196 2035 1319 2090 illis
1348 2048 1529 2090 causa
1543 2031 1924 2103 perditionis,
1948 2035 2158 2086 vestrae

504 2136 700 2187 autem
744 2128 960 2185 salutis
987 2144 1001 2183 :
1035 2132 1088 2183 et
1119 2125 1229 2182 hoc
1254 2139 1291 2181 a
1324 2124 1467 2195 Deo,
1495 2123 1635 2194 quia
1676 2119 1837 2176 vobis
1866 2119 2155 2175 donatum

504 2225 589 2278 est
611 2235 727 2291 pro
757 2218 1017 2288 Christo,
1050 2233 1169 2274 non
1202 2220 1439 2272 tantum
1478 2219 1543 2269 ut
1585 2211 1843 2268 credatis
1887 2210 1952 2266 in
2000 2224 2153 2279 eum,

502 2309 606 2366 sed
645 2315 712 2365 ut
759 2309 936 2367 etiam
974 2306 1300 2377 patiamini
1331 2319 1444 2374 pro
1492 2319 1557 2359 eo
1608 2301 1794 2374 (Phil.
1829 2304 1890 2369 ι).
1934 2303 2156 2371 Nempe

502 2402 827 2470 utrumque
847 2396 995 2452 dixit
1019 2410 1149 2451 esse
1187 2394 1503 2449 donatum.
1533 2391 1676 2446 Item
1696 2388 1863 2462 quod
1880 2389 1991 2444 ait:
2019 2389 2158 2444 Pax

497 2486 823 2558 fratribus,
856 2490 909 2541 et
931 2484 1199 2540 charitas
1244 2496 1378 2537 cum
1401 2480 1521 2549 ﬁde
1548 2496 1583 2534 a
1607 2479 1725 2535 Deo
1750 2478 1937 2533 Patre
1961 2483 2015 2533 et
2045 2478 2158 2532 Do-

502 2573 664 2627 mino
698 2573 839 2627 Jesu
884 2571 1115 2627 Christo
1155 2568 1331 2639 (Eph.
1367 2571 1464 2637 vr).
1496 2568 1720 2636 Legant
1764 2564 1944 2620 etiam
1989 2561 2156 2635 quod

498 2658 629 2732 ipse
662 2658 951 2714 Dominus
978 2657 1091 2713 ait:
1125 2657 1307 2712 Nemo
1332 2659 1522 2725 potest
1553 2654 1753 2710 venire
1775 2651 1859 2709 ad
1892 2667 2002 2719 me,
2040 2651 2162 2707 nisi

498 2746 689 2803 Pater
756 2746 861 2818 qui
918 2744 1080 2801 misit
1143 2757 1237 2800 me
1301 2742 1559 2799 traxerit
1622 2756 1753 2797 eum
1817 2740 2007 2812 (toan.
2056 2739 2152 2811 v1).

501 2833 611 2892 Ubi
636 2849 712 2891 ne
749 2832 1076 2907 quisquam
1104 2835 1272 2905 putet
1307 2829 1473 2888 aliud
1521 2845 1653 2886 esse
1695 2829 1896 2885 venire
1927 2827 2005 2885 ad
2034 2844 2152 2896 me,

2269 1677 2495 1733 testatis
2521 1693 2645 1732 suae
2669 1675 3013 1732 fortioribus
3043 1675 3322 1742 vinculis,
3355 1681 3411 1732 et
3458 1677 3538 1733 sic
3567 1678 3737 1750 eripit
3768 1694 3918 1735 vasa

2267 1766 2419 1837 ejus,
2487 1781 2869 1839 quaecunque
2930 1764 3379 1838 przrdestiuavit
3440 1767 3679 1840 eripere,
3746 1768 3907 1822 arbi-

2269 1854 2446 1911 trium
2470 1870 2680 1911 eorum
2711 1853 2789 1909 ab
2820 1854 2871 1925 ej
2882 1870 2952 1909 us
2974 1858 3268 1927 potestate
3292 1854 3561 1921 liberans,
3581 1854 3755 1911 utillo
3774 1871 3908 1911 non

2266 1943 2625 2016 impediente
2703 1942 2980 2011 credant,
3050 1942 3110 1997 in
3183 1940 3357 1997 istum
3428 1940 3612 1998 libera
3692 1941 3916 1998 volun-

2266 2036 2402 2089 tate.

2334 2121 2654 2193 Augustini
2702 2120 2780 2177 ad
2831 2119 3226 2189 Valentinum,
3274 2120 3347 2175 de
3402 2118 3607 2176 Libero
3664 2119 3908 2175 arbitrio

2268 2213 2418 2284 (cap.
2458 2216 2552 2268 l5:
2588 2212 2834 2282 Semper
2859 2213 2943 2265 est
2965 2213 3164 2264 autem
3196 2209 3256 2264 in
3289 2208 3465 2264 nobis
3486 2207 3765 2265 voluntas
3780 2208 3915 2265 libe-

2263 2317 2352 2368 ra,
2379 2301 2487 2357 sed
2511 2316 2633 2357 non
2661 2314 2896 2371 semper
2921 2304 3010 2353 est
3036 2298 3217 2354 bona.
3269 2302 3387 2354 Aut
3420 2298 3583 2355 enim
3632 2315 3671 2354 a
3693 2298 3913 2369 justitia

2264 2390 2452 2446 libera
2477 2394 2585 2455 est,
2613 2388 2861 2462 quando
2901 2390 3080 2443 servit
3109 2392 3377 2460 peccato,
3417 2392 3476 2443 et
3502 2392 3648 2444 tunc
3677 2392 3772 2445 est
3797 2405 3912 2445 ma-

2264 2478 2366 2535 la:
2397 2483 2502 2534 aut
2538 2493 2575 2533 a
2613 2480 2861 2550 peccato
2898 2474 3088 2532 libera
3115 2481 3224 2545 est,
3271 2476 3521 2549 quando
3549 2476 3734 2532 servit
3750 2477 3905 2548 justi-

2264 2567 2383 2638 tiae,
2415 2570 2473 2622 et
2500 2572 2642 2621 tunc
2670 2569 2763 2621 est
2808 2564 2991 2621 bona.
3024 2564 3222 2621 Gratia
3266 2580 3408 2620 vero
3438 2565 3541 2621 Dei
3562 2580 3805 2640 semper
3830 2570 3910 2620 est

2263 2655 2447 2718 bona,
2480 2658 2538 2710 et
2562 2669 2669 2726 per
2691 2654 2849 2710 hanc
2880 2653 2943 2709 tit
2964 2659 3030 2709 ut
3054 2653 3127 2709 sit
3154 2652 3337 2709 homo
3371 2652 3551 2709 bonas
3575 2653 3908 2723 voluntatis,

2263 2743 2369 2817 qui
2391 2743 2559 2817 prius
2587 2742 2698 2799 fuit
2723 2742 3045 2798 voluntatis
3073 2740 3269 2797 malm.

2335 2831 2644 2904 Augustini
2661 2830 2734 2887 de
2756 2830 3134 2904 Correptione
3155 2835 3211 2885 et
3237 2829 3432 2887 Gratia
3456 2834 3612 2903 (cap.
3642 2834 3717 2900 t).
3753 2831 3907 2888 Libe-

497 2938 686 2997 quam
716 2921 955 2979 credere
984 2920 1045 2977 in
1077 2936 1194 2984 me,
1223 2919 1409 2993 paulo
1434 2923 1571 2992 post
1600 2933 1739 2975 cum
1770 2917 1845 2974 de
1889 2932 2002 2974 suo
2032 2932 2158 2973 cor-
2191 2955 2231 3010 ο
2263 2937 2399 2977 rum
2427 2920 2630 2993 itaque
2659 2918 2973 2975 arbitrium
3002 2925 3059 2973 et
3099 2917 3178 2974 ad
3207 2917 3435 2974 malum
3476 2922 3535 2975 et
3574 2918 3655 2975 ad
3684 2918 3910 2977 bonum

495 3026 643 3088 pore
669 3016 727 3069 et
757 3010 1052 3081 sanguine
1077 3009 1442 3082 loqueretur,
1469 3012 1526 3064 et
1552 3006 1937 3064 scandalizati
1959 3009 2158 3063 essent
2202 3006 2230 3010 ⁷
2266 3007 2633 3077 faciendum,
2666 3014 2892 3064 eertum
2918 3012 3009 3064 est
3050 3023 3161 3063 nos
3208 3006 3464 3077 habere;
3513 3006 3621 3063 sed
3652 3007 3713 3063 in
3753 3008 3909 3065 malo

495 3101 740 3176 plurimi
768 3100 829 3157 in
849 3114 1126 3157 sermone
1154 3098 1304 3169 ejus,
1338 3097 1446 3153 ait:
1488 3098 1676 3154 Verba
1708 3112 1840 3169 quae
1871 3111 1976 3167 ego
2000 3096 2159 3153 locu-

497 3197 592 3247 tus
619 3207 751 3248 sum
776 3190 938 3248 vobis
966 3190 1214 3259 spiritus
1255 3194 1309 3245 et
1338 3188 1463 3244 vita
1491 3192 1670 3244 sunt:
1711 3185 1814 3243 sed
1841 3190 1981 3241 sunt
2031 3186 2158 3257 qui-

496 3281 635 3338 dam
668 3297 743 3339 ea:
786 3279 948 3338 vobis
976 3280 1082 3350 qui
1125 3293 1245 3333 non
1288 3277 1565 3333 credunt.
1597 3274 1818 3332 Deinde
1847 3273 2158 3348 subjunin

494 3368 911 3440 Evangelista:
942 3367 1180 3424 Sciebat
1206 3366 1359 3421 enim
1389 3366 1561 3422 Jesus
1606 3364 1681 3420 ab
1717 3364 1889 3419 initio
1940 3364 2048 3434 qui
2072 3378 2156 3419 es-

494 3462 623 3513 sent
662 3457 983 3526 credentes,
1010 3460 1064 3511 et
1092 3455 1225 3524 quis
1255 3454 1595 3510 traditurus
1620 3458 1762 3509 esset
1804 3466 1957 3522 eum,
1987 3458 2041 3508 et
2068 3453 2154 3507 di-

496 3544 699 3599 cebat:
732 3543 1063 3611 Propterea
1086 3540 1222 3596 diri
1257 3541 1443 3610 vobis,
1474 3542 1615 3611 quia
1644 3554 1812 3595 nemo
1833 3545 2027 3609 potest
2057 3554 2152 3596 ve-

493 3631 628 3687 nire
656 3631 737 3687 ad
762 3645 875 3701 me,
897 3630 1014 3685 nisi
1038 3629 1224 3685 Pater
1247 3629 1352 3699 qui
1392 3628 1549 3683 misit
1590 3642 1680 3683 me
1708 3629 1965 3683 traxerit
1996 3643 2149 3684 eum.

495 3722 563 3777 Et
588 3720 703 3777 hoc
726 3722 971 3794 propter
999 3717 1328 3785 credentes,
1360 3721 1414 3773 et
1461 3732 1583 3772 non
1613 3715 1939 3783 credentes,
1975 3732 2039 3772 se
2065 3717 2151 3773 di-

492 3809 653 3866 xisse
692 3806 1111 3877 manifestavit,
1143 3821 1452 3880 exponens
1505 3804 1669 3878 quod
1715 3804 1977 3861 dixerat:
2019 3805 2153 3861 Nisi

490 3899 679 3956 Pater
706 3898 812 3971 qui
857 3912 948 3953 me
985 3897 1169 3968 misit,
1197 3895 1454 3953 traxerit
1485 3909 1660 3951 eum:
1706 3893 1971 3967 idipsum
2019 3892 2151 3951 aliis

489 3988 688 4045 verbis
717 3986 1065 4061 repetendo,
1094 3986 1155 4042 in
1185 4002 1257 4042 eo
1287 3984 1453 4058 quod
1492 3984 1605 4041 ait:
1639 3985 1759 4041 nisi
1784 3984 1991 4041 datum
2019 3985 2147 4054 fue-

490 4080 571 4135 rit
609 4080 666 4135 ei
700 4093 739 4135 a
783 4079 971 4135 Patre
1008 4092 1153 4134 meo.
1189 4075 1285 4132 ille
1327 4075 1554 4148 quippe
1604 4073 1853 4131 trahitur
1882 4074 1961 4130 ad
1989 4073 2149 4130 Chri-

490 4172 671 4235 stum,
698 4166 793 4223 cui
821 4166 999 4223 datur
1027 4171 1094 4223 ut
1122 4168 1326 4223 credat
1355 4167 1415 4219 in
1447 4163 1768 4220 Christum.
1802 4165 1985 4219 Datur
2003 4179 2146 4235 ergo

489 4258 753 4328 potestas
773 4259 839 4310 ut
864 4253 968 4310 ﬁlii
997 4255 1097 4310 Dei
1123 4254 1290 4319 ﬁant,
1319 4251 1422 4324 qui
1448 4251 1699 4307 credunt
1726 4251 1787 4306 in
1817 4266 1979 4319 eum,
2004 4267 2143 4307 cum

487 4344 604 4401 hoc
628 4343 832 4417 ipsum
861 4342 1041 4419 datur
1066 4347 1130 4398 ut
1149 4341 1397 4398 credant
1419 4341 1481 4396 in
1510 4356 1672 4410 eum,
1693 4356 1830 4412 quae
1858 4344 2141 4412 potestas,

487 4433 603 4490 nisi
648 4433 823 4490 detur
851 4450 885 4490 a
912 4434 1054 4499 Deo,
1081 4430 1246 4487 nulla
1274 4446 1403 4486 esse
1444 4433 1642 4503 potest
1669 4444 1742 4485 ex
1769 4427 1957 4484 libero
1988 4430 2143 4485 arbi-

487 4522 618 4591 trio,
652 4522 797 4597 quia
820 4538 932 4579 nec
959 4521 1216 4578 liberum
1243 4519 1305 4574 in
1336 4518 1498 4575 bono
1529 4517 1637 4573 erit
1664 4516 1831 4591 quod
1859 4515 2144 4574 liberator

485 4627 608 4669 non
658 4610 1033 4679 liberaverit;
1081 4608 1187 4665 sed
1232 4607 1294 4663 in
1323 4606 1484 4663 malo
1536 4605 1791 4663 liberum
1834 4604 2018 4662 habet
2046 4621 2142 4663 ar-

482 4699 750 4769 bitrium,
779 4700 875 4757 cui
919 4697 1377 4755 delectationem
1426 4694 1664 4752 malitiae
1716 4694 1810 4751 vel
1851 4694 2139 4764 occultus,

484 4788 579 4845 vel
607 4787 959 4845 manifestus
988 4788 1270 4861 deceptor
1312 4785 1546 4853 insevit,
1580 4784 1673 4840 vel
1706 4783 1819 4840 sibi
1856 4783 1983 4857 ipse
2013 4800 2141 4857 per—

489 4876 700 4932 suasit.

558 4962 871 5031 Augustini
900 4962 979 5018 ad
1008 4963 1251 5019 Vitalem
1276 4981 1288 5019 :
1322 4965 1486 5033 Rogo
1511 4967 1563 5016 te
1592 4961 1741 5034 quid
1769 4966 2052 5035 operatur
2080 4961 2141 5016 in

485 5048 622 5105 ﬁliis
650 5048 994 5105 difﬁdentiae
1044 5051 1345 5123 princeps,
1372 5049 1487 5106 nisi
1524 5065 1709 5122 opera
1734 5064 1845 5106 sua
1874 5049 2057 5112 mala,
2084 5053 2142 5106 et

482 5136 545 5193 in
569 5136 804 5210 primis,
829 5137 1210 5211 maximeque
1229 5139 1426 5211 ipsam
1456 5136 1855 5193 difﬁdentiam
1877 5141 1934 5192 et
1952 5136 2139 5193 infeli-

484 5226 725 5284 citatem
750 5241 876 5300 qua
906 5232 1045 5284 sunt
1091 5227 1315 5283 inimici
1344 5225 1504 5295 fidei,
1535 5241 1642 5299 per
1664 5242 1852 5298 quam
1891 5226 1997 5282 scit
2026 5242 2137 5283 nos

481 5331 665 5390 posse
694 5315 997 5387 mundari,
1027 5331 1208 5390 posse
1239 5316 1463 5385 sanari,
1493 5330 1674 5388 posse
1712 5314 2137 5388 perfectissime

481 5404 722 5476 liberos,
753 5405 919 5479 quod
948 5406 1033 5463 eis
1063 5404 1446 5461 vehementer
1482 5402 1725 5472 invidet,
1755 5403 1818 5460 in
1846 5409 2137 5463 aeternum

481 5497 776 5568 regnare?
805 5498 1008 5569 Itaque
1032 5495 1266 5568 aliquos
1294 5509 1502 5549 eorum
1549 5510 1656 5565 per
1683 5510 1838 5568 quos
1877 5495 2137 5568 amplius

479 5584 755 5660 decipere
774 5583 1028 5656 affectat,
1048 5582 1185 5640 sinit
1199 5581 1421 5640 habere
1442 5582 1753 5652 nonnulla,
1770 5583 1933 5641 velut
1950 5599 2138 5657 opera

2266 3096 2540 3155 faciendo
2560 3097 2709 3153 liber
2736 3101 2825 3152 est
2850 3095 3108 3170 quisque
3124 3094 3369 3166 justitiaa
3417 3111 3749 3170 servusque
3777 3112 3912 3169 pec-

2265 3185 2413 3243 cati:
2447 3185 2507 3241 in
2537 3184 2701 3241 bono
2731 3187 2932 3240 autem
2961 3182 3113 3239 liber
3159 3198 3290 3241 esse
3319 3182 3521 3239 nullus
3552 3188 3760 3257 potest,
3791 3183 3911 3239 nisi

2265 3275 2440 3331 fuerit
2466 3273 2750 3330 liberatus
2775 3271 2853 3328 ab
2884 3288 2956 3329 eo
2984 3272 3089 3344 qui
3110 3271 3289 3328 dixit:
3322 3272 3393 3329 Si
3420 3287 3520 3329 vos
3552 3274 3747 3329 Filius
3772 3273 3913 3330 libe-

2267 3364 2516 3434 raverit,
2540 3369 2683 3418 tunc
2698 3376 2833 3418 vere
2854 3361 3030 3417 liberi
3057 3361 3241 3417 eritis.
3262 3364 3377 3417 Nec
3406 3360 3489 3418 ita
3513 3366 3581 3419 ut
3592 3378 3734 3418 cum
3757 3362 3917 3436 quis—

2264 3468 2383 3525 que
2415 3452 2585 3508 fuerit
2607 3468 2644 3507 a
2671 3449 2898 3523 peccati
2912 3448 3301 3506 damnatione
3320 3449 3762 3523 liberatus,jam
3793 3467 3919 3508 non

2262 3541 2530 3611 indigeat
2553 3540 2645 3595 sui
2673 3537 3011 3595 liberatoris
3042 3537 3287 3605 auxilio,
3330 3539 3434 3595 sed
3465 3539 3548 3596 ita
3574 3539 3801 3611 potius,
3852 3547 3920 3596 ut

2263 3629 2342 3685 ab
2395 3629 2496 3685 illo
2560 3629 2848 3685 audiens:
2891 3628 3037 3685 Sine
3094 3644 3185 3684 me
3225 3629 3383 3685 nihil
3420 3630 3668 3698 potestis
3711 3630 3921 3700 facere

2260 3719 2455 3790 (Joan.
2482 3721 2606 3785 xv),
2639 3716 2799 3773 dicat
2837 3716 2890 3772 ei
2918 3721 2976 3773 et
2999 3716 3160 3789 ipse:
3212 3718 3474 3787 Adjutor
3516 3733 3680 3774 meus
3730 3734 3810 3788 es,
3842 3736 3919 3773 ne

2267 3807 2651 3879 derelinquas
2682 3820 2776 3862 me
2799 3805 2988 3877 (Psal.
3025 3806 3201 3878 um).

2330 3895 2591 3967 Gregorii
2623 3910 2800 3969 papa:
2827 3894 2891 3950 in
2906 3894 3018 3951 Job
3049 3893 3202 3950 libro
3226 3911 3326 3950 xvi
3357 3895 3508 3966 (cap.
3545 3898 3632 3967 to,
3664 3898 3727 3952 in
3773 3912 3914 3966 cap.

2256 4001 2379 4041 χχιι
2408 3986 2538 4057 Job)
2564 4003 2578 4041 :
2602 3984 2954 4041 Saluabitur
2972 3985 3296 4054 innocens;
3331 3984 3672 4041 salvabitur
3696 3992 3915 4054 autem

2254 4076 2557 4133 munditia
2582 4090 2870 4131 manuum
2892 4089 3162 4131 suarum.
3186 4074 3330 4140 Quae
3355 4072 3574 4129 scilicet
3594 4073 3915 4140 sententia,

2255 4165 2304 4221 si
2329 4165 2403 4221 de
2432 4164 2686 4220 cmlestis
2713 4163 2881 4233 regni
2920 4162 3314 4219 retributione
3344 4163 3730 4236 promittitur,
3760 4165 3916 4221 veri-

2256 4258 2375 4309 tate
2404 4252 2662 4309 fulcitur.
2695 4252 2847 4317 Quia
2891 4268 3030 4308 cum
3060 4251 3135 4307 de
3174 4252 3294 4307 Deo
3319 4251 3608 4324 scriptum
3638 4251 3750 4307 sit:
3794 4252 3917 4319 Qui

2254 4342 2460 4398 reddet
2488 4342 2810 4413 unicuique
2838 4341 3161 4397 secundum
3178 4356 3357 4410 opera
3374 4341 3503 4410 ejus
3531 4340 3818 4412 (Rom.n),
3842 4341 3917 4397 il-

2254 4430 2381 4487 lum
2408 4430 2469 4487 in
2518 4436 2783 4487 extremo
2831 4432 3107 4488 examine
3145 4430 3378 4503 justitia
3429 4431 3637 4487 aeterni
3681 4431 3916 4488 iudicis

2252 4520 2651 4593 salvat,quem
2677 4520 2773 4576 hic
2796 4521 2925 4592 ejus
2946 4521 3136 4593 pietas
3165 4519 3243 4578 ad
3258 4520 3592 4577 immundis
3616 4520 3914 4594 operibus

2247 4608 2482 4665 liberat.
2508 4609 2611 4665 Sin
2634 4624 2776 4665 vero
2806 4609 2884 4665 ad
2911 4609 3027 4665 hoc
3076 4609 3293 4666 salvari
3317 4609 3575 4683 quisque
3620 4609 3709 4667 sic
3738 4625 3915 4667 mun-

2249 4697 2400 4755 ditia
2424 4714 2719 4755 manuum
2749 4714 2997 4754 suarum
3027 4698 3306 4769 creditur,
3322 4702 3390 4753 ut
3418 4700 3542 4753 suis
3572 4696 3806 4755 viribus
3823 4698 3914 4755 iu-

2247 4803 2473 4844 nocens
2494 4787 2619 4858 ﬁat,
2644 4785 2855 4860 procul
2879 4786 3066 4843 dubio
3094 4792 3353 4843 erratur:
3388 4787 3535 4860 quia
3555 4786 3607 4841 si
3638 4802 3915 4859 superna

2248 4877 2442 4947 gratia
2471 4881 2784 4933 nocentem
2810 4891 2933 4931 non
2959 4875 3262 4949 praevenit,
3288 4890 3605 4947 nunquam
3631 4875 3911 4948 profecto

2247 4964 2510 5021 inveniet
2528 4980 2711 5037 quem
2740 4963 3505 5020 remuneretinnocentem.
3553 4963 3721 5020 Unde
3754 4965 3910 5021 veri-

2247 5052 2552 5109 diciMosis
2582 5068 2729 5109 voce
2755 5052 3004 5108 dicitur:
3032 5053 3372 5124 Nullusque
3390 5052 3558 5123 apud
3592 5058 3650 5108 te
3684 5067 3803 5123 per
3848 5069 3911 5110 se

2247 5142 2528 5197 innocens
2554 5146 2639 5197 est
2674 5141 2893 5207 (Exod.
2942 5140 3163 5209 xxxiv).
3207 5141 3481 5212 Superna
3519 5154 3666 5206 ergo
3709 5141 3907 5213 pietas

2245 5230 2411 5303 prius
2441 5228 2564 5300 agit
2610 5229 2671 5285 in
2702 5230 2876 5287 nobis
2905 5229 3131 5302 aliquid
3177 5228 3305 5284 sine
3353 5228 3550 5298 nobis,
3593 5231 3662 5284 ut
3694 5229 3909 5286 subse-

2245 5322 2467 5391 quente
2520 5333 2762 5390 quoque
2817 5322 3024 5373 nostro
3077 5316 3267 5374 libero
3322 5316 3601 5385 arbitrio,
3666 5317 3904 5375 bonum

2243 5407 2411 5479 quod
2427 5407 2557 5477 jam
2584 5405 2926 5479 appetimus
2953 5410 3095 5475 agat
3116 5405 3456 5476 nobiscum,
3480 5405 3648 5479 quod
3698 5411 3903 5464 tamen

2241 5511 2349 5568 per
2405 5495 2743 5567 impensam
2802 5495 3059 5565 gratiam
3111 5495 3171 5552 in
3224 5499 3490 5551 extremo
3530 5493 3769 5567 judicio
3821 5496 3904 5553 ita

2243 5588 2586 5641 remunerat
2632 5584 2694 5640 in
2745 5584 2944 5656 nobis,
2985 5600 3055 5642 ac
3103 5584 3152 5641 si
3192 5583 3335 5641 solis
3393 5583 3788 5659 processisset
3827 5599 3901 5641 ex
