4112 6184
1108 209 1195 261 DE
1235 202 1894 262 PREDESTINATIONE
1930 199 2209 256 CONTRA
2246 201 2298 256 J.
2342 176 2641 262 scoruu‘.

162 206 305 261 1009
1108 209 1195 261 DE
1235 206 1894 262 PREDESTINATIONE
1930 206 2209 256 CONTRA
2246 206 2298 256 J.
2342 206 2641 262 SCOTUM.
3450 209 3589 264 1010

157 328 357 383 nobis.
393 326 538 391 Quia
584 327 744 383 enim
776 328 979 384 divina
1007 345 1129 384 non
1155 329 1413 400 bonitas,
1445 334 1509 385 ut
1536 329 1817 385 innocen-
1854 328 1897 380 A
1927 323 2232 394 vigilantia
2255 327 2471 384 mentis
2504 327 2829 395 annitente,
2862 326 3042 382 etiam
3078 325 3139 381 in
3171 327 3453 401 praecepti
3481 345 3586 386 cu-

154 422 246 473 tes
276 415 473 483 faciat,
502 417 807 489 prrevenit.
841 418 1060 472 Paulus
1090 419 1202 473 ait:
1238 420 1450 475 Gre/ia
1489 425 1684 475 autem
1713 417 1822 471 Dei
1928 413 2125 470 stodia
2167 423 2595 487 perseveraret,
2624 417 2674 472 si
2720 415 2895 472 vellet
2924 416 2981 471 in
3022 430 3093 471 eo
3138 416 3305 487 quod
3353 421 3587 474 creatus

150 522 288 563 sum
337 506 401 562 id
430 507 593 578 quod
637 522 767 562 sum
817 506 873 577 (Ι
919 508 1055 563 Cor.
1090 508 1210 578 xv).
1261 510 1327 564 Et
1358 508 1501 582 quia
1539 506 1818 565 eamdem
1928 503 2123 561 fuerat
2150 509 2544 579 permanere].
2574 510 2900 579 Postquam
2928 521 3069 562 vero
3091 505 3436 563 seductione
3467 523 3589 564 ser-

153 595 414 665 gratiam
444 599 717 651 nostrum
762 595 1021 652 liberum
1051 596 1365 654 arbitrium
1396 597 1683 672 sequitur,
1714 595 1817 653 ad-

144 685 383 758 jungit:
420 686 497 741 Et
520 686 724 756 gratia
752 689 880 756 ejus
908 687 972 742 in
1016 702 1109 744 me
1137 703 1329 745 vacua
1369 703 1487 744 non
1546 688 1683 749 fuit,
1716 687 1820 743 sed

150 773 569 832 abundantius
617 775 744 830 illis
802 776 1072 831 omnibus
1129 776 1407 850 laboravi
1457 776 1658 848 (Ibid).
1709 774 1817 841 Qui

150 863 307 919 dum
332 879 395 919 se
419 862 494 919 de
521 879 583 918 se
610 862 755 919 nihil
781 879 912 920 esse
957 864 1345 937 conspiceret,
1392 864 1493 930 ait,
1542 866 1676 920 Non
1706 878 1816 920 au-

152 958 271 1010 tem
305 969 430 1024 ego.
466 956 532 1008 Et
561 957 762 1009 tamen
790 953 931 1026 quia
962 970 1023 1009 se
1041 970 1172 1009 esse
1203 953 1431 1028 aliquid
1460 971 1598 1010 cum
1625 952 1817 1024 gratia

149 1041 399 1113 invenit,
414 1040 714 1112 adjunxit:
746 1041 861 1097 Sed
888 1042 1090 1113 gratia
1112 1044 1221 1099 Dei
1234 1057 1481 1099 mecum.
1509 1046 1636 1098 Non
1654 1040 1815 1096 enim

148 1130 378 1187 diceret
402 1146 649 1200 mecum,
682 1131 729 1186 si
768 1146 907 1187 cum
937 1131 1321 1204 preveniente
1350 1131 1565 1203 gratia,
1600 1130 1812 1186 subse-

149 1235 351 1293 quens
388 1218 643 1275 liberum
676 1218 989 1275 arbitrium
1010 1235 1133 1276 non
1175 1219 1440 1276 haberet.
1478 1222 1547 1275 Ut
1576 1234 1720 1289 ergo
1751 1233 1813 1274 se

152 1310 286 1365 sine
316 1308 503 1379 gratia
533 1307 679 1364 nihil
708 1324 836 1364 esse
883 1308 1239 1377 ostenderet,
1272 1309 1352 1365 ait
1377 1326 1389 1364 :
1417 1309 1555 1364 Non
1577 1323 1682 1379 ego
1705 1310 1816 1379 ;ut

146 1414 298 1455 vero
320 1414 383 1454 se
412 1413 550 1453 cum
580 1396 771 1468 gratia
800 1402 1117 1470 operatum
1146 1413 1277 1454 esse
1305 1414 1410 1471 per
1439 1396 1696 1453 liberum
1724 1411 1814 1452 ar-

147 1484 401 1549 bitrium
429 1483 907 1553 demonstraret;
961 1484 1276 1557 adjunxit:
1327 1486 1443 1543 Sed
1478 1485 1682 1557 gratia
1713 1484 1816 1540 Dei

148 1590 405 1631 mecum.
440 1574 722 1630 Munditia
763 1573 962 1647 itaque
1009 1591 1303 1631 manuum
1357 1590 1609 1631 suarum
1636 1573 1812 1630 inno-

1925 594 2121 666 pentis
2149 610 2258 668 per
2286 599 2467 653 Evam
2504 595 2732 663 cecidit,
2777 594 3009 651 bonum
3060 596 3290 651 naturas
3329 594 3587 668 perdidit

1924 683 2165 757 pariter,
2184 688 2239 741 et
2262 686 2532 756 vigorem
2552 683 2779 741 arbitrii
2804 702 2817 739 :
2835 699 2959 740 non
2977 687 3181 739 tamen
3212 682 3583 756 electionem,

1924 787 2000 827 ne
2025 787 2147 827 non
2188 777 2343 829 esset
2379 790 2556 828 suum
2582 772 2749 846 quod
2800 772 3041 829 evitaret
3068 773 3200 844 [al.,
3236 772 3588 830 emendaret

1923 862 2283 933 peccatum],
2311 877 2431 920 nec
2446 862 2656 918 merito
2687 861 3117 930 indulgeretur,
3148 861 3311 934 quod
3336 878 3459 919 non
3486 878 3583 919 ar-

1922 948 2097 1005 bitrio
2123 949 2413 1006 diluisset.
2447 954 2638 1007 Manet
2662 951 2865 1024 itaque
2891 950 2970 1005 ad
3001 951 3391 1023 quaerendam
3420 950 3581 1007 salu-

1923 1042 2042 1095 tem
2071 1038 2299 1095 arbitrii
2326 1039 2590 1107 libertas,
2621 1039 2685 1096 id
2715 1044 2822 1111 est,
2854 1039 3160 1096 rationalis
3188 1039 3485 1110 voluntas,
3516 1057 3582 1098 se

1922 1126 2285 1185 admonente
2314 1128 2481 1203 prius
2508 1132 2625 1185 Deo
2655 1132 2711 1186 et
2761 1126 3049 1185 invitante
3082 1128 3159 1185 ad
3190 1128 3466 1201 salutem,
3513 1136 3581 1188 ut

1920 1216 2016 1273 vel
2040 1216 2349 1289 eligat,vel
2380 1222 2687 1292 sequatur,
2708 1218 2805 1275 vel
2834 1222 2975 1291 agat
2994 1217 3311 1276 occasione
3342 1218 3576 1290 salutis;

1920 1306 2037 1363 hoc
2065 1312 2155 1364 est
2192 1308 2578 1382 inspiratione
2627 1308 2746 1366 Dei.
2808 1312 2880 1366 Ut
2925 1311 3126 1366 autem
3177 1315 3581 1383 consequatur

1920 1396 2089 1470 quod
2109 1396 2289 1468 eligit,
2320 1396 2417 1454 vel
2443 1397 2611 1472 quod
2640 1397 2928 1471 sequitur,
2942 1397 3038 1454 vel
3065 1397 3232 1471 quod
3262 1398 3579 1457 occasione

1921 1483 2064 1555 agit,
2097 1484 2199 1541 Dei
2227 1500 2359 1542 esse
2381 1484 2568 1542 libere
2616 1485 2992 1542 conﬁtemur.
3030 1485 3273 1543 Initium
3321 1503 3464 1559 ergo
3485 1504 3580 1546 sa-

1919 1571 2058 1629 lutis
2086 1576 2309 1631 nostrae
2358 1576 2478 1631 Deo
2507 1573 2829 1631 miserante
2857 1574 3177 1647 habemus,
3221 1579 3288 1632 ut
3313 1577 3581 1649 acquies-

147 1679 295 1719 cens
323 1662 681 1731 salvabitur;
730 1664 874 1736 quia
902 1664 1008 1736 qui
1051 1663 1147 1720 hic
1175 1664 1535 1737 prmvenitur
1561 1662 1724 1719 dono
1750 1664 1814 1718 ut
1846 1677 1887 1731 Β
1920 1677 2133 1719 camus
2163 1661 2481 1720 salutiferae
2506 1663 3114 1737 inspirationinostrae
3131 1665 3438 1739 potestatis
3467 1670 3577 1736 est;

146 1753 446 1808 innocens
478 1752 597 1817 tiat,
632 1768 769 1807 cum
798 1751 876 1811 ad
897 1751 1193 1823 judicium
1222 1752 1479 1821 ducitur,
1506 1767 1579 1807 ex
1602 1748 1814 1807 merito

146 1843 588 1895 remuneratur.
1170 1910 1181 1923 '

222 1928 514 1984 Gennadii
546 1928 810 2002 episcopi
837 1928 1213 1985 Massiliensis
1242 1928 1367 2001 (lib.
1390 1930 1579 1999 Deﬁn.
1604 1928 1811 1985 eccles.

149 2019 461 2089 dogmat).
497 2017 769 2075 Libertati
799 2017 1026 2074 arbitrii
1069 2018 1157 2074 sui
1189 2018 1553 2074 commissus
1586 2020 1675 2074 est
1700 2015 1811 2072 ho-

150 2123 274 2174 mo,
304 2106 509 2163 statim
541 2123 577 2163 a
601 2106 798 2180 prima
820 2107 1026 2164 mundi
1048 2108 1407 2175 conditione,
1432 2112 1517 2178 ut,
1550 2105 1717 2163 salva
1734 2104 1814 2161 vi-

145 2196 401 2266 gilantia
433 2195 987 2266 mentis,adnitente
1004 2195 1181 2253 etiam
1207 2196 1489 2269 praecepti
1517 2193 1809 2258 custodia,

140 2288 559 2358 perseveraret
604 2284 655 2340 si
685 2283 854 2341 vellet
908 2284 972 2340 in
1019 2284 1079 2341 id
1121 2285 1290 2358 quod
1336 2288 1572 2341 creatus
1616 2282 1810 2344 fuerat

141 2389 507 2448 permanere
534 2374 665 2443 [al.,
684 2373 879 2430 statim
905 2372 968 2430 in
988 2374 1185 2447 prima
1210 2374 1552 2431 conditione
1585 2377 1652 2431 ut
1679 2374 1811 2432 sola

213 2543 234 2564 '
257 2538 459 2592 Pauca
505 2536 634 2591 1)th
662 2534 845 2591 verba
874 2534 1162 2592 Gennadii
1206 2534 1543 2592 testimonio
1574 2534 1812 2607 subjicit

140 2608 594 2680 apographum,
621 2622 757 2679 quae
786 2607 929 2679 quia
958 2607 1149 2680 ipsius
1182 2607 1471 2663 Gennadii
1500 2622 1625 2663 non
1648 2611 1806 2676 sunt,

1919 1756 1987 1809 ut
2026 1751 2435 1826 adipiscamur
2481 1753 2649 1828 quod
2692 1752 3134 1827 acquiescendo
3181 1753 3580 1813 admonitioni

1920 1840 2219 1914 cupimus,
2251 1840 2436 1898 divini
2467 1846 2555 1899 est
2586 1841 2889 1898 muneris:
2937 1845 3002 1898 ut
3040 1858 3164 1899 non
3204 1842 3488 1901 labamur
3513 1844 3577 1902 in

1921 1928 2142 2002 adepto
2172 1930 2301 2002 [al.,
2342 1929 2611 2004 indeptO]
2662 1930 2872 1987 salutis
2907 1946 3181 1997 munere,
3242 1930 3577 1989 solitudinis

1919 2022 2140 2075 nostra;
2170 2023 2260 2076 est
2288 2019 2543 2076 ccelestis
2569 2020 2791 2094 pariter
2819 2020 3136 2093 adjutorii:
3170 2024 3237 2079 ut
3270 2019 3572 2092 labamur,

1919 2107 2230 2181 potestatis
2256 2112 2474 2165 nostra:
2501 2114 2590 2167 est
2609 2114 2667 2166 et
2691 2108 2967 2181 ignaviae.

2543 2199 2957 2256 CONCLUSIO.

1990 2286 2142 2342 Cum
2160 2285 2295 2359 ipso
2314 2285 2538 2360 pariter
2560 2289 2784 2344 aeterna
2795 2286 3164 2346 beatitudine
3188 2303 3573 2347 remuneran-

1917 2375 2030 2432 dos
2055 2378 2113 2432 et
2139 2379 2496 2446 regnaturos
2532 2379 2789 2450 exopto‘.

1918 2533 2239 2611 Prudentia
2266 2535 2545 2611 videntur
2568 2535 2909 2607 tribuenda,
2932 2541 2990 2594 et
3009 2540 3213 2611 aperte
3239 2537 3575 2596 conclusio-

1916 2622 2059 2663 nem
2087 2606 2353 2680 epistolm
2384 2607 2644 2681 sapiunt.

160 2731 3557 2761 Μ

992 2876 1666 2997 SANG'I'I
1734 2876 2724 2998 PBUDENTII

1496 3078 1872 3136 TRECENSIS
1911 3077 2227 3136 EPISCOPI

739 3268 989 3408 DE
1117 3263 2975 3411 PB/EDESTINATIONE

829 3517 1078 3565 CONTRA
1101 3496 1517 3565 JOANNEM
1552 3496 1909 3567 SCOTUM
1950 3518 2374 3565 coemens-nvo
2404 3494 2873 3565 ERIGENAM

1799 3662 1897 3703 εει]

132 3824 346 3889 Liber
371 3824 660 3890 Joannis
695 3825 876 3889 Santi
912 3850 1012 3892 υτιι
1034 3834 1254 3891 rectus
1287 3846 1324 3889 τι
1356 3824 1752 3907 Prudentia,
1798 3822 1942 3892 sive
1983 3843 2024 3891 a
2046 3822 2313 3892 caeteris
2350 3821 2692 3905 Patribus,
2726 3822 3066 3903 videlicet,
3108 3842 3152 3891 ι
3190 3822 3552 3910 Gregorio,

1070 3912 1516 4001 Hieronymo,
1553 3910 1919 4000 Fulgentio
1951 3918 2156 4001 atque
2182 3910 2634 4000 Augustino“,

1636 4061 1727 4070 ρ--ο
1747 4062 1784 4069 ο.
1799 4061 2041 4069 ...ρ--ο-

1505 4186 2187 4257 PIUEFA'I‘IID.

1624 4326 2041 4347 ᾗ

206 4461 728 4519 Heverendissimo
764 4462 917 4517 Patri
947 4466 1004 4517 et
1032 4462 1377 4519 beatissimo
1411 4462 1679 4535 pontiﬁci
1705 4462 1794 4518 in-
1830 4462 1870 4519 C
1908 4460 2122 4517 misisti
2145 4460 2290 4518 mihi
2306 4460 2640 4533 quamdam
2661 4460 3011 4517 schedulam
3031 4460 3240 4517 decem
3261 4465 3554 4517 etnovem

120 4554 220 4604 ter
267 4555 543 4621 pastores
590 4551 797 4606 Christi
840 4551 1162 4607 eminentia
1205 4557 1341 4607 Vitas
1388 4551 1792 4624 doctrinaeque

120 4638 475 4693 eximietate
501 4637 828 4695 clarissimo
883 4640 1210 4709 Guemmm,
1240 4641 1586 4695 Paitnnivrws
1631 4645 1790 4696 aeter-

120 4742 284 4782 nam
305 4727 367 4781 in
394 4727 642 4784 Domino
666 4727 941 4784 salutem.

197 4820 707 4889 Aecensus,prout
723 4816 1081 4888 decetatque
1098 4816 1479 4889 oportet,zelo
1492 4818 1792 4873 catholica:

122 4900 285 4957 ﬁdei
315 4907 373 4956 et
412 4919 554 4958 verse
593 4904 894 4961 cliaritatis
927 4906 1163 4967 all'eetu.
1221 4908 1390 4961 Pater
1427 4902 1790 4968 beatissime,

199 5036 227 5061 ει
258 5026 323 5081 In
348 5027 543 5108 prima
567 5028 1025 5108 paginacodicis
1045 5029 1436 5108 manuscripti
1453 5028 1634 5108 hujus
1654 5041 1793 5108 ope-

118 5098 233 5163 ris,
261 5098 371 5170 qui
409 5099 469 5153 in
500 5098 863 5170 monasterio
910 5100 1319 5157 Altivillarensi
1348 5098 1634 5170 servatur,
1666 5098 1795 5153 hinc

118 5168 436 5243 reperitur
457 5169 827 5243 observatio;
857 5170 958 5243 llic
978 5170 1147 5243 liber,
1165 5171 1268 5243 qui
1297 5170 1469 5243 quasi
1491 5168 1568 5226 ad
1597 5169 1795 5243 deten-

120 5239 373 5314 sionem
390 5239 539 5314 ﬁdei
569 5246 779 5297 contra
801 5239 1209 5314 inﬁdelitatem
1239 5239 1521 5314 loquitur,
1544 5244 1606 5314 et
1635 5240 1793 5295 testi-

118 5310 349 5368 monia
383 5310 823 5383 Scripturarum
850 5318 906 5368 et
932 5310 1361 5369 catholicorum
1391 5312 1639 5367 nomina
1662 5326 1794 5383 pro:

117 5382 266 5446 fert,
291 5386 471 5437 caute
491 5379 783 5453 legendus
814 5388 921 5449 est,
944 5386 1002 5439 et
1029 5384 1086 5439 in
1115 5384 1245 5453 ejus
1263 5383 1511 5439 lectione
1533 5379 1795 5453 Apostoli

114 5459 215 5509 est
242 5452 561 5525 sequenda
592 5454 1046 5525 sententia.qua
1076 5452 1248 5509 dieit:
1286 5454 1497 5525 Omnia
1525 5452 1793 5525 probate,

114 5523 529 5605 ςίιιοιίροηιιτῃ
544 5531 625 5580 est
636 5529 899 5605 teneteN
908 5541 941 5605 ξι
949 5523 1152 5605 uicem
1160 5525 1384 5605 positor
1395 5524 1444 5592 ej
1457 5540 1527 5605 us
1536 5523 1797 5605 ‘Pruden-

112 5593 248 5651 tius
279 5593 361 5649 de
389 5594 760 5666 quibusdam
805 5593 1219 5652 ecclesiasticis
1263 5593 1649 5662 dogmatibus
1675 5611 1795 5650 non

111 5664 942 5736 sensitcatholicc,sicutalia
954 5667 1084 5739 ejus
1096 5668 1315 5741 scripta
1326 5666 1757 5723 demonstrant.
1768 5689 1795 5716 ιι

1898 4549 2160 4623 capitula
2182 4550 2583 4606 continentem
2630 4565 2703 4605 ex
2731 4549 2883 4606 libro
2928 4549 3245 4620 cujusdam
3276 4550 3433 4606 Scoti
3464 4565 3555 4605 se-

1898 4638 2070 4709 lecta,
2094 4654 2131 4694 a
2157 4643 2362 4694 nostro
2410 4642 2471 4694 ut
2502 4638 2609 4704 ais,
2661 4654 2725 4694 se
2753 4638 3207 4711 quodammodo
3251 4637 3555 4694 intellectu

1899 4725 2271 4795 divertentia,
2289 4741 2513 4795 rogans
2536 4730 2591 4781 et
2611 4741 2862 4782 monens
2874 4731 2938 4782 ut
2951 4742 3325 4799 quaecunque
3340 4725 3401 4781 in
3423 4726 3506 4782 eis
3518 4741 3557 4782 a

1899 4830 2042 4871 vero
2062 4813 2458 4870 exorbitantia
2472 4815 2923 4887 comperissem,
2943 4816 3265 4889 unicuique
3284 4815 3360 4872 de
3388 4815 3555 4871 libris

1899 4901 2259 4971 evangelicis
2272 4908 2329 4958 et
2338 4904 2765 4962 catholicorum
2779 4905 3094 4962 doctorum
3107 4905 3557 4963 auctoritatibus

1975 5027 2089 5085 Sed
2118 5027 2233 5083 hoc
2263 5027 2561 5100 judicium
2587 5029 2733 5085 tanti
2759 5029 2863 5084 viri
2894 5030 3350 5086 sanctimoniam
3382 5030 3556 5087 lima-

1901 5104 2146 5181 tamque
2166 5103 2223 5181 e_t
2247 5099 2356 5181 san
2377 5116 2461 5156 un
2482 5099 2821 5181 doctrinam
2845 5101 3111 5181 minuere
3138 5116 3259 5181 non
3280 5100 3558 5181 debet,ex_

1901 5170 2156 5252 alicujus
2187 5170 2436 5252 fortasse
2465 5170 2656 5252 capite
2681 5170 3037 5252 profectum,
3084 5172 3410 5252 cujus_non
3431 5170 3559 5252 erat

1903 5257 1975 5298 ea
2009 5240 2306 5315 doctrinae
2354 5240 2782 5315 capacitas,_ut
2828 5241 3113 5315 operibus
3159 5240 3225 5299 ἰ).
3258 5240 3558 5299 Prudentii

1903 5311 2278 5394 perlegendis
2292 5311 2807 5440 (pervidendisque
2832 5311 3159 5395 sufficeret,
3173 5330 3309 5387 quas
3342 5317 3558 5385 myste-

1903 5399 2004 5439 rns
2020 5399 2093 5439 ex
2107 5399 2287 5440 recon
2335 5390 2391 5439 ιιι
2400 5399 2598 5439 ssimis
2619 5384 2675 5439 th
2682 5384 2986 5440 eosonhue
2998 5384 3194 5440 advtis
3206 5400 3276 5440 ac
3288 5388 3558 5440 penetra-

1902 5383 2004 5458 riis
2020 5399 2093 5439 ex
2107 5383 2391 5458 reconditi
2400 5383 2598 5458 ssimis
2619 5384 2675 5439 th
2682 5383 2986 5458 eosophiae
2993 5383 3276 5458 adytis—ac
3288 5383 3559 5458 penetra-

1902 5454 2061 5528 libus
2078 5455 2665 5528 petitisrefcrtissima
2684 5454 3010 5528 suut,quod
3029 5454 3340 5528 perspicue
3356 5454 3558 5527 palam

1905 5526 2179 5597 erit,cum
2206 5532 2577 5583 memoratus
2608 5527 2755 5582 liber
2776 5544 2806 5582 c
2840 5526 3094 5583 tenebris
3123 5526 3185 5581 in
3212 5526 3405 5581 lucem
3425 5541 3559 5597 pro-

1905 5596 2096 5652 dierit.
2130 5626 2196 5635 —
2225 5598 2344 5652 Nic.
2377 5597 2659 5652 Caesar.
2694 5600 3079 5665 TBICASSINUS,
3108 5597 3181 5666 in,
3202 5596 3558 5666 Promptua-

1907 5667 1998 5723 rio
2022 5666 2454 5739 antiquitatum
2482 5669 2830 5727 Trieassinae
2855 5669 3140 5735 diwcesis,
3160 5665 3265 5722 fol.
3291 5665 3415 5732 163.
