4098 6176
520 210 655 275 1011

1631 217 1687 270 S.
1732 202 2105 268 PRUDENTII
2141 202 2493 265 'I‘RICENSIS
2537 210 2842 269 EPISCOPI

3829 228 3971 278 NH?

524 337 785 396 devianti
808 336 1069 409 capitulo
1091 351 1362 407 congrua
1378 337 1796 411 depromerem
1818 332 2059 391 abunde
2086 345 2173 384 re-
2200 331 2246 383 Α
2288 346 2323 385 a
2352 332 2466 403 piis
2496 332 2818 389 lectoribus
2853 335 3079 391 credidi
3119 337 3551 408 judicandum,
3593 343 3639 395 si
3674 344 3793 397 tuis
3839 363 3969 398 mn-

526 444 773 502 sponsa.
820 426 1046 492 Quibus
1096 426 1365 483 decursis
1414 428 1777 500 solliciteque
1826 422 2172 498 perspectis,

523 515 719 590 reperi
761 516 824 572 in
844 516 927 572 eis
955 515 1284 586 Pelagianae
1306 532 1540 574 venena
1563 516 1847 591 perﬁdiae,
1868 519 1925 571 et
1952 513 2178 584 aliquo-

526 607 632 664 ties
668 605 938 676 Origenis
970 605 1318 675 amentiam,
1365 606 1963 679 Collyrianorumque
1989 604 2175 659 haere-

525 696 779 752 ticorum
825 692 1238 765 furiositatem,
1269 711 1530 770 quorum
1574 696 1787 753 merito
1816 710 1853 751 a
1877 693 2181 751 catholicae

524 784 667 841 ﬁdei
698 783 1027 841 cultoribus
1077 799 1149 841 ac
1192 785 1749 859 propugnatoribus
1793 782 2179 840 validissimis

525 873 833 945 confutati,
861 889 1235 947 censuraque
1258 875 1599 946 justissima:
1627 873 1952 931 severitatis
1990 872 2184 929 multo

527 965 664 1021 ante
693 967 902 1019 nostra
928 966 1203 1036 tempora
1224 964 1493 1020 damnati
1525 968 1681 1020 sunt.

599 1053 903 1124 Intremui,
934 1052 1141 1117 fateor,
1176 1056 1232 1109 et
1261 1054 1475 1126 expavi
1500 1058 1585 1109 tot
1614 1053 1755 1109 olim
1783 1067 2011 1109 errores
2041 1068 2179 1107 cum

528 1143 651 1200 suis
680 1141 1026 1199 auctoribus
1056 1142 1184 1214 jam
1231 1143 1457 1215 sopitos
1482 1142 1698 1199 nostris
1728 1142 1928 1198 denuo
1953 1145 2181 1213 tempo-

526 1231 695 1290 ribus
730 1226 1046 1307 pullulare,
1111 1233 1168 1287 et
1220 1230 1561 1288 deﬁcientes
1612 1231 1925 1305 quondam
1982 1229 2180 1287 fumos

527 1334 688 1379 nova
716 1334 951 1377 rursum
980 1321 1333 1377 accensione
1377 1336 1711 1393 erumpere,
1746 1321 1956 1393 suique
1977 1320 2180 1376 noxie-

528 1406 645 1468 tate
675 1409 1000 1467 multorum
1033 1409 1239 1467 oculos
1259 1410 1516 1481 caligare
1540 1429 1552 1466 :
1576 1410 1797 1485 quibus
1830 1414 1896 1466 ut
1913 1410 2183 1481 jusseras

526 1498 862 1559 refellendis
887 1515 1027 1556 cum
1043 1500 1315 1555 animum
1336 1514 1613 1572 pararem
1636 1498 2185 1573 appellere,laboris

527 1587 873 1645 difﬁcultate
888 1588 1230 1662 perterritus
1245 1588 1651 1645 deliberabam
1664 1588 1900 1661 penitus
1912 1588 2184 1644 omitten-

527 1677 699 1734 dum.
730 1678 953 1734 Verum
980 1677 1280 1734 monentis
1317 1680 1663 1733 auctoritate
1706 1691 2025 1750 perpensa,
2056 1674 2180 1731 dixi

528 1766 717 1825 satius
747 1782 886 1823 cum
924 1767 1117 1823 fructu
1162 1765 1537 1836 obedientiae,
1576 1766 1685 1822 etsi
1728 1766 1930 1821 minus
1977 1765 2176 1838 pleno,

528 1856 906 1930 aliquatenus
929 1855 1072 1929 labi,
1101 1872 1291 1930 quam
1328 1860 1594 1929 paternas
1641 1855 1985 1912 reverentiae
2033 1855 2182 1912 timi-

526 1942 707 2004 ditate
728 1946 968 2019 stupida
994 1946 1310 2003 contraire.

600 2035 915 2091 Animatus
954 2034 1155 2107 itaque
1207 2033 1432 2090 meritis
1473 2032 1763 2103 rogantis,
1814 2033 2187 2089 orationum;

524 2141 645 2199 que
681 2123 1115 2181 instantissime
1134 2122 1391 2196 puritate
1420 2123 1748 2192 scribentis,
1774 2122 1976 2179 visum
2006 2125 2093 2179 est
2118 2122 2188 2178 li-

524 2212 705 2270 brum
750 2211 1052 2277 eumdem,
1104 2211 1301 2283 siqua
1328 2210 1477 2267 forte
1502 2210 1753 2266 inveniri
1794 2213 2015 2283 posset,
2047 2209 2179 2265 dili-

527 2300 687 2372 genti
713 2298 1050 2357 curiositate
1071 2300 1435 2374 perquirere,
1458 2300 1630 2372 cujus
1660 2298 1807 2355 serie
1839 2296 2180 2355 Salebrosas

525 2394 833 2447 tantorum
874 2406 1144 2447 errorum
1188 2389 1479 2445 torsiones
1515 2388 1777 2445 valerem
1823 2386 2059 2445 facilius
2095 2388 2182 2443 in-

526 2479 676 2535 tueri
704 2497 720 2536 :
746 2494 869 2553 quo
898 2479 1091 2550 gratia
1116 2478 1241 2546 Dei,
1291 2478 1417 2533 sine
1442 2494 1565 2550 qua
1592 2477 1740 2533 nihil
1767 2494 1902 2532 sum
1933 2481 1990 2533 et
2036 2476 2186 2533 nihil

527 2556 806 2639 possum,
884 2570 951 2623 ut
1020 2572 1371 2638 optaveram
1444 2569 1742 2636 assecuto,
1814 2565 2185 2638 deprehendi

526 2658 825 2733 quantum
852 2654 1138 2710 divinitus
1183 2654 1506 2727 inspiratus
1548 2655 1736 2728 potui,
1776 2654 2019 2726 Pelagii,
2068 2657 2182 2711 Cae-

524 2729 699 2810 lestii,
723 2758 1054 2816 eorumque
1094 2743 1371 2816 sequacis
1410 2759 1482 2799 ac
1529 2744 1858 2800 defensoris
1905 2745 2180 2801 acerrimi

523 2832 767 2899 Juliani,
792 2848 901 2906 per
936 2832 1145 2890 omnia
1179 2837 1537 2892 sectatorem
1565 2836 1863 2893 Joannem
1908 2835 2185 2895 videlicet

527 2924 749 2979 Scorux
780 2926 944 2980 tanta
967 2922 1345 2996 impudentia
1368 2918 1719 2980 ofthodoxm
1746 2920 1891 2980 ﬁdei
1911 2922 2183 2981 Patribu‘

528 3028 681 3111 sque
734 3012 1043 3070 catholicis
1073 3012 1495 3111 oblatrantem,
1524 3028 1596 3111 ac
1627 3013 1675 3069 si
1732 3031 1890 3071 unus
1936 3014 2177 3088 spiritus
2210 3052 2258 3111 Ο

523 3102 822 3161 lulianum
882 3105 1300 3177 Joannemque
1343 3103 1630 3160 docuerit.
1686 3107 1847 3162 Unus
1900 3105 2181 3177 idemque

529 3193 778 3266 Spiritus
823 3192 887 3251 in
916 3193 1000 3251 eis
1023 3193 1218 3264 fuerit,
1249 3209 1361 3250 nec
1400 3193 1609 3267 dispar
1658 3195 1907 3269 Spiritus
1952 3210 2061 3269 per
2088 3212 2182 3251 eo-

522 3299 664 3341 rum
690 3282 951 3354 linguas,
1001 3287 1088 3341 tot
1133 3280 1448 3357 tantasque
1492 3278 2015 3357 blasphemiarum
2036 3301 2182 3343 nau-

528 3387 664 3428 seas
691 3372 1042 3429 evomuerit.
1070 3375 1212 3429 Nam
1240 3375 1298 3428 et
1327 3372 1649 3443 gratuitam
1680 3370 1782 3429 Dei
1802 3374 2057 3445 gratiam
2082 3390 2185 3447 pa-

525 3460 711 3516 riliter
736 3460 1120 3532 impugnant,
1151 3464 1210 3515 et
1242 3460 1343 3516 Dei
1374 3460 1670 3532 justitiam
1709 3460 1976 3518 similiter
2003 3463 2185 3520 dene-

530 3550 697 3618 gant,
728 3549 786 3602 et
810 3546 1101 3617 originale
1125 3551 1464 3619 peccatum,
1482 3547 1649 3619 quod
1668 3555 1986 3606 nascentes
2012 3552 2189 3609 trabi-

530 3650 669 3692 mus
698 3649 942 3708 quoque
965 3650 1091 3691 non
1119 3634 1233 3690 nisi
1255 3634 1472 3691 caelesti
1503 3636 1692 3706 gratia
1708 3653 1817 3709 per
1835 3640 2186 3710 mysterium

531 3723 918 3798 baptismatis
970 3724 1282 3793 solvimur,
1329 3724 1670 3781 indissimili
1700 3727 2041 3797 garrulitate
2069 3731 2186 3786 dis-

532 3814 809 3885 suadent,
845 3814 1217 3889 argutiisque
1244 3812 1565 3871 dialecticis
1597 3814 1900 3874 simillima
1926 3819 2187 3878 vanitate

530 3902 853 3977 desipiunt.
880 3904 1296 3961 Rectissimum
1336 3904 1515 3961 etiam
1546 3907 1893 3963 sanctarum
1924 3909 2183 3983 Scriptu-

529 4008 736 4050 rarum
767 3992 1149 4062 intellectum,
1190 3995 1551 4067 Petrumque
1589 3994 2018 4053 catholicorum
2049 4015 2182 4055 sen-

532 4098 671 4139 sum
699 4082 1091 4139 sanissimum
1132 4086 1258 4139 tam
1291 4082 1588 4139 concinna
1633 4084 2012 4143 varicositate
2048 4103 2182 4159 per-

532 4172 773 4227 vertunt
795 4186 867 4227 ac
904 4171 956 4228 si
1004 4187 1321 4245 nunquam
1372 4170 1658 4228 adversus
1697 4188 1907 4229 eorum
1950 4188 2183 4235 errores

532 4258 849 4332 quidpiam
872 4259 1046 4317 fuerit
1073 4260 1400 4317 actitatum.

607 4347 836 4414 Quibus
864 4365 1004 4406 cum
1029 4365 1066 4406 a
1081 4349 1377 4417 Patribus,
1394 4348 1814 4423 praecipueque
1834 4349 2185 4411 beatissimo

535 4436 885 4509 Augustino,
948 4435 1491 4510 competentissime
1547 4437 2187 4515 abundantissimeque

2287 420 2424 474 nilis
2459 423 2717 479 dictante
2766 425 2980 496 pietate
3032 426 3273 481 libenter
3308 427 3671 500 obsequens,
3706 432 3971 490 oﬂ’emn‘i

2284 525 2396 582 pro
2426 511 2526 566 vili
2583 514 2855 584 portione
2910 514 2971 569 in
2994 513 3251 571 donaria
3296 516 3667 575 tabernaculi
3726 509 3972 579 Domini

2287 600 2424 666 mei,
2456 617 2593 673 quae
2620 602 2872 674 possim,
2893 603 3238 676 relinquens
3268 607 3605 677 potioribus
3635 624 3706 665 ac
3737 611 3973 669 doctio'

2286 688 2476 759 ribus,
2505 705 2759 764 quaeque
2790 692 3002 748 melius
3034 693 3332 749 valuerint
3386 699 3444 751 et
3485 696 3791 755 voluerint
3820 701 3970 759 οϐε-

2287 779 2495 837 renda.
2540 783 2653 837 Nec
2691 798 2887 853 posse,
2918 785 2980 839 ut
3029 783 3110 839 ait
3158 786 3212 840 S.
3245 783 3668 859 Hieronymus,
3704 789 3958 847 alterius

2288 883 2452 941 opes,
2487 869 2725 926 alterius
2755 874 3107 942 paupertate
3140 872 3374 929 foedari.

2363 958 2571 1014 Fidens
2593 960 2769 1031 igitur
2797 961 2856 1016 in
2907 978 3035 1031 ejus
3067 963 3257 1031 gratia
3307 980 3429 1036 qua
3463 969 3878 1037 praweuimur
3905 978 3963 1027 ut

2288 1047 2442 1103 bene
2454 1048 3164 1122 velimus,subsequimur
3181 1068 3255 1106 ne
3273 1052 3492 1110 frustra
3510 1055 3963 1129 velimus,revo

2288 1136 2427 1192 Iutis
2472 1140 2711 1194 Patrum
2767 1140 3047 1195 consonis
3098 1157 3205 1213 per
3258 1142 3467 1199 omnia
3504 1147 3769 1216 paginis,
3814 1149 3962 1221 quid

2289 1225 2545 1298 quisque
2566 1242 2772 1282 eorum
2806 1228 3053 1284 antidoti
3080 1233 3288 1286 contra
3313 1230 3526 1287 eadem
3554 1250 3794 1292 venena
3823 1254 3964 1294 con-

2292 1313 2510 1377 fecerit,
2530 1315 2846 1388 decerpere
2864 1316 3115 1373 ﬁdeliter
3137 1319 3361 1386 curavi,
3385 1320 3635 1393 praaﬁxo
3664 1326 3962 1398 cujusque

2291 1403 2551 1459 doctoris
2580 1405 2846 1473 nomine,
2874 1404 3148 1480 libroque
3194 1410 3418 1480 pariter
3438 1409 3740 1468 intimate.
3768 1416 3960 1471 Verba

2289 1507 2533 1564 quoque
2562 1494 2832 1563 ejusdem
2850 1496 3096 1550 Joannis
3122 1502 3186 1551 ut
3206 1495 3286 1551 ab
3309 1512 3381 1552 eo
3407 1498 3639 1569 digesta
3668 1508 3812 1557 sunt
3832 1504 3958 1576 plu-

2290 1580 2458 1637 ribus
2487 1582 2633 1637 locis
2652 1582 2894 1651 inserui,
2916 1585 3243 1658 przeposito
3276 1586 3457 1644 etiam
3488 1592 3736 1647 nomine
3766 1592 3957 1664 ipsius

2292 1686 2431 1726 cum
2461 1672 2833 1742 praecedente
2850 1672 2995 1728 illud
3013 1677 3155 1729 nota
3173 1690 3308 1747 quae
3339 1677 3531 1733 Graece
3558 1677 3776 1735 dicitur
3795 1684 3952 1739 θῆτα.

2293 1774 2478 1832 quam
2507 1761 2811 1816 sententiis
2840 1762 3196 1835 capitalibus
3239 1763 3717 1822 damnandorum
3749 1769 3946 1845 aliqui

2288 1850 2637 1923 praecribere
2669 1850 2959 1911 solebant.
2976 1853 3040 1907 In
3067 1853 3271 1910 multis
3285 1854 3433 1910 enim
3450 1871 3563 1910 non
3593 1856 3777 1913 verba
3804 1859 3939 1928 ejus

2289 1940 2637 2013 interposui,
2668 1956 2800 2013 quae
2827 1941 3188 2013 loquacitate
3206 1943 3386 2000 nimia
3412 1944 3743 2015 legentibus
3770 1946 3940 2002 fasti-

2289 2030 2459 2085 dium
2483 2031 2779 2100 ingerunt,
2801 2031 2906 2085 sed
2930 2031 3209 2087 sensibus
3234 2049 3438 2089 eorum
3458 2050 3565 2105 pro
3587 2039 3774 2108 captu
3804 2052 3949 2090 mere

2289 2118 2629 2192 pusillitatis
2643 2119 2928 2176 veraciter
2943 2120 3202 2178 obviavi.
3232 2120 3579 2195 Ubicunque
3610 2130 3817 2179 autem
3838 2127 3947 2181 mei

2292 2209 2585 2264 sermonis
2597 2207 2966 2281 interpositio
2982 2210 3390 2267 necessarium
3416 2211 3619 2267 locum
3635 2213 3951 2285 expetit.ne

2290 2297 2437 2371 quid
2455 2297 2601 2353 mihi
2616 2297 3011 2365 tribuerem,si
3028 2299 3174 2372 quid
3188 2298 3335 2355 boni
3355 2316 3619 2374 superna
3636 2304 3834 2373 gratia
3853 2320 3949 2376 per

2292 2401 2443 2442 meae
2471 2385 2692 2457 linguae
2722 2401 3021 2456 organum
3050 2386 3418 2461 loqueretur,
3441 2395 3649 2448 notam
3670 2408 3946 2466 superpo-

2291 2491 2433 2532 nere
2463 2474 2685 2540 studui,
2715 2491 2851 2549 quae
2893 2476 3265 2550 Astigraphis
3311 2478 3599 2536 crisimon
3647 2496 3945 2553 nuncupa-

2291 2566 2407 2631 tur,
2436 2561 2728 2636 quoniam
2759 2563 2923 2620 velut
2951 2580 3419 2635 monogramma
3447 2567 3718 2625 nominis
3747 2569 3942 2626 Christi

2291 2651 2553 2723 etﬁgiare
2583 2652 2853 2726 quodam
2881 2654 3065 2709 modo
3091 2655 3368 2726 cernitur,
3392 2662 3459 2711 ut
3486 2657 3618 2728 ejus
3648 2660 3843 2714 totum
3866 2674 3939 2713 os-

2253 2737 2256 2741 ’
2291 2740 2595 2797 tenderem
2617 2738 2913 2814 quidquid
2932 2741 3319 2812 benignitatis
3341 2743 3528 2817 ipsius
3551 2744 3848 2816 largiﬂuis
3869 2742 3939 2803 in-

2289 2829 2627 2905 debilisque
2654 2831 3009 2889 muneribus
3040 2832 3603 2903 imbibissem,illud
3633 2836 3823 2892 etiam
3848 2853 3940 2892 ne-

2290 2921 2552 2977 cessario
2568 2920 2795 2978 credidi
2828 2923 3351 2995 pramonendum,
3384 2928 3449 2979 ut
3498 2930 3617 2981 tua:
3642 2925 3943 2983 beatitudi-

2289 3011 2382 3069 nis
2404 3011 2773 3086 perspicacia
2795 3012 3083 3069 subtiliter
3094 3012 3459 3088 solliciteque
3471 3016 3943 3089 attendat,quan-

2290 3104 2449 3161 tisse
2479 3103 2641 3159 idem
2660 3105 2919 3159 Joannes
2944 3104 3461 3161 contrarietatibus
3490 3105 3822 3179 impugnet,
3844 3108 3945 3178 qui

2292 3210 2366 3251 ea
2391 3210 2527 3267 quae
2560 3208 2721 3249 nunc
2763 3191 3041 3262 afﬁrmat,
3094 3198 3232 3267 post
3266 3195 3548 3265 denegat,
3591 3212 3719 3269 quae
3756 3195 3944 3251 modo

2291 3282 2531 3357 loquaci
2552 3282 2809 3339 vanitate
2838 3282 3138 3351 ditlltetur,
3166 3283 3563 3356 postmodum
3592 3284 3946 3357 loquacitate

2294 3372 2625 3429 Confitetur.
2662 3371 2824 3428 Adeo
2844 3377 2910 3427 ut
2939 3377 3044 3429 aut
3069 3388 3197 3429 non
3218 3372 3432 3430 viderit
3459 3374 3565 3447 qui
3585 3373 3825 3445 dixerit,
3849 3380 3946 3431 aut

2298 3479 2335 3521 θ,
2353 3461 2524 3518 nullo
2552 3477 2826 3534 unquam
2844 3460 3031 3518 videri
3057 3462 3372 3536 putaverit.

2376 3552 2588 3615 Quaeso
2616 3549 2795 3620 igitur
2825 3554 2880 3606 et
2908 3551 3113 3606 omnia
3159 3550 3472 3622 vigilanter
3506 3551 3778 3608 studiose
3825 3569 3948 3626 per-

2294 3638 2545 3695 metiens
2568 3637 2867 3710 quidquid
2900 3638 3150 3694 ﬁdeliter
3175 3638 3401 3695 dictum
3423 3639 3814 3711 judicaveris,
3846 3658 3947 3698 au-

2294 3726 2440 3784 ctori
2471 3726 2723 3782 Domino
2739 3726 2963 3797 gratias
2989 3727 3226 3798 agendo
3255 3728 3526 3800 deputes.
3549 3729 3604 3784 Si
3630 3730 3785 3803 quid
3813 3746 3948 3786 vero

2295 3816 2481 3889 (quod
2496 3814 2673 3887 absit)
2704 3832 2876 3872 secus
2898 3816 3180 3890 reperies,
3198 3816 3587 3873 imbecillitati
3612 3835 3766 3874 meae
3794 3836 3952 3875 com-

2291 3906 2524 3979 patiens
2552 3906 2874 3963 emendare
2899 3922 2975 3963 ne
3004 3906 3264 3963 differas.
3301 3906 3515 3980 Sicque
3542 3908 3809 3965 fructum
3835 3909 3948 3982 pia

2292 3995 2623 4053 devotionis
2650 3994 2952 4068 duplicato
2972 3994 3175 4052 fenore
3204 3997 3616 4069 consequeris,
3637 3997 3688 4051 si
3708 4003 3764 4053 et
3800 3998 3952 4053 votis

2290 4087 2388 4160 pie
2414 4085 2679 4158 jubentis
2707 4085 2805 4158 pie
2852 4084 3091 4158 prolata
3138 4086 3565 4159 respondeant,
3612 4092 3668 4143 et
3693 4086 3810 4143 alio
3855 4090 3951 4143 ni-

2292 4176 2475 4234 tentia
2499 4175 2579 4232 ad
2608 4191 2790 4231 suum
2818 4175 3116 4232 tramitem
3141 4175 3494 4247 dirigantur.
3528 4177 3813 4233 Orantem
3841 4192 3953 4248 pro

2291 4266 2440 4323 meis
2458 4263 2861 4337 multipliciter
2881 4264 3345 4338 prawalentibus
3365 4267 3582 4321 mentis
3604 4271 3661 4321 et
3682 4268 3949 4339 corporis

2295 4353 2739 4411 inﬁrmitatibus
2792 4355 3233 4411 sanctissimam
3265 4356 3710 4427 jpaternitatcm
3768 4359 3949 4412 Tuam

2301 4444 2486 4501 virtus
2517 4442 2943 4516 omnipotentis
2972 4445 3177 4515 gratiae
3206 4444 3301 4501 Dei
3330 4445 3631 4515 vigentem
3662 4461 3733 4501 ac
3765 4447 3950 4517 sospi-

555 4542 920 4600 responsum
952 4527 1145 4596 fuerit,
1179 4541 1568 4600 nequaquam
1597 4542 1697 4583 me
1734 4533 2224 4603 praesumptionis
2285 4544 2413 4599 tem
2444 4549 2683 4591 servare
2703 4532 3005 4604 dignetur.

537 4694 3919 4723 _———_—~W—————'

1695 4804 2252 4931 INCIPIT
2347 4812 2776 4932 LIBER

604 5126 670 5182 In
698 5125 942 5183 nomine
967 5128 1170 5198 Patris,
1202 5134 1259 5187 et
1285 5129 1431 5199 Filii,
1459 5133 1516 5187 et
1533 5130 1781 5205 Spiritus
1812 5133 2021 5204 sancti,
2045 5136 2181 5195 Pru-

530 5214 771 5273 dentius
794 5213 1060 5272 famulus
1083 5217 1294 5273 Christi
1320 5218 1680 5290 familiaeque
1705 5218 1856 5287 ejus.

1081 5337 1311 5423 CAPUT"
1346 5341 1637 5395 PRIMUM.

533 5461 877 5529 Quadruvio
918 5466 1264 5533 regularum
1298 5465 1475 5540 totius
1500 5465 1893 5540 pln'losuphiw
1928 5480 2180 5540 quatuor

947 5551 1171 5593 omnem
1205 5536 1579 5607 quaestionem
1613 5538 1766 5593 solvi

598 5656 1012 5733 Blasphemias
1069 5665 1221 5731 tuas,
1272 5665 1553 5735 Joannes,
1625 5670 1801 5738 atque
1874 5664 2182 5740 impuden-

2288 5139 2420 5207 tias,
2474 5141 2698 5214 quibus
2762 5143 2821 5197 in
2888 5141 2985 5197 Dei
3055 5140 3377 5209 gratuitam
3452 5138 3709 5207 gratiam
3785 5135 3945 5209 justi-

2287 5229 2552 5303 tiamque
2638 5230 3023 5286 inflexibilem
3097 5245 3326 5302 procax
3414 5227 3734 5295 inveberis,
3825 5240 3943 5300 per-

2288 5335 2462 5375 curso
2500 5324 2617 5375 tua:
2655 5319 3057 5393 perversitatis
3100 5317 3276 5385 libro,
3316 5334 3500 5392 quem
3543 5315 3658 5373 sub
3704 5316 3944 5373 nomine

2289 5408 2605 5473 cujusdam
2691 5407 3076 5463 Gottcscalchi
3169 5406 3458 5463 adversus
3557 5422 3775 5461 omnes
3860 5419 3941 5458 ca-

2289 5498 2540 5552 tholicos
2601 5496 2878 5559 ell‘udisti,
2934 5514 3004 5551 eo
3060 5496 3369 5551 molestius
3429 5496 3651 5567 accepi,
3715 5511 3843 5566 quo
3896 5498 3939 5545 ie‘

2287 5583 2635 5641 familiarius
2684 5584 3112 5657 amplectebar,
3178 5583 3521 5658 peeularius
3576 5583 3939 5656 diligebam:

2294 5672 2516 5747 quippe
2566 5675 2667 5746 qui
2726 5675 2781 5728 in
2842 5678 3071 5731 tantum
3136 5664 3391 5729 vesaniae
3451 5672 3818 5745 proruperis,
3886 5673 3940 5723 ut
