4112 6184
232 170 366 222 1013

1179 169 1267 222 DE
1298 162 1977 244 ΡΒΒΒΕὸΤΙΝΑἸΊΟΝΕ
2005 162 2285 219 CONTRA
2319 164 2367 216 J.
2408 165 2678 221 SCOTUM

3502 166 3641 219 1014

232 289 654 357 gravissimam
672 293 1017 344 sanctarum
1035 290 1473 361 Scripturarum
1492 290 1959 347 auctoritatemA
1991 286 2130 355 bus,
2164 290 2268 343 sed
2295 289 2729 361 Scripturarum
2775 291 3121 343 sanctarum
3169 288 3635 363 evidentissimis

228 377 342 432 tuis
388 376 588 448 pravis
618 377 1206 448 interpretationibus
1260 380 1668 450 detorqueres,
1691 393 1881 433 sensa-

224 480 343 537 que
402 464 834 520 catholicorum
884 467 1123 521 Patrum
1181 469 1480 537 perversis
1537 466 1881 523 invertenda

230 553 505 608 sensibus
567 552 882 607 edoceres:
935 553 1222 613 nimirum
1253 556 1661 627 quadruvium
1691 554 1882 627 quod-

226 641 367 698 dam
397 640 576 697 nobis
605 640 980 711 intelligendi
1014 643 1351 715 Scripturas
1376 643 1879 716 afﬁngens,quod

226 736 422 803 patres
449 730 663 802 nostri,
691 730 967 787 videlicet
995 747 1207 788 omnes
1233 733 1508 789 catholici
1535 738 1878 789 tractatores

228 819 431 875 divina
480 819 879 892 humanaque
909 821 1204 893 sapientia
1243 821 1681 895 prtefulgentes,
1738 837 1875 879 cum

226 909 414 964 multa
443 908 849 965 eruditissime
880 908 1476 983 loculentissimeque
1524 910 1754 967 ccelitus
1776 911 1877 966 im-

204 998 352 1053 buti
378 997 953 1070 exponendo,atque
984 999 1351 1071 intelligendi
1377 1001 1614 1071 regulas
1636 1000 1878 1055 modos-

224 1103 342 1159 que
368 1086 742 1142 locutionum
773 1086 1135 1159 multiplices
1162 1089 1487 1161 aperiendo
1510 1089 1873 1161 reliquerint,

224 1175 287 1230 in
312 1174 531 1247 quibus
560 1173 790 1229 nullam
813 1174 898 1230 tui
926 1177 1249 1247 quadruvii
1278 1178 1643 1234 mentionem
1668 1178 1876 1232 fecisse

225 1265 576 1338 probantur,
606 1264 847 1336 penitus
867 1271 1381 1339 comtempserunt
1408 1286 1419 1323 :
1471 1273 1875 1341 proponentes

224 1353 398 1409 nobis
441 1353 719 1409 videlicet
744 1360 803 1409 et
840 1354 1029 1410 multo
1060 1355 1354 1421 meliores,
1390 1356 1716 1417 sanctiores
1744 1356 1877 1412 doc-

223 1442 517 1515 tioresque
527 1441 947 1513 vias,quarum
959 1444 1351 1515 opitulatione
1375 1444 1636 1512 subnixi,
1657 1448 1714 1501 et
1735 1450 1877 1500 stro-

222 1531 483 1603 pharum
509 1535 751 1585 tuarum
781 1529 1129 1587 feculentias
1182 1533 1426 1599 evitare,
1471 1538 1528 1589 et
1552 1533 1871 1605 puritatem

1993 377 2413 443 allegatoribus
2452 386 2774 433 uterentur:
2796 394 2930 448 qum
2952 394 3241 449 quoniam
3272 378 3461 433 multa
3501 384 3638 434 sunt

1989 472 2046 523 et
2073 474 2190 524 tam
2221 469 2536 524 notissima
2560 474 2621 523 ut
2642 469 2778 523 huic
2806 467 2971 540 operi
2998 472 3213 522 cuncta
3229 467 3484 522 inserere
3504 468 3637 523 lon-

1989 571 2131 626 gum
2168 574 2239 612 ac
2270 560 2642 630 superﬂuum
2667 557 3170 629 judicetur,unius
3191 560 3424 611 tantum
3455 555 3637 613 Patris

1987 647 2343 703 sententiam
2369 648 2716 719 ponendam
2745 646 3054 713 duximus,
3079 646 3249 717 cujus
3266 643 3636 719 astipulatio-

1985 750 2060 790 ne
2122 734 2261 791 ﬁdei
2329 737 2553 792 caeteris
2614 736 2955 793 nullatenus
3011 734 3328 791 credulitas
3391 733 3636 804 deroge-

1986 828 2096 881 tur.

2058 915 2171 968 Leo
2202 913 2522 987 episcopus
2554 915 2733 970 Leoni
2762 917 3034 983 Augusto
3056 914 3273 983 (Epist.
3303 912 3455 982 164):
3481 911 3638 981 [Mul-

1985 1003 2055 1058 tis
2088 1003 2573 1059 manifestissime
2601 1004 2978 1060 documentis
3014 1004 3342 1077 probatum
3369 1017 3500 1058 esse
3526 1002 3635 1057 mi-

1982 1093 2042 1148 hi
2072 1093 2343 1161 gaudens
2363 1098 2657 1165 quantum
2678 1092 3003 1149 universali
3024 1093 3291 1148 Ecclesiae
3313 1092 3636 1147 consulatis

1985 1183 2220 1248 affectu,
2256 1184 2567 1255 praeceptis
2590 1182 2826 1255 pietatis
2864 1189 3098 1251 vestrae,
3132 1182 3235 1237 ubi
3276 1181 3541 1253 primum
3566 1180 3634 1236 li-

1984 1273 2124 1340 cuit,
2151 1288 2360 1345 parerc
2408 1289 2528 1329 non
2581 1272 2805 1342 distuli,
2851 1272 3115 1341 dirigens
3147 1270 3547 1326 Donatianum
3578 1274 3636 1326 et

1985 1361 2428 1433 Geminianum,
2442 1362 2650 1418 fratres
2667 1366 2723 1417 et
2742 1361 3134 1434 coepiscopos
3156 1360 3453 1431 meos,qui
3469 1359 3634 1433 apud

1984 1465 2092 1505 vos
2146 1466 2351 1523 preces
2402 1467 2549 1506 meae
2598 1450 3012 1507 sollicitudinis
3061 1453 3472 1521 exsequentes,
3521 1463 3631 1520 pro

1985 1539 2182 1611 quiete
2213 1539 2383 1595 vobis
2405 1540 2687 1595 doctrinae
2720 1539 3085 1609 Evangelicaa
3118 1537 3545 1610 supplicarent,
3575 1540 3633 1591 et

222 1618 836 1691 simplicissimaaﬁdei
857 1619 1204 1676 clarissimis
1221 1636 1290 1677 ac
1306 1620 1686 1677 suavissimis
1707 1621 1876 1677 fonti-
1903 1645 1948 1700 Β
1986 1627 2319 1684 libertatem
2352 1628 2512 1693 ﬁdei,
2559 1629 2618 1684 in
2667 1644 2790 1701 qua
2846 1628 3179 1684 secundum
3235 1625 3631 1682 eruditionem

218 1708 335 1763 bus
359 1708 599 1764 haurire
614 1712 672 1763 et
688 1708 1010 1780 propinare
1033 1709 1093 1764 in
1113 1710 1358 1765 nomine
1380 1715 1436 1766 et
1451 1710 1751 1780 adiutorio
1770 1726 1873 1766 au-

218 1795 543 1859 xiliatricis,
572 1795 697 1851 imo
724 1796 1148 1867 praeventricis,
1174 1798 1381 1867 gratias
1414 1797 1511 1853 Dei
1542 1797 1869 1870 possimus.

783 1900 1032 1941 JOANNES
1092 1901 1303 1949 SCOTUS

289 1972 460 2043 (Cap.
483 1978 533 2041 t,
557 1989 725 2029 num.
756 1972 957 2041 l,seet.
985 1974 1061 2045 l.)
1083 1978 1122 2027 Θ
1145 1974 1472 2031 Conﬁcitur
1498 1975 1638 2031 inde
1664 1990 1869 2030 veram

217 2061 665 2134 philosophiam
697 2077 828 2117 esse
854 2078 1063 2118 veram
1093 2062 1467 2133 religionem,
1510 2063 1872 2119 conversim-

217 2167 333 2224 que
370 2166 577 2207 veram
609 2150 958 2220 religionem
984 2168 1120 2207 esse
1163 2168 1361 2209 veram
1393 2152 1867 2225 philosophiam,

215 2255 351 2313 qua:
378 2238 526 2299 dum
556 2239 944 2297 multifariam
994 2240 1372 2313 diversisque
1422 2241 1619 2296 modis
1643 2241 1870 2297 (livida.

215 2332 329 2395 tur,
351 2327 448 2384 bis
480 2328 655 2384 binas
683 2333 881 2384 taman
907 2335 1106 2402 partes
1130 2329 1489 2402 principales
1520 2329 1597 2385 ad
1622 2346 1866 2387 omnem

214 2416 590 2489 questionem
608 2416 961 2477 solvendam
986 2419 1356 2475 necessarias
1382 2418 1605 2474 habere
1623 2419 1868 2487 dignos-

214 2506 388 2571 citur,
421 2522 577 2578 quas
634 2508 853 2563 Graecis
903 2507 1129 2581 placuit
1183 2509 1499 2565 nominare
1548 2513 1862 2582 Διαιρετικὴ,

214 2596 475 2669 ὁριστικὴ,
508 2593 898 2661 Ἃποδιικτικύ,
946 2597 1277 2667 ’Δναλντικὴ
1306 2598 1677 2670 easdemque
1704 2597 1867 2653 latin-

214 2685 344 2741 liter
363 2701 694 2758 possumus
723 2685 920 2742 dicere
950 2686 1317 2754 divisoriam,
1339 2686 1739 2753 difﬁnitivam,
1768 2688 1869 2743 de-

211 2776 697 2845 monstrativam,
719 2776 1146 2833 resolutivam:
1174 2793 1435 2850 quarum
1465 2776 1627 2833 enim
1666 2778 1863 2849 prima

211 2879 403 2919 unum
430 2863 493 2919 in
517 2863 709 2925 mutu
729 2864 1057 2921 dividendo
1082 2872 1373 2937 segregat,
1387 2865 1653 2923 secunda
1675 2881 1861 2921 unum

220 2951 296 3007 de
321 2952 519 3008 multis
541 2951 887 3009 deﬁniendo
911 2953 1159 3024 colligit,
1191 2955 1360 3017 tertia
1389 2970 1496 3027 per
1522 2953 1859 3020 manifesta,

209 3040 447 3099 occulta
474 3041 953 3101 demonstrando
988 3044 1418 3117 aperit,quarta
1437 3045 1771 3116 composita
1800 3044 1861 3098 in

208 3130 507 3203 simplicia
536 3132 882 3204 separando
911 3133 1174 3196 resolvit,
1199 3149 1408 3190 eorum
1456 3133 1634 3189 etiam
1666 3148 1863 3188 exem-

207 3219 316 3291 pla
343 3219 406 3275 in
423 3236 715 3291 processu
759 3222 940 3291 hujus
978 3223 1197 3295 operis,
1227 3226 1527 3295 quantum
1576 3221 1710 3293 ipsa
1736 3221 1860 3288 lux,

213 3323 352 3379 quas
382 3308 676 3367 illuminat
721 3326 827 3367 cor
868 3312 1268 3383 quaerentium
1297 3327 1381 3381 se,
1430 3312 1607 3368 nobis
1631 3311 1860 3367 aditum

214 3409 444 3467 rerum,
476 3413 628 3469 quos
652 3414 945 3457 conamur
980 3400 1232 3470 ingredi,
1262 3402 1559 3472 aperuerit
1606 3400 1863 3456 ostendi-

210 3500 355 3545 mus
389 3504 402 3541 :
426 3484 521 3542 his
550 3487 706 3544 enim
738 3493 1032 3561 tanquam
1044 3489 1170 3546 utili
1189 3489 1460 3561 quodam
1484 3489 1858 3561 honestoque

204 3575 492 3633 humanae
517 3577 991 3636 ratiocinationis
1020 3579 1358 3651 quadruvio
1410 3579 1490 3635 ad
1519 3579 1716 3651 ipsam
1745 3579 1861 3635 dis-

203 3664 464 3735 putandi
485 3664 891 3738 disciplinam,
917 3682 1053 3739 qua:
1108 3672 1166 3724 et
1192 3668 1429 3738 veritas,
1461 3669 1657 3724 omnis
1687 3668 1747 3724 in
1792 3684 1862 3725 ea

203 3753 476 3811 eruditus
513 3755 813 3827 perveniri
842 3771 964 3813 non
984 3756 1236 3814 dubitat.

888 3861 1190 3903 COIRBC’I'IO

281 3931 318 3996 'l‘
342 3932 578 3995 Quanta
604 3933 767 3989 enim
791 3938 1000 3993 contra
1028 3934 1297 3991 diversas
1328 3935 1582 3991 hmreses
1604 3936 1867 4004 majores

205 4020 397 4079 nostri
428 4020 678 4090 egerint,
705 4025 1000 4082 testantur
1029 4022 1285 4081 concilia
1312 4022 1516 4083 multis
1546 4022 1725 4079 totius
1773 4039 1867 4078 or-

205 4108 304 4164 bis
336 4109 611 4167 Patribus
640 4116 849 4167 sancto
904 4111 1126 4183 Spiritu
1179 4116 1524 4181 aggregata,
1578 4115 1867 4167 testantur

204 4204 350 4257 acta
376 4199 693 4271 synodica,
723 4204 1076 4271 attestantur
1105 4202 1286 4259 etiam
1315 4201 1630 4257 doctorum
1652 4200 1870 4273 proba-

202 4288 430 4347 bilium
471 4288 693 4360 scripta
722 4290 1008 4353 veridica,
1041 4290 1265 4362 quibus
1316 4291 1663 4347 auctoritate
1705 4290 1868 4346 insu-

202 4377 468 4450 perabili
501 4378 850 4452 simplicitas
881 4382 1063 4451 atque
1095 4380 1363 4437 soliditas
1393 4379 1466 4435 de
1508 4396 1571 4435 re
1597 4380 1733 4436 ﬁdei
1765 4380 1863 4435 de-

208 4465 389 4523 fensa
409 4469 589 4537 atque
612 4466 1031 4529 invincibiliter
1073 4469 1411 4540 approbata
1450 4484 1574 4524 non
1601 4470 1683 4525 tui
1725 4485 1871 4541 qua-

207 4554 421 4617 druvii
452 4554 611 4610 tricis
630 4556 896 4613 involuta
922 4572 992 4615 ac
1016 4556 1277 4617 deterius
1301 4556 1609 4627 implicata
1628 4557 1866 4623 dignos

206 4644 392 4703 citur.
423 4647 570 4701 Nam
600 4646 1121 4716 quemadmodum
1152 4651 1457 4713 gestorum
1503 4647 1710 4703 ordine
1764 4648 1872 4703 Pa-

1985 1717 2243 1789 Spiritus
2276 1719 2465 1774 sancti
2489 1719 2614 1790 ipse
2641 1718 2940 1791 prmcipue
2979 1717 3225 1787 emines,
3259 1715 3627 1782 obtinerent;

1983 1806 2236 1878 repulsis
2265 1807 2474 1879 procul
2500 1807 2773 1861 hostibus
2802 1806 3009 1864 Christi
3041 1806 3146 1878 qui
3167 1803 3399 1860 etiamsi
3413 1803 3633 1859 voluisa

1981 1899 2113 1951 sent
2138 1894 2400 1951 furorem
2430 1912 2610 1951 suum
2642 1901 2858 1965 tegere,
2890 1911 3013 1951 non
3036 1894 3304 1959 laterent,
3336 1893 3481 1964 quia
3513 1891 3630 1948 alia

1980 1988 2068 2039 est
2098 1984 2388 2040 Dominici
2444 1984 2639 2053 gregis
2674 1988 2881 2039 sancta
2929 1982 3300 2058 simplicitas,
3350 1980 3467 2036 alia
3513 1980 3626 2035 sub

1977 2073 2194 2129 vestitu
2216 2074 2419 2129 ovium
2446 2073 2746 2128 simulatio
2784 2072 3094 2128 latentium
3125 2070 3453 2127 bestiarum
3478 2087 3491 2137 ;
3516 2084 3627 2123 nec

1975 2165 2234 2236 possunt
2256 2163 2382 2233 jam
2413 2178 2520 2234 per
2539 2161 3209 2235 hypocrisimirreperc,
3253 2175 3408 2232 quos
3448 2162 3626 2214 tanta:

1976 2252 2143 2308 furor
2172 2251 2865 2307 manifestavltinsaniee.
2898 2256 3169 2321 Agnosce
3198 2249 3396 2319 igitur,
3446 2264 3626 2304 vene-

1973 2341 2184 2397 rabilis
2212 2342 2556 2413 imperator,
2582 2342 2641 2395 in
2664 2346 2958 2413 quantum
2984 2340 3161 2395 totius
3186 2338 3399 2395 mundi
3424 2338 3627 2411 praesi-

1975 2432 2144 2487 dium
2184 2431 2387 2485 divina
2435 2431 2514 2485 sis
2569 2430 2945 2501 providentia
2974 2432 3368 2501 prmparatus,
3392 2432 3450 2484 et
3476 2426 3624 2500 quid
3730 2468 3737 2473 ι

1922 2562 1932 2570 .
1975 2521 2179 2577 auxilii
2199 2521 2375 2576 matri
2406 2526 2521 2575 tuae
2554 2519 2828 2574 Ecclesiae
2851 2518 3094 2582 debeas,
3119 2535 3255 2591 quas
3271 2524 3326 2573 te
3345 2516 3464 2572 tilio
3496 2532 3624 2572 ma—
3733 2524 3753 2545 '

1973 2607 2134 2661 xime
2167 2604 2473 2673 gloriatur,
2506 2604 2785 2673 intellige.
2806 2605 2936 2659 Non
2953 2603 3228 2658 sinantur
3255 2606 3464 2658 contra
3484 2600 3624 2655 dex-

1977 2694 2113 2746 terae
2144 2689 2574 2761 omnipotentis
2604 2688 2940 2760 triumphos
2977 2686 3258 2743 redivivis
3309 2700 3623 2759 assurgere

1974 2777 2241 2834 motibus
2272 2777 2563 2835 exstincta
2607 2776 2957 2844 certamina,
3011 2775 3345 2848 praesertim
3395 2790 3535 2829 cum
3560 2772 3623 2829 id

1971 2866 2276 2923 damnatis
2298 2865 2664 2936 jamdudum
2693 2865 3110 2920 hasreticorum
3142 2862 3390 2918 ausibus
3433 2861 3632 2919 omni-‘

1971 2970 2054 3011 no
2076 2970 2203 3010 non
2234 2953 2426 3019 liceat,
2455 2968 2513 3017 et
2531 2954 2629 3007 hic
2660 2954 2885 3009 fructus
2920 2952 3035 3024 piis
3063 2950 3375 3007 laboribus
3402 2950 3622 3006 debea-

1970 3045 2086 3111 tur,
2122 3046 2185 3096 ut
2208 3040 2408 3096 omnis
2437 3039 2711 3096 Ecclesia:
2755 3039 3065 3111 plenitudo
3089 3038 3152 3096 in
3203 3053 3329 3092 sua;
3376 3035 3621 3092 unitatis

1977 3131 2274 3187 soliditate
2303 3144 2514 3185 secura
2551 3133 2921 3200 permaneat,
2967 3127 3235 3198 nihilque
3262 3141 3508 3198 prorsus
3545 3125 3621 3180 de

1973 3222 2129 3278 bene
2155 3218 2503 3291 compositis
2541 3221 2888 3273 retractetur
2915 3234 2928 3271 :
2960 3218 3105 3289 quia
3135 3222 3269 3288 post
3318 3214 3617 3285 legitimas

1977 3314 2034 3366 et
2057 3306 2344 3365 divinitus
2393 3305 2716 3378 inspiratas
2746 3305 3202 3375 constitutiones
3233 3303 3383 3359 velle
3414 3303 3622 3358 conﬂi-

1973 3414 2111 3469 gere
2130 3412 2255 3452 non
2285 3395 2519 3468 paciﬁci
2569 3398 2655 3451 est
2684 3393 2892 3463 animi,
2925 3394 3032 3449 sed
3074 3393 3329 3459 rebellis,
3385 3392 3618 3449 dicente

1973 3484 2284 3558 Apostolo:
2314 3484 2462 3545 Noti
2484 3482 2675 3539 verbis
2700 3483 3089 3538 contendere:
3116 3482 3195 3538 ad
3224 3483 3381 3538 nihil
3397 3486 3480 3537 est
3509 3481 3624 3537 uti-

1974 3580 2048 3643 te,
2082 3576 2201 3632 nisi
2227 3574 2307 3630 ad
2343 3574 2777 3629 subversionem
2824 3573 3193 3629 audientium
3261 3573 3350 3644 (II
3378 3574 3521 3629 Tim.
3554 3586 3619 3639 ιι,

1979 3667 2087 3733 lt).
2120 3668 2266 3721 Nam
2298 3663 2347 3717 si
2373 3662 2661 3718 humanis
2685 3661 3181 3733 persuasionibus
3221 3677 3458 3735 semper
3503 3661 3623 3717 dis-

1973 3759 2209 3827 ceptare
2237 3754 2311 3807 sit
2346 3751 2623 3820 liberum,
2648 3766 2963 3822 nunquam
2987 3751 3194 3807 deesse
3223 3752 3623 3823 poteruntqui

1976 3843 2202 3900 veritati
2235 3841 2501 3897 audeant
2529 3840 2824 3905 reluctari,
2855 3844 2912 3895 et
2938 3839 3351 3895 demundanse
3385 3841 3624 3910 sapien-

1964 3918 2071 3989 tiae
2101 3930 2462 4003 loquacitate
2490 3927 2823 3985 conﬁdere:
2871 3943 3012 3983 cum
3048 3927 3203 3983 hanc
3272 3928 3626 3989 nocentissi-

1978 4006 2140 4092 mam
2178 4019 2528 4085 vanitatem,
2553 4020 2852 4088 quantum
2877 4015 3094 4079 debeat
3120 4016 3271 4080 ﬁdes
3291 4017 3628 4081 Christiana

1977 4111 2273 4177 vitare,ex
2303 4108 2431 4180 ipsa
2461 4104 2693 4165 Domini
2732 4105 2920 4165 nostri
2970 4106 3114 4167 Jesu
3151 4105 3363 4169 Christi
3394 4107 3629 4171 instita.

1980 4202 2138 4256 tione
2156 4200 2502 4269 cognoscat,
2534 4194 2639 4275 qui
2671 4210 2882 4255 omnes
2913 4199 3186 4259 nationes
3231 4196 3311 4261 ad
3339 4196 3631 4261 illuminas

1985 4292 2209 4355 tionem
2237 4286 2373 4353 ﬁdei
2396 4290 2734 4349 vocaturus,
2766 4301 2889 4349 non
2910 4284 2985 4351 de
3013 4284 3385 4358 philosophis
3411 4291 3516 4349 aut
3554 4287 3632 4345 de

1901 4348 1949 4401 Β
1980 4349 2339 4444 oratoribus,
2361 4377 2464 4448 qui
2496 4374 2886 4447 praedicando
2919 4348 3635 4445 Evangelio-famularen-

1981 4476 2094 4537 tur,
2120 4467 2317 4535 elegit,
2342 4465 2446 4522 sed
2477 4465 2552 4520 de
2600 4463 2934 4529 humilibus
2988 4468 3045 4523 et
3072 4464 3493 4536 piscatoribus,
3526 4482 3635 4537 per

1982 4575 2137 4637 quos
2168 4573 2231 4623 se
2251 4555 2675 4621 manifestaret,
2718 4553 3065 4626 assumpsit,
3095 4568 3171 4609 ne
3197 4553 3467 4615 doctrina
3520 4570 3639 4609 εαξη

1985 4649 2169 4723 lestis,
2214 4662 2349 4723 quze
2381 4649 2505 4699 erat
2537 4644 2719 4723 plena
2746 4644 3054 4709 virtutum,
3087 4643 3309 4701 auxilio
3338 4643 3641 4703 videretur

212 4737 505 4804 trumque
532 4732 740 4789 litteris
760 4733 1014 4794 ﬁdeliter
1035 4735 1389 4795 edocemur:
1423 4752 1561 4790 cum
1607 4741 1665 4792 et
1709 4735 1874 4807 apud
1988 4738 2252 4805 indigere
2282 4733 2626 4799 verborum.
2657 4732 2820 4793 Unde
2851 4732 3172 4804 Apostolus
3196 4738 3643 4805 protestatur,et

218 4821 513 4881 Niceranr
539 4827 597 4877 et
621 4838 807 4893 penes
837 4822 1295 4891 Chalcedonem,
1348 4825 1665 4894 Ephesum,
1693 4825 1875 4880 Cons-
1990 4825 2165 4887 dicit:
2203 4825 2336 4887 Nan
2362 4824 2518 4889 enim
2544 4824 2700 4878 misit
2731 4838 2821 4881 me
2877 4822 3151 4881 Christus
3179 4824 3505 4892 baptizare,
3539 4826 3642 4880 sed

215 4908 668 4982 tantiuopolim,
726 4913 1119 4979 Antiochiam,
1184 4914 1693 4985 Mesopotamiam,
1736 4914 1881 4969 Afri-
1992 4915 2449 4984 evangelizare;
2479 4929 2597 4969 non
2631 4914 2690 4967 in
2740 4912 3035 4981 sapientia
3084 4914 3267 4979 verbi,
3298 4929 3373 4971 ne
3401 4930 3644 4972 evacua-

209 4999 674 5067 cam,Romam.
693 5001 933 5073 aliaque
950 5001 1083 5059 loca
1097 5001 1565 5075 quamplurima,
1591 5002 1883 5067 adversus
1995 5012 2097 5069 tur
2124 5018 2278 5075 cruat
2314 5001 2571 5071 Christi:
2600 5001 2840 5059 verbum
2868 5002 3021 5061 enim
3045 5004 3241 5063 crucis
3253 5006 3649 5072 pereuntibus

208 5087 539 5151 catholicae
602 5088 742 5163 ﬁdei
802 5090 1278 5165 impugnatores.
1332 5092 1584 5153 diversis
1636 5092 1889 5165 quidem
1997 5095 2233 5171 quidem
2265 5092 2525 5151 stultitia
2554 5096 2636 5147 est
2664 5106 2685 5155 ,·
2702 5090 2793 5145 his
2817 5095 3015 5149 autem
3041 5093 3149 5162 qui
3162 5094 3322 5157 salvi
3346 5095 3503 5161 ﬁunt
3531 5095 3656 5151 vim

211 5176 449 5241 modis,
473 5176 579 5235 sed
601 5178 817 5239 eadem
848 5178 985 5234 ﬁdei
1004 5178 1337 5243 sinceritate
1369 5182 1730 5239 unanimiter
1750 5197 1887 5251 age-
1999 5192 2091 5259 tas
2122 5184 2231 5251 Dei
2245 5188 2347 5240 est.
2372 5182 2675 5249 Scriptum
2700 5186 2784 5239 est
2800 5183 2953 5243 enim
2972 5197 2993 5236 ,ο
3009 5181 3269 5242 Perdam
3290 5185 3647 5253 sapientiam

207 5271 408 5331 retur,
445 5269 502 5323 et
530 5265 683 5327 inter
708 5266 1180 5327 conﬂictandum
1225 5284 1366 5340 pars
1391 5269 1642 5329 adversa
1671 5270 1888 5327 dialec-
2000 5273 2439 5342 sapientium,et
2469 5271 2857 5340 prudentiam
2870 5272 3265 5341 prudentium
3294 5273 3644 5342 remobabo.

212 5355 383 5423 ticis,
448 5355 571 5410 imo
637 5356 980 5428 sophisticis
1040 5357 1530 5417 conclusionibus
1588 5359 1887 5427 niteretur,
2006 5363 2112 5419 Ubi
2136 5362 2418 5431 sapiens?
2449 5362 2551 5415 ubi
2588 5362 2849 5417 Scriba?
2899 5364 3002 5417 ubi
3049 5364 3416 5433 conquisitor
3469 5364 3650 5434 hujus

214 5442 427 5506 sancti
452 5444 664 5514 procul
691 5444 879 5501 dubio
904 5444 1156 5517 Spiritus
1194 5447 1603 5503 incordatione
1650 5465 1685 5503 a
1720 5448 1897 5512 Patri.
2003 5453 2209 5508 seaculi
2225 5454 2251 5505 Ὺ
2270 5452 2483 5505 Nonne
2506 5453 2751 5507 stultam
2798 5453 2941 5519 fecit
2978 5453 3128 5507 Deus
3157 5455 3512 5521 sapientiam
3547 5454 3654 5511 hu-

208 5533 348 5591 bus
377 5538 623 5590 cautum
672 5538 759 5591 est
791 5540 852 5590 ut
898 5534 1241 5593 defensores
1291 5540 1897 5610 propugnatoresque
2006 5542 2102 5609 ius
2118 5538 2329 5594 mundi
2348 5538 2408 5608 (Ι
2428 5539 2563 5594 Cor.
2590 5556 2628 5603 ι,
2658 5539 2867 5607 Πυὲογῑ
2888 5544 3253 5611 Argumenta
3270 5542 3432 5596 enim
3460 5542 3658 5599 rheto-

213 5620 529 5693 simplicis
569 5623 728 5695 ﬁdei,
777 5639 1164 5696 nequaquam
1228 5624 1563 5699 sophisticis
1608 5625 1893 5684 illusioni—
2007 5628 2149 5687 rica,
2188 5631 2244 5682 et
2267 5626 2553 5683 institutas
2607 5627 2685 5685 ab
2727 5628 3079 5686 hominibus
3126 5631 3401 5686 versutiae
3452 5630 3656 5701 dispu-
