4098 6176
425 104 559 161 1015

1486 104 1547 162 8.
1583 103 1953 160 PBUDENTII
1999 101 2388 161 TRECENSIS
2449 103 2760 161 EPISCOPI

3734 99 3876 152 1016

422 228 589 285 tandi
619 226 678 282 in
709 243 781 282 eo
811 226 1111 298 praecipue
1143 227 1491 295 gloriantur,
1517 230 1564 285 si
1591 229 1649 283 in
1676 227 1856 283 rebus
1885 227 2074 282 incer-
2103 231 2151 283 A
2193 229 2446 285 crudum
2491 231 2656 302 quid,
2688 243 2877 299 neque
2901 233 3130 282 coctum
3184 239 3346 296 aqua
3387 224 3612 292 (Exod.
3655 237 3774 288 xu,
3798 223 3880 294 9).

426 317 500 374 tis
526 322 583 374 et
611 315 966 389 opinionum
998 316 1278 372 varietate
1300 318 1564 374 confusis
1590 317 1666 374 ad
1688 318 1801 372 hoc
1833 316 2078 372 audien-

427 407 578 463 tium
609 407 847 461 trahant
877 419 1147 475 sensum,
1199 406 1366 477 quod
1419 407 1814 462 asserendum
1841 405 2081 476 ingenio

431 499 612 567 atque
640 494 878 567 eloquio
908 511 1017 550 suo
1066 495 1322 568 quisque
1367 495 1679 566 delegerit;
1711 500 1768 552 et
1820 495 1902 551 ita
1929 494 1996 551 ﬁt
2020 498 2085 551 ut

429 583 598 656 quod
629 583 860 653 majore
889 581 1175 640 facundia
1203 583 1562 655 defenditur,
1613 584 1810 641 verius
1837 584 2086 640 aestime-

431 676 548 729 tur.
583 671 698 728 Sed
719 671 930 728 Christi
959 672 1350 741 Evangelium
1378 674 1491 730 hac
1521 679 1646 730 arte
1675 689 1798 730 non
1836 672 2084 742 indiget,

433 761 497 816 in
525 775 646 832 quo
697 759 970 816 doctrina
1020 762 1279 816 veritatis
1329 777 1440 818 sua
1490 762 1621 818 luce
1653 761 2082 828 manifestatur,

435 865 546 906 nec
577 849 864 920 quaeritur
891 849 1038 921 quid
1071 849 1322 908 auribus
1351 851 1608 923 placeat,
1639 851 1741 907 ubi
1762 867 1917 906 verte
1947 848 2087 905 ﬁdei

437 936 655 994 sufﬁcit
689 937 839 992 scire
865 936 1003 1005 quis
1034 937 1294 1010 doceat.]

509 1027 546 1094 “1-
570 1028 714 1083 Item
745 1031 883 1094 post
911 1027 1134 1100 aliqua,
1161 1029 1274 1083 Leo
1299 1029 1510 1095 (ibid).
1545 1029 1792 1099 [Utatur,
1817 1028 2088 1098 obsecro,

444 1115 902 1172 ClementiaTua
926 1115 1348 1187 praedictorum
1379 1117 1628 1173 fratrum
1652 1133 1924 1173 meorum
1951 1133 2092 1188 sug-

441 1205 828 1275 gestionibus,
857 1220 1032 1276 quos,
1074 1204 1223 1260 sicut
1269 1205 1632 1276 jamdudum
1664 1206 1724 1262 in
1771 1205 2086 1279 praemissa

440 1293 690 1366 epistola
713 1310 848 1348 sum
876 1292 1134 1363 locutus,
1163 1310 1284 1350 non
1311 1294 1721 1366 disputaturos
1749 1312 1888 1351 cum
1914 1295 2086 1351 dam-

441 1383 621 1453 natis,
670 1381 778 1438 sed
811 1381 1257 1454 supplicaturos
1295 1383 1468 1440 vobis
1507 1399 1617 1456 pro
1638 1385 1943 1440 catholicae
1961 1389 2090 1440 tan-

446 1475 575 1528 tum
598 1471 739 1527 ﬁdei
760 1470 1078 1527 stabilitate
1100 1471 1334 1542 direxi.]

2193 319 2338 372 Ecce
2357 317 2486 389 jam
2517 334 2630 375 nos
2656 318 2788 390 ipsa
2810 315 2994 372 verba
3022 313 3376 371 historiaeab
3398 311 3721 368 intellectu
3755 310 3884 366 his-

2191 405 2375 462 torico
2405 406 2718 479 repellunt,
2737 403 3032 476 nunquid,
3060 402 3271 458 fratres
3300 400 3885 469 charissimi,lsrae-

2190 493 2384 550 liticus
2414 495 2510 551 ille
2539 493 2802 568 populus
2829 494 2892 549 in
2941 495 3196 565 Egypto
3255 489 3623 547 constitutus
3663 505 3882 546 come-

2192 583 2334 640 dere
2363 599 2592 654 agnum
2618 583 2872 639 crudum
2896 584 3310 644 consueverat,
3345 585 3409 636 ut
3439 579 3492 635 ei
3520 579 3619 636 lex
3648 579 3834 635 dicat
3865 595 3881 631 :

2193 673 2327 728 Non
2355 673 2664 729 comedetis
2679 688 2755 729 ea:
2779 687 2842 728 eo
2872 671 3127 728 crudum
3155 669 3323 740 quid,
3358 667 3463 723 ubi
3485 673 3543 724 et
3571 667 3878 723 additur:

2194 776 2381 832 neque
2404 766 2633 818 coctum
2672 776 2851 833 aqua.
2885 759 3023 831 [Sed
3067 757 3214 831 quid
3279 773 3460 830 aqua,
3491 756 3612 813 nisi
3647 757 3884 813 huma-

2195 864 2340 905 nam
2371 849 2682 906 scientiam
2709 849 3001 927 designat,
3029 847 3202 919 juxta
3227 847 3341 902 hoc
3364 845 3532 918 quod
3553 861 3668 918 per
3699 845 3881 902 Salo-

2197 953 2440 994 monem
2466 938 2578 995 sub
2609 937 3018 994 haereticorum
3048 951 3193 992 voce
3221 934 3470 991 dicitur:
3502 935 3706 1006 Aquae
3726 936 3881 1004 fur-

2201 1028 2338 1084 tiva’
2362 1028 2660 1084 dulciores
2689 1033 2827 1083 sunt
2859 1027 3061 1094 (Prov.
3097 1041 3176 1094 ιιι,
3209 1023 3447 1096 7),quid
3478 1023 3687 1079 crudae
3725 1023 3879 1093 agni

2201 1131 2412 1172 carnes
2441 1115 2554 1171 nisi
2583 1114 3090 1172 inconsideratam
3121 1130 3190 1169 ac
3232 1113 3361 1168 sine
3386 1111 3734 1168 reverentia
3773 1128 3876 1168 co-

2203 1204 2502 1274 gitationis
2528 1203 2789 1260 relictam
2823 1203 2978 1259 illius
3010 1201 3448 1258 humanitatem
3483 1203 3869 1272 signiﬁcant:

2203 1309 2382 1348 omne
2413 1293 2574 1348 enim
2605 1292 2773 1366 quod
2797 1291 3095 1348 subtiliter
3124 1289 3482 1360 cogitamus,
3500 1290 3676 1362 quasi
3696 1305 3875 1346 men-

2204 1387 2260 1438 te
2290 1381 2647 1454 coquimus:
2673 1381 2775 1438 sed
2798 1380 2939 1451 agni
2965 1396 3104 1436 caro
3133 1395 3243 1436 nec
3273 1379 3464 1435 cruda
3490 1378 3730 1435 edenda
3753 1382 3870 1446 est,

2206 1487 2317 1527 nec
2345 1487 2506 1544 aqua
2535 1475 2722 1542 cocta,
2754 1471 2899 1544 quia
2925 1470 3289 1542 Redemptor
3306 1473 3509 1525 noster
3524 1484 3718 1541 neque
3746 1485 3868 1540 pu-

519 1560 554 1624 ’ἱ-
575 1563 718 1614 Item
750 1558 829 1613 ad
869 1559 1150 1614 eumdem
1185 1562 1296 1615 Leo
1323 1561 1540 1630 (Epist.
1587 1565 1732 1630 162).
1773 1563 2096 1632 [Detestan-
2127 1583 2168 1638 Β
2208 1577 2312 1616 rus
2344 1561 2528 1616 homo
2557 1560 2946 1616 aestimandus
2976 1563 3083 1625 est,
3118 1574 3315 1631 neque
3380 1574 3486 1630 per
3524 1559 3866 1614 humanam

447 1647 593 1703 dum
627 1662 770 1717 ergo
799 1647 976 1702 nobis
1010 1651 1098 1704 est
1141 1655 1712 1723 perseveranterque
1759 1651 2096 1723 vitandum,

447 1733 616 1808 quod
644 1735 811 1791 fraus
832 1736 1114 1793 haeretica
1155 1737 1357 1794 nititur
1387 1738 1675 1811 obtinere,
1730 1756 1840 1797 nec
1895 1741 1954 1796 in
1993 1741 2100 1797 ali-

448 1841 636 1898 quam
665 1825 1163 1899 disceptationem
1194 1827 1289 1899 pie
1343 1833 1400 1885 et
1451 1829 1625 1902 plene
1653 1829 1901 1886 deﬁnita
1931 1846 2100 1886 revo-

450 1915 648 1970 canda
679 1921 838 1987 sunt,
869 1931 944 1971 ne
973 1915 1050 1971 ad
1082 1915 1392 1973 arbitrium
1421 1916 1851 1975 damnatorum
1885 1920 2000 1993 ipsi
2026 1920 2102 1976 de

449 2002 544 2059 his
574 2003 885 2060 videamur
913 2004 1240 2077 ambigere,
1290 2023 1422 2078 qua:
1465 2007 1854 2064 manifestum
1883 2013 1971 2064 est
1997 2025 2105 2081 per

452 2092 662 2148 omnia
690 2091 1055 2164 propheticis
1081 2098 1138 2149 et
1161 2094 1523 2164 evangelicis
1545 2101 1727 2168 atque
1757 2097 2104 2170 apostolicis

453 2179 904 2236 auctoritatibus
925 2196 1280 2239 consonare.
1317 2182 1480 2239 Unde
1521 2183 1569 2238 si
1597 2183 1702 2256 qui
1729 2188 1868 2241 sunt
1894 2185 1999 2257 qui
2026 2184 2105 2242 ab

452 2268 546 2324 his
583 2284 720 2342 quin
749 2269 981 2326 ccelitus
1015 2275 1156 2327 sunt
1191 2271 1531 2344 constituta,
1565 2271 1950 2342 dissentiunt,
1982 2274 2106 2330 suis

453 2357 840 2431 opinionibus
869 2359 1304 2431 relinquantur,
1344 2365 1402 2416 et
1427 2360 1507 2417 ab
1551 2361 1773 2418 unitate
1831 2362 2106 2419 Ecclesia

455 2461 596 2501 cum
625 2462 697 2502 ea
745 2462 935 2518 quam
989 2447 1296 2518 elegerunt
1343 2449 1728 2520 perversitate
1768 2450 2105 2508 discedant.

457 2537 607 2589 Nam
635 2533 802 2589 nullo
834 2535 1018 2590 modo
1043 2535 1169 2590 ﬁeri
1202 2541 1394 2608 potest
1419 2543 1484 2593 ut
1507 2539 1611 2610 qui
1636 2539 1852 2595 divinis
1886 2539 2109 2595 audent

458 2621 872 2678 contradicere
912 2625 1326 2692 sacramentis,
1358 2625 1562 2699 aliqua
1609 2627 1785 2683 nobis
1837 2645 2106 2684 commu-

455 2710 636 2766 nione
659 2712 976 2768 socientur.
1005 2714 1236 2769 Jactent
1279 2730 1340 2770 se
1368 2715 1431 2770 in
1461 2715 1552 2772 sui
1582 2715 1801 2789 eloquii
1824 2717 2106 2790 vanitate,

456 2804 516 2858 et
541 2800 616 2856 de
642 2802 1209 2871 argumentaionum
1254 2821 1502 2863 suarum
1527 2807 1807 2877 versutia,
1837 2824 1974 2881 quae
2002 2808 2110 2864 ini-

457 2891 618 2949 mica
646 2896 736 2948 est
763 2892 926 2965 ﬁdei,
968 2892 1325 2964 glorientur:
1373 2896 1550 2953 nobis
1597 2897 1794 2972 placet
1843 2900 2108 2973 Apostoli

457 2981 701 3037 obedire
733 2983 1046 3056 praeceptis
1061 2983 1333 3042 dicentis:
1365 2987 1564 3044 Videte
1586 3003 1662 3045 ne
1677 2990 1808 3060 quis
1830 3005 1930 3046 vos
1957 2989 2108 3047 deci-

449 3071 586 3140 piat
609 3085 720 3141 per
739 3072 1184 3142 philosophiam
1221 3080 1274 3131 et
1313 3077 1552 3133 inanem
1576 3077 1973 3136 seductionem
2011 3080 2109 3136 ho-

456 3162 682 3216 minum
713 3161 860 3231 (Col.
895 3180 951 3229 ιι,
977 3163 1121 3234 8).]1‘
1145 3163 1371 3228 Quibus
1403 3166 1751 3222 auctoritate
1796 3173 1852 3223 et
1880 3168 2108 3224 ratione

455 3248 864 3306 indubitanter
884 3252 1150 3323 prolatis,
1195 3259 1422 3310 certum
1450 3260 1540 3310 est
1562 3271 1773 3311 omnes
1803 3256 2109 3312 catholicae

456 3337 598 3394 ﬁdei
622 3339 1060 3412 astipulatores,
1082 3341 1276 3410 magis
1308 3343 1745 3414 Scripturarum
1767 3350 2110 3402 sanctarum

456 3429 824 3498 Patrumque
872 3427 1088 3483 lucidis
1121 3429 1671 3501 explanationibus,
1705 3449 1892 3505 quam
1937 3449 2109 3491 vanae

456 3512 842 3584 inﬂantisque
865 3513 1127 3570 scientiae
1159 3515 1431 3573 colludiis
1447 3519 1752 3588 agendum
1783 3521 2108 3590 censuisse,

457 3599 682 3672 quibus
707 3600 1046 3659 Christiana
1076 3603 1426 3677 simplicitas
1454 3606 1872 3675 offenditur,et
1891 3610 2107 3668 huma-

457 3703 552 3743 nae
567 3688 870 3758 jactantise
899 3691 1124 3763 typhus
1157 3699 1427 3763 augetur.

1039 3815 1284 3859 JOANNES
1325 3819 1527 3861 SCOTUS

531 3903 692 3976 (Cap.
732 3909 779 3972 1,
805 3913 1041 3977 ιιιιω,2,
1060 3916 1200 3966 sect.
1219 3911 1274 3983 2)
1302 3915 1340 3965 Θ
1359 3913 1549 3984 Cujus
1575 3917 1906 3988 disciplinae
1933 3933 2108 3991 regu-

461 3991 534 4046 lis
562 3997 891 4050 necessario
915 3998 1008 4053 uti
1023 3999 1478 4070 jubemur,dum
1495 4004 1780 4064 adversus
1795 4011 2108 4080 quemdam

457 4080 920 4168 saphrophilum
931 4088 1170 4145 nomine
1189 4089 1816 4168 Gottescalchum,suze
1830 4097 2109 4155 haereseos

460 4173 516 4223 et
542 4167 908 4230 inventorem
968 4177 1146 4234 simul
1202 4185 1258 4236 et
1300 4191 1673 4254 assertorem,
1725 4188 2112 4258 fautoresque

394 4327 397 4330 _
457 4257 610 4324 ejus,
643 4260 695 4313 si
724 4265 919 4318 tamen
967 4271 1108 4321 sunt
1148 4271 1364 4340 nescio,
1407 4278 1585 4342 atque
1604 4271 1834 4330 utinam
1866 4289 1938 4330 ne
1965 4257 2106 4348 sint,
2144 4293 2186 4347 ι)

457 4349 816 4414 respondere
863 4357 1295 4423 compellimur.
1319 4358 1673 4416 Jubentibus
1717 4362 1986 4419 videlicet
2020 4379 2110 4420 ca-

459 4431 702 4492 tholicce
729 4439 1013 4498 Ecclesia:
1033 4446 1508 4514 vigilantissimis
1540 4449 1842 4523 Patribus,
1873 4453 1936 4506 in
1971 4468 2109 4525 quo-

453 4537 591 4579 rum
620 4527 768 4583 ovili
796 4531 918 4587 tale
936 4546 1224 4590 venenum
1243 4550 1479 4606 serpere
1507 4539 1758 4595 molitur
1779 4555 1802 4606 ,°
1843 4556 2108 4599 annuen-

457 4613 505 4666 ti
522 4618 864 4682 praesertim
890 4619 1388 4681 orthodoxissimo
1422 4627 1699 4698 principe
1743 4629 1981 4688 domino
2014 4648 2105 4690 ve-

451 4704 714 4761 nerabili
739 4706 979 4780 Carolo,
1013 4713 1184 4781 cujus
1231 4716 1559 4774 maximum
1591 4718 1850 4777 studium
1882 4728 1969 4779 est
2002 4724 2107 4794 pie

450 4796 724 4862 recteque
743 4796 817 4884 de
838 4797 959 4855 Deo
984 4801 1202 4858 sentire
1218 4815 1241 4872 ;
1283 4819 1479 4874 prava
1525 4805 1936 4868 haereticorum
1967 4811 2108 4884 dog-

451 4884 617 4968 mata
648 4882 801 4936 veris
831 4888 1167 4946 rationibus
1194 4899 1656 4968 sanctorumque
1676 4899 1931 4956 Patrum
1961 4882 2103 4958 auc-

451 4966 695 5053 toritate
721 4972 1038 5044 refellere;
1081 4979 1162 5034 ad
1199 4981 1475 5038 ultimum
1500 4966 1743 5053 penitus
1771 4990 2100 5047 eradicare.

447 5052 538 5107 Ne
565 5055 755 5122 igitur
774 5058 1111 5128 defensores
1133 5069 1402 5126 veritatis
1426 5052 1678 5129 inermes
1698 5089 1831 5129 cum
1853 5084 2104 5134 asserto-

447 5139 614 5196 ribus
636 5143 931 5211 falsitatis
971 5153 1286 5221 conﬂigere
1341 5156 1672 5226 videamur,
1733 5177 1852 5217 non
1901 5165 2102 5221 incon-

445 5244 596 5297 grue
623 5234 850 5300 regulis
891 5237 1306 5305 disputatoriae
1341 5245 1492 5298 artis
1522 5250 1776 5303 utemur.

1118 5378 1420 5423 CORRBCTIO

514 5457 915 5555 ii-Gregqrius
940 5465 1001 5522 in
1049 5467 1296 5529 homilia
1327 5477 1598 5547 paschali
1650 5483 1879 5552 (homil.
1917 5488 2008 5555 22,
2032 5486 2096 5542 in

441 5544 702 5605 Sabbato
729 5550 999 5624 Pascha,
1041 5557 1150 5614 sub
1166 5544 1403 5635 ﬁneni):
1433 5568 1569 5627 Non
1595 5544 1905 5634 comedelis
1931 5544 2006 5633 ea;
2025 5590 2093 5636 ea

2211 1648 2566 1723 sapientiam
2597 1648 2853 1722 qualiter
2877 1647 3176 1704 incarnari
3201 1651 3354 1702 Deus
3386 1646 3573 1720 potuit
3594 1645 3717 1716 cogi
3726 1650 3859 1700 tan-

2209 1738 2345 1795 dus.
2379 1739 2586 1795 Omnis
2619 1739 2782 1795 enim
2810 1737 2914 1811 qui
2945 1737 3400 1809 Redemptorem
3437 1741 3688 1792 nostrum
3732 1750 3848 1805 pu-

2208 1845 2345 1884 rum
2369 1828 2677 1885 hominem
2702 1828 2906 1894 credit,
2935 1827 3085 1900 quid
3126 1827 3237 1882 iste
3269 1826 3421 1882 aliud
3470 1841 3647 1897 quam
3692 1822 3846 1894 agni

2211 1934 2420 1974 carnes
2449 1918 2667 1974 crudas
2693 1917 2971 1983 comedit,
3004 1932 3159 1988 quas
3187 1915 3444 1971 videlicet
3471 1929 3720 1986 coquere
3735 1928 3859 1984 per

2213 2005 2544 2063 Divinitatis
2574 2007 2703 2078 ejus
2729 2005 3182 2075 intelligentiam
3224 2004 3444 2060 noluit:
3489 2003 3682 2058 omnis
3707 2016 3863 2056 vero

2213 2097 2317 2170 qui
2330 2097 2758 2153 incarnationis
2773 2096 2823 2167 ej
2833 2112 2902 2150 us
2918 2094 3203 2166 mysteria
3223 2095 3397 2165 juxta
3411 2093 3740 2148 humanam
3765 2105 3864 2146 sa-

2215 2186 2505 2258 pienttam
2529 2186 2826 2242 discutere
2851 2189 3125 2253 conatur,
3145 2199 3356 2239 carnes
3385 2182 3527 2251 agni
3557 2196 3715 2253 aqua
3741 2179 3871 2235 vult

2215 2290 2494 2346 coquere,
2528 2274 2589 2330 id
2609 2278 2701 2330 est
2729 2271 3196 2346 dispensationis
3229 2272 3360 2342 ejus
3383 2270 3737 2342 mysterium
3764 2283 3868 2340 per

2215 2362 2574 2419 dissolutam
2624 2363 2749 2418 vult
2803 2362 3114 2418 scientiam
3161 2364 3498 2434 penetrare.
3549 2360 3660 2424 Qui
3695 2359 3868 2428 igitur

2215 2451 2516 2524 paschalis
2536 2451 2740 2522 gaudii
2773 2451 3211 2508 solemnitatem
3226 2449 3530 2505 celebrare
3541 2447 3855 2513 desiderat,

2217 2556 2445 2609 agnum
2476 2557 2673 2613 neque
2703 2555 2864 2613 aqua
2888 2544 3126 2613 coquat,
3161 2553 3356 2612 neque
3387 2537 3644 2593 crudum
3677 2550 3867 2592 come-

2216 2630 2340 2699 dat,
2380 2634 2446 2686 ut
2467 2645 2662 2702 neque
2694 2645 2800 2702 per
2819 2629 3152 2684 humanam
3175 2620 3532 2700 sapientiam
3562 2623 3869 2699 profundi-

2219 2723 2398 2775 tatem
2438 2717 2867 2774 incarnationis
2898 2717 3054 2773 illius
3107 2721 3418 2789 penetrare
3448 2719 3735 2788 appetat;
3768 2711 3867 2767 sed

2217 2823 2386 2862 assas
2413 2806 2538 2878 igni
2565 2822 2777 2864 carnes
2824 2805 3120 2872 comedat,
3176 2809 3240 2861 ut
3285 2805 3624 2878 dispensari
3667 2801 3868 2858 omnia

2139 2939 2178 2993 Ο
2215 2911 2324 2993 per
2345 2895 2548 2952 Sancti
2587 2894 2840 2993 _Spiritus
2869 2894 3204 2968 potentiam
3235 2893 3406 2950 sciat.

2287 2985 2323 3052 1'
2351 2986 2634 3052 Quamvis
2660 3001 2783 3042 non
2814 2985 3159 3056 ignoremus
3184 2987 3484 3056 praecepto
3510 2980 3746 3039 Domini
3774 2995 3870 3037 va-

2219 3092 2289 3132 sa
2318 3091 2503 3132 aurea
2533 3081 2713 3148 atque
2735 3077 3039 3145 argentea,
3088 3074 3466 3146 vestiumque
3501 3089 3574 3128 ac
3605 3087 3863 3141 gemma-

2215 3181 2352 3222 rum
2382 3165 2607 3222 variam
2638 3165 3138 3237 pulchritudinem
3168 3164 3245 3219 ab
3297 3162 3568 3235 Egyptis
3599 3165 3863 3217 mutuata

2218 3256 2436 3325 (Exod.
2471 3273 2550 3320 ιιι,
2580 3257 2691 3324 22.),
2745 3255 2875 3326 ejus
2907 3253 3294 3311 tabernaculo
3322 3253 3502 3309 fuisse
3542 3251 3767 3314 oblata,
3813 3253 3870 3304 et

2220 3360 2348 3400 esse
2374 3344 2650 3401 devotius
2682 3343 2990 3400 offerenda
3019 3344 3232 3414 (Exod.
3280 3359 3381 3412 xu,
3410 3344 3534 3413 35):
3568 3357 3786 3397 verum
3815 3337 3871 3394 id

2217 3434 2692 3507 quotiescunque
2715 3439 2926 3490 contra
2963 3449 3065 3489 eos
3118 3433 3216 3502 agi
3266 3431 3592 3488 necessitas
3630 3443 3875 3485 summa

2218 3524 2430 3593 coegit,
2463 3523 2568 3597 qui
2598 3523 2817 3580 talibus
2866 3523 3053 3580 inﬂati
3083 3521 3500 3593 gloriabantur
3526 3520 3588 3576 in
3642 3523 3878 3576 vanita-

2218 3612 2376 3668 tibus
2406 3612 2550 3680 suis,
2578 3618 2634 3669 et
2665 3611 3102 3686 simplicitatem
3133 3615 3347 3668 nostrae
3377 3609 3516 3665 ﬁdei
3559 3608 3875 3665 stultitiam

2216 3700 2608 3772 deputabant.
2632 3701 2879 3773 exsequi
2909 3717 3019 3774 pro
3054 3707 3321 3774 tempore
3352 3715 3472 3757 non
3518 3703 3607 3754 est
3660 3696 3876 3752 inhibi-

2218 3794 2364 3858 tum,
2399 3789 2502 3845 sed
2531 3788 2783 3846 ﬁdeliter
2811 3791 3256 3863 prudenterque
3288 3807 3324 3846 a
3378 3789 3658 3845 Patribus
3709 3800 3878 3840 usur-

2217 3884 2448 3954 patum.
2475 3884 2556 3938 'l‘u
2581 3885 2779 3938 autem
2812 3896 2847 3936 a
2895 3880 3193 3936 contrario
3235 3879 3309 3934 de
3346 3879 3464 3934 fide
3489 3878 3788 3933 adversus
3818 3873 3877 3934 ﬂ-

2218 3970 2380 4027 deles
2409 3967 2585 4028 nullis
2608 3971 3085 4044 sophismatibus
3111 3968 3429 4024 innitentes
3460 3967 3869 4039 impudentius

2218 4060 2705 4134 scribens,quare
2737 4060 2813 4116 ad
2835 4057 3159 4132 sophistica
3183 4062 3236 4114 te
3263 4057 3652 4112 deliramenta
3685 4059 3874 4110 verte-

2219 4149 2344 4204 ris?
2376 4153 2438 4204 In
2473 4153 2757 4220 promptu
2787 4154 2875 4205 est
2893 4147 3177 4204 nimirum
3190 4145 3486 4217 jactantiae
3513 4144 3790 4210 studens,
3821 4145 3878 4197 ct

2217 4252 2342 4292 non
2365 4238 2494 4307 jam
2511 4237 2930 4311 philosophus,
2960 4235 3066 4292 sed
3097 4235 3520 4308 philocompos
3550 4233 3738 4288 videri
3765 4248 3876 4303 ap-

2217 4330 2443 4398 petens,
2471 4341 2543 4381 ea
2592 4323 2768 4381 nobis
2827 4324 3098 4398 ingerere
3146 4323 3414 4393 delegisti
3450 4339 3587 4396 qua:
3637 4338 3674 4376 a
3704 4319 3875 4377 nullo

2214 4421 2488 4472 nostrum
2537 4414 2625 4470 vel
2676 4415 2942 4486 intelligi,
3003 4414 3096 4471 vel
3148 4412 3538 4487 deprehendi,
3573 4411 3664 4466 vel
3714 4419 3872 4466 certe

2215 4504 2509 4563 confutari
2531 4519 2710 4580 posse
2750 4505 3113 4562 credideras.
3146 4506 3212 4560 Et
3239 4502 3387 4558 dum
3434 4500 3643 4557 studes
3675 4499 3874 4573 place-

2213 4611 2276 4652 re
2304 4595 2672 4666 hominibus,
2704 4595 2927 4669 quibus
2949 4595 3006 4650 in
3036 4593 3200 4651 cordi
3232 4609 3361 4648 esse
3392 4607 3646 4648 noveras
3673 4590 3751 4663 (si
3793 4596 3874 4645 tav

2213 4701 2354 4742 men
2379 4692 2517 4744 sunt
2545 4685 2749 4759 aliqui,
2773 4685 2936 4758 quod
2966 4689 3191 4740 avertat
3206 4683 3428 4739 Veritas
3455 4676 3876 4754 sempiterna),

2212 4790 2602 4849 nequaquam
2640 4773 2735 4831 vel
2763 4773 2992 4841 cavisti,
3023 4771 3118 4827 vel
3176 4769 3509 4826 formidasti
3550 4768 3631 4823 illi
3661 4768 3871 4840 displi-

2214 4879 2366 4931 cere,
2389 4865 2463 4921 de
2507 4879 2630 4938 quo
2680 4879 2859 4938 super
2902 4861 3120 4918 talibus
3180 4859 3471 4931 Propheta
3511 4858 3872 4913 intentando

2213 4953 2505 5025 praedicit:
2534 4954 2820 5021 Quoniam
2854 4955 3008 5009 Deus
3039 4950 3350 5018 dissipavit
3377 4963 3507 5004 ossa
3532 4945 3876 5018 eorum,qui

2213 5041 2547 5098 hominibus
2568 5044 2818 5113 placent
2864 5041 3106 5112 confusi
3157 5043 3320 5107 sunt,
3375 5038 3655 5108 quoniam
3710 5036 3870 5092 Deus

2210 5133 2434 5201 sprevit
2459 5147 2552 5188 eos
2584 5134 2770 5204 (Psal.
2801 5147 2893 5200 ιιι,
2927 5135 3004 5197 6).
3037 5134 3152 5186 Nec
3180 5127 3442 5184 metuisti
3471 5143 3610 5181 cum
3657 5127 3870 5182 Achan

2210 5236 2456 5277 auream
2504 5222 2777 5293 regulam
2835 5237 2906 5278 ex
2979 5217 3424 5275 Hiericonthino
3479 5215 3870 5271 anathemate

2209 5313 2420 5364 contra
2503 5309 2825 5366 inhibitum
2927 5307 3138 5364 castris
3232 5304 3557 5361 Dominicis
3649 5304 3866 5359 inferre

2207 5399 2351 5467 (Jos.
2414 5414 2510 5466 vn,
2541 5401 2657 5466 2t),
2711 5399 3090 5470 jamjamque
3137 5411 3276 5451 cum
3321 5393 3453 5466 ipso
3507 5392 3863 5448 sententiam

2205 5486 2428 5542 divinae
2510 5487 3074 5547 animadversionis,
3167 5483 3282 5539 nisi
3377 5481 3551 5537 citius
3630 5481 3863 5536 humili-

2205 5580 2292 5631 ter
2341 5573 2752 5656 resipiscendo
2797 5573 3169 5654 pmnitueris,
3224 5571 3435 5635 merito
3504 5569 3856 5626 subiturus:
