4098 6176
237 183 370 245 1οη

1149 179 1241 233 DE
1281 174 1947 234 PREDESTINATIONE
1986 177 2259 235 CONTRA
2296 181 2348 235 J.
2394 182 2685 239 SCOTUM.

3498 184 3639 237 1018

230 301 569 375 quicunque
599 298 762 354 enim
786 298 1166 371 propheticus
1189 300 1283 355 vel
1313 302 1671 375 apostolicae
1700 302 1873 357 nobis
1904 305 1951 357 Α
1989 318 2125 357 mur
2153 304 2404 378 obrepit,
2436 306 2611 378 quasi
2656 305 2884 378 antiqui
2940 321 3048 377 per
3086 303 3373 360 nebulam
3422 304 3641 360 somnii

227 391 448 447 litteras
476 387 792 457 diligenter
821 388 1067 444 scrutati
1094 394 1254 461 sunt,
1282 390 1562 448 vivaciter
1582 392 1879 448 intellexe-

223 484 381 547 runt;
409 475 664 533 ﬁdeliter
691 474 1050 541 enodarunt,
1077 477 1355 536 abstrusa
1382 480 1878 553 aperientes,pla-

224 584 307 625 na
334 569 720 635 exornantes,
744 564 1149 622 nodosissima
1185 568 1631 640 ennucleantes,
1663 569 1880 639 allego-

227 656 351 713 rica
404 654 768 726 detegentes,
814 654 926 710 hoc
966 654 1347 727 potissimum
1412 661 1771 728 sategerunt,
1814 661 1879 713 ut

232 744 333 801 illo
387 742 671 816 loquendi
724 757 939 812 genere
997 759 1187 815 quam
1244 746 1506 803 maxime
1552 751 1875 815 uterentur,

234 850 357 907 quo
381 833 559 890 etiam
590 848 626 888 a
655 831 1115 905 simplicioribus
1164 835 1394 908 absque
1425 836 1591 905 gravi
1628 835 1878 892 difﬁcul-

236 928 370 986 tate,
402 938 537 995 quas
567 920 659 977 vel
686 920 979 988 audirent,
1009 921 1105 978 vel
1126 922 1411 993 legerent,
1437 929 1810 996 caperentur.

302 1010 477 1075 Quod
522 1026 659 1066 cum
701 1009 779 1065 ab
809 1010 1094 1066 omnibus
1116 1011 1364 1084 provide
1392 1013 1566 1069 fuerit
1592 1012 1877 1071 observa-

228 1100 378 1165 tum,
409 1097 709 1171 principue
736 1096 1067 1154 beatissimi
1116 1104 1296 1172 atque
1326 1099 1654 1157 doctissimi
1685 1101 1877 1156 Patris

221 1185 558 1255 Augustini,
581 1187 940 1243 venerandae
960 1188 1265 1244 memoria:
1286 1189 1551 1263 episcopi
1572 1189 1879 1263 opusculis

224 1274 544 1347 specialius
592 1274 890 1345 elucescit,
919 1292 1057 1349 qua;
1111 1277 1187 1333 de
1240 1278 1518 1335 Doctrina
1544 1279 1879 1335 Christiana

220 1363 582 1437 composuit,
614 1365 678 1420 in
707 1364 929 1437 quibus
961 1365 1053 1421 vel
1075 1366 1340 1422 maxime
1383 1371 1621 1424 tuorum
1651 1368 1877 1440 tibique

220 1452 513 1509 similium
567 1454 859 1524 ﬁgmenta
902 1460 1311 1526 portentorum
1357 1456 1629 1513 cavenda
1670 1460 1729 1514 et
1788 1456 1879 1513 fu-

219 1541 444 1611 gienda
471 1541 877 1599 eruditissima
903 1542 1237 1601 humilitate
1265 1544 1724 1619 humillimaque
1753 1556 1877 1601 eru-

216 1631 447 1689 ditione
477 1636 535 1688 et
578 1631 775 1688 sanxit
818 1637 876 1689 et
921 1632 1142 1689 docuit.
1185 1637 1425 1690 Necnon
1470 1634 1532 1690 in
1578 1634 1692 1691 illis
1721 1650 1877 1707 quos
1908 1653 1948 1708 3
1984 1631 2139 1689 dolis
2155 1632 2396 1702 ingenio
2418 1633 3633 1706 sitprofecta,etdistinctainventionibus,
3734 1628 3737 1629 ⁷

217 1720 596 1793 quietionum
625 1719 720 1776 vel
757 1720 1129 1778 locutionum
1177 1723 1566 1794 Heptateuchi
1604 1722 1876 1779 mirabile

216 1807 622 1864 elucidatione
678 1812 954 1865 exaratos
995 1809 1240 1865 nomine
1294 1809 1483 1866 voluit
1534 1809 1882 1887 praenotari._

218 1896 608 1953 Beatissimus
651 1912 895 1969 quoquc
939 1898 1360 1970 Hieronymus,
1409 1903 1492 1955 tot
1529 1900 1874 1970 linguarum

216 1989 403 2057 atque
443 1983 734 2041 librorum
758 1984 966 2041 litteris
1010 1986 1559 2059 incomparabiliter
1583 1988 1873 2055 eruditus,

216 2074 280 2130 in
304 2072 613 2139 omnibus,
647 2078 771 2129 tam
799 2074 862 2129 in
895 2075 1261 2146 propheticis
1288 2092 1478 2148 quam
1507 2075 1872 2149 apostolicis,

218 2159 768 2233 explanationibus,
813 2161 877 2217 id
915 2161 1029 2218 sibi
1061 2178 1446 2235 summopere
1477 2165 1655 2220 studii
1685 2164 1874 2221 fuisse

222 2248 495 2306 crebrius
533 2248 879 2321 replicando
901 2248 1179 2320 inculcat,
1210 2251 1388 2307 malle
1411 2268 1519 2324 per
1548 2269 1610 2308 se
1640 2258 1874 2309 sancta-

224 2351 367 2392 rum
396 2336 834 2409 Scripturarum
862 2337 1023 2394 dicta
1051 2337 1295 2409 intelligi
1344 2355 1531 2411 quam
1572 2341 1877 2397 rhetorum

226 2424 645 2481 controversiis
705 2425 1012 2483 inservire.
1067 2431 1392 2483 instructus
1444 2427 1716 2485 videlicet
1762 2433 1875 2484 tre-

220 2512 431 2569 mendi
453 2512 672 2584 iudicis
700 2514 968 2581 verbere,
996 2532 1119 2587 quo
1158 2520 1403 2588 propter
1438 2516 1686 2573 nimiam
1721 2516 1879 2573 Cice-

218 2600 388 2657 ronis
424 2601 741 2660 lectionem
785 2603 1082 2661 adductus
1122 2605 1454 2677 acriterque
1502 2621 1713 2669 caesus,
1742 2610 1875 2662 tan-

217 2688 363 2746 dem
391 2690 910 2749 circumstantium
936 2693 1216 2765 precibus
1256 2692 1544 2750 liberatus
1566 2695 1879 2765 juraverat

216 2793 285 2835 se
312 2778 609 2836 Ciceronis
649 2779 837 2837 libros
874 2782 1193 2854 Punquam
1224 2781 1300 2837 de
1324 2786 1538 2839 czetero
1561 2781 1878 2840 meditatu-

214 2883 380 2936 rum,
406 2884 724 2942 nunquam
763 2869 1079 2936 lecturum,
1109 2871 1259 2938 quin
1311 2870 1574 2944 Epistola
1599 2870 1681 2928 ad
1708 2870 1876 2929 Gala-

1986 393 2553 460 recordamur.Quid
2574 398 2775 450 autem
2797 393 3149 467 profecerim
3167 409 3240 449 ex
3250 391 3468 462 linguae
3484 392 3640 449 illius

1984 478 2337 553 infatigabili
2359 484 2575 550 studio,
2600 482 2855 539 aliorum
2874 482 3101 553 judicio
3125 481 3496 554 derelinquo.
3516 484 3639 550 Ego

1984 569 2133 641 quid
2152 571 2211 627 in
2231 587 2328 628 me
2351 571 2439 643 [al
2466 614 2480 640 ,
2500 573 2655 644 mea]
2676 571 2983 627 amiserim
3004 571 3145 626 scio.
3167 570 3407 626 Accedit
3426 570 3506 626 ad
3524 571 3640 626 hoc

1984 661 2131 730 quia
2159 665 2403 733 propter
2425 661 2738 717 oculorum
2759 666 2817 717 et
2836 660 3012 717 totius
3038 659 3373 733 corpusculi
3395 658 3641 715 inﬁrmi-

1984 752 2168 805 tatem
2188 765 2376 805 manu
2396 765 2531 805 mea
2552 750 2681 822 ipse
2700 765 2822 806 non
2842 749 3058 817 scribo,
3081 764 3191 804 nec
3211 748 3416 804 labore
3430 752 3487 803 et
3505 747 3638 804 dili-

1986 836 2184 908 gentia
2204 853 2598 909 compensare
2626 854 2782 910 queo
2821 837 3039 910 eloquii
3070 837 3437 905 tarditatem;
3473 836 3640 909 quod

1985 925 2060 981 de
2080 924 2317 993 Virgilio
2339 941 2582 998 quoque
2609 925 2870 993 tradunt,
2889 925 3032 998 quia
3060 925 3243 982 libros
3267 941 3409 980 suos
3429 926 3491 980 in
3514 941 3639 981 mo-

1985 1012 2134 1068 dum
2152 1028 2429 1069 ursorum
2450 1014 2676 1069 fetuum
2706 1014 2989 1083 lingendo
3015 1012 3377 1084 ﬁguraverat
3403 1014 3532 1084 [al.,
3549 1013 3637 1069 la-

1984 1101 2186 1158 bendo
2200 1101 2808 1176 ﬁguraverit].Verum
2824 1102 3011 1157 accito
3037 1102 3288 1169 notario,
3310 1106 3412 1158 aut
3439 1101 3637 1158 statim

1985 1191 2145 1247 dicto
2172 1190 2579 1263 quodcunque
2610 1192 2672 1246 in
2693 1191 2948 1246 buccam
2979 1190 3221 1258 venerit,
3235 1195 3340 1247 aut
3359 1190 3407 1246 si
3422 1190 3637 1264 paulu-

1983 1279 2111 1336 lum
2139 1280 2383 1337 voluero
2432 1281 2713 1350 cogitare,
2746 1279 2960 1336 melius
2992 1279 3219 1352 aliquid
3265 1278 3634 1352 prolaturus,

1985 1373 2127 1426 tunc
2157 1384 2254 1424 me
2278 1370 2488 1425 tacitus
2512 1370 2607 1425 ille
2628 1369 3028 1442 reprehendit,
3044 1384 3295 1424 manum
3316 1370 3635 1439 contrahit,

1985 1455 2241 1512 frontem
2264 1461 2461 1526 rugat,
2492 1460 2549 1512 et
2580 1474 2641 1512 se
2669 1457 2887 1513 frustra
2912 1455 3126 1511 adesse
3156 1460 3279 1512 toto
3310 1462 3481 1526 gestu
3512 1473 3639 1513 cor-

1985 1546 2148 1617 poris
2179 1549 2564 1601 contestatur.
2600 1546 2798 1602 Oratio
2828 1551 3031 1600 autem
3074 1544 3208 1600 licet
3250 1545 3324 1600 de
3349 1544 3522 1601 bonae
3551 1546 3639 1601 in-

1984 1724 2041 1777 et
2069 1728 2281 1777 ornata
2312 1722 2455 1776 ﬂore
2484 1721 2806 1777 verborum
2838 1740 2850 1776 :
2886 1726 3086 1777 tamen
3116 1721 3228 1776 nisi
3256 1722 3516 1776 auctoris
3545 1721 3637 1776 sui

1981 1823 2172 1864 manu
2200 1808 2406 1865 limata
2449 1809 2625 1865 fuerit
2669 1816 2726 1865 et
2755 1808 2959 1881 polita,
2992 1825 3111 1865 non
3162 1814 3249 1864 est
3278 1809 3486 1881 nitida,
3514 1825 3637 1865 non

1982 1897 2165 1953 habet
2193 1899 2441 1954 mixtam
2472 1916 2608 1954 cum
2636 1899 2851 1954 decore
2874 1899 3247 1967 gravitatem,
3281 1899 3389 1953 sed
3414 1900 3478 1953 in
3503 1914 3637 1954 mo-

1984 1986 2132 2041 dum
2160 1986 2407 2041 divitum
2432 1987 2814 2049 rusticorum,
2838 1986 3055 2059 opibus
3077 1987 3199 2043 suis
3223 1986 3416 2057 magis
3444 1988 3639 2057 argui-

1989 2080 2079 2129 tur
2100 2090 2287 2146 quam
2317 2076 2609 2131 ornatur?
2656 2078 2923 2141 Quorum
2966 2075 3079 2131 ista
3099 2076 3127 2130 ?
3159 2075 3433 2130 Videlicet
3479 2081 3544 2130 ut
3581 2081 3640 2131 et

1984 2162 2154 2217 vobis
2186 2166 2242 2217 et
2265 2162 2489 2218 caeteris
2519 2163 2624 2235 qui
2669 2164 2817 2219 forte
2869 2162 3063 2233 legere
3107 2162 3417 2230 voluerint,
3448 2163 3523 2219 sit
3548 2178 3640 2220 re-

1986 2266 2314 2322 sponsum;
2371 2266 2468 2308 me
2522 2267 2643 2307 non
2692 2252 3124 2323 panegyricum
3165 2257 3269 2308 aut
3294 2258 3635 2307 controver-

1985 2340 2137 2397 siam
2164 2339 2441 2409 scribere,
2467 2340 2575 2396 sed
2602 2341 3102 2397 commentarium
3130 2360 3142 2408 ;
3176 2341 3237 2396 id
3266 2348 3374 2412 est,
3396 2342 3511 2396 hoc
3530 2342 3637 2397 ha-

1983 2428 2125 2485 bere
2142 2430 2542 2501 propositum,
2570 2444 2694 2485 non
2716 2435 2781 2485 ut
2802 2445 2940 2485 mea
2958 2429 3145 2485 verba
3169 2430 3507 2496 laudentur,
3530 2429 3637 2486 sed

1989 2522 2051 2573 ut
2077 2533 2215 2589 quae
2245 2517 2324 2573 ab
2354 2517 2470 2574 alio
2499 2518 2654 2573 bene
2710 2517 2871 2574 dicta
2913 2523 3070 2580 sunt.
3100 2518 3182 2574 ita
3231 2518 3637 2587 intelligantur

1985 2613 2051 2661 ut
2078 2605 2239 2661 dicta
2286 2609 2443 2661 sunt.
2481 2605 2668 2663 Officii
2716 2606 2833 2661 mei
2877 2612 2966 2662 est
3017 2605 3277 2661 obscura
3320 2606 3635 2671 disserere,

1985 2694 2306 2750 manifesta
2332 2695 2746 2767 perstringere,
2779 2696 2840 2751 in
2868 2695 3067 2751 dubiis
3104 2694 3433 2750 immorari.
3466 2695 3636 2751 Unde

1985 2787 2045 2839 et
2071 2798 2108 2838 a
2138 2782 2436 2856 plerisque
2476 2784 3047 2840 commentariorum
3090 2798 3245 2856 opus
3293 2782 3633 2856 explanatio

1985 2870 2351 2928 nominatur.
2385 2871 2443 2927 Si
2488 2872 2627 2944 quis
2675 2871 3082 2945 eloquentiam
3129 2872 3362 2943 quaerit,
3398 2875 3503 2927 aut
3530 2872 3637 2927 de-

214 2961 310 3015 tas
375 2962 789 3032 contemptum
851 2960 1103 3032 hujusce
1167 2960 1589 3032 disputationis
1644 2960 1726 3017 ita
1777 2960 1878 3017 de-
1907 3001 1948 3057 Ο
1986 2958 2450 3016 clamationibus
2478 2959 2827 3030 delectatur,
2858 2959 3039 3015 habet
3064 2958 3127 3014 in
3154 2963 3407 3031 utraque
3429 2959 3639 3029 lingua

214 3050 523 3122 prompsit
550 3049 780 3107 dicens.

283 3138 692 3211 Hieronymus
709 3142 980 3210 (prooem.
996 3140 1161 3195 lib.m
1177 3139 1689 3208 Comm.Epist.ad
1698 3140 1874 3211 Gal.)

207 3227 505 3300 [Tertium
525 3227 603 3283 ad
630 3227 894 3297 Galatas,
916 3244 952 3283 o
982 3227 1166 3283 Paula
1191 3232 1249 3282 et
1279 3226 1683 3293 Eustochium,
1719 3227 1876 3283 volu-

208 3331 363 3372 men
388 3315 506 3370 hoc
535 3315 852 3371 condimus
876 3316 1005 3386 [al.,
1036 3314 1360 3386 cudimus],
1389 3330 1513 3370 non
1543 3316 1736 3386 ignari
1765 3317 1872 3371 im-

203 3402 555 3461 becillitatis
571 3408 808 3474 nostrae,
830 3409 888 3459 et
911 3403 1078 3459 exilis
1103 3403 1327 3475 ingenii
1351 3403 1609 3460 rivulum
1623 3404 1719 3460 vix
1739 3421 1872 3477 par-

205 3509 286 3551 vo
309 3496 682 3566 strepentem
706 3508 1013 3549 murmure
1037 3492 1375 3549 sentientes.
1397 3493 1530 3550 Jam
1553 3493 1716 3550 enim
1739 3493 1875 3550 etin

208 3580 494 3639 Ecclesiis
530 3581 646 3638 ista
671 3586 1042 3654 quaeruntur,
1073 3581 1420 3655 omissaque
1460 3581 1874 3655 apostolorum

209 3670 617 3743 simplicitate,
650 3675 709 3727 et
736 3668 991 3743 puritaté
1022 3670 1367 3736 verborum,
1397 3672 1570 3744 quasi
1603 3671 1679 3728 ad
1702 3671 1876 3729 Athe-

210 3775 420 3816 naeum
449 3763 507 3815 et
533 3759 614 3816 ad
642 3758 941 3816 auditoria
969 3760 1343 3829 convenitur,
1375 3766 1441 3816 ut
1465 3760 1718 3833 plausus
1759 3760 1872 3816 cir-

211 3848 646 3904 cumstantium
676 3848 1052 3918 suscitentur,
1078 3854 1142 3904 ut
1170 3849 1358 3905 oratio
1392 3849 1700 3905 rhetoricae
1732 3849 1873 3905 artis

214 3935 421 3992 fucata
460 3936 797 4002 mendacio,
822 3936 1001 4010 quasi
1031 3936 1301 4009 quadam
1334 3936 1708 3992 meretricula
1732 3952 1871 4007 pro-

211 4023 394 4081 cedat
444 4024 505 4080 in
559 4025 891 4098 publicum,
921 4040 1048 4081 non
1104 4030 1226 4081 tam
1279 4025 1586 4083 eruditura
1616 4023 1874 4097 populos

207 4129 402 4187 quam
460 4113 728 4171 favorem
774 4112 986 4186 populi
1041 4114 1388 4186 quaesitura,
1420 4118 1477 4169 et
1526 4114 1589 4169 in
1621 4112 1871 4168 modum

204 4201 477 4276 psalterii
506 4207 564 4258 et
588 4202 748 4258 tibiae
774 4201 949 4258 dulce
980 4202 1270 4269 canentis,
1294 4218 1507 4257 sensus
1536 4200 1876 4257 demulceat

205 4290 619 4360 audientium;
650 4296 716 4347 ut
742 4306 880 4347 vere
922 4290 1066 4347 illud
1107 4292 1416 4364 prophetae
1446 4290 1739 4347 Ezechelis
1769 4307 1872 4346 no-

205 4381 346 4438 stris
374 4351 746 4452 temporibus
775 4380 969 4453 possit
994 4351 1474 4452 aptari,.dicente
1504 4380 1759 4436 Domino
1790 4380 1869 4435 ad
1900 4351 1943 4405 θ

205 4485 386 4526 eum:
416 4469 494 4523 Et
519 4469 724 4539 factus
752 4484 808 4526 es
837 4472 918 4526 eis
945 4471 1120 4541 quasi
1143 4484 1257 4525 vox
1282 4469 1534 4525 cithara:
1561 4484 1743 4525 suave
1770 4484 1866 4525 ca-

206 4559 405 4615 nentis
435 4564 491 4614 ct
525 4558 669 4615 bene
696 4560 1050 4629 compositae.
1085 4558 1157 4613 Et
1190 4559 1435 4615 audient
1468 4558 1646 4614 verba
1684 4564 1789 4614 tua
1814 4564 1871 4615 et

206 4664 331 4704 non
359 4648 591 4717 facient
617 4662 685 4704 ea
707 4645 1273 4718 (Ezech.xxxm,32,
1298 4662 1410 4703 sec.
1444 4649 1872 4717 LXX).Verum

209 4734 357 4807 quid
385 4736 613 4806 agam?
661 4739 1036 4792 Taceamne?
1080 4736 1189 4792 Sed
1243 4736 1531 4808 scriptum
1571 4742 1689 4792 est:
1738 4738 1873 4792 Non

211 4824 530 4893 apparebis
551 4826 616 4880 in
631 4831 948 4895 conspectu
973 4827 1079 4881 Dei
1108 4827 1197 4881 tui
1217 4840 1441 4881 vacuus
1467 4826 1683 4896 (Exod.
1710 4841 1873 4890 χχιιι,

214 4917 328 4981 l5).
381 4916 444 4969 Et
483 4914 671 4971 Isaias
724 4915 900 4985 (sicut
948 4914 1011 4970 in
1059 4914 1321 4969 Hebraeis
1374 4921 1576 4971 tamen
1618 4913 1874 4969 habetur

208 5001 644 5070 voluminibus)
696 5003 1066 5074 ingemiscit:
1114 5004 1212 5059 Vae
1255 5004 1403 5061 mihi
1451 5006 1685 5072 misero,
1732 5004 1874 5075 quia

209 5093 373 5149 tacui
398 5093 542 5184 (Isa.
565 5109 650 5184 γι.
674 5095 749 5163 5).
775 5092 1058 5184 ΔΙτεδίιιιιλιιξί
1082 5091 1212 5184 δᾳάῄ
1229 5094 1583 5184 omnis_[al.,
1608 5108 1875 5184 omnem]

207 5182 504 5238 sermonis
528 5180 894 5252 elegantiam
941 5185 1000 5237 et
1032 5181 1219 5238 Latini
1249 5181 1475 5255 eloquii
1502 5180 1875 5237 venustatem

209 5270 427 5327 stridor
448 5269 721 5328 lectionis
752 5269 1056 5327 Hebraicis
1088 5270 1444 5327 sordidavit.
1479 5270 1670 5326 Nostis
1714 5268 1874 5323 enim

208 5364 265 5414 et
291 5358 438 5432 ipsa:
483 5359 651 5432 quod
695 5358 1024 5432 plusquam
1074 5358 1423 5431 quindecim
1464 5356 1605 5413 anni
1637 5361 1874 5411 suntex

217 5461 342 5519 quo
371 5448 434 5504 in
468 5463 689 5504 manus
731 5463 899 5504 meas
940 5462 1259 5520 nunquam
1285 5445 1526 5513 Tullius,
1558 5460 1871 5516 nunquam

210 5535 392 5605 Maro,
453 5552 773 5609 nunquam
831 5535 1144 5604 gentilium
1222 5534 1550 5588 litterarum
1615 5532 1867 5605 quilibet

211 5628 424 5684 auctor
450 5625 758 5685 ascendit:
805 5631 864 5682 et
894 5625 942 5683 si
972 5623 1120 5698 quid
1149 5624 1297 5680 forte
1327 5620 1467 5677 inde
1500 5621 1647 5677 dum
1676 5621 1866 5693 loqui-

1986 3050 2448 3106 Demosthenem
2472 3052 2529 3105 et
2547 3048 2823 3118 Tullium,
2845 3048 3232 3104 Polemonem
3253 3053 3311 3104 et
3325 3048 3636 3115 Quintilia—

1983 3153 2157 3194 num.
2190 3137 2451 3193 Ecclesia
2482 3136 2697 3194 Christi
2749 3152 2873 3193 non
2917 3136 2992 3192 de
3035 3135 3356 3192 Academia
3403 3141 3459 3191 et
3500 3134 3639 3193 licia

1985 3225 2355 3299 [Lyceo],sed
2366 3225 2441 3281 de
2456 3224 2555 3280 vili
2573 3225 2873 3299 plebicula
2888 3230 3250 3294 congregata
3271 3229 3377 3280 est.
3405 3224 3569 3280 Unde
3580 3229 3639 3281 et

1982 3314 2338 3386 Apostolus:
2367 3314 2807 3386 Videte,inquit,
2832 3315 3195 3370 vocationem
3212 3320 3489 3379 vestram,
3509 3314 3640 3383 fra-

1985 3408 2122 3469 tres,
2146 3404 2289 3474 quia
2318 3418 2439 3458 non
2468 3404 2650 3459 multi
2690 3404 2985 3473 sapientes
3014 3403 3336 3459 secundum
3369 3417 3634 3471 carnem,

1983 3508 2104 3548 non
2120 3493 2300 3548 multi
2313 3499 2603 3563 potentes,
2618 3508 2737 3549 non
2750 3494 2929 3549 multi
2947 3493 3206 3563 nobiles;
3229 3493 3332 3550 sed
3350 3507 3480 3565 qua
3493 3495 3639 3549 stul-

1985 3588 2048 3638 ta
2067 3588 2206 3637 sunt
2236 3582 2419 3652 hujus
2445 3582 2657 3638 mundi
2683 3583 2858 3653 elegit
2882 3584 3058 3650 Deus,
3090 3589 3154 3638 ut
3186 3582 3523 3652 confundat
3540 3597 3637 3638 sa-

1976 3674 2235 3740 pientes:
2260 3676 2316 3727 et
2330 3672 2575 3741 inﬁrma
2593 3673 2807 3728 mundi
2828 3672 3002 3742 elegit
3030 3674 3198 3735 Deus,
3214 3678 3279 3727 ut
3302 3674 3450 3742 conf
3449 3672 3640 3729 undat

1977 3760 2213 3829 fortia;
2259 3767 2312 3816 et
2341 3761 2631 3831 ignobilia
2672 3760 2854 3829 hujus
2882 3761 3096 3816 mundi
3131 3766 3187 3816 et
3228 3762 3640 3829 contemptilia

1982 3848 2159 3917 elegit
2188 3851 2362 3917 Deus,
2394 3854 2457 3902 ut
2482 3863 2615 3918 quae
2652 3864 2773 3903 non
2798 3853 2959 3917 sunt,
2989 3853 3054 3902 ut
3099 3862 3167 3902 ea
3200 3862 3336 3916 quae
3364 3853 3505 3901 sunt
3532 3848 3635 3902 de-

1982 3941 2239 3992 strueret
2270 3938 2325 4005 (Ι
2351 3937 2486 3992 Cor.
2520 3952 2558 4001 ι,
2588 3939 2679 4001 26,
2712 3938 2799 3999 27,
2830 3938 2940 4003 28).
2966 3935 3114 3995 Quia
3135 3935 3293 3990 enim
3311 3950 3385 3989 ex
3406 3938 3637 3988 creatu-

1980 4042 2187 4083 rarum
2207 4025 2435 4093 ordine,
2462 4026 2766 4092 varietate,
2800 4025 3155 4094 constantia,
3187 4038 3310 4078 non
3342 4037 3635 4093 cognove-

1981 4121 2075 4171 rat
2102 4113 2369 4169 mundus
2400 4128 2507 4185 per
2534 4112 2888 4185 sapientiam
2917 4114 3125 4183 Deum,
3148 4109 3370 4184 placuit
3393 4114 3510 4168 Deo
3531 4127 3639 4184 per

1983 4202 2293 4260 stultitiam
2345 4200 2787 4274 priedieationis
2832 4201 3030 4258 salvos
3056 4201 3248 4256 facere
3280 4201 3588 4257 credentes
3620 4218 3635 4266 ;

1980 4308 2104 4348 non
2130 4293 2191 4347 in
2222 4290 2514 4364 sapientia
2544 4289 2729 4354 verbi,
2760 4294 2824 4346 ut
2850 4306 2974 4347 non
3003 4295 3320 4346 evacuetur
3351 4291 3480 4361 [al.,
3501 4306 3639 4346 eva-

1982 4382 2278 4452 cuaretur]
2301 4396 2446 4436 crux
2477 4380 2705 4437 Christi.
2731 4379 2839 4435 Ubi
2868 4379 3028 4435 enim
3059 4378 3274 4445 scriba,
3309 4379 3411 4434 ubi
3438 4393 3637 4448 gram-

1980 4470 2253 4540 maticus,
2307 4468 2409 4524 ubi
2456 4484 2777 4525 causarum
2826 4468 3191 4523 naturalium
3233 4467 3639 4522 scrutatores?

1982 4562 2095 4616 Nec
2149 4559 2211 4614 in
2261 4556 2760 4630 persuasibilibus
2819 4555 3125 4626 sapientiae
3168 4555 3387 4622 verbis,
3419 4553 3525 4608 sed
3572 4553 3637 4607 in

1982 4647 2322 4704 ostensione
2346 4645 2576 4702 virtutis
2614 4649 2671 4700 et
2708 4645 2969 4718 spiritus,
2997 4650 3060 4699 ut
3088 4643 3237 4698 ﬁdes
3267 4641 3637 4698 credentium

1983 4751 2106 4791 non
2153 4739 2308 4790 esset
2361 4735 2423 4789 in
2480 4733 2775 4805 sapientia
2823 4731 3161 4802 hominum,
3195 4730 3299 4787 sed
3337 4730 3399 4785 in
3428 4729 3638 4787 virtute

1984 4822 2103 4879 Dei.
2136 4820 2542 4887 Quamobrem
2568 4824 2626 4876 et
2652 4820 2779 4892 ipse
2807 4818 3127 4891 Apostolus
3158 4818 3237 4875 ad
3265 4817 3511 4874 eosdem
3531 4820 3638 4875 Co-

1982 4911 2232 4969 rinthios
2262 4909 2639 4981 loquebatur.
2682 4911 2758 4965 Et
2795 4924 2899 4979 eqo
2949 4910 3185 4965 veniens
3227 4908 3310 4966 ad
3355 4924 3476 4975 vos,
3508 4912 3640 4979 [ra-

1985 5009 2123 5064 tres,
2156 4998 2292 5055 veni
2320 5013 2440 5053 non
2466 5013 2579 5067 per
2615 4998 3005 5053 subtilitatem
3036 4997 3162 5069 [al.,
3189 4997 3637 5068 sublimitatem]

1982 5088 2269 5146 sermonis
2281 5093 2332 5142 et
2351 5086 2661 5154 sapientiae
2674 5088 3046 5141 annuntians
3059 5086 3221 5142 vobis
3238 5086 3635 5143 testimonium

1982 5178 2240 5233 Domini.
2268 5176 2403 5231 Non
2429 5178 2583 5231 enim
2604 5174 2885 5245 judieavi
2909 5176 3061 5230 scire
3086 5189 3178 5230 me
3210 5173 3446 5246 aliquid
3483 5175 3641 5229 inter

1984 5283 2103 5334 vos,
2137 5268 2255 5323 nisi
2296 5265 2602 5322 Christum
2631 5265 2835 5321 Jesum
2885 5269 2938 5320 et
2991 5264 3153 5320 hunc
3200 5261 3642 5332 cruciﬁxumu

1986 5356 2120 5412 Cor.
2156 5372 2215 5427 ιι,
2244 5361 2290 5421 l,
2324 5356 2400 5426 2).
2437 5358 2501 5409 Et
2530 5369 2603 5409 ne
2636 5353 2885 5410 forsitan
2912 5358 3238 5426 putaretur,
3258 5354 3383 5407 haec
3404 5349 3636 5416 dicens,

1984 5462 2111 5501 esse
2137 5444 2485 5517 insipienthe
2516 5443 2885 5513 praedicator,
2914 5448 3107 5498 monte
3147 5454 3444 5513 praesaga,
3468 5437 3635 5509 quod

1982 5533 2207 5605 opponi
2252 5538 2502 5603 poterat,
2537 5536 2759 5589 evertit.
2792 5534 2908 5588 Sed
2934 5534 3256 5602 loquimur,
3286 5526 3499 5598 inquit,
3532 5527 3641 5580 Dei

1981 5622 2335 5688 sapientiam
2366 5622 2426 5675 in
2449 5624 2751 5689 mysterio,
2786 5634 2920 5689 qua’
2941 5618 3289 5675 abscondita
3315 5620 3399 5672 est
3413 5629 3437 5682 ,'
3456 5627 3635 5683 quam
