4098 6176
466 165 603 223 1019

1523 167 1577 222 S.
1620 163 1995 224 PRUDENTH
2033 164 2414 224 TRECENSIS
2452 166 2786 224 EPISCOPI.

3739 162 3891 219 1090

461 301 633 345 nemo
654 286 999 356 principum
1038 286 1220 355 hujus
1248 289 1453 343 saeculi
1472 290 1742 359 cognovit
1772 287 1947 358 (Ibid.
1971 304 2024 345 v.
2050 294 2104 353 7,
2134 292 2182 348 Α
2220 290 2403 346 δι’ῶοί
2432 292 2632 363 topica
2683 290 2909 355 dicunt,
2946 292 3002 343 et
3043 287 3119 343 ad
3152 292 3339 343 artem
3396 286 3775 344 dialecticam
3830 290 3897 342 et

464 377 537 447 8).
572 374 1057 445 Quotusquisque
1097 391 1259 431 nunc
1291 378 1661 435 Aristotelem
1690 378 1876 445 legit?
1901 377 2109 447 quanti

464 462 718 523 Platonis
748 461 841 517 vel
868 462 1057 516 libros
1101 479 1323 523 novere
1354 466 1447 521 vel
1490 467 1755 523 nomen?
1788 467 1889 521 Vix
1916 467 1975 521 in
2003 481 2110 521 an-

462 550 620 621 gulis
648 548 819 606 otiosi
847 564 948 605 eos
977 566 1152 606 senes
1184 552 1467 610 recolunt.
1501 554 1851 613 Rusticanos
1890 570 2031 611 vero
2057 558 2113 611 et

459 640 787 712 piscatores
847 645 1083 696 nostros
1118 645 1271 699 totus
1296 643 1458 701 orbis
1486 643 1767 716 loquitur,
1800 643 2112 701 universus

462 728 727 785 mundus
758 733 951 786 sonat.
987 734 1190 802 Itaque
1220 748 1497 790 sermone
1525 733 1777 805 simplici
1819 733 2115 805 simplicia

461 832 670 877 eorum
700 816 881 874 verba
924 817 1209 889 ponenda
1238 826 1379 875 sunt
1422 822 1550 891 [al.,
1582 822 1949 894 pandenda].
1983 824 2115 879 Ver-

461 904 564 975 ba,
596 904 868 976 inquam,
909 921 1032 961 non
1088 922 1321 964 sensus.
1353 909 1645 967 Caeterum
1689 910 1756 979 si,
1802 910 2112 969 orantibus

460 992 656 1061 vobis,
676 991 845 1048 illum
866 992 1097 1065 possim
1124 994 1186 1049 in
1215 997 1584 1067 exponendis
1612 997 1881 1070 Epistolis
1902 1014 2111 1055 eorum

460 1080 683 1139 habere
713 1080 1005 1153 spiritum,
1030 1098 1212 1154 quem
1248 1084 1330 1139 illi
1349 1085 1409 1140 in
1442 1085 1723 1143 dictando
1743 1086 2108 1143 habuerunt:

464 1176 604 1229 tunc
627 1170 892 1227 videritis
926 1176 1152 1229 tantam
1180 1174 1552 1245 majestatem
1582 1181 1639 1231 et
1663 1175 2035 1233 latitudinem
2052 1175 2114 1230 in

460 1261 553 1319 his
584 1276 739 1318 verte
768 1260 948 1317 fuisse
977 1262 1305 1334 sapientiae,
1330 1269 1560 1335 quanta
1586 1265 1642 1321 in
1671 1265 1871 1325 steculi
1900 1264 2115 1321 littera-

460 1350 534 1406 tis
571 1350 914 1419 arrogantia
958 1356 1015 1407 et
1046 1352 1279 1411 vanitas
1321 1353 1446 1411 fuit.
1480 1354 1739 1410 Breviter
1768 1354 1939 1411 vobis
1964 1369 2115 1410 mea:

463 1439 678 1497 mentis
721 1439 908 1497 fateor
936 1455 1257 1497 arcanum:
1287 1441 1396 1506 Qui
1426 1457 1531 1513 per
1571 1458 1665 1498 me
1712 1442 2115 1500 intellecturus

463 1534 549 1587 est
577 1529 949 1602 Apostolum,
983 1530 1124 1588 nolo
1158 1536 1219 1589 ut
1255 1548 1390 1590 mea
1438 1533 1657 1604 scripta
1686 1532 2000 1591 difﬁculter
2022 1531 2113 1587 in-

2219 380 2573 437 rheloricam
2632 378 3096 443 transtulerunt;
3157 382 3221 432 ut
3273 379 3502 431 cunctis
3569 376 3895 433 evidenter

2220 478 2506 543 appareat
2545 473 2711 543 prius
2762 471 2841 525 ad
2878 468 3337 540 exprimendam
3365 468 3679 524 veritatem
3702 469 3896 537 justis

2221 561 2522 618 mentibus
2570 561 2800 625 datum,
2831 559 2999 631 quod
3045 561 3253 630 postea
3301 556 3549 627 gentiles
3590 557 3894 613 humanae

2220 648 2529 719 sapientius
2555 647 2891 719 aptandum
2930 663 3058 701 esse
3111 648 3491 717 putaverunt.
3524 647 3661 703 Haec
3689 645 3753 700 in
3794 644 3893 700 le-

2220 736 2522 793 ctionibus
2548 736 2733 793 sacris
2758 739 3052 807 tanquam
3082 734 3418 789 clarissima
3437 733 3639 793 sidera
3654 733 3891 801 lucent,

2220 830 2278 882 et
2322 825 2749 895 signiﬁcantias
2793 840 2993 881 rerum
3050 822 3315 880 utillimis
3363 822 3743 894 compendiis
3784 823 3895 878 de-

2222 920 2419 971 center
2445 914 2803 971 illuminant.
2837 916 2979 979 Qum
3009 928 3121 968 nos
3171 912 3428 968 breviter
3453 911 3603 967 locis
3641 912 3893 985 aptissi-

2224 1004 2335 1060 mis
2367 1002 2851 1070 admonebimus,
2882 1000 3174 1073 quoniam
3204 1018 3299 1055 res
3327 1001 3475 1072 ipsae
3511 1000 3889 1057 commodis-

2225 1092 2374 1147 sime
2403 1091 2775 1147 deducentur
2819 1090 2897 1145 ad
2946 1089 3234 1155 medium,
3265 1104 3370 1161 per
3412 1105 3569 1161 quas
3609 1091 3890 1161 concepti

2223 1197 2440 1237 sensus
2466 1180 2685 1236 clarius
2714 1178 3053 1235 elucebunt.
3076 1181 3224 1235 Nam
3241 1183 3299 1233 et
3320 1180 3490 1233 Pater
3511 1179 3893 1248 Augustinus

2220 1271 2283 1327 in
2312 1270 2414 1339 lib,
2463 1284 2542 1339 ιιι,
2574 1269 2648 1324 de
2696 1268 2976 1324 Doctrina
3022 1268 3361 1325 Christiana
3392 1269 3545 1336 (cap.
3590 1283 3763 1333 xxxx,
3802 1267 3891 1323 ita

2222 1360 2530 1432 professus
2543 1362 2634 1414 est
2652 1377 2665 1414 :
2689 1357 3100 1413 Sciantautem
3130 1356 3366 1411 litterati
3392 1355 3592 1410 modis
3607 1356 3889 1412 omnium

2221 1448 2613 1515 locutionum,
2640 1462 2795 1519 quas
2822 1445 3200 1516 grammatici
3238 1446 3441 1502 Grieco
3488 1446 3734 1502 nomine
3765 1452 3888 1501 tro—

2224 1542 2598 1610 pos'vocant.
2632 1542 2905 1592 auctores
2925 1539 3164 1591 nostros
3194 1550 3340 1590 usos
3371 1534 3572 1590 fuisse.
3606 1537 3671 1590 Et
3699 1534 3884 1606 paulo

463 1618 702 1687 telligat,
739 1622 796 1675 et
846 1619 923 1677 ad
968 1620 1350 1692 interpretem
1389 1622 1901 1690 cognoscendum,
1929 1621 2114 1681 alium
2144 1638 2190 1695 Β
2226 1631 2362 1700 post
2389 1626 2695 1698 sequitur:
2745 1628 2907 1691 Quos
2945 1630 3151 1681 tamen
3201 1629 3426 1696 tropos.
3459 1624 3520 1679 id
3548 1630 3635 1679 est
3662 1624 3883 1680 modos

464 1714 694 1781 quaerat
717 1710 1140 1781 interpretem.)
2096 1774 2121 1793 κ

536 1798 571 1863 i'
596 1801 709 1857 Nec
738 1799 937 1857 minus
967 1799 1359 1857 Cassiodorus
1378 1801 1440 1857 in
1469 1817 1648 1873 opere
1669 1800 1928 1859 mirabili
1948 1800 2116 1871 quod

465 1887 839 1946 Psalmorum
871 1889 1238 1961 expositione
1286 1891 1565 1957 contexit,
1598 1907 1737 1949 cum
1789 1890 1992 1963 plures
2021 1905 2116 1946 ea-

464 1976 740 2036 rumdem
771 1978 986 2035 artium
1010 1980 1234 2046 figuras
1262 1980 1682 2051 interponeret,
1706 1996 1827 2035 non
1847 1996 1955 2052 per
1981 1979 2113 2035 illas

464 2065 733 2126 Psalmos
763 2067 1058 2138 exposuit,
1093 2067 1198 2124 sed
1240 2083 1342 2124 eas
1395 2069 1579 2127 sacris
1628 2069 1882 2140 eloquiis
1922 2069 2114 2126 inesse

463 2156 685 2231 perduc
694 2156 1019 2227 uit,quaten
1029 2174 1097 2212 us
1111 2173 1321 2215 earum
1341 2164 1648 2216 auctorem
1665 2158 2117 2230 t)ominum,qui

466 2245 691 2303 eisdem
722 2245 938 2304 divinis
958 2246 1209 2318 eloquiis
1238 2249 1615 2320 praedicatur,
1636 2264 1755 2304 non
1786 2265 1890 2305 eos
1923 2247 2028 2320 qui
2054 2262 2117 2301 se

466 2336 802 2392 inventores
840 2333 1048 2391 talium
1073 2335 1404 2406 juctabant,
1436 2353 1696 2409 eumque
1738 2342 1842 2393 aut
1873 2337 2118 2392 minime

466 2428 573 2483 aut
599 2438 672 2481 ex
698 2428 863 2494 parte
892 2430 1318 2494 cognoverant,
1349 2430 1620 2498 patenter
1655 2427 2011 2489 ostenderet,
2040 2424 2119 2479 de

467 2526 592 2583 quo
605 2511 819 2569 dicitur
837 2528 850 2568 :
884 2512 1084 2569 Omnis
1112 2528 1151 2570 a
1169 2515 1465 2583 sapientia
1488 2529 1526 2570 a
1545 2516 1797 2570 Domino
1818 2519 1937 2572 Deo
1957 2524 2041 2572 est
2063 2518 2119 2572 et

468 2615 602 2659 cum
629 2600 740 2658 illo
762 2602 881 2669 fuit
901 2616 1131 2671 semper
1150 2608 1303 2673 etest
1324 2608 1465 2659 ante
1481 2618 1613 2659 eum
1645 2604 1828 2673 (Eccl.
1848 2621 1885 2669 ι,
1920 2605 1988 2674 1,)
2016 2606 2118 2661 ubi

468 2689 805 2747 necessario
822 2690 1061 2748 additur
1076 2691 1808 2759 omnis,utdemonstretur
1819 2693 2119 2765 quidquid

467 2777 773 2839 bonarum
797 2780 1013 2837 artium
1024 2784 1202 2851 atque
1217 2778 1595 2849 ingeniorum
1611 2784 1767 2836 recte
1783 2782 2121 2856 utiliterque

468 2867 718 2940 sapitur,
739 2868 840 2925 illo
855 2873 1096 2927 auctore
1124 2868 1255 2925 dari
1283 2868 1566 2924 omnibus
1591 2873 1770 2942 atque
1787 2870 2080 2945 dispertiri
2102 2891 2115 2941 ;

466 2956 543 3016 de
564 2972 686 3030 quo
701 2956 952 3048 legitur:
978 2958 1257 3048 Dividens
1278 2958 1532 3048 singulis
1552 2966 1733 3028 prout
1750 2962 1879 3016 vult
1898 2963 1951 3027 (Ι
1975 2963 2114 3019 Cor.
2149 2988 2190 3048 ρ

466 3061 567 3117 xu,
587 3048 696 3111 t2.)
714 3044 819 3116 qui
848 3043 1011 3102 solus
1038 3045 1441 3113 essentialiter,
1469 3046 2033 3107 incommutabiliter
2047 3066 2118 3106 ac

470 3133 828 3207 sempiterne
852 3134 1112 3208 sapiens,
1144 3134 1267 3192 imo
1294 3137 1586 3208 sapientia
1617 3137 1899 3193 veraciter
1927 3138 2117 3193 credi-

469 3226 564 3282 tur
587 3227 645 3281 et
668 3222 918 3281 ﬁdeliter
944 3224 1323 3296 priedicatur.
1359 3228 1436 3281 De
1465 3242 1590 3298 qua
1620 3242 1683 3281 re
1711 3243 1849 3281 cum
1876 3227 1937 3284 in
1961 3242 2117 3300 prse-

469 3311 690 3370 fatione
718 3311 990 3382 ejusdem
1021 3313 1421 3386 amplectendi
1450 3315 1648 3386 operis
1675 3315 1751 3369 de
1780 3314 2121 3387 eloquentia

469 3401 648 3457 totius
674 3398 826 3466 legis
853 3401 1071 3457 divinas
1097 3402 1366 3472 disseret,
1394 3402 1477 3457 ita
1503 3402 1740 3459 locutus
1762 3409 1873 3458 est.

542 3485 929 3543 Cassiodorus
955 3488 1221 3558 (Protog.
1248 3491 1312 3543 in
1333 3491 1524 3558 Psal.,
1553 3505 1687 3561 cap.
1713 3492 1807 3547 15:
1836 3491 2026 3562 [Unde
2041 3492 2120 3547 ad

471 3571 893 3644 probationem
920 3576 1174 3645 pertinet
1201 3576 1555 3647 maximam,
1582 3579 1725 3650 quia
1776 3579 1864 3637 lex
1918 3580 2123 3637 divina

471 3676 579 3733 per
593 3664 838 3717 cunctas
864 3662 1073 3719 mundi
1098 3668 1296 3735 partes
1320 3666 1700 3735 cognoscitur
1715 3667 1899 3724 fuisse
1919 3685 2120 3725 susce-

471 3752 595 3821 pta.
627 3748 766 3803 Hinc
791 3750 993 3807 multis
1018 3752 1202 3808 modo
1224 3767 1444 3823 genera
1472 3771 1596 3810 suas
1626 3755 1942 3813 locutionis
1962 3774 2126 3813 exer-

472 3844 583 3909 cet,
611 3843 669 3897 et
693 3837 1140 3897 deﬁnitionibus
1171 3842 1495 3909 succincta,
1517 3846 1921 3902 schematibus
1942 3848 2122 3906 deco-

470 3944 557 3995 ra,
587 3928 911 3986 verborum
940 3932 1299 4003 proprietate
1341 3933 1596 4003 signata,
1631 3934 2122 4007 syllogismorum

472 4018 989 4090 complexionibus
1036 4022 1333 4093 expedita,
1389 4022 1720 4096 disciplinis
1771 4025 2119 4093 inrutilans;

472 4122 597 4164 non
629 4113 829 4164 tamen
870 4108 949 4164 ab
979 4109 1061 4166 eis
1090 4112 1390 4183 accipiens
1432 4118 1783 4169 extraneum
1818 4114 2118 4182 decorem,

475 4196 580 4252 sed
618 4196 819 4267 potius
860 4197 973 4254 illis
1022 4200 1332 4272 propriam
1385 4201 1698 4258 conferens
1745 4203 2117 4274 dignitatem.

476 4283 615 4339 Hmc
642 4285 803 4341 enim
827 4288 1075 4358 quando
1102 4289 1163 4344 in
1188 4288 1406 4345 divinis
1438 4291 1751 4363 Scripturis
1783 4291 2119 4363 splendent,

476 4378 636 4431 certa
665 4378 843 4446 atque
875 4376 1194 4447 purissima
1223 4384 1396 4445 sunt;
1452 4396 1587 4434 cum
1616 4396 1753 4435 vero
1784 4380 1864 4436 ad
1892 4381 2121 4452 opinio-

474 4478 581 4519 nes
605 4462 922 4521 hominum
952 4472 1010 4521 et
1052 4468 1413 4538 quaestiones
1443 4469 1828 4523 inanissimas
1856 4470 2121 4545 veniunt,

475 4552 777 4623 ambiguis
840 4554 1292 4612 altercationum
1347 4556 1622 4612 ﬂuctibus
1683 4558 2001 4629 agitantur,
2061 4564 2126 4615 ut

474 4643 639 4713 quod
687 4642 783 4699 hic
838 4643 1180 4700 ﬁrmissime
1223 4661 1460 4718 semper
1511 4662 1740 4713 verum,
1786 4648 2127 4720 frequenter

474 4729 616 4789 alibi
671 4733 958 4789 reddatur
1030 4733 1344 4791 incertum.
1399 4736 1490 4792 Sic
1547 4741 1604 4793 et
1660 4737 1868 4809 lingua
1923 4740 2129 4793 nostra

475 4818 623 4876 dum
648 4822 1052 4892 psalmodiam
1095 4825 1275 4894 canit,
1307 4825 1614 4883 nobilitate
1645 4826 1903 4883 veritatis
1951 4842 2130 4884 orna-

476 4911 600 4972 tur;
653 4924 793 4964 eum
849 4911 930 4966 ad
986 4912 1226 4970 fabulas
1276 4916 1509 4987 ineptas
1551 4922 1606 4972 et
1659 4917 2017 4988 blaspheme
2070 4932 2134 4971 se

475 4992 661 5050 verba
690 5000 1063 5067 converterit,
1081 5001 1159 5055 ab
1180 5002 1410 5058 honore
1435 5003 1752 5075 probitatis
1779 5002 2130 5064 excluditur,

480 5081 641 5138 Sicut
666 5083 979 5156 apostolus
1010 5086 1273 5143 Jacobus
1303 5089 1469 5146 dicit:
1516 5092 1616 5147 Ex
1653 5092 1781 5160 ipso
1821 5105 1923 5145 ore
1970 5091 2138 5147 bene-

478 5171 730 5227 dicimus
758 5174 945 5227 Deum
995 5180 1050 5229 et
1078 5177 1345 5241 Patrem,
1372 5184 1428 5231 et
1473 5193 1549 5234 ea:
1587 5179 1713 5245 ipso
1762 5192 1865 5233 ore
1891 5178 2137 5236 maledi.

479 5265 665 5319 cimus
696 5262 1015 5328 hominem,
1041 5263 1147 5331 qui
1191 5263 1272 5318 ad
1324 5265 1643 5333 imaginem
1700 5271 1753 5320 et
1796 5266 2138 5320 similitudi-

481 5365 613 5404 nem
667 5352 774 5406 Dei
810 5352 1012 5419 factus
1044 5357 1127 5405 est
1180 5352 1405 5419 (Jacob.
1438 5368 1520 5419 ιιι,
1549 5358 1619 5406 9ξ.
1654 5355 1785 5407 Hmc
1808 5353 2135 5409 mundana.

482 5453 612 5491 rum
648 5439 857 5492 artium
894 5439 1079 5508 periti,
1114 5455 1267 5510 quos
1296 5444 1489 5492 tamen
1527 5440 1712 5495 multo
1738 5443 2030 5512 pastorias
2056 5443 2134 5499 ab

480 5525 725 5583 exordio
777 5525 1117 5585 divinorum
1181 5527 1470 5584 librorum
1536 5530 1826 5585 exstitisse
1887 5531 2134 5588 manife-

481 5619 639 5673 stum
697 5620 803 5685 est,
855 5616 931 5673 ad
987 5617 1365 5677 collectiones
1424 5624 1936 5689 argumentorum,
1993 5638 2128 5695 quae

2224 1716 2615 1783 locutionum,
2655 1716 2758 1787 qui
2810 1719 3125 1781 noverunt,
3177 1720 3509 1785 agnoscunt
3560 1715 3619 1769 in
3668 1714 3875 1771 litteris

2225 1806 2464 1870 sanctis,
2516 1820 2847 1876 eorumque
2900 1802 3143 1858 scientia
3198 1803 3274 1857 ad
3319 1819 3417 1859 eas
3451 1801 3863 1871 intelligendas

2224 1893 2661 1966 aliquantulum
2693 1892 3075 1963 adjuvantur.
3111 1892 3291 1961 Cujus
3313 1890 3391 1945 rei
3417 1896 3471 1945 et
3504 1890 3566 1946 in
3597 1889 3730 1945 aliis
3756 1904 3865 1944 co-

2222 1983 2457 2039 dicibus
2501 1982 2627 2036 suis
2680 1982 2813 2036 fecit
2844 1979 3353 2035 evidentissimum
3383 1978 3771 2034 mentionem.
3803 1980 3877 2031 In

2222 2072 2389 2129 libris
2416 2072 2645 2143 quippe
2663 2086 2820 2142 quos
2832 2068 3157 2141 appellavit
3181 2067 3257 2124 de
3286 2068 3465 2123 Medis
3477 2066 3879 2134 locutionum,

2224 2161 2461 2216 diversa
2502 2160 2777 2215 schmata
2835 2156 3211 2213 smeularium
3257 2157 3585 2212 litterarum
3630 2154 3881 2211 inveniri

2224 2249 2504 2322 probavit
2554 2248 2617 2304 in
2666 2247 2870 2303 litteris
2916 2245 3136 2313 sacris;
3185 2244 3338 2301 alios
3376 2248 3576 2300 autem
3604 2243 3885 2316 proprios

2228 2338 2447 2394 modos
2486 2338 2545 2393 in
2599 2336 2817 2393 divinis
2870 2334 3124 2407 eloquiis
3165 2350 3302 2388 esse
3347 2333 3699 2401 declaravit,
3727 2346 3885 2404 quos

2229 2426 2603 2497 grammatici
2660 2425 2786 2481 sive
2841 2424 3106 2479 rhetores
3157 2421 3500 2478 nullatenus
3542 2421 3879 2492 attigerunt.

2228 2516 2510 2572 Dixerunt
2527 2514 2643 2569 hoc
2672 2513 2839 2586 apud
2867 2529 2979 2568 nos
3004 2518 3061 2568 et
3089 2512 3188 2568 alii
3212 2511 3542 2567 doctissimi
3573 2510 3805 2574 Patres,
3824 2508 3882 2564 id

2227 2608 2315 2659 est
2344 2603 2759 2674 Hieronymus.
2791 2601 3161 2667 Ambrosius,
3210 2600 3494 2667 Hilarius;
3546 2605 3613 2655 ut
3660 2613 3883 2671 nequa-

2226 2708 2412 2765 quam
2440 2707 2555 2747 nos
2583 2695 3051 2763 praesumptores
3083 2690 3263 2759 hujus
3290 2689 3397 2755 rei,
3429 2688 3537 2743 sed
3564 2686 3881 2761 pedisequi

2226 2796 2356 2836 esse
2397 2780 2728 2835 videamur.
2757 2779 2869 2833 Sed
2900 2778 3057 2833 dicet
3083 2776 3335 2849 aliquis:
3366 2780 3481 2832 Nec
3509 2780 3714 2848 partes
3739 2776 3884 2847 ipsa

2227 2868 2738 2943 syllogismorum,
2771 2882 2883 2922 nec
2925 2866 3174 2922 nomina
3210 2866 3610 2931 schematum,
3638 2880 3757 2921 nec
3784 2880 3881 2920 vo-

2227 2954 2444 3011 cabula
2485 2954 2967 3027 disciplinarum,
2993 2971 3105 3009 nec
3143 2954 3261 3011 alia
3289 2953 3711 3025 hujuscemodi
3744 2952 3888 3007 ulla.

2227 3050 2398 3100 tenus
2428 3044 2814 3101 inveniuntur
2844 3044 2906 3099 in
2951 3042 3243 3116 psalmis?
3290 3043 3687 3099 Inveniuntur
3706 3041 3885 3115 plane

2224 3134 2287 3190 in
2317 3133 2531 3190 virtute
2581 3148 2891 3197 sensuum,
2924 3148 3048 3188 non
3100 3132 3160 3187 in
3204 3131 3485 3188 citatione
3526 3131 3876 3187 verborum:

2226 3221 2309 3277 sic
2339 3223 2500 3279 enim
2526 3222 2668 3278 vina
2709 3222 2772 3277 in
2800 3221 3043 3289 vitibus,
3075 3237 3335 3277 messem
3365 3220 3428 3276 in
3456 3220 3700 3289 semine,
3720 3219 3875 3275 fron-

2224 3309 2331 3366 des
2372 3311 2435 3367 in
2482 3311 2809 3377 radicibus,
2840 3310 3066 3366 fructus
3121 3311 3184 3366 in
3223 3310 3409 3365 ramis
3438 3309 3694 3375 arboris,
3720 3308 3884 3381 ipsas

2226 3413 2412 3457 nuces
2440 3398 2922 3472 contemplemur
2943 3400 3004 3455 in
3024 3398 3273 3454 nucleis.
3290 3402 3438 3454 Nam
3467 3402 3526 3453 et
3548 3397 3625 3452 de
3641 3396 3886 3469 profun-

2227 3488 2481 3545 dissima
2505 3489 2731 3560 abysso
2761 3492 2820 3543 et
2843 3487 3165 3544 deliciosus
3202 3487 3384 3559 piscis
3424 3487 3756 3556 attingitur,
3784 3487 3887 3558 qui

2229 3581 2430 3634 tamen
2476 3582 2615 3633 ante
2663 3576 3119 3649 conceptionem
3156 3576 3539 3648 [captionem]
3566 3575 3747 3630 suam
3775 3575 3886 3630 hu-

2228 3666 2423 3721 manis
2453 3664 2644 3721 oculis
2685 3681 2809 3723 non
2840 3665 3088 3720 videtur.
3126 3665 3321 3722 Merito
3368 3680 3513 3734 ergo
3564 3680 3701 3719 esse
3747 3663 3890 3719 dici-

2230 3772 2387 3826 mus,
2433 3771 2571 3828 quas
2618 3756 2813 3812 inesse
2865 3754 3256 3810 nihilominus
3308 3754 3521 3809 virtute
3569 3753 3886 3809 sentimus.

2232 3849 2380 3901 Nam
2410 3850 2464 3900 et
2493 3844 2813 3917 Apostolus
2842 3848 3000 3900 vetat
3025 3859 3135 3899 nos
3164 3843 3367 3899 seduci
3397 3859 3505 3916 per
3537 3858 3766 3899 vanam
3795 3859 3891 3898 sa-

2229 3934 2515 4007 pientiam
2563 3934 2772 3990 mundi
2827 3935 2875 4003 (I
2923 3933 3060 3990 Cor.
3123 3949 3205 3996 ιιι,
3257 3933 3373 4009 18);
3418 3933 3535 3988 ista
3586 3948 3732 3989 vero
3769 3947 3896 3988 non

2230 4023 2493 4092 abnegat
2526 4022 2590 4077 in
2616 4022 2821 4077 litteris
2851 4037 2986 4078 esse
3013 4021 3250 4077 divinis.

2298 4112 2335 4176 -ἰ-
2358 4116 2439 4166 Αο
2465 4125 2572 4182 per
2601 4111 2715 4165 hoc
2759 4110 3274 4182 quandocunque,
3306 4109 3460 4165 sicut
3495 4108 3778 4175 diximus,
3806 4110 3902 4165 ta.-

2228 4200 2386 4255 libus
2440 4199 2522 4254 uti
2573 4198 2898 4254 necessitas
2952 4198 3223 4270 impellit,
3275 4197 3573 4254 adversus
3614 4213 3721 4252 eos
3767 4196 3903 4252 sine

2231 4287 2417 4343 dubio
2463 4285 2590 4358 qui,
2620 4286 2935 4341 illudentes
2990 4285 3313 4342 sinceritati
3356 4290 3574 4341 nostras
3619 4284 3783 4351 ﬁdei,
3814 4285 3904 4340 eis

2232 4376 2419 4432 inﬂati
2446 4379 2696 4440 tument,
2723 4374 3031 4444 agendum
3056 4376 3153 4447 pie
3185 4374 3607 4447 humiliterque
3636 4390 3763 4430 non
3793 4374 3907 4429 im-

2230 4464 2540 4538 probatur,
2574 4480 2712 4519 cum
2750 4463 3028 4532 legamus
3076 4466 3275 4520 Mosen
3318 4464 3751 4535 prophetarum
3783 4464 3907 4518 exi-

2232 4553 2424 4609 mium
2490 4552 2656 4607 omni
2720 4553 3144 4624 IEgyptiorum
3222 4551 3520 4623 sapientia
3593 4552 3902 4607 eruditum

2234 4644 2393 4714 (Act.
2427 4658 2465 4711 ι,
2504 4644 2615 4711 22),
2665 4647 2720 4697 et
2773 4641 3075 4698 Danielem
3131 4656 3203 4698 ac
3253 4640 3449 4697 socios
3496 4642 3629 4711 ejus
3683 4656 3906 4697 omnes

2238 4731 2652 4789 Chaldaeorum
2687 4747 2900 4801 magos
2939 4735 3118 4802 atque
3173 4731 3480 4802 aruspices
3536 4731 3905 4787 earumdem

2239 4821 2486 4877 scientia
2531 4820 2856 4893 decuplum
2900 4833 3219 4890 superasse
3267 4820 3449 4887 (Dan.
3481 4836 3540 4887 v,
3573 4823 3637 4874 14
3688 4824 3749 4876 et
3798 4821 3904 4889 15).

2239 4914 2370 4966 iam
2426 4926 2587 4965 nunc
2630 4910 2692 4964 in
2734 4909 2977 4964 nomine
3024 4909 3171 4979 [Dei]
3214 4915 3272 4965 et
3302 4908 3603 4980 adjutorio
3628 4906 3906 4981 labyrin-

2242 5001 2410 5056 thum
2461 5004 2702 5055 tuarum
2759 4999 3069 5055 haereseon
3097 4999 3341 5068 adituri,
3373 4999 3631 5069 gratiam
3662 5000 3802 5071 ejus
3832 5000 3908 5055 si-

2241 5104 2317 5146 ne
2345 5103 2469 5161 quo
2493 5087 2641 5143 nihil
2664 5104 2892 5154 sumus,
2927 5088 3156 5144 scimus
3185 5093 3244 5144 et
3288 5103 3638 5159 possumus,
3667 5089 3903 5146 invoce-

2244 5191 2401 5241 mus,
2434 5181 2498 5233 ut
2540 5176 2673 5248 ipsa
2699 5176 2853 5232 duce
2900 5181 3034 5233 tuas
3081 5176 3522 5233 inextricabiles
3568 5193 3782 5234 moras
3812 5193 3912 5251 pe-

2242 5270 2475 5321 netrare
2500 5280 2722 5337 easque
2750 5264 3044 5322 inoﬁ'enso
3064 5280 3277 5335 gressu
3300 5266 3555 5321 evadere
3571 5265 3908 5335 valeamus,

2241 5371 2633 5427 nequaquam
2682 5355 2767 5409 tui
2817 5355 3137 5426 quadruvii
3178 5355 3676 5411 innodationibus
3710 5373 3783 5412 ac
3812 5356 3907 5411 de-

2241 5444 2717 5515 pravationibus,
2751 5444 2853 5499 sed
2892 5444 3230 5501 auctoritati
3275 5450 3332 5500 et
3360 5445 3589 5500 veritati
3634 5445 3907 5501 medulli-

2248 5539 2345 5589 tus
2366 5534 2707 5590 innitentes.

2318 5621 2498 5691 lgitur
2528 5637 2633 5694 per
2662 5624 2973 5695 copiosam
3009 5623 3380 5695 prtefationis
3411 5628 3529 5680 tua;
3552 5623 3910 5696 disputatio-
