4112 6184
326 158 457 214 i0?!

1262 166 2051 242 serenossrmmoss
2093 160 2368 222 cosra‘x
2405 169 2453 221 ι.
2498 169 2793 226 scarum.

3596 170 3730 230 4022

318 297 623 354 ncm,qua
645 298 846 339 veram
874 283 1316 358 philosophiam
1347 304 1553 345 veram
1577 306 1706 345 esse
1736 290 1968 361 religio-
2000 293 2045 345 A
2086 288 2289 345 divina
2344 289 2579 364 eloquia
2631 293 2832 348 nullus
2889 295 3124 364 ignorat
3174 313 3186 349 :
3243 310 3366 367 quo
3423 296 3734 353 conficitur

312 384 452 424 nem
488 371 768 427 veraciter
790 373 1020 434 astruis.
1048 375 1153 430 sed
1182 375 1608 435 inveniendam
1637 380 1972 452 disciplina-

310 475 448 514 rum
480 461 857 518 saecularium
875 464 1202 520 eruditione
1225 460 1509 523 fallaciter
1530 468 1815 536 aﬁirmas,
1832 487 1969 525 eum

314 563 459 605 vera
493 549 698 619 religio
725 551 844 608 ﬁde
875 557 929 608 et
965 554 1057 609 Dei
1089 555 1300 624 gratia,
1330 572 1453 612 non
1481 558 1763 614 humanis
1798 559 1967 615 adin-

314 638 702 695 ventionibus
748 646 1105 715 assequatur
1152 647 1332 717 atque
1364 646 1762 718 approbatur;
1790 649 1969 720 ponis

315 727 673 784 sententiam
732 730 1139 802 Gottescalehi,
1192 748 1316 805 qua
1372 733 1671 791 afﬁrmare
1724 741 1971 793 conetur

314 817 667 873 necessitate
694 818 1234 890 praedestinationis
1262 826 1386 877 tam
1416 821 1612 879 bonos
1663 825 1742 880 ad
1783 825 1965 895 bona,

312 921 503 977 quam
548 906 742 962 malos
796 908 872 963 ad
920 908 1079 964 mala
1110 910 1523 967 inevitabiliter
1572 912 1815 985 impelli.
1850 917 1969 970 Hoc

314 999 515 1049 utrum
557 995 648 1050 vel
678 1011 866 1068 quare
899 997 1113 1054 dixerit
1139 998 1272 1070 ipse
1301 999 1529 1071 viderit,
1563 1017 1675 1057 nos
1706 1002 1967 1059 destina-

311 1084 474 1140 tione
505 1084 602 1140 Dei
643 1085 721 1141 ad
748 1086 973 1158 aliquid
1003 1089 1356 1145 necessitate
1386 1090 1634 1163 impelli,
1670 1092 1760 1148 vel
1793 1093 1809 1163 (
1818 1093 1970 1149 sicut

310 1190 347 1229 a
382 1173 583 1229 multis
635 1174 871 1246 dicitur)
929 1175 1182 1232 fataliter
1237 1179 1369 1247 cogi
1417 1180 1719 1236 neminem
1774 1182 1965 1237 credi-

310 1280 448 1318 mus
481 1268 536 1318 et
579 1263 954 1333 conﬁtemur,
989 1266 1095 1321 sed
1143 1267 1269 1338 ejus
1325 1268 1700 1341 providentia
1749 1274 1964 1345 sempi-

308 1358 498 1422 terna,
528 1357 581 1408 et
620 1352 1201 1426 omnipotentissima
1232 1357 1612 1428 praescientia
1641 1360 1845 1416 omnia
1875 1377 1962 1417 or-

303 1440 525 1512 dinari,
556 1440 816 1512 disponi,
848 1442 1205 1515 dispensari,
1236 1446 1540 1515 destinari,
1570 1450 1694 1520 regi
1752 1465 1821 1505 ac
1854 1466 1962 1519 gu-

300 1529 547 1586 bernari
579 1530 775 1586 modis
815 1532 1031 1604 cuique
1062 1536 1347 1604 congruis
1378 1537 1543 1592 nullo
1581 1538 1765 1594 modo
1795 1539 1963 1595 dubi-

2083 380 2268 433 Deum
2299 380 2503 435 omnia
2528 382 2678 436 sicut
2707 398 2963 447 creasse,
2996 383 3079 439 ita
3110 399 3369 451 curasse,
3395 385 3728 454 ordinasse,

2079 467 2466 540 disposuisse,
2510 471 2920 542 dispensasse,
2972 474 3327 543 destinasse,
3361 490 3465 529 seu
3506 477 3731 546 praede-

2081 555 2333 612 stinasse
2357 573 2494 629 qum
2524 559 2618 614 vel
2642 558 2795 625 fecit,
2827 561 2921 616 vel
2949 560 3216 617 facturus
3247 567 3354 631 est,
3380 563 3553 633 juxta
3583 563 3727 620 illud

2079 646 2183 716 qui
2208 646 2351 714 fecit
2380 662 2512 717 quae
2533 648 2751 717 futura
2770 655 2910 706 sunt
2943 651 3081 720 (Isa.
3113 667 3244 718 va,
3268 656 3353 719 Η,
3382 666 3492 708 sec.
3514 653 3723 724 LXX).

2080 735 2188 797 Qui
2208 733 2366 791 enim
2399 750 2609 791 omnes
2640 742 2943 795 creaturas
2963 738 3131 795 initio
3160 739 3499 795 condidisse
3547 743 3731 798 credi-

2080 827 2193 886 tur,
2228 822 2373 894 quid
2402 828 2490 879 est
2515 825 2684 896 quod
2714 826 2980 882 facturus
3019 832 3162 897 erat,
3203 828 3317 883 nisi
3349 828 3726 899 gubernatio,

2078 909 2489 982 multiplicatio
2546 927 2616 968 ac
2673 913 2994 989 dispositio.
3021 931 3220 971 rerum
3261 931 3414 987 quas
3461 916 3729 975 fecerat?

2082 999 2246 1055 Unde
2268 1003 2324 1055 et
2353 999 2415 1054 in
2448 1001 2765 1071 Evangelio
2791 1003 2922 1073 ipsa
2950 1003 3179 1059 Veritas
3200 1004 3463 1076 loquitur
3488 1005 3724 1062 dicens:

2076 1089 2264 1145 Pater
2300 1104 2461 1145 meus
2492 1105 2676 1159 usque
2703 1092 2876 1147 modo
2907 1099 3213 1161 operatur,
3245 1099 3299 1149 et
3339 1109 3443 1163 ego
3490 1110 3721 1164 operor,

2077 1176 2201 1231 sive
2226 1178 2369 1245 fecit
2419 1194 2550 1248 quae
2598 1179 2818 1248 futura
2861 1187 3001 1235 sunt
3031 1182 3223 1252 (Joan.
3256 1198 3311 1251 v,
3348 1186 3455 1253 i7),
3482 1183 3623 1256 quia
3664 1185 3722 1239 in

2074 1268 2446 1337 praescientia
2478 1283 2587 1323 sua
2615 1284 2750 1341 quas
2780 1268 2900 1325 falli
2950 1271 3288 1342 mutarique
3326 1272 3551 1343 nequit,
3579 1289 3726 1344 pras-

2074 1355 2414 1427 destinavit,
2446 1357 2592 1429 quid
2624 1358 2951 1415 forinsecus
2977 1360 3174 1431 operis
3203 1360 3541 1429 effecimus,
3562 1368 3625 1429 et,
3646 1363 3724 1419 ad

2071 1459 2255 1515 quem
2286 1444 2468 1501 ﬁnem
2498 1461 2652 1517 opus
2685 1447 2851 1518 quod
2878 1447 3095 1504 faceret
3115 1455 3269 1504 esset
3292 1450 3720 1521 perducturus:

2074 1549 2211 1603 quas
2242 1534 2510 1605 operatio
2543 1534 2654 1589 nisi
2679 1534 2835 1590 illius
2865 1536 3175 1608 dispositio
3199 1538 3225 1591 ‘I
3258 1537 3429 1602 Quod
3461 1542 3724 1594 tantum-

303 1625 524 1685 tamus,
578 1620 811 1677 dicente
863 1622 1150 1678 veraciter
1183 1624 1257 1678 de
1306 1640 1376 1680 eo
1431 1626 1733 1698 Scriptura
1766 1645 1779 1681 :
1812 1628 1963 1695 Quia
1994 1643 2035 1696 Β
2072 1621 2212 1676 dem
2261 1622 2432 1689 valet,
2477 1637 2587 1677 nec
2644 1623 2805 1678 aliud
2855 1640 3105 1695 prorsus
3155 1631 3311 1680 recte
3358 1625 3721 1698 intelligitur,

300 1710 553 1781 attingit
583 1727 619 1767 a
646 1713 768 1781 ﬁne
794 1728 979 1783 usque
1006 1713 1089 1768 ad
1120 1715 1296 1782 ﬁnem
1320 1717 1583 1785 fortiter,
1617 1722 1673 1772 et
1702 1718 1963 1787 disponit

300 1800 507 1857 omnia
555 1804 823 1858 suaviter
858 1801 1024 1873 (Sap.
1057 1818 1178 1864 vni,
1215 1803 1302 1873 i);
1335 1803 1556 1876 quibus
1608 1805 1806 1861 verbis
1836 1807 1963 1862 uni-

300 1904 480 1943 versa
503 1888 602 1944 Dei
626 1889 917 1962 sapientia
943 1891 1278 1962 praeveniri,
1309 1891 1541 1961 attingi,
1561 1897 1738 1965 atque
1764 1893 1961 1967 dispo-

300 1975 366 2031 ni
400 1975 657 2033 breviter
685 1977 1257 2051 immutabiliterque
1284 1979 1603 2047 deﬁnitur;
1644 1996 1960 2053 nunquam

299 2067 464 2123 enim
522 2068 833 2138 attingeret
886 2072 1065 2141 atque
1113 2068 1479 2142 disponeret,
1519 2070 1638 2126 nisi
1674 2073 1960 2144 praeveni-

297 2159 389 2212 ret
424 2172 437 2211 :
471 2170 785 2230 nunquam
816 2172 958 2214 vero
1004 2158 1378 2230 praeveniret,
1418 2158 1533 2215 nisi
1573 2160 1960 2216 essentialiter

296 2260 371 2300 ac
397 2245 754 2316 sempiterne
786 2246 1346 2320 omnipotenterque
1377 2247 1705 2304 exsisteret.

370 2336 617 2390 Constat
639 2349 781 2403 ergo
798 2330 946 2390 nihil
974 2349 1104 2390 esse
1134 2335 1251 2390 nisi
1283 2338 1619 2392 Creatorem
1647 2341 1701 2392 et
1730 2341 1957 2393 creatu-

292 2436 453 2486 ram,
503 2424 839 2477 Creatorem
889 2436 926 2477 a
962 2422 1149 2489 nullo,
1184 2427 1521 2479 creaturam
1570 2440 1606 2480 a
1660 2427 1950 2480 Creatore.

293 2510 638 2565 Creatorem
670 2510 796 2565 sine
819 2509 1008 2577 initio,
1037 2509 1432 2568 mutabilitate
1459 2516 1515 2567 et
1536 2511 1654 2569 ﬁne
1681 2530 1693 2580 ;
1727 2518 1955 2570 creatu-

288 2612 429 2654 ram
448 2614 587 2653 cum
603 2596 766 2653 initio
789 2602 844 2653 et
860 2597 1272 2666 mutabilitate,
1288 2599 1628 2673 partimque
1646 2617 1783 2655 cum
1798 2600 1949 2657 fine:

288 2684 608 2742 rationalis
635 2685 793 2741 enim
829 2691 1100 2766 creatura
1148 2687 1501 2756 angelorum
1548 2692 1605 2743 et
1633 2688 1952 2744 hominum

291 2774 495 2847 erepit,
526 2791 637 2830 nec
667 2774 918 2843 desinit;
946 2779 1159 2831 caetera
1204 2790 1347 2831 vero
1397 2774 1606 2832 usibus
1635 2776 1953 2833 hominum

292 2863 452 2919 facta
481 2868 663 2936 atque
689 2862 1227 2936 attributa,partim
1257 2864 1558 2931 desinunt,
1591 2866 1807 2937 partim
1826 2881 1953 2938 per-

289 2957 570 3020 manent;
600 2967 710 3007 nec
736 2956 935 3008 tamen
954 2952 1169 3009 eadem
1191 2953 1617 3029 permansione
1641 2953 1952 3010 aeternitati
1982 2992 2024 3045 ο

288 3044 687 3111 coeequantur
714 3041 1008 3113 Auctoris,
1040 3041 1115 3097 de
1142 3040 1367 3114 quibus
1400 3058 1562 3098 nunc
1582 3041 1832 3113 longum
1865 3047 1951 3099 est

288 3130 619 3202 disputare.
640 3133 790 3185 Cum
820 3145 962 3201 ergo
987 3134 1219 3186 constet
1246 3130 1396 3186 nihil
1422 3130 1588 3187 aliud
1613 3147 1743 3188 esse
1764 3148 1950 3205 quam

292 3218 628 3273 Creatorem
662 3224 717 3274 et
741 3223 1101 3287 creaturam,
1120 3220 1520 3293 eamdemque
1540 3235 1664 3276 non
1687 3237 1721 3275 a
1747 3222 1952 3294 seipsa

300 3306 411 3361 sed
442 3308 767 3364 aCreatore
813 3308 1140 3364 exsistendi
1186 3309 1514 3381 sumpsisse
1563 3308 1948 3382 principium,

295 3394 682 3452 nihilominus
736 3398 815 3455 ad
859 3399 1195 3455 Creatorem
1245 3398 1530 3471 pertinuit
1557 3398 1948 3472 disposuisse,

290 3484 682 3556 ordinavisse,
712 3486 1045 3543 destinasse
1073 3503 1142 3543 ac
1174 3488 1631 3560 praedestinasse
1670 3490 1835 3560 quod
1867 3489 1949 3545 ie~

287 3578 486 3640 cerat;
519 3575 1040 3647 quemadmodum
1070 3576 1298 3632 dictum
1328 3583 1438 3644 est,
1470 3576 1637 3649 quod
1686 3581 1948 3649 attingat

285 3679 326 3719 a
354 3664 477 3731 ﬁne
503 3679 687 3736 usque
716 3665 797 3721 ad
830 3667 1009 3734 ﬁnem
1037 3668 1304 3736 fortiter,
1335 3673 1391 3722 et
1420 3668 1702 3736 disponat
1748 3669 1950 3724 omnia

284 3755 596 3810 suaviter:
622 3770 659 3809 a
687 3753 806 3810 ﬁne
834 3753 1110 3810 videlicet
1135 3756 1445 3811 invisibilis
1467 3760 1647 3828 atque
1676 3756 1949 3829 incorpo-

285 3857 404 3897 rea:
435 3847 743 3911 creaturas,
778 3859 970 3915 usque
1002 3844 1077 3899 ad
1110 3842 1293 3898 tinem
1333 3843 1586 3899 visibilis
1617 3860 1948 3916 corporeae-

286 3945 407 4002 que
438 3936 724 3987 creaturae
749 3948 762 3998 ;
795 3931 854 3986 id
881 3936 988 3994 est,
1022 3931 1100 3987 ab
1129 3948 1199 3987 eo
1226 3931 1390 4004 quod
1425 3933 1711 3987 creaturis
1762 3934 1951 3988 omni-

283 4017 405 4074 bus
432 4034 744 4075 summum
799 4026 891 4076 est
920 4036 1112 4092 usque
1153 4020 1231 4076 ad
1259 4020 1320 4075 id
1351 4021 1512 4092 quod
1565 4020 1626 4076 in
1666 4022 1951 4077 creaturis

282 4108 574 4162 omnibus
603 4108 876 4164 inﬁmum
912 4114 1043 4176 est;
1076 4109 1243 4181 quod
1269 4109 1316 4164 si
1346 4112 1618 4179 negatur,
1651 4114 1756 4166 aut
1802 4110 1951 4165 invi-

280 4196 320 4251 d
336 4212 405 4249 us
438 4197 627 4268 (quod
657 4196 832 4265 absit)
851 4202 954 4253 aut
980 4196 1280 4269 impotens
1299 4199 1450 4253 Deus
1469 4198 1772 4254 asseritur.
1797 4198 1948 4264 Quia

280 4284 335 4339 si
365 4299 487 4340 non
538 4285 855 4353 ordinavit,
888 4285 1204 4359 disposuit,
1238 4287 1627 4359 dispensavit,
1687 4287 1948 4342 destina—

278 4374 390 4444 vit,
420 4374 543 4429 sive
572 4340 1018 4447 praedestinavit
1038 4340 1205 4447 quod
1228 4340 1948 4447 fecittreolligwrilurﬁut‘nul-
1974 4340 2020 4396 Β

276 4462 523 4518 latentis
555 4463 798 4519 facturas
833 4480 959 4519 suae
988 4480 1197 4519 curam
1241 4464 1537 4520 habuerit.
1578 4466 1798 4522 Habuit
1848 4481 1950 4521 au—

280 4554 408 4605 tem
448 4565 656 4606 curam
707 4556 1117 4607 creaturarum
1168 4567 1324 4624 quas
1369 4552 1525 4622 fecit,
1557 4554 1701 4626 quia
1744 4554 1820 4610 de
1877 4570 1949 4610 eo

278 4653 473 4695 verax
500 4638 803 4711 Scriptura
853 4637 1169 4695 conﬁtetur
1197 4639 1455 4696 dicendo
1488 4658 1501 4696 :
1534 4641 1652 4697 Cui
1676 4657 1826 4698 cura
1863 4648 1949 4697 est

284 4727 363 4781 de
390 4727 658 4783 omnibus
685 4727 845 4799 (Sap.
872 4744 971 4797 xu,
1004 4729 1088 4799 t3)
1113 4747 1126 4796 ;
1156 4731 1213 4784 et
1233 4729 1312 4785 ad
1332 4744 1516 4801 quem
1549 4731 1841 4802 Propheta
1866 4730 1948 4786 lo-

285 4813 488 4887 quitur
517 4832 530 4872 :
567 4817 961 4874 Ordinatione
985 4822 1091 4873 tua
1126 4823 1469 4887 perseverat
1493 4819 1636 4886 dies,
1665 4820 1946 4889 quoniam

280 4906 483 4961 omnia
505 4906 775 4962 serviunt
803 4906 912 4961 tibi
929 4906 1051 4977 (Ps.
1085 4922 1285 4975 exvui,
1314 4908 1427 4976 91);
1454 4909 1518 4962 Et
1545 4908 1637 4962 cui
1669 4907 1730 4962 in
1754 4909 1944 4979 preei~

274 4994 398 5050 bus
427 4998 667 5053 orantes
689 4993 946 5051 dicimus
981 5013 992 5050 :
1036 4996 1216 5063 Deus,
1250 4998 1421 5066 cuius
1449 4996 1830 5067 providentia
1879 5000 1943 5055 in

273 5084 381 5141 sui
407 5084 793 5153 dispositione
822 5100 943 5141 non
984 5085 1252 5154 fallitur.
1281 5088 1348 5142 Et
1376 5087 1481 5159 qui
1530 5087 1590 5143 in
1623 5087 1945 5158 Evangelio

271 5172 586 5245 loquitur:
618 5174 835 5230 Nonne
880 5174 998 5229 duo
1046 5189 1315 5243 passeres
1371 5190 1502 5231 asse
1548 5183 1826 5248 veneunt,
1887 5184 1943 5235 et

272 5278 438 5317 unus
472 5277 547 5318 ea:
576 5263 700 5317 illis
731 5280 846 5318 non
896 5264 1056 5319 cadit
1088 5278 1269 5333 super
1298 5271 1522 5320 terram
1576 5265 1704 5319 sine
1758 5267 1944 5323 Patre

276 5358 476 5407 vestro
498 5354 526 5405 ?
556 5351 796 5420 (Matth.
833 5369 886 5413 κ,
921 5355 1034 5419 29).
1074 5355 1137 5406 Et
1163 5369 1401 5407 rursum
1429 5371 1441 5407 :
1474 5354 1543 5406 Si
1564 5367 1703 5421 ergo
1733 5353 1939 5421 fenum

274 5440 443 5510 quod
467 5440 640 5496 hodie
671 5442 727 5494 in
762 5456 907 5511 agre
942 5448 1041 5500 est.
1079 5447 1129 5496 et
1164 5457 1298 5495 cras
1328 5442 1387 5494 in
1422 5441 1723 5495 ctibanum
1754 5443 1937 5496 mitti-

274 5534 405 5594 tur,
448 5532 596 5583 Deus
648 5530 731 5584 sic
783 5532 975 5598 vestit,
1022 5534 1248 5600 quanto
1296 5529 1487 5599 magis
1532 5543 1633 5585 vos
1680 5532 1940 5587 minima:

271 5615 425 5688 ﬁdei
444 5614 472 5669 ?
512 5616 725 5673 Matth.
768 5633 845 5683 v1,
881 5618 966 5683 30)
1000 5621 1055 5673 et
1095 5619 1326 5679 caetera,
1354 5615 1575 5688 quibus
1624 5617 1933 5674 abundare

2072 1725 2259 1781 quam
2290 1711 2340 1765 si
2365 1711 2615 1777 dicatur,
2645 1712 2961 1768 destinatio
2996 1728 3007 1767 ε
3052 1730 3119 1768 ac
3168 1714 3609 1785 priedestinatio
3639 1716 3722 1770 bi-

2072 1798 2284 1853 fariam
2338 1799 2643 1871 dividitur,
2670 1802 2732 1856 in
2778 1801 2943 1857 bona
2984 1802 3255 1858 videlicet
3297 1807 3353 1857 et
3383 1803 3575 1867 mala;
3616 1804 3722 1859 sed

2069 1886 2233 1942 bona
2258 1904 2393 1958 quas
2432 1904 2557 1943 non
2585 1895 2723 1945 sunt
2747 1890 2860 1945 nisi
2887 1895 3127 1945 auctore
3164 1890 3327 1946 bono
3357 1896 3412 1946 et
3457 1908 3716 1959 summe,

2068 1975 2129 2030 id
2152 1979 2240 2030 est
2265 1978 2384 2032 Deo
2420 1996 2433 2043 ;
2467 1978 2630 2032 mala
2660 1979 3022 2047 nullatenus,
3064 1994 3136 2034 ea
3163 1995 3295 2051 quae
3327 1995 3449 2035 non
3479 1985 3720 2036 auctore

2067 2066 2209 2133 Deo,
2246 2064 2352 2120 sed
2382 2065 2686 2122 voluntate
2718 2072 3001 2122 creaturae
3059 2068 3363 2123 rationalis
3394 2084 3430 2124 θ.
3460 2085 3570 2124 suo
3617 2084 3720 2124 au-

2070 2154 2229 2209 ctore
2282 2154 2536 2224 deﬂexa,
2582 2159 2761 2228 atque
2808 2155 2946 2212 inde
2997 2156 3292 2212 deteriora
3347 2157 3719 2229 eulpabiliter

2066 2256 2279 2297 aversa
2305 2243 2475 2299 ﬁunt.

2141 2331 2389 2387 Proinde
2415 2332 2715 2388 bonorum
2747 2322 3021 2390 omnium
3044 2340 3251 2391 auctor
3270 2339 3357 2390 est
3377 2334 3560 2403 Deus;
3593 2350 3717 2391 ma-

2063 2419 2260 2475 lorum
2311 2426 2531 2488 autem,
2565 2421 2625 2477 id
2675 2427 2763 2478 est
2808 2423 3083 2479 vitiorum
3123 2428 3301 2496 atque
3330 2429 3715 2497 peccatorum

2066 2511 2277 2564 auctor
2308 2511 2459 2564 Deus
2489 2526 2611 2565 non
2656 2514 2766 2579 est,
2796 2512 2900 2566 sed
2946 2513 3250 2584 praeseitor
3273 2511 3717 2585 providentissi-

2064 2613 2222 2668 mus,
2255 2599 2629 2656 examinator
2658 2601 3156 2672 sapientissimus,
3166 2601 3352 2675 judex
3381 2599 3718 2673 potentissi-

2064 2702 2200 2742 mus
2233 2689 2414 2760 atque
2437 2687 2849 2759 justissimus;
2881 2705 3091 2745 eorum
3130 2703 3271 2759 ergo
3302 2690 3623 2751 malorum,
3654 2688 3716 2744 id

2061 2781 2150 2832 est
2176 2776 2654 2846 tribulationum,
2672 2776 3084 2845 aﬂlictionum,
3100 2784 3278 2850 atque
3301 2778 3715 2835 inﬁrmitatum

2062 2881 2167 2921 seu
2196 2864 2605 2938 quarumlibet
2627 2881 2951 2939 poenarum
2978 2883 3129 2941 quas
3148 2867 3238 2922 vel
3259 2869 3320 2923 in
3350 2869 3463 2924 hac
3478 2869 3714 2924 interim

2060 2954 2201 3021 vita,
2231 2960 2287 3010 et
2321 2955 2498 3025 justis
2517 2960 2571 3010 et
2592 2955 2828 3027 injustis
2851 2955 3078 3011 mixtim
3095 2956 3335 3024 ingerit:
3354 2956 3468 3012 illic
3491 2961 3712 3028 autem,

2059 3042 2121 3099 id
2150 3047 2239 3098 est
2265 3042 2328 3098 in
2351 3044 2793 3113 gehenna,solis
2821 3044 3019 3117 impiis
3056 3045 3258 3100 divina
3287 3046 3536 3118 (equites
3554 3044 3715 3117 juste

2059 3129 2392 3204 meritoque
2423 3129 2715 3187 retribuit.
2746 3135 2966 3187 Auctor
2989 3131 3205 3187 dicitur
3253 3134 3429 3198 Deus,
3480 3132 3712 3189 dicente

2057 3220 2354 3293 propheta
2387 3238 2401 3275 :
2434 3220 2533 3276 Sic
2561 3226 2643 3277 est
2673 3221 2901 3277 malum
2930 3222 2995 3276 in
3025 3222 3281 3288 civitate,
3316 3222 3476 3293 quod
3516 3222 3713 3278 Domi-

2057 3324 2172 3364 nus
2191 3324 2311 3365 non
2361 3310 2508 3380 fecit
2531 3309 2732 3381 (Amos
2761 3326 2842 3378 ui,
2859 3311 2936 3382 6);
2956 3315 3012 3366 et
3038 3310 3252 3366 iterum
3273 3310 3400 3383 ipse
3423 3310 3711 3366 Dominus

2057 3413 2167 3470 per
2214 3397 2430 3453 Isaiam
2476 3398 2780 3453 inducitur
2827 3398 3069 3454 dicens:
3103 3399 3354 3455 Faciens
3387 3400 3624 3469 bonum,
3656 3404 3711 3455 et

2060 3501 2271 3542 creans
2300 3487 2556 3557 malum;
2572 3487 2847 3557 formans
2872 3487 3061 3543 lucem
3092 3493 3147 3543 et
3170 3501 3380 3543 creans
3411 3487 3709 3543 tenebras:

2058 3590 2164 3645 ego
2195 3576 2483 3631 Dominus
2510 3575 2741 3645 faciens
2772 3576 2974 3633 omnia
3006 3577 3130 3632 haec
3151 3577 3293 3643 (Isa.
3321 3590 3453 3643 XLV,
3472 3577 3546 3647 7).
3567 3578 3712 3631 item

2059 3662 2221 3720 idem
2268 3664 2330 3719 in
2380 3665 2702 3736 Evangelio
2750 3665 3048 3722 dicturum
3082 3682 3143 3720 se
3172 3666 3372 3739 impiis
3400 3666 3459 3721 in
3487 3665 3712 3736 judicio

2057 3757 2327 3809 testatur.
2362 3754 2471 3816 Ite,
2504 3753 2806 3827 inquiens,
2825 3755 2889 3809 in
2921 3756 3113 3825 ignem
3145 3760 3457 3824 (sternam,
3480 3756 3585 3826 qui
3610 3769 3713 3824 pa-

2058 3849 2229 3897 ratus
2260 3848 2344 3897 est
2372 3843 2612 3898 diabolo
2641 3849 2695 3898 et
2726 3842 2958 3912 angelis
2990 3844 3117 3911 ejus
3148 3843 3387 3912 (Matth.
3418 3858 3554 3911 xxv,
3595 3843 3707 3913 41).

2061 3929 2214 3993 Quid
2243 3935 2331 3985 est
2357 3929 2525 4001 quod
2554 3931 2636 3985 ait
2659 3936 2937 3999 paratus,
2968 3928 3084 3984 nisi
3113 3933 3344 3985 creatus
3388 3933 3567 4000 atque
3614 3928 3713 3985 de-

2060 4018 2358 4073 stinatus?
2385 4020 2571 4089 Aquo
2598 4022 2800 4074 autem
2821 4022 3072 4085 creatus,
3097 4016 3213 4071 nisi
3244 4016 3322 4072 ab
3351 4016 3452 4072 illo
3481 4016 3584 4088 qui
3606 4032 3712 4090 per

2058 4106 2417 4179 prophetam
2461 4105 2691 4163 dixerat
2739 4121 2868 4162 sese
2915 4120 3145 4162 creasse
3184 4107 3411 4162 malum
3455 4112 3510 4162 et
3559 4110 3712 4163 tene-

2061 4197 2198 4252 bras
2215 4199 2242 4250 ?
2263 4195 2349 4251 Ab
2379 4194 2510 4269 ipso
2532 4195 2942 4252 indubitanter
2961 4195 3139 4250 etiam
3156 4194 3484 4251 destinatus
3511 4195 3711 4268 impiis

2059 4287 2294 4356 dicitur,
2326 4290 2577 4343 testante
2607 4284 2759 4342 Isaia
2788 4284 3087 4357 propheta
3121 4303 3134 4340 :
3171 4285 3400 4341 Parata
3440 4290 3525 4342 est
3553 4286 3709 4342 enim

2060 4378 2136 4433 ab
2168 4379 2299 4433 heri
2326 4390 2363 4433 α
2393 4391 2530 4447 rege
2577 4375 2842 4446 Topheth
2885 4380 3108 4444 parata
3151 4380 3207 4430 et
3254 4374 3515 4431 dilatata
3566 4376 3705 4441 (Isa.

2058 4483 2197 4534 xxx,
2232 4467 2340 4536 33),
2372 4466 2477 4521 ubi
2507 4471 2563 4522 et
2592 4466 2957 4521 creationem
2987 4468 3044 4519 et
3070 4463 3527 4519 destinationem
3557 4464 3710 4532 ignis

2059 4556 2350 4626 gehennae
2381 4571 2416 4611 a
2444 4557 2566 4611 Deo
2595 4553 2813 4610 factam
2845 4557 3026 4626 atque
3055 4551 3393 4608 ordinatam
3442 4556 3709 4623 patenter

2056 4645 2309 4701 intimat.
2350 4645 2614 4712 Topheth
2658 4643 2819 4698 enim
2868 4642 3208 4710 gehennam
3253 4639 3413 4703 dicit,
3457 4638 3533 4696 ab
3581 4638 3712 4695 heri

2057 4736 2259 4788 autem
2288 4731 2367 4787 ab
2396 4731 2581 4802 initio,
2601 4746 2638 4788 a
2667 4746 2805 4801 rege
2824 4744 2967 4786 vero
2994 4728 3384 4785 nihilominus
3412 4727 3491 4784 ab
3519 4726 3708 4783 omni-

2055 4819 2282 4894 potenti
2306 4820 2447 4886 Deo,
2469 4819 2621 4876 sicut
2650 4822 2890 4875 sanctus
2912 4818 3306 4890 Hieronymus
3334 4817 3596 4891 exponit,
3619 4816 3706 4872 in-

2054 4907 2355 4978 telligitur.
2374 4912 2522 4964 Cum
2542 4907 2722 4977 igitur
2736 4908 2955 4963 horum
2975 4906 3274 4962 malorum
3299 4908 3453 4962 Deus
3472 4905 3707 4980 absque

2053 4997 2523 5055 contradictione
2579 4994 2814 5053 dicatur
2871 5000 3104 5063 auctor,
3165 4995 3475 5053 ordinator
3528 5001 3705 5071 atque

2053 5085 2392 5160 dispositor,
2416 5084 2583 5158 quid,
2602 5098 2813 5159 quaeso
2842 5087 2917 5153 to,
2940 5083 3112 5141 obest
3137 5084 3369 5141 veritati
3397 5083 3443 5140 si
3476 5084 3706 5141 dicatur

2050 5175 2229 5231 etiam
2259 5173 2589 5230 destinator
2606 5188 2674 5230 ac
2701 5172 3151 5246 praedestinator
3170 5189 3183 5228 :
3205 5189 3343 5229 eum
3362 5172 3512 5229 nihil
3541 5171 3702 5227 aliud

2050 5263 2349 5319 destinare
2380 5266 2437 5318 et
2463 5262 2911 5335 praedestinare,
2944 5276 3132 5334 quam
3163 5262 3439 5317 ordinare
3471 5263 3525 5316 et
3553 5275 3702 5332 prse-

2050 5352 2349 5411 ordinare.
2381 5351 2697 5425 disponere
2728 5350 2820 5406 vel
2851 5356 2988 5406 ante
3027 5349 3370 5421 disponere,
3404 5364 3508 5404 seu
3538 5347 3699 5402 aliud

2047 5440 2193 5514 quid
2237 5440 2450 5505 simile,
2507 5457 2539 5494 a
2584 5441 2745 5496 sanis
2794 5440 3093 5496 mentibus
3135 5438 3528 5505 intellirratur;
3561 5435 3698 5491 hinc

2045 5531 2413 5600 Augustinus
2442 5530 2501 5585 in
2532 5529 2683 5586 libro
2711 5529 2907 5602 primo
2936 5528 3010 5584 de
3042 5528 3249 5584 Libero
3280 5526 3553 5583 Arbitrio.

2122 5617 2488 5686 Augustinus
2503 5617 2600 5687 (de
2619 5618 2738 5673 Lib.
2755 5617 2985 5672 Arbitr.
2999 5658 3011 5681 ,
3029 5617 3091 5671 in
3112 5618 3334 5685 princ.)
3355 5632 3368 5668 :
3387 5611 3511 5687 [Dic
3528 5612 3693 5679 mihi,
