4112 6184
481 153 615 204 1023

1568 148 1622 203 S.
1670 144 2036 203 PRUDENTII
2075 139 2449 197 TRECENSIS
2492 142 2797 199 EPISCOPI

3724 145 3833 200 1024

477 287 688 343 quasso
716 275 790 335 te,
815 275 1013 325 utrum
1035 262 1190 325 Deus
1217 286 1340 325 non
1373 271 1447 326 sit
1475 276 1682 327 auctor
1706 268 1890 325 mali?
1923 267 2125 322 Dicam
2155 266 2201 318 A
2239 261 2599 334 supplicium
2631 264 3005 319 nominatur:
3031 261 3077 317 si
3102 265 3301 317 autem
3321 261 3540 332 injusta
3559 267 3643 319 est
3667 279 3837 335 paena,

479 360 529 417 si
566 360 818 433 planum
861 358 1067 415 feceris
1116 359 1189 414 de
1220 376 1342 431 quo
1374 360 1534 416 malo
1582 376 1856 433 quaeras;
1888 355 2129 411 duobus

477 449 637 505 enim
677 447 874 503 modis
898 447 1202 520 appellare
1233 446 1460 503 malum
1493 447 1756 504 solemus
1791 463 1804 502 :
1836 460 1959 501 uno
1989 459 2128 500 cum

478 536 635 593 male
666 551 970 609 quemque
1002 535 1212 591 fecisse
1241 535 1518 607 dicimus,
1546 536 1663 593 alio
1694 551 1832 592 cum
1863 532 2006 591 mali
2031 532 2132 589 ali-

477 624 625 698 quid
672 640 805 680 esse
849 640 1227 697 perpessum.
1260 628 1339 681 De
1369 630 1623 699 utroque
1648 626 1797 681 scire
1825 624 2026 697 cupio.
2057 624 2131 679 At

479 716 531 770 si
557 715 744 769 Deum
776 712 1007 769 bonum
1037 730 1166 769 esse
1191 714 1347 770 nosti
1385 714 1480 770 vel
1505 714 1696 770 credis
1727 715 1942 785 (neque
1968 711 2130 768 enim

478 803 646 860 aliter
693 802 782 858 fas
830 806 963 871 est),
1005 802 1161 858 male
1205 818 1326 858 non
1376 802 1533 859 facit.
1562 806 1788 859 Rursus
1838 802 1890 857 si
1944 803 2128 856 Deum

470 891 704 962 justum
751 889 1009 947 fatemur
1056 894 1223 963 (nam
1272 891 1467 948 ethoc
1513 906 1736 961 negare
1775 888 2130 959 sacrilegum

478 982 606 1050 est),
639 982 704 1034 ut
732 978 908 1034 bonis
938 979 1207 1051 praemia,
1240 978 1321 1035 ita
1348 978 1647 1051 supplicia
1677 977 1849 1034 malis
1879 975 2082 1034 tribuit
2112 993 2127 1032 :

476 1085 611 1141 quae
643 1068 847 1141 utique
870 1068 1165 1140 supplicia
1203 1068 1563 1141 patientibus
1589 1067 1752 1123 mala
1776 1072 1945 1134 sunt;
1978 1081 2130 1139 qua-

477 1156 750 1213 mobrem
783 1156 831 1212 si
860 1172 1041 1213 nemo
1067 1156 1283 1227 injuste
1306 1172 1522 1229 poenas
1543 1155 1671 1225 luit,
1692 1155 1858 1228 quod
1887 1171 2130 1211 necesse

480 1249 567 1302 est
595 1245 932 1312 credamus,
973 1245 1470 1317 quandoquidem
1509 1246 1711 1301 divina
1760 1244 2133 1317 providentia

480 1334 594 1389 hoc
623 1334 974 1389 universum
1006 1334 1129 1402 regi
1158 1333 1488 1401 credimus;
1518 1333 1673 1389 illius
1695 1333 1872 1407 primi
1899 1332 2132 1401 generis

479 1420 779 1477 malorum
810 1420 975 1476 nullo
997 1419 1202 1489 modo,
1225 1421 1406 1491 hujus
1427 1427 1627 1477 autem
1651 1419 1900 1477 secundi
1926 1423 2135 1476 auctor

478 1514 567 1565 est
596 1508 796 1579 Deus.]

2236 350 2527 422 quoniam
2552 368 2798 424 poenam
2830 367 2959 407 esse
3002 366 3181 406 nemo
3210 349 3477 421 ambigit,
3507 351 3715 423 injuste
3753 355 3841 410 ali-

2234 455 2358 512 quo
2387 439 2736 497 dominante
2761 440 2992 497 homini
3011 438 3297 513 imposita
3314 445 3422 496 est.
3441 443 3615 497 Porro
3636 441 3763 514 quia
3781 443 3842 500 de

2235 528 2670 601 omnipotentia
2701 530 2802 587 Dei
2832 535 2890 587 et
2902 529 3131 601 justitia
3158 528 3434 585 dubitare
3458 529 3735 587 dementis
3755 538 3841 601 est,

2230 617 2393 689 justa
2422 618 2550 675 haec
2578 634 2760 692 poena
2789 624 2895 687 est,
2923 624 2981 675 et
3021 634 3131 692 pro
3174 622 3419 691 peccato
3463 620 3728 692 penditur
3762 621 3845 677 ali-

2234 722 2379 779 quo.
2412 709 2540 763 Non
2568 708 2728 764 enim
2755 708 3081 781 quisquam
3111 707 3365 778 injustus
3412 707 3740 765 dominator
3764 715 3849 766 aut

2236 795 2544 868 subripere
2582 796 2893 852 hominem
2937 796 3148 869 potuit,
3187 794 3348 852 velut
3393 796 3697 866 ignorante
3729 802 3847 867 Deo,

2236 888 2341 940 aut
2387 888 2741 958 extorquere
2790 886 2996 954 invito,
3046 888 3334 958 tanquam
3395 885 3737 948 invalidiori,
3774 885 3848 942 vel

2236 975 2514 1031 terrendo
2567 974 2662 1031 vel
2719 973 3121 1041 conﬂigendo,
3175 978 3241 1030 ut
3290 975 3599 1031 hominem
3657 975 3848 1046 injusta

2236 1079 2418 1136 paena
2461 1065 2770 1123 cruciaret.
2821 1064 3189 1138 Relinquitur
3243 1078 3387 1133 ergo
3433 1068 3501 1119 ut
3548 1065 3670 1120 haec
3714 1065 3850 1135 justa

2236 1169 2418 1225 poena
2448 1154 2523 1210 de
2553 1154 2941 1210 damnatione
2970 1153 3234 1209 hominis
3264 1153 3482 1209 veniat.
3526 1154 3638 1209 Nec
3660 1154 3846 1210 miran-

2237 1240 2386 1298 dum
2411 1246 2501 1298 est
2525 1243 2691 1315 quod
2719 1242 2809 1298 vel
2837 1240 3175 1312 ignorando
3204 1256 3327 1296 non
3357 1241 3583 1298 habeat
3631 1240 3846 1297 liberum

2237 1330 2549 1387 arbitrium
2608 1331 2931 1388 voluntatis
2994 1329 3072 1387 ad
3123 1330 3472 1399 eligendum
3527 1330 3667 1404 quid
3722 1338 3847 1387 recte

2238 1418 2435 1487 faciat,
2482 1420 2577 1476 vel
2624 1420 2936 1476 resistente
2984 1419 3210 1475 carnali
3257 1418 3702 1485 consuetudine,
3739 1434 3849 1491 quin

2237 1508 2519 1565 violentia
2548 1509 2816 1565 mortalis
2863 1507 3257 1564 successionis
3307 1507 3748 1581 quodammodo
3766 1522 3847 1563 na-

548 1600 590 1668 -ι-
620 1597 790 1661 Quod
835 1602 1033 1653 autem
1076 1597 1376 1667 ordinare,
1407 1597 1504 1653 vel
1548 1598 1973 1670 praeordinare,
2024 1614 2132 1670 pro
2164 1614 2202 1667 Β
2239 1597 2504 1653 turaliter
2550 1598 2816 1663 inolevit,
2841 1596 3040 1652 videat
3066 1596 3215 1670 quid
3238 1602 3397 1653 recte
3423 1596 3747 1653 faciendum
3773 1596 3845 1657 sit.

478 1702 551 1743 eo
597 1686 765 1759 quod
793 1691 879 1742 est
931 1685 1250 1753 destinare,
1274 1686 1368 1741 vel
1397 1686 1821 1759 praedestinare
1851 1693 2130 1759 ponatur,

477 1776 627 1832 liber
675 1780 928 1832 Actuum
973 1775 1382 1849 apostolorum
1409 1776 1650 1839 indicat,
1683 1776 1912 1832 dicente
1957 1776 2132 1832 beato

479 1867 640 1920 Luca
685 1864 1055 1933 evangelista
1103 1864 1387 1936 scriptore
1433 1870 1687 1920 Actuum
1727 1866 2078 1921 eorumdem
2115 1865 2128 1920 ἐ

477 1954 557 2009 Et
588 1954 971 2009 crediderunt
1002 1958 1289 2024 quotquot
1320 1961 1492 2009 erant
1529 1955 1930 2024 praeordinati
1958 1955 2020 2010 in
2052 1956 2132 2009 vi-

481 2048 602 2098 tam
629 2046 913 2098 wternam
950 2042 1105 2110 (Act.
1139 2059 1258 2104 xm,
1292 2044 1400 2113 38).
1431 2042 1603 2108 Quod
1632 2043 1777 2098 nihil
1806 2043 2021 2098 rectius
2050 2042 2134 2097 in-

480 2129 777 2200 telligitur,
804 2146 990 2203 quam
1030 2130 1415 2202 praedestinat
1440 2132 1501 2186 in
1529 2132 1708 2187 vitam
1739 2137 2045 2196 mternam,
2078 2136 2137 2186 et

479 2218 645 2291 quod
678 2219 1020 2285 destinatio,
1049 2219 1139 2274 vel
1172 2220 1640 2291 praedestinatio,
1672 2221 1774 2275 Dei
1819 2220 2134 2292 dispositio

478 2306 696 2363 debeat
720 2307 962 2377 intelligi
993 2312 1236 2363 sanctus
1258 2307 1503 2363 antistes
1530 2307 1868 2378 Fulgentius
1892 2308 1953 2362 in
1983 2308 2135 2364 libro

479 2396 555 2451 de
585 2396 1106 2452 Praedestinatione
1136 2396 1214 2451 ad
1244 2396 1567 2452 Monimum
1598 2396 1883 2453 declarat.

551 2484 891 2553 Fulgentius
945 2486 1037 2556 (de
1080 2485 1389 2549 Prwdest.,
1415 2500 1547 2555 cap.
1575 2487 1768 2557 XXVl):
1797 2489 1857 2540 In
1914 2485 2133 2542 sanctis

478 2571 675 2641 igitur,
704 2571 1001 2643 inquiens,
1035 2572 1403 2644 perfecturus
1434 2579 1526 2629 est
1556 2575 1863 2642 Dominus,
1882 2574 2048 2647 quod
2071 2579 2135 2631 ut

481 2666 683 2715 essent
709 2660 855 2715 boni
886 2660 1066 2729 gratis
1094 2660 1292 2729 dedit;
1328 2662 1497 2734 quod
1524 2668 1728 2719 autem
1758 2662 2039 2719 daturum
2070 2679 2132 2719 se

480 2748 798 2821 praescivit,
838 2748 901 2804 in
952 2753 1170 2805 aeterna
1215 2749 1499 2806 bonitatis
1547 2751 1936 2823 dispositione
1983 2766 2131 2824 prm-

481 2836 821 2894 destinavit.
857 2841 996 2912 lpsa
1024 2844 1113 2895 est
1159 2840 1321 2895 enim
1350 2839 1794 2913 praedestinatio
1820 2840 1943 2909 Dei,
1975 2857 2133 2898 sem-

478 2926 712 3000 piterna
735 2927 955 2985 scilicet
975 2928 1285 3003 dispositio
1313 2927 1492 2985 futuri
1521 2929 1718 3003 operis
1747 2930 1890 3001 Dei.]

2238 1691 2295 1742 et
2323 1685 2479 1752 velit,
2522 1702 2632 1742 nec
2662 1685 2849 1759 possit
2877 1685 3163 1757 implere;
3196 1684 3298 1742 illa
3340 1690 3433 1741 est
3478 1685 3631 1741 enim
3659 1684 3845 1758 peccati

2237 1790 2419 1847 paena
2443 1774 2775 1846 justissima
2797 1780 2861 1829 ut
2886 1774 3119 1830 amittat
3147 1773 3567 1846 unusquisque
3590 1790 3703 1846 quo
3721 1772 3842 1829 bene

2238 1865 2320 1920 uti
2339 1863 2693 1930 noluit,cum
2717 1864 2845 1919 sine
2867 1863 2987 1920 ulla
3013 1869 3216 1935 posset
3243 1862 3663 1929 difﬁcultate,si
3687 1861 3840 1929 vellet;

2236 1952 2297 2009 id
2328 1958 2416 2008 est
2444 1959 2646 2008 autem
2690 1957 2752 2008 ut
2775 1952 2879 2025 qui
2909 1952 3101 2008 sciens
3129 1958 3286 2009 recte
3314 1968 3442 2009 non
3472 1952 3622 2023 facit,
3651 1951 3840 2008 amittat

2239 2042 2387 2098 seire
2433 2042 2580 2115 quid
2624 2047 2853 2097 rectum
2898 2042 3017 2097 sit:
3061 2047 3118 2097 et
3164 2042 3269 2115 qui
3322 2046 3480 2099 recte
3522 2042 3699 2098 facere
3735 2054 3842 2096 cum

2238 2137 2464 2203 posset,
2496 2129 2706 2200 noluit,
2735 2130 2968 2186 amittat
2993 2145 3192 2203 posse,
3221 2146 3369 2186 eum
3398 2129 3553 2187 velit.
3584 2133 3714 2186 Nam
3735 2131 3843 2183 sunt

2240 2235 2449 2275 revera
2496 2219 2661 2274 omni
2704 2219 2978 2292 peccanti
3028 2219 3245 2275 animae
3292 2219 3425 2275 duo
3469 2218 3577 2274 ista
3613 2215 3838 2291 pmnalia,

2239 2308 2579 2379 ignorantia
2624 2314 2682 2364 et
2710 2306 3026 2363 difﬁcultas
3057 2324 3160 2364 :ex
3180 2307 3526 2380 ignorantia
3550 2307 3840 2364 dehonestat

2239 2411 2425 2467 error,
2457 2412 2530 2452 ex
2558 2395 2907 2453 difﬁcultate
2934 2396 3232 2452 cruciatus
3261 2396 3481 2469 afﬂigit
3504 2415 3519 2466 ;
3548 2396 3643 2452 sed
3666 2407 3832 2467 appro-

2237 2484 2386 2541 bare
2405 2484 2562 2541 falsa
2591 2501 2701 2558 pro
2740 2485 2914 2548 veris,
2948 2491 3014 2541 ut
3040 2490 3194 2541 erret
3219 2485 3467 2556 invitus,
3498 2490 3554 2543 et
3593 2484 3826 2542 resistente

2239 2583 2419 2646 atque
2445 2578 2762 2646 torquente
2782 2573 2989 2630 dolore
3013 2573 3272 2630 carnalis
3300 2575 3547 2645 vinculi,
3571 2589 3675 2630 non
3698 2584 3834 2645 posse

2241 2678 2278 2717 a
2302 2661 2636 2717 libidinosis
2684 2662 2969 2735 operibus
2998 2673 3360 2735 temperare,
3394 2679 3514 2721 non
3560 2668 3639 2719 est
3668 2665 3837 2717 natura
3872 2649 3887 2658 ’

2240 2749 2491 2806 instituti
2520 2750 2803 2819 hominis,
2835 2750 2944 2807 sed
2970 2766 3151 2824 poena
3179 2751 3502 2825 damnati]

2901 2878 3126 2931 CAPUT
3162 2880 3226 2932 II.

549 3017 591 3086 .1.
621 3016 763 3081 Qua,
814 2995 1258 3089 ριιεεοι-άίῖιδιίο,
1292 2995 1624 3090 ωεροείιίξ),
1670 2995 2009 3087 destinatio,
2038 3018 2133 3075 vel
2161 2995 2202 3020 ν
2240 3001 2611 3071 Argumenta
2642 3002 3008 3057 necessitatis
3052 3001 3373 3072 colligitur
3407 3002 3555 3060 duas
3590 2995 3837 3071 praedesti-

478 3103 923 3176 praedestinatio
964 3105 1062 3161 Dei
1113 3104 1462 3175 certissima,
1494 3105 1910 3177 scientissima,
1937 3107 2132 3163 omni-

480 3193 918 3263 potentissima,
949 3193 1183 3249 nullum
1208 3193 1290 3253 ad
1322 3199 1635 3267 peccatum
1663 3194 1869 3265 adigit,
1900 3195 2133 3251 nullum

479 3280 706 3349 incitat,
736 3282 967 3337 nullum
1017 3284 1175 3352 cogit
1204 3301 1218 3338 :
1254 3282 1360 3339 sed
1413 3283 1742 3340 voluntarie
1777 3285 1839 3339 in
1882 3284 2136 3341 crimina

478 3366 771 3435 labentes,
805 3374 985 3439 atque
1017 3369 1077 3424 in
1107 3370 1190 3424 eis
1221 3370 1683 3427 obstinatissime
1718 3372 2132 3444 perdurantes,

473 3455 635 3524 juste
678 3455 871 3526 punit,
894 3455 1050 3525 juste
1100 3457 1495 3527 condemnat;
1536 3475 1925 3531 nequaquam
1974 3461 2133 3516 enim

476 3542 767 3611 justitiam
798 3547 1079 3608 servaret,
1112 3544 1225 3598 nisi
1258 3560 1293 3598 a
1323 3560 1385 3599 se
1436 3545 1774 3603 voluntaria
1803 3547 2134 3605 defectione

482 3645 724 3684 aversos
756 3645 825 3685 ac
857 3630 1224 3702 recedentes,
1254 3647 1451 3704 neque
1481 3632 1603 3688 ulla
1635 3636 2025 3691 conversione
2055 3636 2133 3692 ad

480 3733 542 3772 se
571 3717 890 3774 redeuntes
918 3719 1424 3791 praevaricatores,
1458 3721 1681 3777 meritis
1728 3723 1923 3796 poenis
1968 3725 2136 3781 addi-

480 3811 654 3862 ceret.
699 3807 848 3872 Quia
895 3812 1096 3863 autem
1118 3808 1316 3878 justus
1361 3813 1468 3876 est,
1494 3809 1786 3881 justitiam
1830 3818 2047 3881 servat,
2078 3819 2135 3871 et

478 3896 688 3953 tandiu
720 3896 1090 3953 inexhausta;
1119 3897 1406 3955 bonitatis
1451 3915 1576 3955 suae
1626 3902 1909 3973 patientia
1936 3904 2131 3960 malos

479 3984 709 4055 tolerat,
758 3985 1115 4041 muneribus
1163 3985 1371 4056 donat,
1421 3989 1683 4060 praemiis
1731 3989 1977 4060 invitat;
2021 4008 2133 4049 nec

478 4077 681 4129 tamen
730 4074 848 4129 ullo
898 4079 1075 4130 tantae
1116 4075 1503 4146 benignitatis
1548 4078 1945 4137 medicamine
1984 4082 2131 4138 mol-

476 4161 720 4224 liuntur,
752 4163 899 4234 quin
946 4164 1146 4236 potius
1200 4164 1595 4223 obduratione
1650 4168 2041 4238 irrevocabili,
2074 4175 2130 4227 et

478 4250 902 4321 ingratitudine
931 4252 1198 4309 horribili
1228 4254 1290 4309 in
1321 4254 1443 4309 suis
1476 4256 1823 4313 voluntariis
1850 4258 2127 4331 iniquita-

478 4338 638 4393 tibus
670 4348 1073 4410 perseverant,
1097 4342 1355 4413 aequitati
1375 4343 1505 4413 ejus
1532 4346 1884 4401 omnimodo
1908 4347 2128 4417 dignis-

479 4427 627 4482 sime
657 4429 961 4500 competit,
992 4435 1055 4484 ut
1082 4446 1238 4501 quos
1266 4429 1487 4486 invicta
1516 4431 1752 4489 bonitas
1782 4434 2125 4492 nullatenus

475 4517 841 4572 revocaverit
886 4533 921 4573 a
965 4517 1206 4587 scelere,
1248 4524 1469 4574 interna
1516 4520 1767 4592 requitas
1820 4522 2032 4594 puniat
2069 4523 2128 4580 in

477 4605 802 4661 tormentis.

547 4695 711 4750 Hanc
722 4696 743 4765 j
756 4694 1141 4760 ustissimam,
1156 4695 1529 4769 proindeque
1549 4697 2130 4772 irreprehensibilem

476 4780 954 4838 facinorosorum
999 4785 1316 4840 hominum
1365 4786 1816 4844 damnationem
1846 4793 2033 4847 Deum
2073 4797 2131 4848 et

476 4871 805 4941 praescisse,
863 4877 920 4926 et
974 4873 1429 4943 praedestinasse
1484 4892 1521 4932 a
1574 4878 1793 4933 sanctis
1859 4882 2129 4936 Patribus

476 4956 726 5012 ﬁdeliter
755 4958 1002 5026 dictum,
1036 4963 1319 5019 veraciter
1343 4965 1757 5036 praedicatum,
1791 4975 1844 5025 et
1874 4970 2130 5027 dicimus

476 5049 533 5101 et
562 5044 838 5102 fatemur.
867 5047 1013 5104 Hinc
1043 5053 1409 5121 Augustinus
1437 5055 1498 5109 in
1522 5054 1674 5111 libro
1708 5072 1795 5126 in,
1817 5057 1892 5112 de
1924 5058 2129 5114 Libero

474 5134 729 5191 Arbitrio
783 5148 939 5207 (cap.
970 5144 1130 5209 xviii)
1166 5157 1179 5195 :
1213 5141 1404 5211 [Nunc
1458 5149 1680 5212 autem,
1723 5146 1869 5217 quia
1910 5147 1992 5202 ita
2043 5152 2132 5203 est

476 5238 600 5280 non
647 5229 735 5280 est
776 5223 995 5295 bonus,
1024 5243 1133 5284 nec
1178 5228 1359 5285 habet
1401 5230 1462 5285 in
1489 5237 1780 5303 potestate
1826 5236 1891 5287 ut
1929 5233 2130 5291 bonus

476 5313 569 5381 sit,
624 5314 746 5371 sive
789 5332 911 5372 non
972 5317 1230 5375 videndo
1282 5319 1478 5391 qualis
1524 5336 1657 5375 esse
1712 5320 1949 5391 debeat,
2009 5324 2128 5381 sive

475 5402 754 5465 videndo,
790 5408 847 5459 et
877 5422 997 5460 non
1030 5406 1283 5462 valendo
1314 5423 1441 5462 esse
1472 5406 1712 5477 qualem
1751 5408 1969 5465 debere
1999 5427 2127 5468 esse

476 5508 538 5546 se
563 5492 740 5564 videt,
773 5510 1020 5566 pcenam
1049 5495 1227 5550 istam
1256 5511 1389 5551 esse
1430 5495 1566 5566 quis
1617 5494 1888 5553 dubitet?
1920 5501 2126 5557 Omnis

476 5584 678 5637 autem
722 5597 922 5653 paena,
976 5582 1024 5637 si
1058 5584 1224 5654 justa
1269 5587 1381 5653 est,
1427 5584 1659 5656 peccati
1702 5600 1882 5657 poena
1934 5594 2023 5646 est
2073 5594 2130 5647 et

2667 3090 2936 3146 nationes
2963 3090 3103 3158 ﬁeri
3123 3105 3244 3147 non
3273 3106 3473 3160 posse.

2312 3216 2396 3269 Tu
2423 3229 2563 3270 vero
2595 3218 2772 3270 tantae
2803 3214 3139 3270 auctoritati
3190 3214 3575 3288 impudenter
3616 3212 3837 3272 obvians,

2241 3302 2509 3377 secunda
2537 3302 2792 3360 fetorum
2825 3308 3063 3359 tuorum
3093 3303 3480 3363 exhalatione
3518 3302 3731 3361 conaris
3754 3298 3840 3355 tuis

2241 3391 2865 3461 argumentationibus
2921 3392 3177 3449 obruere
3237 3394 3571 3459 veritatem,
3623 3394 3674 3448 et
3719 3387 3841 3443 dicta

2240 3479 2371 3535 luce
2430 3480 2648 3536 clarius
2704 3480 2972 3553 patentia
3029 3481 3348 3537 nebulosis
3416 3476 3841 3539 conclusionibus

2239 3568 2575 3626 obfuscare.
2634 3573 2785 3625 Nam
2830 3584 3016 3640 agens
3062 3570 3366 3627 adversus
3404 3567 3838 3628 Gottesealchum.

2240 3660 2305 3713 ut
2350 3656 2430 3713 ita
2472 3656 2748 3724 dixerim,
2805 3657 3086 3714 inﬁciaris
3140 3658 3293 3715 duas
3342 3676 3469 3718 esse
3510 3654 3838 3733 praedestina-

2239 3747 2455 3816 tiones,
2483 3763 2620 3819 qua:
2652 3765 2687 3804 a
2720 3748 2988 3804 Patribus
3017 3749 3076 3804 in
3107 3765 3298 3805 unum
3356 3750 3695 3807 vocabulum
3721 3742 3837 3800 redi-

2241 3840 2481 3906 guntur,
2529 3840 2592 3892 ut
2646 3836 2923 3893 dicantur
2978 3837 3427 3910 praedestinatio
3482 3840 3748 3896 bonorum
3794 3832 3835 3884 et

2240 3923 2687 3997 praedestinatio
2736 3924 3057 3981 malorum.
3088 3928 3343 3984 Sanctus
3400 3928 3557 3985 enim
3602 3924 3827 3980 Isidorus.

2242 4012 2606 4084 Hispalensis
2637 4012 2955 4086 episcopus
2986 4015 3174 4081 (Sent.
3219 4030 3355 4086 cap.
3385 4018 3543 4081 xxvx)
3571 4033 3582 4071 :
3614 4007 3825 4085 [Gemina

2240 4107 2347 4170 est,
2399 4102 2610 4175 inquit,
2660 4102 3152 4174 pra-destinatio]
3209 4106 3405 4171 Quam
3459 4110 3521 4161 tu
3572 4097 3829 4160 occasione

2239 4190 2607 4247 necessitatis
2633 4190 2866 4256 evertis,
2893 4208 3031 4248 cum
3062 4192 3263 4249 nullus
3284 4193 3727 4251 orthodoxorum
3751 4198 3829 4239 ne-

2239 4279 2511 4335 cessitate
2553 4278 3094 4350 preedestinationis
3142 4298 3515 4355 quemquam
3553 4280 3623 4337 ad
3649 4268 3831 4347 aliquid

2238 4367 2332 4423 vel
2350 4367 2583 4423 bonum
2621 4366 2710 4422 vel
2740 4367 2969 4424 malum
3001 4370 3300 4443 compelli,
3335 4371 3430 4428 vel
3461 4365 3744 4427 crediderit
3763 4358 3831 4414 vel

2236 4455 2663 4529 praedicaverit.
2695 4459 2760 4513 Et
2786 4457 2865 4513 ob
2898 4458 2958 4514 id
2988 4458 3082 4515 vel
3113 4460 3286 4527 duas,
3321 4461 3413 4517 vel
3441 4459 3718 4531 geminam
3734 4461 3830 4507 non

2236 4561 2368 4601 esse
2415 4544 3001 4618 praedestinationem
3032 4547 3321 4619 afﬁrmas,
3347 4548 3713 4618 adhibitoque
3735 4549 3826 4594 non

2236 4634 2577 4691 necessario
2598 4642 2975 4707 argumento,
2993 4636 3270 4709 disputas
3292 4636 3665 4710 multiplicius
3682 4638 3825 4704 quam

2237 4740 2477 4780 necesse
2506 4730 2598 4780 est
2624 4724 2700 4781 de
2729 4724 2934 4782 divina
2980 4727 3256 4797 essentia,
3288 4743 3479 4800 eoque
3512 4731 3621 4782 tuae
3663 4720 3829 4788 diSPU‘

2237 4814 2474 4870 tationis
2523 4814 2909 4869 intentionem
2955 4814 3255 4886 perducis,
3288 4821 3354 4871 ut
3400 4819 3654 4877 astruas;
3682 4803 3830 4863 [tein

2236 4904 2355 4958 Deo
2380 4903 2922 4972 praedestinationis
2946 4903 3100 4959 sicut
3129 4905 3438 4960 essentiam
3470 4900 3665 4957 debere
3688 4891 3831 4950 intel-

2239 4993 2367 5063 ligi,
2395 5006 2469 5048 ne
2489 4992 2734 5060 cii/ferre
2763 4994 2827 5046 in
2850 4994 2970 5049 Deo
2998 4999 3203 5050 utrum
3235 4995 3502 5055 essentia,
3528 5005 3603 5047 an
3641 4983 3831 5053 sapien-

2238 5082 2344 5150 tia,
2362 5095 2443 5136 an
2465 5081 2734 5149 justitia,
2761 5096 2863 5138 seu
2884 5086 3166 5153 potestas,
3193 5097 3266 5139 ac
3296 5083 3530 5149 veritas,
3547 5072 3829 5135 aeternitas.

2237 5170 2535 5240 voluntas,
2567 5171 2832 5237 operatio
2873 5172 2996 5227 sive
3035 5170 3481 5240 prwdestinatio
3526 5170 3828 5228 nuncupen-

2237 5265 2358 5328 tur,
2392 5256 2612 5314 Deinde
2641 5257 2823 5314 infers
2851 5275 2864 5314 :

2802 5398 3040 5438 JOANNES
3090 5400 3314 5441 SCOTUS.

2307 5506 2449 5576 Cap.
2475 5508 2528 5572 2,
2546 5522 2606 5561 n.
2634 5511 2682 5573 t,
2708 5510 2848 5562 sect.
2878 5508 2952 5580 6.)
2975 5512 3015 5561 Θ
3042 5509 3114 5564 Si
3131 5509 3376 5579 impium
3399 5511 3479 5562 est
3505 5502 3645 5557 duas
3670 5504 3825 5587 8³⁵⁸7⁸·

2236 5593 2348 5648 tias
2368 5593 2430 5648 in
2446 5594 2566 5650 Deo
2582 5594 2800 5664 doceri,
2817 5597 2909 5653 vet
2922 5596 3074 5653 duas
3094 5597 3434 5667 sapientius,
3446 5586 3715 5649 scientias,
3728 5588 3823 5632 vw-
