4112 6184
241 192 260 242 l
273 189 380 243 025

1163 184 1252 239 DE
1291 178 1948 239 PREDESTINATIONE
1988 182 2263 239 CONTRA
2299 189 2343 241 J.
2390 186 2679 244 SCOTUM.

3510 188 3646 243 1026

239 304 391 375 τῆτες
410 314 742 378 extet-aque
769 307 968 362 omnia
991 322 1123 377 qua:
1147 307 1220 363 de
1252 312 1362 362 Deo
1379 307 1688 372 dicuntur,
1712 306 1891 374 gemi-
1927 307 1975 360 Α
2006 305 2115 362 sibi
2146 312 2234 364 est
2262 310 2537 381 essentia,
2574 311 2703 382 ipse
2738 310 3034 380 voluntas,
3077 309 3339 382 loquitur
3367 327 3475 384 per
3520 314 3662 367 Pro-

232 399 396 465 nari,
436 398 530 453 vel
560 396 883 465 triplicari,
915 396 1010 451 vel
1050 410 1405 467 quacunque
1429 396 1756 463 multiplici
1775 411 1895 463 spe-

231 487 323 543 cie
350 485 672 550 cumulari,
713 485 1052 556 quicunque
1074 483 1226 540 duas
1256 484 1320 539 in
1361 484 1480 539 Deo
1505 483 1893 554 prazdestina-

229 576 423 632 tiones
445 587 708 631 asserere
744 573 1141 637 convincitur,
1170 578 1343 629 reatu
1377 572 1697 641 impietatis
1746 572 1896 641 liga-

230 669 368 719 tur:
406 678 530 719 una
550 668 636 718 est
664 662 821 719 enim
851 661 1058 717 divina
1086 661 1560 731 praedestinatio,
1591 662 1744 715 sicut
1771 675 1895 715 una

229 757 320 809 est
345 752 553 808 divina
572 751 859 821 operatio,
892 750 1096 805 divina
1121 750 1440 819 sapientia,
1496 749 1704 805 divina
1734 748 1896 803 subs-

232 842 455 911 tantia,
502 841 711 896 divina
741 840 1040 895 voluntas.

903 970 1222 1009 COllllECTIO.

306 1047 350 1115 -ι-
378 1048 441 1100 ιιι
488 1042 711 1116 quibus
752 1046 866 1098 tute
914 1041 1333 1116 disputationis
1364 1041 1556 1097 verbis
1587 1040 1805 1114 impios
1837 1046 1889 1096 te

230 1134 614 1191 denotavisse
644 1133 990 1206 quicunque
1037 1132 1310 1189 catholici
1355 1138 1534 1204 atque
1578 1130 1894 1187 orthodoxi

228 1221 693 1296 praedestinatos
724 1220 802 1277 ad
849 1221 1151 1277 interitum
1184 1220 1277 1275 vel
1308 1220 1615 1291 scripsere,
1648 1218 1736 1274 vel
1768 1235 1895 1275 sen-

232 1313 408 1375 tiunt,
425 1310 757 1384 impudenti
790 1310 1092 1383 superbia,
1123 1310 1505 1382 superbaque
1523 1308 1894 1381 impudentia

231 1400 677 1457 demonstrasti.
704 1398 923 1455 Deinde
952 1398 1329 1471 blasphemia
1351 1396 1735 1454 intolerabilis
1758 1414 1894 1470 ape-

238 1489 413 1559 ritur,
441 1504 579 1544 cum
602 1487 989 1569 asseris'nihil
1019 1486 1181 1543 aliud
1211 1502 1343 1543 esse
1374 1487 1472 1542 Dei
1501 1486 1891 1559 praedestina-

231 1577 483 1645 tionem,
507 1592 694 1650 quam
724 1576 1148 1643 substantiam,
1172 1580 1452 1632 naturam
1475 1581 1655 1647 atque
1685 1574 1895 1630 volun-

2004 395 2245 466 phetam
2270 415 2282 451 :
2316 400 2569 466 Sanctis,
2598 400 2705 470 qui
2730 404 2869 453 sunt
2899 399 2962 452 in
2990 406 3153 454 terra
3198 401 3345 467 ejus,
3373 415 3411 451 π
3434 400 3659 467 iri/ica-

2005 486 2086 540 vit
2114 499 2310 543 omnes
2340 490 2676 544 voluntates
2704 503 2862 544 meas
2887 489 2951 543 in
2982 488 3063 543 eis
3096 488 3286 555 (Psal.
3311 503 3410 554 xv,
3435 489 3508 557 3).
3534 491 3661 543 Non

2002 574 2161 630 enim
2193 575 2355 632 aliud
2384 578 2515 650 ipse
2553 583 2661 648 est,
2691 582 2747 633 et
2772 576 2934 632 aliud
2965 577 3301 633 voluntates
3334 577 3485 647 ejus,
3518 577 3663 649 quia

2003 664 2052 718 si
2081 664 2243 720 aliud
2287 670 2444 736 sunt,
2473 671 2636 723 extra
2665 682 2805 722 eum
2838 670 3014 722 sunt:
3049 666 3096 720 si
3127 670 3294 722 extra
3334 681 3474 721 eum
3500 669 3659 735 sunt,

2002 752 2124 822 jam
2148 769 2271 809 non
2293 754 2422 827 ipse
2453 761 2545 812 est
2564 755 2841 811 voluntas
2869 771 3000 810 sua.
3037 758 3133 811 Est
3169 760 3371 811 autem
3401 755 3529 828 ipse
3559 771 3662 811 vo-

2002 840 2199 898 lu'ntas
2221 860 2330 899 sua
2355 861 2367 911 ;
2392 861 2504 901 sua
2535 861 2676 916 ergo
2708 846 2861 901 intra
2889 846 3090 918 ipsum
3126 844 3464 901 voluntates
3512 862 3657 901 sum.

2076 930 2311 988 Falsum
2333 939 2421 988 est
2448 933 2625 1003 igitur
2652 934 2816 1005 quod
2840 932 3039 989 dixisti
3063 933 3433 989 voluntatem
3457 934 3517 989 in
3542 937 3660 991 Deo

2000 1034 2126 1075 non
2152 1020 2551 1092 multiplicari,
2575 1021 2635 1075 id
2660 1026 2748 1077 est
2776 1036 2897 1076 non
2928 1021 3041 1077 dici
3074 1021 3396 1093 pluraliter.
3431 1039 3571 1079 cum
3600 1022 3662 1079 id

2001 1109 2169 1181 quod
2198 1109 2645 1183 multiplicatur,
2687 1109 2991 1181 pluraliter
3019 1110 3213 1166 efferri
3262 1127 3505 1168 necesse
3563 1111 3656 1168 sit.

2004 1196 2157 1254 Licet
2176 1197 2335 1253 enim
2366 1198 2622 1254 essentia
2654 1197 2753 1253 Dei
2780 1197 3248 1254 indubitabiliter
3284 1199 3540 1273 simplex
3564 1201 3659 1267 sit,

2003 1301 2198 1358 neque
2228 1286 2350 1343 ulla
2378 1286 2808 1359 multiplicitate
2818 1286 2910 1342 vel
2924 1287 3275 1356 geminetur,
3295 1288 3389 1344 vel
3404 1289 3662 1361 triplice-

2003 1378 2117 1439 tur,
2149 1374 2245 1429 vel
2283 1374 2740 1447 multiplicetur:
2787 1374 3073 1447 quaedam
3122 1380 3323 1432 tamen
3359 1384 3498 1433 sunt
3522 1394 3657 1449 quae

2002 1462 2064 1518 in
2095 1466 2211 1518 Deo
2239 1464 2329 1519 vel
2377 1463 2452 1518 de
2487 1466 2604 1519 Deo
2633 1462 3024 1520 essentialiter
3077 1463 3498 1536 priedicantur,
3521 1482 3659 1539 quin

2004 1551 2133 1607 sine
2182 1552 2648 1608 contradictione
2691 1552 2752 1607 in
2800 1551 3015 1607 divinis
3054 1552 3310 1625 eloquiis
3357 1553 3663 1625 pluraliter

231 1671 438 1736 tatem,
468 1670 525 1722 et
550 1666 665 1722 hoc
696 1666 811 1722 tuis
856 1666 1058 1728 feneis,
1099 1668 1165 1722 ut
1188 1665 1268 1722 ita
1293 1665 1566 1732 dixerim,
1597 1664 1894 1720 ratiuncu-

2008 1640 2239 1713 prolata
2257 1641 2882 1714 reperiuntur.Dicitur
2904 1641 3127 1714 quippe
3149 1641 3425 1697 voluntas
3449 1643 3547 1698 Dei
3568 1659 3660 1698 es-

227 1756 305 1813 lis
334 1755 663 1829 astipulari,
689 1770 813 1812 non
830 1754 1198 1824 auctoritate,
1231 1769 1354 1827 qua
1381 1758 1599 1810 nostrae
1624 1752 1763 1809 ﬁdei
1793 1769 1895 1809 ve-

228 1845 378 1901 ritas
409 1843 700 1901 solidatur
715 1848 895 1917 atque
926 1842 1283 1912 defenditur,
1302 1848 1569 1899 astruere
1596 1842 1854 1899 maluisti
1879 1860 1891 1897 :

229 1950 376 1990 cum
408 1937 461 1989 te
500 1933 559 1988 in
586 1937 821 1989 tantum
865 1937 969 1988 tua
994 1932 1350 2004 perversitas
1376 1930 1611 1988 obfudit
1642 1931 1897 1987 tenebris

231 2022 470 2089 erroris,
506 2027 569 2077 ut
614 2036 723 2077 nec
756 2021 1008 2089 videres,
1046 2037 1155 2077 nec
1188 2020 1531 2077 consuleres
1562 2020 1891 2077 veritatem.

232 2116 431 2182 Negas
464 2111 622 2166 enim
655 2109 1078 2181 geminari,vel
1105 2110 1407 2183 triplicari.
1427 2109 1515 2165 vel
1532 2124 1895 2182 quacunque

232 2199 549 2273 multiplici
580 2200 776 2272 specie
831 2198 1145 2266 cumulari,
1198 2215 1268 2255 ac
1297 2214 1405 2272 per
1446 2198 1562 2253 hoc
1590 2197 1897 2270 pluraliter

230 2288 792 2363 prtedestinationes
820 2287 955 2355 dici,
984 2287 1135 2343 sicut
1187 2287 1497 2355 essentias,
1546 2286 1893 2358 sapientiae,

233 2378 539 2441 scientias,
591 2378 859 2448 virtutes,
906 2376 1260 2443 voluntates,
1311 2375 1708 2449 operationes.
1764 2377 1896 2433 Una

231 2472 341 2536 est,
373 2466 671 2539 inquiens,
714 2465 1184 2536 prwdestinatio,
1218 2466 1367 2521 sicut
1402 2479 1529 2520 una
1575 2470 1658 2521 est
1688 2464 1895 2521 divina

230 2558 521 2627 operatio.
556 2555 763 2612 divina
792 2554 1105 2624 sapientia,
1130 2554 1336 2611 divina
1359 2555 1718 2625 substantia,
1754 2555 1896 2610 divi.

230 2660 317 2702 na
340 2645 641 2711 voluntas,
663 2647 721 2700 et
749 2642 1153 2715 subsequeris.

805 2772 1044 2813 JOANNES
1097 2773 1321 2814 SCOTUS.

306 2848 478 2919 (Cap.
507 2850 562 2917 2,
603 2862 771 2901 num.
805 2848 860 2915 2,
894 2849 1036 2901 seet.
1086 2846 1164 2917 6.)
1193 2851 1233 2899 6
1267 2845 1507 2903 Clamat
1555 2846 1712 2902 enim
1741 2845 1897 2901 Scri-

233 2943 465 3006 ptura:
494 2937 708 3005 Magna
750 2949 937 3007 opera
984 2933 1238 3001 Domini,
1271 2934 1570 3007 exquisita
1592 2934 1653 2990 in
1681 2950 1894 2990 omnes

232 3024 576 3081 Voluntates
606 3024 739 3096 ejus
765 3024 956 3089 (Psal.
1011 3038 1104 3091 cx,
1144 3023 1218 3095 2).

306 3116 351 3184 +
385 3116 451 3169 Et
481 3112 754 3170 inferius.

310 3202 481 3274 (Cap.
504 3206 558 3259 2.
590 3218 758 3258 num.
787 3206 840 3269 3,
874 3205 1013 3258 sect.
1047 3201 1121 3273 6.)
1144 3206 1183 3255 Θ
1212 3202 1351 3257 Νοη
1380 3201 1556 3268 dixit,
1590 3202 1651 3257 in
1695 3217 1893 3257 omnes

237 3293 611 3349 necessitates
639 3293 789 3362 ejus,
821 3291 925 3347 sed
956 3290 1016 3346 in
1048 3305 1261 3346 omnes
1283 3289 1618 3345 voluntates
1649 3290 1798 3362 ejus.

903 3429 1203 3470 CORRECTIO
1213 3454 1225 3467 .

315 3503 357 3571 -ι-
385 3501 550 3572 Erige
599 3517 761 3559 nunc
814 3502 1028 3559 mentis
1059 3501 1323 3565 oculum,
1358 3502 1405 3558 si
1454 3507 1655 3559 tamen
1703 3503 1893 3574 adest,

235 3589 320 3648 ad
368 3590 646 3647 intuitum
705 3592 997 3659 veritatis;
1030 3592 1078 3647 si
1126 3597 1326 3649 autem
1361 3591 1547 3659 abest,
1582 3592 1895 3649 humiliare

235 3679 509 3745 ﬁdeliter,
536 3685 743 3752 petens
800 3681 878 3737 ab
932 3697 1022 3747 ea,
1058 3685 1119 3738 ut
1148 3699 1287 3738 eum
1314 3682 1419 3737 tibi
1459 3680 1547 3737 vel
1579 3682 1891 3744 mundare,

238 3768 334 3824 vel
372 3768 733 3840 illuminare,
763 3769 855 3826 vel
886 3777 1040 3826 certe
1087 3770 1335 3827 reddere
1367 3770 1663 3840 dignetur.
1693 3770 1896 3826 Dixisti

237 3855 612 3914 voluntatem
669 3858 792 3929 Dei,
824 3858 975 3915 sicut
1028 3860 1376 3928 essentiam,
1419 3874 1529 3913 nec
1582 3858 1894 3928 geminari,

241 3961 355 4002 nec
408 3946 790 4020 multiplicari
833 3964 1031 4021 posse,
1089 3948 1152 4003 id
1196 3951 1285 4004 est
1310 3946 1645 4021 pluralitate
1676 3963 1895 4015 carere,

240 4034 412 4107 quod
458 4040 660 4092 tamen
688 4036 868 4108 gipsa,
907 4052 1094 4110 quam
1144 4035 1524 4107 subjunxisti,
1550 4035 1901 4108 prophetica

242 4124 539 4181 sententia
580 4124 881 4182 refellitur.
915 4130 1062 4184 Cum
1095 4125 1329 4187 dicitur,
1363 4126 1425 4180 in
1454 4140 1651 4180 omnes
1691 4124 1900 4180 volun-

242 4219 396 4270 tates
452 4215 602 4283 ejus,
634 4229 771 4270 ecce
828 4216 1167 4270 voluntates
1225 4213 1326 4269 Dei
1381 4211 1798 4285 multipliciter,
1829 4228 1899 4268 ac

235 4318 351 4376 per
377 4302 496 4359 hoc
525 4302 834 4375 pluraliter
877 4304 1174 4377 prolatas;
1210 4308 1270 4358 tu
1311 4302 1439 4375 ipse
1485 4301 1809 4374 protulisti:
1842 4305 1900 4357 ct

238 4396 451 4448 tamen
498 4390 751 4461 impium
788 4408 919 4448 esse
972 4390 1194 4460 dixisti,
1250 4391 1297 4446 si
1326 4390 1460 4463 quis
1505 4390 1895 4457 voluntatem,

237 4496 383 4553 quae
434 4479 496 4535 in
547 4481 668 4537 Deo
716 4485 824 4549 est,
872 4480 1296 4553 multipliciter,
1322 4479 1383 4535 id
1433 4484 1519 4535 est
1569 4479 1897 4551 pluraliter,

237 4568 552 4642 proferret.
584 4573 806 4641 Nempe
835 4586 976 4627 cum
1012 4569 1334 4637 Pbariszeo,
1379 4584 1560 4641 quem
1600 4568 1900 4639 evangeli-

238 4674 352 4714 cus
372 4673 571 4714 sermo
594 4658 923 4729 jactantem
945 4674 1056 4714 sua
1084 4658 1293 4714 merita
1320 4657 1702 4729 reprehendit
1732 4659 1896 4725 (Luc.

240 4762 408 4813 xvm,
439 4748 496 4802 lt
525 4755 582 4805 et
610 4748 718 4817 t2),
744 4746 824 4803 ad
853 4746 1301 4803 inﬂatissimam
1330 4750 1495 4802 tuam
1526 4745 1900 4801 scientiolam

243 4832 489 4890 oculum
540 4834 1090 4902 nebulosissimum,
1123 4839 1421 4908 quantum
1465 4834 1528 4889 in
1584 4839 1640 4890 te
1690 4833 1900 4897 fuerat,

242 4929 595 4993 arroganter
622 4924 1043 4980 ostentandam
1068 4922 1374 4996 aperuisti,
1407 4938 1547 4978 cum
1575 4922 1900 4995 publicano

237 5012 532 5070 veraciter
559 5012 873 5074 humiliari,
897 5017 1310 5079 contemnens,
1343 5027 1379 5067 a
1402 5011 1665 5068 veritatis
1692 5027 1901 5085 aspec-

237 5105 308 5158 tu
334 5100 788 5173 intelligentiam
815 5101 1134 5158 detorsisti.
1171 5100 1343 5168 Quod
1373 5100 1420 5157 si
1451 5100 1613 5158 aliud
1640 5117 1773 5158 esse
1811 5100 1902 5157 di-

234 5190 402 5247 xeris
444 5190 505 5247 in
556 5194 676 5247 Deo
723 5189 1116 5258 voluntatem,
1147 5194 1327 5263 atque
1367 5189 1528 5247 aliud
1572 5190 1903 5247 voluntates

233 5278 369 5349 Dei,
398 5283 456 5336 et
495 5279 558 5335 in
585 5280 702 5335 hoc
730 5282 961 5353 quanta
1003 5278 1305 5351 impietate
1352 5278 1668 5335 insanieris
1699 5282 1903 5334 aucto-

232 5367 415 5424 ritate
441 5368 774 5439 detegeris;
806 5368 1090 5442 quamvis
1140 5368 1299 5424 enim
1332 5371 1390 5424 et
1418 5368 1679 5423 sciamus
1722 5371 1779 5423 et
1821 5365 1903 5424 fa-

235 5459 481 5512 teamur
518 5456 580 5512 in
614 5459 731 5512 Deo
759 5456 908 5513 nihil
953 5455 1118 5513 aliud
1156 5456 1302 5512 velle
1328 5472 1515 5528 quam
1547 5471 1698 5520 esse,
1726 5453 1899 5510 nihil-

233 5560 365 5618 que
393 5544 558 5601 aliud
583 5561 715 5601 esse
739 5561 928 5619 quam
958 5544 1106 5601 velle
1131 5561 1144 5600 :
1174 5544 1449 5601 voluntas
1478 5542 1701 5616 quippe
1740 5543 1899 5600 illius

234 5631 511 5690 essentia
538 5637 649 5705 est,
671 5637 729 5691 et
746 5634 1005 5692 essentia
1044 5632 1345 5701 voluntas;
1392 5634 1597 5688 tamen
1621 5631 1770 5703 ipse,
1795 5632 1901 5705 qui

1930 4355 1971 4409 D

2005 1729 2195 1785 sentia
2214 1730 2365 1801 ejus,
2392 1730 2674 1785 dicuntur
2706 1729 2887 1785 etiam
2908 1729 3245 1786 voluntates
3265 1731 3315 1803 ej
3326 1747 3393 1786 us
3415 1730 3662 1804 plurali-

2005 1822 2109 1884 ter,
2132 1834 2242 1874 nec
2267 1824 2469 1875 tamen
2498 1818 2766 1875 essentia:
2787 1820 2917 1890 ejus
2938 1818 3245 1891 pluraliter
3264 1821 3658 1892 proferentur,

2004 1906 2110 1963 sed
2130 1911 2409 1963 manente
2429 1906 3000 1963 incommutabiliter
3018 1912 3371 1980 remotaque
3392 1908 3470 1964 ab
3494 1909 3662 1965 omni

2003 1996 2452 2069 multiplicitatis
2496 1996 2828 2068 capacitate
2872 1997 3131 2052 essentia
3176 1997 3355 2061 illius,
3388 1997 3661 2054 voluntas

2003 2084 2054 2156 ej
2065 2102 2131 2139 us
2152 2084 2457 2157 pluraliter
2473 2083 2748 2153 effertur;
2783 2099 2905 2140 non
2931 2089 2992 2140 ut
3010 2084 3145 2157 ipsa
3176 2086 3435 2142 essentia
3462 2086 3661 2142 multi-

2001 2173 2270 2247 plicetur,
2294 2174 2399 2229 sed
2428 2177 2494 2229 ut
2527 2174 2852 2229 voluntatis
2880 2174 3010 2245 ejus
3040 2173 3285 2230 effectus
3329 2190 3439 2247 pro
3464 2175 3660 2232 distri-

2000 2263 2320 2319 butionum
2358 2263 2489 2334 ejus
2545 2263 2948 2332 eongruentiis
2991 2267 3170 2335 atque
3217 2263 3660 2320 diversitatibus

2002 2350 2357 2424 multiplices
2409 2350 2806 2406 declarentur.
2842 2350 3144 2408 Reclamat
3199 2357 3401 2408 autem
3444 2352 3658 2409 adver-

2002 2457 2105 2496 sus
2127 2446 2181 2496 te
2214 2441 2516 2512 Scriptura
2547 2444 2777 2506 sancta,
2809 2456 2946 2513 quae
2970 2442 3032 2496 in
3062 2440 3214 2497 libro
3248 2441 3563 2512 Sapientiae
3584 2442 3659 2497 de

2004 2529 2223 2601 Spiritu
2257 2529 2376 2598 Dei,
2408 2528 2514 2601 qui
2574 2527 2777 2600 utique
2809 2532 2962 2584 Deus
3006 2534 3095 2584 est
3138 2529 3218 2585 ita
3247 2528 3398 2585 inter
3445 2532 3663 2585 caetera

2002 2616 2279 2690 potentia:
2306 2616 2462 2672 illius
2492 2616 2815 2689 praeconia:
2832 2618 2952 2673 Per
2973 2632 3067 2673 me
3093 2616 3665 2691 Spiritus,inquiens

2000 2706 2417 2777 intelligentia
2454 2711 2719 2773 sanctus,
2751 2706 2987 2773 unicus,
3033 2707 3377 2776 multiplex,
3425 2707 3662 2763 subtilis

2004 2795 2169 2864 (Sap.
2203 2810 2305 2866 vu,
2335 2798 2429 2862 22)
2456 2812 2470 2861 ;
2496 2794 2694 2866 itaque
2725 2795 3036 2867 quomodo
3067 2795 3279 2851 unicus
3313 2794 3471 2851 idem
3502 2794 3664 2851 dica-

2006 2888 2097 2937 tur
2151 2887 2210 2938 et
2244 2880 2577 2953 multiplex,
2623 2886 2788 2938 etc.?
2815 2882 2942 2938 Noli
2987 2883 3209 2953 garrire
3262 2887 3470 2937 contra
3516 2882 3664 2937 veri-

1926 3004 1968 3057 ο
2006 2975 2206 3026 tatem.
2239 2970 2777 3026 Prmdestinationis
2821 2972 3001 3026 etiam
3063 2970 3447 3057 vocabulum,
3495 2969 3663 3042 quod

2003 3059 2105 3115 Dei
2157 3058 2462 3114 subtantia
2518 3063 2625 3125 est,
2686 3073 3013 3130 eomquans
3071 3057 3272 3113 dixisti
3321 3056 3663 3113 nullatenus

2005 3147 2407 3220 multiplicari.
2479 3147 2859 3202 Beatissimus
2926 3146 3260 3217 Gregorius,
3318 3145 3661 3219 apostolicae

2005 3236 2165 3292 sedis
2182 3236 2515 3306 antistes,et
2528 3235 3046 3309 quemadmodum
3066 3236 3355 3292 veraciter
3373 3235 3663 3292 asseruis-

2005 3326 2066 3396 ti,
2106 3325 2532 3382 veracissimus
2567 3325 3004 3397 Scripturarum
3036 3324 3663 3398 explanator,tuarum

2003 3415 2460 3473 conclusionum
2517 3415 2949 3488 disputationes
3002 3420 3138 3470 ante
3195 3413 3661 3487 floccipendens,

2001 3505 2093 3561 vel
2119 3505 2320 3579 potius
2350 3504 2652 3560 damnans
2670 3520 2857 3576 quam
2890 3502 3118 3573 legens,
3142 3502 3449 3576 pluralier
3477 3518 3664 3558 enun-

2003 3595 2149 3650 tiare
2187 3610 2308 3649 non
2359 3592 2599 3659 metuit;
2660 3608 2804 3648 nam
2846 3592 2905 3647 in
2947 3592 3099 3647 libro
3131 3608 3264 3647 χχιχ
3322 3590 3665 3647 admirandi

2004 3686 2183 3755 atque
2216 3680 2614 3753 amplectendi
2643 3682 2840 3753 operis
2869 3681 3031 3752 quod
3054 3682 3111 3735 in
3152 3680 3310 3735 beati
3334 3679 3444 3735 Job
3466 3679 3668 3752 expla-

2005 3772 2307 3827 nationem
2385 3769 2875 3842 eloquentissima
2938 3770 3229 3825 suavitate
3304 3768 3662 3841 composuit,

2004 3859 2157 3915 inter
2218 3862 2455 3925 caetera,
2497 3858 2810 3926 Gregorius
2862 3856 2986 3926 (lib.
3038 3873 3179 3911 XXIX
3222 3858 3287 3911 in
3338 3857 3470 3922 Job,
3524 3871 3663 3923 cap.

2006 3947 2146 4018 ult.)
2170 3964 2183 4001 ε
2209 3945 2512 4009 Ordinem,
2537 3945 2746 4017 inquit,
2776 3945 2909 4000 coeli
2937 3961 3115 4001 nosse
3143 3950 3229 3999 est
3259 3959 3663 4017 supernarum

2006 4033 2471 4106 dispositionum
2500 4033 2761 4089 occultas
2784 4034 3335 4106 przedestinationes
3370 4032 3590 4089 videre.

2078 4125 2119 4194 -ι-
2150 4125 2233 4179 Ac
2283 4122 2501 4177 deinde
2532 4138 2686 4195 quas
2715 4122 3269 4195 praedestinationes
3305 4122 3534 4185 dixerit,
3564 4138 3663 4178 co-

2008 4212 2180 4286 piosa
2198 4210 2616 4285 explanatione
2646 4211 2958 4284 perdocuit
2980 4229 2993 4276 ;
3017 4213 3133 4282 egit
3163 4212 3320 4268 enim
3344 4210 3661 4267 affluentius

2011 4318 2134 4357 suae
2164 4299 2480 4357 dulcedine
2512 4315 2693 4373 super
2722 4300 3023 4356 bonorum
3056 4300 3313 4370 gratuita
3357 4300 3662 4369 electione,

2009 4390 2432 4463 malorumque
2479 4390 2816 4461 justissima
2868 4389 3311 4462 reprobatione.
3366 4390 3539 4457 Quod
3602 4395 3666 4445 ut

2008 4480 2227 4536 clarius
2256 4480 2557 4547 enitescat,
2586 4483 2772 4535 totam
2792 4479 3062 4549 ejusdem
3092 4480 3208 4535 loci
3238 4481 3664 4535 continentiam

2008 4584 2443 4642 proponamus.

2079 4657 2394 4728 Gregorius
2419 4658 2545 4725 (lib.
2578 4674 2702 4725 xxx,
2735 4672 2783 4714 c.
2808 4658 2937 4729 32):
2973 4660 3164 4729 [Pater
3192 4658 3417 4729 quippe
3462 4657 3524 4711 in
3556 4672 3664 4711 suo

2007 4751 2275 4818 tempore
2304 4744 2641 4801 Luciferum
2671 4745 2971 4817 produxit,
3000 4747 3164 4817 quia,
3199 4746 3350 4800 sicut
3379 4744 3665 4818 scriptum

2007 4836 2130 4886 est:
2164 4833 2313 4887 Cum
2344 4834 2506 4889 venit
2526 4835 2843 4903 plenitudo
2873 4835 3173 4904 temporis,
3205 4835 3365 4891 misit
3386 4835 3540 4891 Deus
3569 4833 3665 4889 Fi-

2011 4919 2156 4975 lium
2179 4935 2354 4976 suum
2384 4926 2596 4978 natum
2620 4938 2696 4979 ea:
2725 4924 2993 4993 muliere,
3023 4924 3258 4993 factum
3288 4922 3397 4979 sub
3431 4924 3576 4994 lege,
3600 4929 3664 4978 ut

2008 5023 2102 5065 eos
2130 5009 2236 5081 qui
2258 5009 2366 5065 sub
2389 5010 2518 5080 lege
2544 5018 2717 5067 erant
2736 5013 3049 5069 redimeret
3081 5013 3238 5083 (Gal.
3264 5030 3343 5079 1v,
3373 5016 3429 5078 4,
3458 5014 3531 5083 5);
3559 5011 3665 5084 qui

2010 5102 2186 5154 natus
2216 5114 2290 5154 ex
2314 5100 2563 5169 virgine,
2591 5101 2753 5157 velut
2784 5101 3009 5159 Lucifer
3038 5101 3190 5159 inter
3214 5103 3491 5159 tenebras
3524 5117 3665 5157 nos-

2009 5192 2113 5243 trae
2145 5186 2335 5244 noctis
2381 5189 2681 5261 apparuit,
2712 5190 2875 5262 quia,
2908 5190 3117 5260 fugata
3144 5190 3505 5247 obscuritate
3534 5203 3668 5260 pec-

2011 5276 2143 5345 cati,
2178 5281 2468 5334 teternum
2515 5277 2692 5333 nobis
2740 5295 2919 5335 mane
2965 5279 3278 5336 nuntiavit.
3330 5275 3665 5334 Luciferum

2008 5382 2152 5422 vero
2183 5382 2246 5423 se
2279 5366 2553 5435 innotuit,
2582 5367 2727 5439 quia
2754 5367 3017 5425 diluculo
3066 5385 3138 5425 ex
3166 5372 3359 5424 morte
3390 5364 3663 5435 surrexit,

2010 5458 2069 5510 et
2097 5454 2327 5525 fulgore
2371 5456 2461 5511 sui
2502 5456 2748 5512 luminis
2795 5457 3172 5514 mortalitatis
3200 5461 3420 5514 nostrae
3452 5459 3666 5511 tetram

2011 5544 2327 5613 caliginem
2348 5547 2579 5616 pressit.
2621 5547 2723 5603 Cui
2753 5546 2906 5603 bene
2937 5564 3043 5620 per
3088 5551 3376 5603 Joannem
3409 5546 3624 5602 dicitur
3650 5563 3661 5596 :

2010 5632 2205 5689 Stella
2267 5634 2584 5702 splendida
2641 5641 2694 5692 εί
2753 5639 3053 5693 matutina
3104 5636 3312 5708 (Apoc.
3364 5651 3492 5703 χχιι,
3557 5633 3659 5701 td).
