4098 6176
453 136 587 195 1027

1565 132 1620 187 8.
1642 196 1645 199 ἢ
1664 126 2029 186 PRUDENTll
2067 122 2442 183 TRECENSIS
2481 124 2751 183 EPlCOPl

3737 126 3861 199 1023

450 260 630 315 Vivus
686 258 907 330 quippe
974 252 1324 325 apparando
1389 253 1519 323 [at.,
1582 248 1905 324 apparens]
1961 249 2099 318 post
2126 250 2173 302 A
2205 243 2665 317 dispositionum
2716 246 2978 304 occultas
3035 246 3592 319 priedestinationes
3646 249 3861 307 videre.

448 354 721 412 mortem,
764 343 1056 400 matutina
1118 341 1292 397 nobis
1350 341 1515 397 stella
1562 338 1753 396 factus
1797 343 1907 406 est,
1956 336 2099 409 quia

448 438 595 493 dum
624 435 685 490 in
716 432 1034 504 semetipso
1061 431 1406 503 exemplum
1450 428 1625 486 nobis
1653 424 2096 485 resurrectionis

444 522 720 598 praebuit.
753 537 891 593 quas
920 519 1023 577 lux
1067 524 1355 592 sequatur
1407 517 1710 575 indicavit.
1773 518 2093 589 Vesperum

446 628 585 669 vero
616 626 795 684 super
839 614 1006 665 terrae
1034 608 1187 665 ﬁlios
1233 623 1596 678 consurgere
1642 605 1927 662 Dominus
1955 600 2097 658 facit

448 702 599 769 (Job.
630 715 863 762 xxxvui,
895 700 1004 770 32),
1034 697 1181 771 quia
1216 696 1558 753 inﬁdelibus
1594 694 1938 752 Judaeorum
1971 706 2095 747 cor-

448 788 625 844 dibus
661 786 961 843 dominari
1000 786 1424 842 Antichristum
1471 801 1679 843 eorum
1725 780 1934 838 merito
1977 778 2094 835 exi-

448 881 621 948 gente
672 875 972 949 permittit.
1031 875 1140 940 Qui
1170 873 1388 931 idcirco
1420 890 1457 930 a
1488 873 1738 929 Domino
1784 870 1921 927 huic
1970 884 2095 924 ves-

446 966 571 1038 peri
616 965 775 1036 juste
821 963 1183 1029 subduntur,
1213 963 1357 1037 quia
1401 963 1530 1035 ipse
1575 965 1784 1035 sponte
1832 974 1945 1015 sua
1988 955 2094 1012 ﬁlii

444 1059 613 1110 terra;
666 1069 797 1110 esse
857 1053 1190 1108 voluerunt.
1257 1051 1518 1108 Terrena
1569 1051 1794 1125 quippe
1860 1052 1917 1103 et
1972 1061 2095 1102 non

446 1143 707 1199 coelestia
735 1142 1123 1215 requirentes,
1149 1158 1184 1197 a
1214 1141 1630 1214 perspicienda
1655 1138 1883 1197 luciferi
1908 1135 2093 1193 nostri

445 1231 708 1288 claritate
737 1230 982 1287 execcati
1012 1235 1188 1299 sunt;
1221 1234 1278 1287 et
1325 1230 1471 1285 dum
1518 1243 1779 1302 praeesse
1820 1225 1933 1283 sibi
1960 1239 2090 1280 ves-

443 1337 658 1395 perum
678 1324 981 1393 expetunt,
1004 1319 1422 1392 subsequentis
1448 1316 1852 1383 damnationis
1872 1319 2097 1370 aeterna

444 1414 618 1480 nocte
672 1413 1042 1477 merguntur.
1104 1408 1251 1463 Hinc
1314 1408 1376 1462 in
1429 1405 1751 1477 Evangelio
1808 1402 2094 1459 Dominus

445 1498 622 1554 dicit:
652 1498 782 1568 Ego
813 1498 947 1554 veni
979 1498 1041 1553 in
1064 1496 1300 1551 nomine
1328 1496 1533 1551 Patris
1560 1495 1691 1555 mei.
1711 1499 1765 1548 et
1796 1507 1914 1548 non
1937 1506 2095 1547 acce-

2206 334 2516 391 Rationcm
2564 351 2703 391 vero
2735 337 2863 406 ejus
2889 336 2950 391 in
2984 341 3137 391 terra
3167 352 3407 408 ponere,
3441 342 3528 392 est
3577 343 3716 393 ante
3757 339 3863 395 hu-

2205 439 2390 479 mana
2419 426 2604 480 corda
2665 424 2869 481 talimn
2926 430 3289 481 secretorum
3343 442 3561 483 causas
3612 428 3861 499 aperire.

2207 511 2513 570 Rationem
2545 513 2819 569 videlicet
2849 513 2983 570 coeli
3008 513 3068 569 in
3103 520 3255 569 terra
3276 529 3519 587 ponere,
3544 521 3633 571 est
3665 532 3861 588 super-

2203 614 2418 656 norum
2453 601 2822 673 judiciorum
2849 601 3136 675 mysteria
3158 602 3249 657 vel
3271 602 3719 661 considerando
3742 607 3862 662 dis-

2205 694 2422 756 cutere,
2476 688 2568 746 vel
2616 690 2922 763 loquendo
2970 690 3385 761 manifestare,
3426 693 3603 758 Quod
3667 694 3863 766 utique

2203 777 2396 833 facere
2426 779 2486 833 in
2517 779 2631 834 hac
2660 780 2781 835 vita
2810 780 3041 851 positus
3068 779 3269 836 nullus
3292 785 3506 852 potest.
3539 784 3606 839 Ut
3645 784 3806 843 enim
3827 801 3864 842 a

2203 867 2403 937 parvis
2433 868 2511 923 ad
2561 869 2799 938 majora
2854 869 3183 933 veniamus,
3231 870 3367 941 quis
3394 869 3685 941 intelligat
3730 889 3860 945 quae

2203 970 2331 1010 esse
2350 956 2500 1012 ratio
2539 958 2672 1028 [al.,
2705 957 3023 1030 subtilitas]
3057 964 3420 1014 secretorum
3454 965 3671 1033 potest,
3703 965 3861 1035 quod

2203 1060 2363 1117 saepe
2395 1045 2483 1101 vir
2509 1048 2707 1118 justus
2737 1064 2772 1102 a
2797 1047 3024 1118 judicio
3048 1063 3168 1102 non
3220 1047 3417 1104 solum
3446 1065 3571 1106 non
3604 1051 3862 1108 vindica-

2203 1138 2322 1205 tus,
2372 1135 2476 1191 sed
2524 1138 2703 1192 etiam
2751 1138 2999 1209 punitus
3047 1138 3272 1204 redeat,
3323 1142 3381 1194 et
3434 1138 3680 1214 iniquus
3732 1143 3857 1215 ejus

2204 1221 2583 1279 adversarius
2632 1240 2754 1281 nou
2805 1224 2999 1281 solum
3044 1241 3167 1281 non
3221 1226 3491 1299 punitus,
3536 1228 3640 1284 sed
3689 1232 3857 1287 etiam

2203 1312 2390 1368 victor
2434 1314 2768 1371 abscedat?
2808 1315 2950 1380 Quis
2974 1314 3264 1384 intelligat
3295 1332 3402 1371 cur
3431 1315 3580 1374 vivit
3604 1318 3758 1375 alius
3786 1322 3859 1378 in-

2205 1399 2431 1457 sidians
2459 1402 2753 1458 mortibus
2809 1402 3249 1476 proximorum,
3299 1410 3357 1461 et
3410 1407 3664 1464 moritur
3715 1408 3858 1466 alius

2203 1489 2307 1562 qui
2338 1490 2685 1562 profuturus
2717 1496 2873 1547 esset
2919 1492 3055 1547 vitae
3088 1493 3416 1549 multorum
3439 1492 3467 1550 ?
3522 1495 3687 1551 Alius
3736 1496 3853 1554 cul-

437 1587 614 1656 pistis
642 1600 752 1642 me.
799 1586 966 1640 Atius
1004 1586 1195 1640 veniet
1236 1584 1298 1640 in
1327 1583 1565 1639 nomine
1592 1598 1720 1651 suo,
1750 1583 1925 1637 illum
1969 1580 2090 1651 [al.,
2125 1599 2166 1655 Β
2203 1594 2343 1633 men
2364 1580 2677 1650 potestatis
2707 1580 3067 1653 assequitur,
3090 1580 3195 1655 qui
3218 1582 3462 1639 nonnisi
3488 1582 3702 1641 laedere
3744 1593 3854 1642 stu-

444 1674 657 1746 ipsum]
685 1674 991 1743 accipietis
1018 1674 1214 1744 (Joan.
1245 1688 1304 1743 v,
1341 1673 1451 1743 43).
1497 1672 1639 1727 Hinc
1663 1669 1882 1727 Paulus
1911 1669 2089 1726 dicit:

449 1765 533 1818 Eo
560 1763 720 1834 quod
747 1763 1105 1819 charitatem
1149 1762 1415 1819 veritatis
1445 1776 1564 1817 non
1608 1765 1978 1831 receperunt,
2029 1765 2091 1817 ut

450 1853 608 1908 salvi
653 1854 885 1921 ﬁerent,
930 1852 1059 1907 ideo
1109 1852 1305 1908 mittet
1342 1851 1467 1907 illis
1514 1852 1670 1907 Deus
1691 1849 2091 1919 operationem

446 1938 690 2008 erroris,
722 1943 788 1992 ut
819 1937 1066 1993 credant
1096 1935 1426 2004 mendacio,
1444 1940 1509 1990 ut
1520 1934 1879 2005 judicentur
1898 1947 2093 1989 omnes

446 2028 551 2099 qui
575 2042 693 2083 non
723 2026 1101 2082 crediderunt
1124 2025 1386 2097 veritati,
1405 2024 1509 2080 sed
1528 2028 1949 2081 consenserunt
1979 2024 2093 2077 ini-

445 2117 666 2188 quitati
690 2115 778 2187 (ΙΙ
805 2115 972 2171 Thes.
999 2131 1059 2186 ιι,
1099 2115 1182 2179 10,
1216 2114 1321 2184 ll).
1368 2117 1761 2187 Nequaquam
1808 2128 1950 2183 ergo
1994 2127 2093 2167 su-

442 2220 551 2278 per
564 2219 666 2261 eos
692 2206 909 2277 Vesper
938 2208 1339 2273 consurgeret,
1362 2202 1411 2258 si
1434 2202 1567 2258 caeli
1726 2217 1855 2257 esse
1883 2199 2094 2257 voluis-

448 2296 580 2348 sent
603 2310 616 2359 ;
639 2291 746 2348 sed
770 2292 920 2349 dum
948 2291 1271 2348 visibibilia
1309 2295 1600 2364 appetunt
1640 2290 1870 2347 amisso
1901 2288 2095 2345 cordis

442 2380 688 2451 lumine,
710 2380 823 2436 sub
839 2381 1049 2452 {noctis
1069 2380 1222 2436 duce
1252 2379 1865 2445 tenebrescunt.Quod
1896 2383 2094 2433 tamen

445 2470 492 2525 si
518 2469 821 2527 moraliter
847 2468 1226 2535 discutimus,
1249 2467 1558 2541 quomodo
1586 2467 1853 2541 quotidie
1882 2472 2096 2537 agatur

444 2559 804 2615 invenimus.
838 2558 987 2625 Quia
1016 2558 1302 2615 nimirum
1333 2564 1390 2614 et
1420 2556 1615 2613 electis
1664 2555 1891 2613 Lucifer
1909 2556 2096 2611 oritur

444 2651 503 2703 et
548 2662 759 2719 vesper
810 2645 1083 2720 reprobis
1137 2645 1255 2703 Deo
1309 2646 1682 2718 permittente
1727 2643 2090 2701 dominatur.

447 2738 608 2792 Unus
639 2735 799 2793 enim
827 2740 1007 2808 atque
1036 2734 1198 2791 idem
1249 2750 1448 2790 sermo
1479 2733 1579 2789 Dei
1606 2733 1668 2789 in
1688 2737 1780 2789 est
1807 2749 1909 2789 ore
1938 2748 2093 2807 prue-

444 2824 733 2885 dicantis:
774 2840 958 2897 quem
1000 2824 1148 2881 dum
1176 2822 1271 2880 isti
1302 2822 1642 2892 gaudendo,
1675 2822 1757 2878 illi
1783 2838 1925 2878 vero
1950 2821 2095 2877 invi-

444 2912 643 2968 dendo
674 2912 944 2979 audiunt,
980 2911 1323 3002 claritatem
1352 2910 1600 3002 Luciferi
1630 2910 1744 2967 sibi
1767 2910 1829 2967 in
1859 2910 2091 2983 vesperi
2122 2948 2163 3002 Ο

441 3000 721 3059 tenebras
739 3005 989 3058 vertunt.
1007 3003 1157 3057 Dum
1191 3000 1284 3057 isti
1310 2998 1613 3055 humiliter
1640 3015 1850 3056 vocem
1868 3003 2092 3056 88.11th

443 3090 884 3164 praedicationis
908 3089 1210 3164 accipiunt
1230 3089 1405 3162 quasi
1430 3088 1509 3145 ad
1529 3087 1710 3144 stellae
1730 3088 1926 3144 lucem
1948 3105 2090 3145 ocu-

439 3179 531 3237 los
561 3180 757 3237 cordis
783 3180 1092 3253 apcriunt;
1147 3180 1295 3235 dum
1326 3195 1464 3235 vero
1494 3178 1571 3233 illi
1603 3178 1956 3234 benedicent
2002 3178 2091 3234 in-

442 3269 664 3337 vident,
699 3274 757 3324 ct
788 3285 910 3324 non
965 3268 1172 3324 salutis
1201 3283 1475 3336 causam,
1508 3267 1614 3321 sed
1662 3267 1934 3323 elationis
1964 3268 2090 3338 glo-

441 3358 595 3413 riam
615 3362 915 3429 quaerunt,
936 3361 1363 3427 prorumpente
1386 3356 1692 3427 iniquitate
1714 3372 1824 3412 sua
1844 3372 2091 3429 vespere

441 3444 501 3499 in
533 3460 816 3500 somnum
840 3444 1047 3499 mortis
1090 3443 1295 3497 oculos
1319 3443 1625 3498 claudunt.
1653 3446 1763 3499 Per
1790 3444 2090 3500 occultum

441 3547 584 3600 ergo
634 3531 927 3599 judicium
959 3531 1029 3596 is,
1063 3530 1168 3601 qui
1213 3530 1397 3587 electo
1440 3529 1681 3603 [electis]
1710 3538 1796 3588 est
1845 3534 2089 3603 Lucifer,

440 3619 698 3691 reprobo
756 3618 1009 3674 auditori
1060 3619 1185 3688 [at.,
1248 3619 1520 3690 reprobis
1589 3620 1984 3693 auditoribus]
2027 3622 2093 3679 ﬁt

441 3724 672 3780 vesper,
712 3707 856 3780 quia
899 3707 1306 3763 exhortatione
1364 3711 1587 3776 sancta,
1638 3725 1761 3781 qua
1813 3710 1959 3766 boni
2013 3712 2089 3767 ad

440 3798 625 3855 vitam
653 3798 923 3866 redeunt,
954 3797 1127 3871 pravi
1155 3796 1415 3853 deterius
1438 3797 1500 3852 in
1525 3798 1701 3872 culpa
1730 3800 2086 3857 moriuntur.

441 3889 609 3945 Unde
646 3888 801 3946 bene
844 3904 951 3960 per
995 3886 1245 3944 Paulum
1293 3887 1557 3944 dicitur:
1611 3889 1839 3947 Christi
1906 3892 2088 3948 bonus

440 3980 589 4035 odor
617 3993 819 4034 sumus
859 3980 980 4034 Deo
1020 3978 1082 4034 in
1121 3979 1211 4034 his
1262 3979 1368 4049 qui
1394 3979 1554 4035 salvi
1597 3980 1774 4050 ﬁunt,
1801 3987 1855 4036 et
1889 3982 1951 4037 in
1999 3981 2088 4037 his

442 4069 547 4139 qui
571 4073 855 4137 pereunt:
876 4068 1015 4123 aliis
1038 4068 1275 4140 quidem
1304 4069 1451 4124 odor
1486 4071 1692 4126 mortis
1722 4071 1784 4127 in
1817 4077 2083 4137 mortem,

441 4157 577 4213 aliis
625 4161 820 4212 autem
848 4157 995 4212 odor
1020 4158 1156 4212 vitae
1184 4157 1248 4212 in
1280 4159 1463 4213 vitam
1492 4158 1582 4229 (ΙΙ
1600 4158 1737 4214 Cor.
1769 4175 1828 4224 ιι.
1863 4164 1946 4223 15,
1976 4160 2082 4230 16).

439 4244 697 4300 Verbum
726 4244 926 4317 itaque
966 4262 1144 4301 suum
1173 4245 1545 4302 auditoribus
1581 4263 1711 4304 esse
1756 4248 2085 4303 Luciferum

441 4334 621 4390 simul
650 4337 705 4389 et
740 4350 1059 4407 vesperum
1098 4334 1260 4403 vidit,
1291 4350 1397 4406 per
1423 4336 1589 4407 quod
1617 4341 1676 4392 et
1705 4336 1853 4392 alios
1882 4338 1961 4394 ab
1979 4340 2087 4395 ini-

440 4423 663 4496 quitate
690 4423 987 4491 suscitari,
1010 4428 1068 4479 et
1095 4438 1126 4479 e
1147 4426 1355 4479 contra
1382 4423 1530 4480 alios
1570 4425 1751 4497 sopiri
1777 4425 1840 4481 in
1868 4426 2087 4499 iniqui-

438 4516 556 4569 tate
577 4512 908 4587 conspexit.
940 4512 1112 4579 Quod
1141 4512 1284 4584 quia
1312 4512 1557 4569 occultis
1580 4514 1681 4570 Dei
1703 4515 1946 4585 judiciis
1966 4516 2088 4587 agi-

440 4607 553 4676 tur,
580 4621 717 4678 quae
755 4604 815 4662 in
865 4606 979 4661 hac
1009 4603 1131 4660 vita
1159 4603 1237 4660 ab
1279 4603 1631 4660 hominibus
1661 4608 2091 4679 comprehendi

436 4708 559 4750 non
607 4699 883 4768 possunt,
916 4698 1070 4749 recte
1098 4691 1217 4749 illic
1248 4692 1551 4750 subdidit:
1582 4695 1665 4751 Et
1692 4697 1774 4752 ad
1804 4697 1928 4754 haec
1956 4699 2089 4771 quis

440 4787 560 4839 tam
591 4782 835 4839 idoneus
864 4782 1058 4854 (Ibid,
1086 4798 1235 4840 vers.
1276 4782 1382 4854 16.)
1410 4789 1492 4838 Ac
1519 4784 1569 4839 si
1599 4784 1854 4844 diceret:
1885 4784 2094 4844 Idonei

437 4869 685 4942 quidem
717 4887 927 4927 sumus
956 4871 1037 4928 ad
1070 4872 1201 4931 haec
1253 4872 1693 4931 consideranda
1719 4876 1865 4948 quia
1896 4877 2087 4948 ﬁunt;

439 4957 547 5013 sed
578 4954 776 5035 idonei
816 4974 940 5016 non
988 4976 1198 5016 sumus
1228 4960 1307 5016 ad
1354 4961 1483 5017 haec
1519 4963 1938 5034 investiganda
1984 4984 2090 5024 cur

435 5044 603 5102 ﬁant.
638 5047 809 5104 Unde
845 5047 942 5103 hic
986 5065 1228 5122 quoque
1272 5050 1581 5120 Dominus,
1613 5053 1758 5124 quia
1786 5053 1917 5109 aliis
1955 5071 2089 5127 pro-

437 5134 579 5194 duci
622 5135 975 5204 Luciferum,
1006 5137 1139 5194 aliis
1183 5155 1326 5195 vero
1365 5155 1726 5211 consurgere
1768 5157 2086 5215 vesperum

436 5224 685 5296 dixerat,
717 5241 793 5282 ne
818 5226 1177 5298 perscrutari
1222 5228 1407 5285 homo
1437 5230 1671 5289 occulta
1725 5231 1824 5287 Dei
1858 5233 2088 5303 judicia

437 5314 676 5387 audeat,
707 5314 863 5371 illico
886 5313 1289 5385 subjungitur.

506 5472 799 5546 Nunquid
825 5475 983 5530 nosti
1010 5472 1276 5531 ordinem
1308 5475 1461 5546 creti,
1501 5483 1553 5534 et
1581 5494 1763 5549 pones
1793 5485 2083 5543 rationem

436 5563 565 5633 ejus
587 5562 651 5619 in
669 5563 882 5622 terra?
909 5560 1189 5623 Ordinem
1220 5563 1351 5621 coeli
1373 5580 1549 5624 nosse
1578 5573 1668 5626 est
1688 5586 2084 5645 supernarum

2204 1665 2320 1733 det,
2364 1665 2517 1723 alius
2540 1669 2960 1724 tantummodo
2984 1668 3159 1724 lassos
3204 1669 3522 1728 defendere
3553 1673 3850 1748 concupis-

2204 1754 2299 1821 cit,
2328 1759 2385 1811 et
2415 1760 2615 1812 tamen
2664 1757 2793 1830 ipse
2824 1773 3149 1831 oppressus
3204 1758 3379 1830 jacet.
3439 1760 3595 1817 Alius
3638 1778 3841 1819 vacare

2204 1844 2447 1917 appetit,
2474 1851 2532 1902 et
2549 1845 2880 1903 innumeris
2900 1847 3153 1918 negotiis
3183 1848 3529 1921 implicatur.
3557 1850 3718 1906 Alius
3740 1866 3836 1906 ne-

2204 1933 2377 2003 gotiis
2408 1934 2703 2007 implicari
2732 1935 3050 2007 desiderat,
3101 1939 3159 1991 et
3188 1943 3418 1993 coactus
3456 1943 3647 1994 vacat.
3680 1939 3844 1995 Alius

2204 2018 2362 2079 male
2396 2020 2688 2080 inchoatis
2711 2023 3043 2096 [inchoans]
3075 2040 3268 2097 usque
3300 2025 3377 2081 ad
3418 2026 3547 2082 vitae
3592 2043 3719 2082 suae
3751 2031 3856 2082 ter-

2202 2110 2435 2166 minum
2490 2112 2696 2185 pejora
2727 2112 3125 2185 protrahitur;
3181 2112 3334 2169 alius
3377 2113 3529 2171 bene
3568 2115 3858 2190 incipiens

2204 2213 2311 2271 per
2336 2199 2773 2270 longitudinem
2806 2204 3149 2271 temporum
3177 2201 3415 2275 proiicit
3440 2202 3519 2258 ad
3539 2209 3861 2273 augmenta

2204 2285 2575 2343 meritorum.
2605 2290 2799 2361 Atque
2846 2293 3088 2344 econtra
3133 2290 3264 2360 [at.,
3302 2294 3375 2345 At
3421 2292 3674 2363 contra],
3714 2290 3859 2348 alius

2206 2379 2363 2432 male
2391 2374 2596 2432 vivens
2624 2377 2729 2433 diu
2754 2382 3112 2443 reservatur,
3169 2384 3230 2435 ut
3268 2380 3605 2449 corrigatur
3644 2381 3773 2454 [al.,
3800 2386 3859 2437 ut

2205 2479 2266 2519 se
2311 2466 2599 2536 corrigat:
2634 2464 2788 2523 alius
2818 2481 2955 2523 vero
2979 2465 3133 2524 bene
3173 2468 3424 2541 quidem
3454 2469 3691 2527 videtur
3711 2472 3853 2527 vive-

2203 2568 2286 2619 re,
2320 2553 2426 2610 sed
2456 2552 2519 2609 in
2547 2552 2661 2611 hac
2690 2552 2809 2611 vita
2860 2571 2932 2611 eo
2963 2571 3154 2629 usque
3213 2557 3412 2625 durat,
3460 2575 3587 2632 quo
3621 2558 3703 2617 ad
3729 2576 3853 2634 pcr-

2202 2657 2373 2698 versa
2400 2648 2774 2717 prorumpat.
2805 2644 2968 2700 Alius
3014 2646 3073 2700 in
3124 2662 3319 2703 errore
3350 2647 3586 2718 deﬁcit;
3620 2648 3774 2705 alius
3802 2649 3859 2708 in

2204 2730 2509 2787 catholicae
2556 2732 2697 2788 ﬁdei
2745 2734 3098 2790 rectitudine
3154 2736 3411 2805 genitus,
3449 2737 3512 2793 in
3553 2739 3859 2795 catholicae

2202 2816 2343 2875 ﬁdei
2371 2819 2719 2877 rectitudine
2744 2829 3220 2880 consummatur.
3243 2824 3516 2896 ,Econtra
3544 2840 3685 2884 vero
3714 2828 3859 2884 alius

2204 2909 2509 2966 catholicae
2564 2911 2770 2967 matris
2814 2918 3014 2968 ventre
3039 2913 3253 2984 editus,
3281 2915 3454 2986 juxta
3484 2917 3622 2971 vitae
3673 2919 3861 2973 terrui.

2203 3015 2350 3055 num
2375 2999 2589 3056 erroris
2631 3000 2919 3071 voragine
2948 3002 3290 3059 devoratur.
3336 3004 3503 3061 Alius
3550 3012 3750 3063 autem
3781 3007 3859 3063 vi-

2204 3093 2325 3144 tam
2357 3105 2531 3145 suam
2578 3091 2639 3145 in
2685 3091 2976 3147 catholica
3024 3091 3236 3164 pietate
3293 3100 3695 3165 consummat,
3733 3095 3853 3169 qui,

2202 3182 2366 3233 ortus
2391 3179 2452 3234 in
2480 3180 2751 3251 perﬁdia,
2786 3194 2922 3235 cum
2962 3180 3114 3237 lacte
3145 3180 3352 3237 matris
3382 3183 3667 3241 hauserat
3696 3184 3851 3239 virus

2202 3268 2434 3325 erroris.
2464 3268 2627 3323 Alius
2660 3269 3073 3325 celsitudinem
3109 3271 3262 3328 bene
3292 3273 3529 3329 vivendi
3582 3281 3854 3347 appetere

2202 3361 2259 3412 ct
2288 3356 2443 3413 volet
2474 3357 2601 3428 [at.,
2632 3358 2777 3429 vult]
2809 3363 2865 3413 et
2894 3358 3072 3426 valet,
3102 3360 3253 3417 alius
3286 3377 3396 3416 nec
3424 3362 3584 3418 volet
3613 3380 3721 3420 nec
3760 3380 3857 3422 va-

2201 3444 2310 3513 let;
2346 3445 2497 3500 alius
2536 3446 2691 3501 volet
2721 3453 2777 3501 et
2824 3463 2947 3503 non
2992 3447 3186 3517 valet;
3238 3448 3391 3506 alius
3422 3450 3576 3507 valet
3634 3458 3692 3508 et
3738 3469 3857 3509 non

2200 3534 2376 3590 volet.
2412 3535 2552 3600 Quis
2581 3551 2722 3604 ergo
2750 3537 2861 3592 ista
2886 3537 3251 3608 judiciorum
3282 3540 3613 3597 caelestium
3634 3550 3860 3599 secreta

2201 3622 2525 3678 discutiat?
2558 3625 2699 3689 Quis
2727 3624 3015 3695 intelligat
3043 3627 3363 3684 discretam
3399 3629 3638 3687 lancem
3672 3636 3861 3706 tequi-

2202 3710 2333 3766 tatis
2381 3712 2672 3767 occultae?
2734 3713 2824 3769 Ad
2903 3716 3354 3783 cognoscendos
3417 3719 3643 3793 quippe
3712 3721 3861 3779 istos

2194 3798 2560 3871 judiciorum
2625 3808 2987 3859 secretorum
3054 3806 3243 3874 sinus,
3302 3807 3506 3863 nullus
3569 3814 3859 3868 ascendit.

2200 3889 2437 3944 Dicatur
2483 3905 2623 3960 ergo
2683 3889 2936 3961 homini,
2988 3895 3051 3946 ut
3099 3909 3161 3947 se
3212 3895 3445 3950 nescire
3490 3906 3859 3967 cognoscat;

2198 3978 2560 4034 nescientem
2592 3996 2733 4034 vero
2792 3995 2855 4035 sc
2914 3982 3245 4050 Cognoscat
3276 3988 3333 4039 et
3362 3984 3568 4042 timeat
3598 4006 3610 4055 ;
3658 3988 3861 4043 timeat

2198 4071 2263 4122 ut
2290 4066 2653 4136 humilietur,
2684 4068 3026 4125 humilietur
3055 4086 3129 4126 ne
3155 4079 3486 4144 praesumat
3513 4074 3576 4130 in
3604 4092 3665 4132 se
3689 4094 3703 4144 ;
3727 4091 3857 4132 non

2197 4161 2526 4227 praesumat
2549 4156 2610 4211 in
2642 4173 2723 4226 se,
2758 4162 2821 4212 ut
2850 4156 3186 4214 Conditoris
3218 4161 3309 4215 sui
3335 4162 3626 4220 auxilium
3655 4165 3858 4238 requi-

2199 4249 2309 4310 rat,
2334 4249 2388 4299 et
2405 4244 2512 4317 qui
2534 4244 2597 4299 in
2624 4260 2685 4299 se
2708 4244 2899 4301 ﬁdens
2930 4253 3202 4304 mortuus
3224 4254 3332 4318 cst,
3355 4253 3615 4307 auctoris
3637 4254 3727 4308 sui
3757 4255 3865 4311 ad-

2195 4332 2483 4403 jutorium
2513 4339 2803 4406 appetens
2836 4336 3015 4394 vivat.
3048 4339 3266 4394 Audiat
3286 4339 3491 4413 itaque
3538 4342 3627 4398 vir
3659 4344 3863 4415 justus

2195 4421 2324 4493 jam
2347 4420 2592 4492 quidem
2615 4438 2677 4479 se
2708 4423 2923 4493 sciens,
2955 4426 3061 4482 sed
3091 4427 3290 4483 adhuc
3340 4446 3478 4501 quas
3504 4446 3693 4503 supra
3719 4440 3863 4489 sunt

2198 4508 2509 4567 nesciens:
2542 4511 2838 4584 Nunquid
2871 4517 3034 4571 nosti
3075 4517 3346 4575 ordinem
3400 4520 3556 4590 creti,
3588 4528 3642 4577 et
3667 4538 3861 4592 pones

2199 4600 2459 4656 rationes
2503 4602 2627 4670 ejus
2666 4603 2727 4657 in
2779 4607 2990 4660 terra?
3036 4605 3187 4676 (Job.
3240 4623 3480 4671 xxxvru,
3513 4611 3601 4681 33)
3642 4610 3709 4667 id
3747 4617 3863 4679 est,

2199 4688 2476 4761 nunquid
2505 4690 2769 4747 occultos
2826 4693 3064 4749 ordines
3108 4694 3474 4766 judiciorum
3522 4699 3863 4759 caelestium

2200 4778 2678 4850 comprehendis,
2709 4785 2813 4837 aut
2839 4783 3069 4854 aperire
3116 4783 3399 4843 humanis
3447 4788 3702 4846 auribus
3733 4791 3865 4848 suf-

2198 4866 2327 4922 ﬁcis
2350 4868 2377 4924 ‘I
2404 4870 2611 4924 Beatus
2663 4869 2842 4941 igitur
2864 4872 2972 4928 Job
3000 4872 3076 4929 de
3113 4873 3482 4945 judiciorum
3510 4878 3867 4954 incompre-

2196 4955 2579 5013 hensibilium
2648 4958 3106 5030 investigatione
3169 4964 3509 5036 requiritur,
3560 4983 3632 5024 ac
3690 4972 3744 5027 si
3811 4972 3870 5028 ei

2197 5047 2400 5117 aperte
2452 5043 2777 5103 diceretur:
2813 5049 3040 5105 Cuncta
3080 5066 3216 5123 qum
3270 5053 3491 5124 pateris
3521 5059 3692 5114 tanto
3720 5059 3873 5117 tole-

2195 5147 2326 5188 rare
2346 5132 2665 5204 patientius
2684 5135 2889 5208 debes,
2914 5142 3144 5210 quanto
3161 5145 3526 5200 secretorum
3546 5145 3871 5207 celestium

2193 5222 2465 5292 ignarus,
2498 5238 2604 5278 cur
2621 5223 2739 5281 hoc
2766 5226 2896 5297 [at.,
2915 5226 3066 5300 haec]
3097 5230 3341 5301 pateris,
3370 5233 3611 5306 nescis].

2265 5313 2456 5377 Quem
2493 5317 2730 5370 secutus
2760 5319 2883 5372 tam
2918 5316 3039 5374 ﬁdo
3079 5335 3267 5391 quam
3313 5337 3497 5379 sensu
3543 5330 3605 5382 et
3651 5329 3871 5386 verbis

2195 5404 2437 5457 sanctus
2470 5403 2752 5473 Isidorus,
2793 5405 3158 5478 Hispalensis
3198 5411 3541 5485 episcopus,
3572 5417 3869 5475 eamdem

2196 5503 2348 5580 pene
2377 5492 2728 5580 sententiam
2754 5493 2927 5551 dictis
2952 5497 3076 5553 suis
3110 5496 3656 5573 interposuit.Quos
3686 5507 3864 5580 quis.

2195 5576 2332 5649 quis
2362 5579 2630 5639 conferre
2654 5582 2924 5653 voluerit,
2953 5583 3212 5645 inveniet
3235 5588 3319 5647 ita
3348 5606 3469 5649 uno
3498 5608 3606 5651 eos
3636 5576 3869 5668 spiritu
