4098 6176
224 186 352 241 l0?!

1164 181 1247 233 DE
1290 170 1944 234 PREDBSTINATiONB
1983 172 2262 233 CONTRA
2302 179 2352 233 εἰ.
2396 179 2688 237 SCOTUM.

3497 180 3631 241 1030

221 314 391 380 atque
422 320 524 361 ore
554 305 808 368 locutos,
839 306 899 357 ut
948 284 1543 374 eumdem‘Spiritum
1592 307 1870 357 sanctum
1906 304 1955 359 A
1988 299 2074 355 vel
2107 302 2531 359 chameleontis
2550 304 2799 371 colores,
2838 309 2992 360 certe
3022 314 3335 377 nunquam
3360 306 3630 377 effugies,

218 399 523 468 utriusque
578 393 865 461 adfuisse,
924 396 979 446 et
1010 408 1115 463 per
1146 397 1467 463 utrumque
1519 390 1874 446 unanimiter

216 488 502 545 locutum,
536 482 785 539 minime
813 481 1062 536 dubitet.
1117 480 1377 535 lsidorus
1426 484 1614 548 (Sent.
1661 481 1760 535 lib.
1811 494 1872 547 ιι,

217 589 348 645 cap.
368 574 431 645 ti)
456 590 468 628 :
503 571 781 643 [Gemina
803 574 892 625 est
909 567 1375 641 prredestinatio,
1400 568 1529 623 sive
1550 569 1873 624 electorum

222 665 301 722 ad
322 664 615 736 requiem,
662 661 789 716 sive
838 659 1236 731 reproborum
1271 659 1352 714 ad
1393 663 1645 715 mortem
1679 670 1692 713 ε
1721 661 1876 713 11ῒῖἂά

222 766 340 827 que
365 753 569 809 divino
599 750 858 821 agitatur
877 750 1007 812 [al.,
1034 748 1248 819 agitur]
1277 747 1522 819 judicio,
1559 751 1621 803 ut
1639 754 1876 820 semper

226 842 441 899 electas
479 851 737 912 Superna
766 843 823 894 et
844 838 1124 894 interiora
1150 837 1320 908 sequi
1356 837 1556 904 faciat,
1613 846 1874 907 semper-

226 944 343 1005 que
369 931 678 1003 reprobos,
708 934 774 984 ut
803 928 1023 983 inﬁmis
1055 932 1112 981 et
1137 926 1553 981 exterioribus
1578 925 1873 981 delecten-

225 1025 337 1091 tur,
365 1018 696 1076 deserendo
720 1016 1040 1083 permittat.
1076 1014 1237 1069 Sicut
1282 1014 1519 1081 ignorat
1546 1015 1730 1069 homo
1758 1018 1873 1069 ter-

218 1108 451 1164 minum
483 1107 631 1163 lucis
662 1111 717 1162 et
747 1105 1147 1165 tenebrarum.
1178 1103 1271 1158 vel
1291 1103 1601 1174 utriusque
1631 1102 1713 1157 rei
1739 1101 1875 1175 quis

218 1197 355 1254 finis
386 1197 478 1266 sit,
510 1197 590 1252 ita
620 1195 854 1267 plenius
886 1194 1072 1249 nescit
1123 1193 1258 1264 quis
1292 1197 1429 1247 ante
1456 1202 1633 1246 suum
1665 1190 1871 1261 tinem,

216 1286 347 1342 luce
373 1285 613 1357 justitiaa
637 1282 1061 1355 prceveniatur,
1093 1280 1183 1337 vel
1212 1281 1347 1353 quis
1379 1284 1763 1353 peccatorum
1797 1284 1874 1335 tes

216 1374 416 1433 nebris
444 1388 639 1447 usque
691 1373 752 1428 in
782 1388 961 1428 suum
1011 1371 1331 1428 terminum
1363 1371 1735 1437 obscuretur,
1770 1379 1876 1425 aut

212 1466 348 1539 quis
373 1466 512 1537 post
537 1463 779 1535 lapsum
807 1461 1192 1517 tenebrarum
1222 1475 1554 1516 conversus
1600 1461 1876 1529 resurgat

214 1554 536 1612 adiuvem.
593 1555 817 1610 Cuncta
846 1551 973 1606 haec
1036 1553 1153 1605 Deo
1183 1554 1405 1621 patent,
1460 1548 1693 1604 homini
1736 1564 1875 1604 vero

1984 404 2299 462 nunquam
2324 393 2617 448 evadendi
2646 392 2847 449 locum
2868 393 3067 466 capies
3088 395 3115 448 ?
3166 397 3279 448 Aut
3311 411 3514 451 verum
3546 401 3633 453 est

1984 480 2141 535 enim
2171 482 2337 553 quod
2369 483 2619 551 negasti,
2649 487 2704 538 et
2733 482 2954 537 falsum
2982 488 3070 539 est
3097 484 3262 555 quod
3320 485 3633 555 Gregorius

1982 573 2041 623 et
2063 569 2323 626 Isidorus
2354 571 2631 627 dixerunt
2655 588 2667 638 ;
2699 576 2802 627 aut
2823 572 2989 644 (Quia
3016 572 3131 627 hoc
3152 572 3401 645 impium
3430 578 3522 630 est
3543 573 3635 630 vel

1984 657 2222 714 credere
2246 660 2597 732 quempiam
2621 659 2714 715 vel
2740 660 2977 732 sentire)
3002 661 3051 715 si
3097 670 3301 717 verum
3333 666 3421 718 est
3468 661 3634 735 quod

1983 748 2300 815 Gregorius
2334 748 2391 803 et
2420 748 2676 803 Isidorus
2698 748 3089 821 protulerunt,
3110 749 3434 824 litterisque
3463 758 3634 807 venes

1981 835 2273 891 rabilibus
2297 836 2757 905 mandaverunt,
2791 837 3009 893 falsum
3033 842 3124 893 est
3148 840 3312 911 quod
3337 838 3401 895 tu
3454 852 3633 895 caecae

1982 924 2246 980 tissimus
2270 923 2600 981 aiﬁrmasti.
2626 926 2895 990 Quicum
2922 927 2981 981 in
3016 928 3129 982 hoc
3163 938 3286 984 non
3312 927 3507 984 solum
3529 928 3633 984 dea

1981 1010 2546 1085 prehensus,verum
2559 1014 2737 1069 etiam
2752 1016 3057 1071 convictus
3070 1017 3314 1073 minime
3327 1018 3361 1073 d
3372 1019 3633 1089 ubiteris,

1982 1104 2057 1158 de
2080 1104 2304 1157 caeteris
2358 1118 2492 1175 quae
2536 1102 2711 1157 simili
2768 1103 3007 1159 insania
3040 1105 3189 1161 rictu
3220 1106 3498 1178 pestifero
3528 1123 3632 1163 vo-

1987 1191 2206 1260 muistl,
2234 1192 2481 1263 juvante
2509 1191 2761 1247 Domino
2779 1192 2906 1262 jam
2931 1191 3116 1248 facilis
3144 1194 3252 1250 erit
3274 1211 3593 1265 aggressus
3617 1215 3631 1251 :

1984 1282 2273 1353 quoniam
2295 1281 2389 1336 cui
2419 1282 2479 1336 in
2509 1280 2811 1353 prioribus
2843 1282 3141 1338 mendacii
3167 1282 3475 1341 character
3501 1286 3634 1341 inus

1983 1369 2148 1435 ritur,
2172 1370 2233 1425 in
2263 1369 2654 1443 sequentibus
2681 1369 2830 1425 ﬁdes
2856 1371 3091 1443 penitus
3121 1368 3465 1443 abrogatur.

2056 1461 2246 1527 Negas
2293 1458 2558 1513 similiter
2608 1458 3016 1530 operationem
3064 1460 3125 1515 in
3180 1463 3297 1517 Deo
3332 1460 3637 1534 pluraliter

1983 1547 2196 1613 efferri,
2225 1547 2287 1603 id
2314 1551 2401 1602 est
2426 1546 2804 1620 multiplicari
2824 1547 2917 1603 vel
2947 1547 3258 1617 geminari,
3290 1549 3387 1605 vel
3426 1552 3639 1607 caetera

214 1642 416 1699 latent.
448 1640 734 1706 Quamvis
762 1640 1065 1711 justorum
1096 1637 1472 1694 conversatio
1501 1637 1561 1692 in
1610 1638 1725 1693 hac
1752 1637 1876 1694 Vita
1910 1654 1948 1708 Β
1984 1636 2377 1709 hujusmodi:
2411 1641 2468 1693 et
2512 1637 2662 1709 quid
2710 1641 2798 1693 est
2852 1639 3018 1710 quod
3064 1654 3275 1695 omnes
3326 1642 3637 1714 Scriptum

215 1729 548 1804 probabilis
577 1730 670 1795 sit,
702 1728 995 1784 incertum
1026 1732 1227 1783 tamen
1258 1726 1607 1783 hominibus
1637 1738 1765 1781 esse
1797 1725 1874 1781 ad

215 1834 401 1894 quem
432 1818 550 1875 sint
587 1819 771 1874 tinem
805 1816 1200 1889 prmdestinati
1234 1834 1246 1882 ;
1313 1816 1420 1872 sed
1449 1812 1655 1872 omnia
1688 1824 1874 1871 reser-

218 1909 348 1965 vari
376 1908 576 1964 futuro
601 1907 883 1963 examini.
917 1907 1059 1963 Mira
1094 1905 1408 1977 dispositio
1459 1910 1542 1960 est
1602 1919 1876 1976 supernae

218 1996 676 2065 distributionis,
708 2011 815 2068 per
842 2010 1027 2067 quam
1059 1994 1153 2049 hic
1198 1995 1397 2065 justus
1426 1993 1682 2066 amplius
1701 1992 1875 2064 justi-

220 2086 456 2153 ﬁcatur,
489 2085 711 2157 impius
750 2082 1011 2155 amplius
1041 2082 1379 2138 sordidatur
1405 2083 1433 2138 ?
1462 2082 1645 2139 Malus
1663 2081 1741 2137 ad
1764 2081 1875 2136 bo»-

223 2190 377 2229 num
407 2172 733 2244 aliquando
758 2171 1134 2236 convertitur,
1162 2170 1359 2226 bonus
1400 2171 1479 2226 ad
1504 2169 1731 2225 malum
1774 2169 1875 2224 ali-

224 2260 478 2333 quandu
506 2259 842 2315 reﬂectitur.
896 2258 1026 2314 Vult
1060 2258 1195 2330 quis
1224 2275 1355 2314 esse
1402 2258 1620 2327 bonus,
1650 2261 1706 2313 et
1754 2273 1875 2313 non

224 2348 422 2416 valet;
452 2348 577 2405 vult
608 2347 754 2405 alter
774 2362 902 2403 esse
932 2347 1128 2403 malus
1154 2351 1212 2403 et
1236 2360 1355 2403 non
1388 2346 1741 2418 permittitur
1786 2347 1875 2402 in-

221 2438 418 2495 terire.
446 2441 630 2494 Datur
653 2437 706 2493 ei
733 2436 841 2509 qui
869 2435 993 2492 vult
1017 2450 1152 2492 esse
1170 2436 1368 2492 bonus
1390 2453 1402 2503 ;
1428 2435 1577 2491 alius
1598 2450 1707 2490 nec
1730 2432 1876 2501 vult,

218 2536 334 2582 nec
364 2522 545 2582 datur
564 2525 617 2581 ei
649 2530 714 2581 ut
743 2524 817 2579 sit
842 2524 1058 2581 bonus.
1094 2528 1206 2580 iste
1236 2524 1499 2580 nascitur
1519 2522 1581 2579 in
1606 2532 1801 2579 errore
1820 2525 1879 2579 et

218 2615 495 2680 moritur,
523 2614 619 2670 ille
636 2614 694 2669 in
716 2614 881 2670 bono
906 2630 1028 2687 quo
1052 2614 1231 2687 coepit
1255 2629 1445 2686 usque
1465 2613 1525 2668 in
1548 2614 1731 2669 tinem
1752 2626 1879 2685 pen

218 2704 420 2761 durat.
454 2703 824 2759 Tandiuiste
849 2707 965 2759 stat
1018 2718 1334 2776 quousque
1385 2702 1591 2770 cadat;
1623 2702 1719 2758 ille
1773 2701 1877 2757 diu

218 2791 382 2849 male
406 2791 660 2847 vivendo
685 2791 744 2847 in
775 2790 893 2846 fine
958 2790 1221 2846 salvatur
1271 2795 1700 2863 respectusque
1739 2804 1878 2845 con-

216 2882 486 2938 vertitur.
506 2881 638 2936 Vult
661 2880 949 2953 prodesse
969 2880 1029 2935 in
1055 2880 1216 2935 bono
1230 2880 1428 2951 justus
1444 2896 1555 2934 nec
1575 2879 1875 2952 praevalet,

218 2970 350 3026 vult
377 2978 591 3027 nocere
620 2969 817 3026 malus
872 2975 929 3025 et
980 2969 1150 3025 valet.
1185 2969 1296 3025 lste
1326 2968 1448 3024 vult
1492 2972 1609 3058 Deo
1639 2984 1873 3058 vacare,
1918 2996 1958 3058 ρ

219 3064 281 3118 et
306 3060 528 3117 smculo
576 3059 921 3132 impeditur,
970 3058 1067 3114 ille
1096 3058 1347 3129 negotiis
1372 3057 1666 3130 implicari
1689 3057 1875 3129 cupit,

219 3157 337 3206 nec
364 3150 609 3221 perﬁcit.
644 3149 993 3204 Dominatur
1014 3147 1210 3202 malus
1240 3147 1424 3217 bono,
1456 3145 1653 3201 bonus
1711 3145 1880 3201 dam-

219 3244 409 3295 natur
432 3250 542 3310 pro
568 3238 788 3309 impio;
844 3237 1068 3310 impius
1096 3237 1426 3292 honoratur
1453 3250 1563 3305 pro
1598 3235 1779 3306 justo.
1814 3235 1881 3290 Et

220 3328 289 3383 in
321 3327 440 3381 hac
468 3329 632 3381 tanta
655 3326 1011 3381 obscuritate
1037 3340 1161 3380 non
1189 3325 1348 3380 valet
1370 3324 1555 3379 homo
1610 3322 1877 3379 divinam

221 3415 592 3488 perscrutari
620 3414 1092 3487 dispositionem,
1139 3418 1195 3469 et
1240 3412 1538 3469 occultum
1572 3412 1880 3485 praedesti-

216 3503 491 3560 nationis
512 3503 875 3576 perpendere
905 3503 1222 3574 ordinem]

296 3596 341 3663 εί-
372 3591 547 3658 Quod
590 3592 749 3647 enim
791 3591 1001 3648 beatus
1056 3592 1366 3661 Gregorius
1415 3590 1885 3664 prmdestinatio-

218 3696 335 3737 nes
363 3678 687 3753 pluraliter,
706 3681 819 3736 hoc
850 3686 1093 3736 sanctus
1118 3680 1378 3735 Isidorus
1407 3681 1709 3749 geminam
1737 3694 1885 3752 prae-

218 3770 689 3826 destinationem
716 3770 990 3837 vocavit;
1029 3768 1339 3841 quoniam,
1374 3769 1524 3824 sicut
1580 3769 1887 3841 utriusque

220 3860 391 3915 dicta
420 3864 730 3926 testantur,
786 3857 1150 3915 intellexerat
1175 3874 1313 3913 eum
1343 3874 1481 3913 cum
1534 3858 1760 3913 cmteris
1787 3873 1886 3912 ca-

224 3948 467 4004 tholicis
496 3948 910 4004 tractatoribus
940 3948 1192 4002 sensisse
1218 3946 1673 4019 prmdestinatos
1713 3962 1889 4018 quos-

219 4037 376 4093 dam
409 4035 488 4091 ad
513 4035 784 4105 gloriam,
817 4035 1119 4108 quosdam
1167 4035 1247 4092 ad
1281 4034 1709 4104 ignominiam;
1759 4033 1889 4088 illos

222 4126 301 4181 ad
324 4140 605 4194 regnum,
629 4124 773 4181 istos
796 4124 873 4180 ad
885 4128 1256 4180 tormentum
1276 4138 1289 4193 ;
1312 4124 1445 4180 illos
1467 4123 1545 4180 ad
1570 4122 1888 4179 beatitudi-

220 4228 371 4271 nem
404 4228 822 4286 supernorum,
857 4213 999 4270 istos
1026 4213 1104 4269 ad
1134 4213 1497 4286 supplicium
1539 4212 1888 4268 inferorum.

220 4302 537 4377 Perpende
564 4318 726 4358 nunc
761 4303 981 4375 quibus
1004 4303 1401 4373 contradicas,
1424 4317 1698 4375 quosque
1722 4306 1893 4357 reatu

220 4391 557 4466 impietatis
586 4392 903 4463 notaveris,
936 4393 1039 4465 qui
1086 4396 1222 4449 ante
1250 4395 1382 4449 tuas
1410 4392 1641 4448 naenias
1675 4390 1891 4448 contri-

221 4485 450 4538 verunt
476 4496 664 4553 quam
693 4481 1041 4538 nascereris.
1074 4486 1153 4537 Ac
1181 4495 1289 4554 per
1314 4481 1431 4536 hoc
1453 4479 1889 4536 constituamus

225 4574 287 4627 te
314 4573 376 4625 et
408 4569 655 4625 beatum
690 4569 1057 4641 Gregorium,
1115 4568 1283 4624 illum
1342 4568 1892 4641 prredestinationes

225 4658 545 4732 pluraliter
573 4657 933 4724 efferentem,
975 4662 1028 4715 te
1060 4656 1365 4730 pluraliter
1390 4658 1583 4714 efferri
1637 4658 1891 4730 impium

227 4748 628 4818 judicantem.
687 4747 830 4813 Quis
883 4750 936 4803 te
965 4748 1095 4817 jam
1139 4746 1398 4803 audiat?
1445 4747 1589 4812 Quis
1610 4762 1733 4802 non
1763 4748 1896 4802 hor-

231 4838 389 4902 reat,
418 4851 597 4909 quem
624 4838 688 4892 in
717 4840 950 4893 tantum
980 4836 1240 4893 vesaniae
1264 4836 1610 4910 prorupisse
1662 4836 1892 4903 viderit,

226 4929 303 4982 ut
349 4925 565 4999 impios
614 4930 793 4982 tantae
849 4925 1214 4982 auctoritatis
1284 4926 1445 4981 viros
1505 4924 1742 4993 dixisse,
1817 4929 1892 4995 et,

222 5015 400 5088 quod
426 5020 515 5072 est
538 5012 977 5087 hlasphemius,
1008 5013 1340 5086 scripsisse,
1397 5013 1734 5070 nullatenus
1764 5028 1894 5069 eru-

221 5103 437 5160 bueris
465 5105 493 5160 ?
522 5104 664 5170 Quis
691 5102 853 5160 enim
883 5107 938 5159 te
960 5102 1166 5159 audiat
1192 5102 1595 5176 pluralitatem
1626 5103 1887 5177 priedes-

224 5192 541 5251 tinationis
563 5196 910 5265 negantem,
959 5192 1065 5264 qui
1098 5194 1293 5248 tantos
1320 5196 1514 5249 Patres
1564 5192 1658 5247 vel
1686 5191 1895 5263 legerit

223 5283 329 5338 vel
357 5281 615 5339 audierit
640 5280 946 5354 pluraliter
963 5280 1273 5337 efferentes
1296 5281 1324 5337 ?
1353 5282 1494 5346 Quis
1530 5282 1644 5336 tuis
1690 5280 1894 5351 dispu-

222 5370 581 5429 tatiunculis
613 5384 821 5427 aurem
853 5369 1159 5434 adhibeat,
1184 5373 1249 5424 ut
1272 5370 1451 5426 tantis
1474 5367 1743 5424 Patribus
1771 5366 1892 5421 dic-

226 5465 438 5519 torum
476 5459 954 5534 scriptorumque
998 5459 1304 5515 veracium
1355 5458 1540 5514 ﬁdem
1590 5456 1837 5527 deroget
1863 5456 1892 5512 Ῥ

225 5554 294 5607 et
321 5550 459 5623 quis
487 5549 594 5606 tibi
613 5550 941 5621 veritatem,
994 5548 1110 5604 illis
1164 5547 1549 5602 mendacium
1600 5545 1894 5618 deputet?

226 5641 472 5697 Vertere
498 5638 562 5695 ni
584 5638 884 5712 quaslibet
908 5637 1000 5695 vel
1023 5634 1282 5694 fabulosi
1302 5634 1631 5693 Promethei
1642 5633 1889 5704 formas,

1984 1727 2381 1799 operationes,
2414 1724 2509 1781 vel
2536 1738 2720 1800 opera
2749 1725 2950 1783 divina
2978 1726 3301 1786 decantant
3326 1732 3357 1787 ‘f
3410 1724 3641 1787 Clamat

1983 1831 2091 1871 vas
2115 1814 2436 1885 electionis,
2466 1814 2676 1871 doctor
2705 1815 2970 1883 gentium
3007 1816 3069 1871 in
3098 1817 3217 1873 ﬁde
3265 1822 3319 1874 et
3348 1818 3587 1873 Veritate
3622 1833 3635 1872 :

1984 1904 2313 1959 Divisiones
2392 1903 2733 1974 gratiarum
2789 1908 2947 1969 sunt,
3009 1904 3160 1961 idem
3210 1912 3407 1963 autem
3460 1900 3638 1977 spiri-

1984 1997 2078 2048 tus
2129 2010 2141 2059 ;
2196 1997 2252 2047 et
2303 1992 2616 2048 divisiones
2667 1994 3175 2051 ministrationum
3260 2001 3421 2064 sunt,
3482 1994 3636 2053 idem

1984 2088 2181 2138 autem
2212 2079 2617 2151 Dominus;et
2646 2081 2960 2138 divisiones
3006 2083 3421 2152 operationum
3473 2090 3635 2152 sunt,

1984 2169 2140 2225 idem
2166 2182 2303 2225 vero
2330 2172 2484 2226 Deus
2516 2170 2568 2240 (l
2591 2171 2728 2226 Cor.
2761 2186 2861 2239 xu,
2886 2170 3026 2241 4-6).
3044 2172 3116 2227 At
3142 2187 3219 2228 ne
3242 2189 3406 2229 more
3437 2170 3637 2229 furen-

1984 2258 2135 2315 tium
2166 2256 2331 2314 aliud
2353 2258 2664 2327 clamares,
2686 2258 2980 2330 adjungit,
3012 2260 3115 2332 qui
3134 2268 3421 2331 operatur
3440 2264 3640 2319 omnia

1983 2348 2048 2402 in
2078 2345 2348 2403 omnibus
2398 2347 2592 2419 (Ibid.,
2645 2362 2793 2403 vers.
2855 2347 2930 2419 8).
2984 2350 3350 2406 Enumeratis
3396 2366 3639 2423 quoque

1984 2434 2335 2493 earumdem
2363 2436 2780 2508 operationum
2810 2436 3346 2507 distributionibus,
3376 2440 3499 2497 hate
3537 2455 3642 2496 au-

1985 2531 2120 2596 tem,
2170 2524 2380 2597 inquit,
2433 2526 2629 2581 omnia
2696 2532 2982 2595 operatur
3062 2542 3218 2583 unus
3275 2534 3454 2600 atque
3486 2529 3639 2584 idem

1983 2614 2269 2683 Spiritus,
2302 2613 2570 2670 dividens
2596 2614 2851 2684 singulis
2885 2620 3067 2684 prout
3090 2618 3218 2672 vult
3251 2617 3450 2687 (Ibid.,
3487 2631 3638 2673 vers.

1990 2702 2092 2775 ll).
2118 2703 2291 2768 Quod
2318 2703 2370 2758 si
2396 2701 2559 2759 aliud
2590 2703 3000 2777 Operationem
3034 2706 3155 2777 Dei,
3180 2712 3237 2762 et
3262 2704 3423 2762 aliud
3455 2716 3642 2779 opera

1985 2809 2112 2849 esse
2135 2788 2531 2859 contenderis,
2556 2792 2775 2847 videris
2803 2793 3113 2866 quomodo
3138 2798 3262 2851 tam
3288 2796 3485 2865 gravis
3509 2810 3643 2852 auc-

1985 2880 2253 2948 toritatis,
2284 2879 2489 2937 litteris
2512 2878 2782 2937 videlicet
2805 2882 3041 2949 divinis,
3067 2896 3395 2958 earumque
3425 2885 3646 2941 ﬁdelis-

1987 2968 2154 3025 simis
2172 2966 2614 3039 tractatoribus,
2642 2984 2903 3042 quorum
2927 2971 3063 3027 libri
3087 2973 3440 3030 earumdem
3470 2988 3644 3031 voca-

1988 3056 2272 3115 bulorum
2324 3056 2764 3131 pluralitatibus
2841 3061 3037 3117 referti
3092 3074 3219 3119 esse
3293 3069 3643 3133 noscuntur,

1987 3146 2190 3204 valeas
2215 3150 2527 3205 contraire.
2554 3150 2767 3215 Quaero
2798 3153 2997 3207 tamen
3029 3146 3138 3207 abs
3192 3152 3246 3208 te
3298 3153 3552 3215 interim,
3584 3159 3649 3211 ut

1987 3236 2063 3292 de
2094 3238 2318 3293 creteris
2352 3237 2577 3303 sileam,
2626 3237 2773 3311 quid
2807 3241 2996 3307 magis
3040 3242 3139 3296 Dei
3189 3243 3455 3299 essentiee
3514 3258 3648 3300 con-

1990 3329 2183 3395 gruat,
2216 3326 2479 3397 potentia
2506 3343 2583 3383 an
2614 3329 2880 3401 operatio
2911 3329 2938 3385 ?
2997 3330 3127 3385 Mihi
3157 3331 3383 3405 quippe
3417 3332 3649 3389 videtur

1990 3414 2223 3471 nullum
2252 3416 2488 3489 operari
2515 3430 2693 3490 posse
2725 3417 2953 3492 absque
2990 3420 3253 3491 potentia
3292 3438 3305 3476 :
3340 3437 3461 3494 quo
3488 3421 3648 3477 enim

1992 3508 2168 3576 pacto
2191 3503 2483 3561 dicendus
2514 3510 2603 3561 est
2639 3508 2873 3579 operari
2895 3508 3000 3580 qui
3026 3523 3149 3565 non
3170 3510 3413 3582 possit?
3444 3512 3650 3567 Poten-

1994 3596 2141 3651 tiam
2174 3596 2455 3652 eXcellere
2486 3610 2607 3652 non
2640 3596 2887 3668 negabis
2917 3599 2945 3654 ‘?
2989 3596 3193 3672 itaque
3222 3602 3490 3673 potentia
3517 3614 3649 3657 ma-

1996 3679 2084 3749 gis
2116 3679 2215 3735 Dei
2241 3681 2508 3737 essentia:
2536 3681 2809 3751 congruit
2835 3696 3022 3755 quam
3052 3685 3339 3756 operatio,
3361 3686 3649 3758 quoniam

1994 3767 2260 3838 operatio
2311 3768 2590 3839 potentiae
2632 3774 2720 3824 est
2748 3768 3009 3836 effectus,
3066 3776 3121 3825 et
3149 3777 3351 3827 tamen
3400 3788 3537 3829 cum
3569 3789 3654 3828 es-

1996 3855 2188 3911 sentia
2216 3856 2316 3910 Dei
2342 3855 2744 3927 pluralitatem
2771 3856 3027 3924 abdicet,
3058 3859 3350 3929 potentias
3377 3858 3505 3929 ejus
3527 3858 3654 3931 plu-

1996 3943 2195 3999 raliter
2223 3943 2559 3999 enuntiatas
2588 3943 2863 4012 legimus,
2888 3944 3118 4001 dicente
3148 3947 3438 4018 Propheta
3467 3965 3480 4002 :
3512 3947 3652 4014 Quis

2001 4034 2277 4105 loquetur
2302 4033 2597 4099 potentias
2625 4033 2884 4102 Domini,
2927 4032 3167 4090 auditas
3215 4034 3399 4104 faciet
3456 4048 3653 4094 omnes

2000 4122 2206 4179 laudes
2237 4108 2405 4191 ejus?
2440 4121 2622 4192 (Psal.
2657 4132 2750 4187 cv,
2782 4122 2861 4193 2.)
2902 4120 2959 4177 Si
2988 4136 3130 4192 ergo
3182 4124 3446 4196 potentia
3487 4127 3588 4182 Dei
3618 4136 3653 4182 a

1997 4210 2332 4285 pluralitate
2365 4209 2457 4266 vel
2487 4208 2919 4282 multiplicitate
2974 4225 3096 4266 non
3148 4212 3501 4283 excluditur,
3550 4230 3655 4272 cur

1999 4300 2285 4372 operatio,
2318 4312 2451 4372 quae
2474 4314 2702 4371 sequax
2722 4300 2851 4371 ejus
2872 4312 2996 4356 non
3021 4299 3347 4372 dubitatur,
3393 4318 3431 4359 a
3458 4304 3655 4361 multi-

2002 4389 2260 4463 plicitate
2292 4387 2668 4445 excludenda
2690 4388 2995 4460 judicatur
3023 4389 3051 4445 ?
3077 4389 3250 4455 Quod
3276 4390 3323 4445 si
3344 4390 3498 4448 inter
3518 4410 3655 4467 ope-

1998 4480 2297 4536 rationem
2338 4478 2437 4536 Dei
2477 4483 2533 4534 et
2579 4494 2763 4552 opera
2817 4477 2961 4551 quid
3010 4478 3501 4549 distinguendum
3528 4483 3651 4549 erit,

2003 4567 2151 4624 mihi
2179 4567 2415 4623 interim
2440 4564 2585 4623 nihil
2608 4565 2769 4624 aliud
2790 4567 3048 4623 occurrit
3067 4582 3383 4640 quousque
3408 4560 3655 4637 diligen-

2002 4657 2118 4713 tius
2146 4656 2492 4728 exquiratur
2518 4672 2703 4729 quam
2760 4657 3171 4729 operationem
3200 4671 3331 4713 esse
3380 4654 3525 4713 dum
3566 4655 3653 4725 ﬁt,

2003 4760 2158 4818 opus
2188 4761 2325 4801 vero
2355 4746 2519 4819 quod
2549 4745 2634 4802 ﬁt.
2669 4746 2841 4811 Quod
2867 4747 2914 4801 si
2943 4746 3025 4802 ita
3045 4751 3150 4810 est,
3175 4746 3309 4821 quis
3330 4746 3561 4804 dubitet
3579 4747 3655 4804 ad

2007 4835 2193 4891 Deum
2222 4837 2474 4905 utraque
2504 4835 2796 4906 pertinere
2826 4834 2854 4891 ?

2066 4922 2429 4991 Augustinus
2448 4939 2460 4975 ε
2477 4922 2647 4992 [Cum
2662 4922 2929 4995 operatio
2942 4923 3128 4980 Patris
3144 4923 3505 4995 dicitur,non
3524 4940 3660 4983 eam

2000 5011 2127 5067 sine
2167 5009 2304 5067 Filio
2329 5010 2386 5066 et
2424 5010 2642 5083 Spiritu
2676 5018 2882 5069 sancto
2921 5013 3280 5085 intelligatur
3301 5014 3574 5090 operari;
3604 5021 3661 5074 et

2005 5115 2144 5158 cum
2185 5100 2488 5172 generatio
2518 5099 2667 5172 Filii,
2697 5118 2821 5158 non
2843 5103 2972 5159 sine
3002 5104 3169 5163 Patre
3200 5110 3255 5163 et
3278 5107 3495 5180 Spiritu
3527 5122 3663 5164 san-

2004 5195 2127 5261 cto;
2155 5196 2210 5248 et
2238 5206 2376 5246 cum
2398 5190 2665 5264 operatio
2689 5191 2938 5264 Spiritus
2960 5195 3169 5266 sancti,
3196 5211 3319 5252 non
3349 5196 3474 5252 sine
3491 5196 3661 5252 Patre

2004 5282 2062 5335 et
2083 5280 2249 5345 Filio,
2266 5280 2410 5337 satis
2426 5284 2638 5336 notum
2661 5285 2750 5336 est
2766 5285 2923 5337 recte
2955 5282 3356 5352 credentibus,
3371 5278 3463 5341 vel
3482 5284 3660 5341 etiam

2003 5373 2070 5423 ut
2098 5372 2352 5442 possunt
2378 5368 2865 5441 intelligentibus.
2898 5370 2964 5427 Et
2989 5370 3139 5429 illud
3161 5371 3296 5430 ideo
3322 5371 3551 5430 dictum
3576 5377 3663 5430 est

2006 5457 2082 5514 de
2111 5459 2301 5522 Patre,
2335 5460 2461 5529 ipse
2480 5460 2636 5531 facit
2665 5475 2846 5530 opera
2876 5463 3074 5528 (Joan.
3104 5478 3225 5528 Xiv,
3261 5462 3367 5534 10),
3399 5462 3566 5536 quod
3586 5464 3664 5520 ab

2001 5546 2100 5602 illo
2132 5548 2205 5602 sit
2235 5547 2402 5618 origo
2432 5549 2613 5605 etiam
2639 5565 2892 5622 operum
2939 5566 2976 5606 a
3028 5566 3151 5623 quo
3200 5554 3290 5608 est
3317 5552 3665 5609 exsistentia

2002 5635 2453 5707 coOperantium
2480 5652 2878 5709 personarum
2909 5656 2921 5694 :
2956 5638 3102 5711 quia
3130 5642 3186 5696 et
3222 5637 3400 5696 Filius
3451 5640 3526 5697 de
3554 5638 3655 5697 illo
