4098 6176
475 192 603 244 1031

1546 179 1618 253 ‘S.
1660 173 2028 233 PRUDENTH
2066 169 2442 226 TRECENSIS
2484 169 2793 226 EPISCOPI

3756 167 3909 224 £032

471 314 651 371 natus
671 312 779 373 est,
810 304 1141 379 etSpiritus
1175 305 1419 359 sanctus
1451 299 1859 373 principaliter
1914 295 1990 351 de
2020 293 2121 350 illo
2150 297 2196 350 A
2233 290 2385 346 sicut
2414 292 2545 361 ejus
2575 291 2839 348 essentia
2865 296 3046 363 atque
3073 288 3376 379 voluntas,
3423 288 3777 379 necessario
3813 306 3917 347 se-

472 397 758 472 procedit,
786 394 861 450 de
889 409 1013 466 quo
1063 397 1244 447 natus
1296 394 1387 445 est
1418 389 1611 453 Filius,
1643 394 1861 443 etcum
1893 383 2123 472 quoﬂilli

474 470 811 543 communis
836 485 924 537 est
950 480 1113 536 idem
1146 479 1416 553 Spiritus.
1451 480 1521 533 Et
1547 476 1695 533 illud
1721 473 1889 548 quod
1916 473 1999 528 ait
2016 470 2129 524 Do-

472 574 674 630 minus
708 589 720 627 :
755 572 823 628 Si
850 585 1032 640 opera
1061 585 1181 625 non
1220 568 1490 639 fecissem
1519 568 1584 622 in
1638 566 1740 635 eis,
1789 578 1921 635 qua:
1957 574 2127 617 nemo

474 662 645 719 aliud
665 661 810 730 fecit
835 659 1032 730 (Joan.
1057 674 1157 727 xv,
1187 658 1302 724 24),
1320 670 1444 711 uon
1467 655 1545 711 ad
1576 655 1810 710 Patrem
1834 650 1926 707 vel
1956 648 2131 721 Spiri-

473 756 604 809 tum
639 748 931 818 retulisse,
961 746 1129 820 quod
1172 746 1226 801 ei
1277 760 1398 800 non
1450 744 1567 798 sint
1594 743 1655 798 in
1701 741 1815 796 illis
1843 737 2129 812 operibus

476 836 797 912 cooperati,
822 835 930 892 sed
953 835 1032 891 ad
1059 834 1359 899 homines,
1381 848 1417 888 a
1438 830 1661 904 quibus
1688 828 1967 900 leguntur
1980 825 2132 882 mul-

476 932 537 984 ta
587 928 740 983 facta
786 924 1097 989 miracula,
1129 928 1187 978 et
1235 927 1438 978 tamen
1486 936 1521 975 a
1568 917 1753 988 nullo,
1785 933 1922 990 quas
1957 914 2130 970 Filius

477 1017 629 1072 fecit.
660 1019 725 1071 Et
752 1015 916 1087 quod
949 1014 1030 1069 ait
1056 1011 1376 1085 Apostolus
1398 1009 1472 1065 de
1489 1008 1705 1081 Spiritu
1736 1011 1974 1062 sancto:
2000 1004 2133 1061 0m-

478 1108 581 1161 nia
611 1109 808 1160 autem
841 1104 966 1159 haec
992 1105 1280 1170 operatur
1303 1114 1459 1153 unus
1486 1102 1665 1168 atque
1688 1095 1842 1151 idem
1869 1093 2131 1164 Spiritus

478 1194 535 1265 (Ι
562 1192 698 1249 Cor.
730 1208 829 1257 xu,
867 1190 971 1260 lt),
1006 1203 1128 1243 non
1159 1186 1293 1242 ideo
1322 1184 1571 1248 dictum,
1590 1182 1735 1256 quia
1763 1197 1886 1237 non
1915 1181 1970 1237 ei
1998 1196 2133 1237 coo-

475 1285 720 1354 peratur
754 1283 919 1335 Pater
948 1281 1005 1333 et
1038 1276 1232 1338 Filius,
1258 1275 1363 1330 sed
1418 1273 1564 1346 quia
1593 1273 1652 1327 in
1701 1270 1796 1326 his
1848 1267 2132 1341 operibus

479 1385 601 1425 non
635 1373 775 1424 sunt
812 1366 1001 1429 multi,
1036 1363 1137 1420 sed
1171 1379 1327 1419 unus
1356 1362 1629 1435 Spiritus,
1663 1365 1719 1416 et
1747 1360 1808 1414 in
1840 1356 2132 1413 universis

481 1458 605 1513 suis
630 1454 1084 1530 operationibus
1113 1468 1236 1508 non
1265 1458 1354 1507 est
1381 1468 1418 1506 a
1446 1467 1508 1505 se
1537 1450 1667 1522 ipso
1696 1448 1985 1503 diversus.
2020 1448 2134 1499 Nec

480 1550 685 1602 tamen
715 1544 990 1607 inaniter,
1011 1541 1115 1597 sed
1146 1538 1575 1597 rationabiliter
1604 1541 1663 1592 et
1689 1535 1975 1592 veraciter
1995 1532 2135 1588 dici-

2233 380 2436 451 quitur
2466 385 2527 434 ut
2558 386 2772 436 caetera
2797 396 2933 453 quae
2964 396 3001 435 a
3033 379 3130 434 Dei
3164 376 3471 433 voluntate
3504 378 3751 449 prodire
3775 396 3916 435 non

2233 466 2606 537 dubitantur,
2635 469 2797 525 velut
2828 468 2926 524 Dei
2955 465 3213 523 essentia
3256 464 3688 538 prmdicantur,
3722 467 3919 525 Verbi

2235 554 2447 625 gratia,
2473 554 2779 626 cogitatio,
2812 555 2982 623 visio,
3018 552 3320 627 praevisio,
3345 552 3591 621 creatio,
3626 553 3919 628 disposi-

2233 642 2336 714 tio,
2369 642 2759 715 dispensatio,
2779 642 3046 713 statutio,
3065 640 3352 710 decretio,
3372 641 3633 714 paratio,
3663 658 3918 717 prepa-

2234 731 2409 803 ratio,
2436 731 2751 802 judicium,
2786 730 3052 802 afﬂictio,
3083 729 3403 802 correptio,
3428 729 3787 799 inﬁrmatio,
3825 733 3919 790 in-

2236 820 2518 885 terfectio,
2560 821 2805 893 occisio,
2856 820 3138 895 perditio,
3181 818 3560 891 disperditio,
3618 820 3913 879 iuclusio.

2235 908 2574 976 obduratio,
2606 907 3262 976 induratio,derelictio,
3286 905 3569 975 desertio,
3592 908 3915 981 uoluntas,

2238 997 2532 1067 seductio,
2563 997 2621 1053 in
2676 1013 2939 1054 errorem
2978 996 3272 1067 inductio,
3325 995 3627 1070 deceptio,
3675 1000 3911 1067 morbi,

2238 1087 2451 1155 fames,
2467 1085 2837 1159 pestilentiae,
2852 1089 3265 1159 tempestates,
3289 1084 3632 1156 naufragia,
3646 1086 3912 1157 insidiae,

2239 1179 2296 1231 et
2326 1174 2444 1231 alia
2468 1174 2801 1248 complura,
2824 1191 2962 1248 quas
2991 1174 3053 1230 in
3097 1173 3330 1229 divinis
3374 1173 3633 1247 eloquiis
3682 1176 3910 1245 indita,

2238 1269 2295 1320 et
2324 1267 2565 1320 Patrum
2592 1264 2804 1321 litteris
2830 1262 3254 1335 usitatissima,
3272 1262 3669 1336 prudentium
3695 1265 3909 1323 nullus

2239 1353 2494 1425 ignorat.
2538 1355 2681 1420 Quae
2717 1353 3020 1410 voluntate
3064 1352 3165 1408 Dei
3212 1352 3695 1410 indubitabiliter
3735 1355 3909 1413 bona

2241 1457 2478 1514 semper
2507 1448 2565 1498 et
2580 1442 2745 1515 justa
2771 1442 2895 1498 ﬁeri
2926 1442 3205 1516 quisquis
3237 1446 3443 1512 negat,
3466 1443 3701 1514 justitia
3722 1451 3781 1500 et
3802 1445 3907 1517 ju-

2240 1531 2397 1587 dicio
2419 1532 2755 1587 Conditoris
2781 1531 2962 1587 nimis
2983 1530 3165 1604 impie
3186 1531 3567 1588 contradicit.
3591 1533 3734 1599 Qum
3753 1535 3905 1606 quia

480 1638 575 1689 tur
604 1637 837 1691 Patrem
867 1632 1108 1695 dixisse,
1141 1646 1265 1686 non
1319 1628 1528 1684 Filium
1556 1630 1615 1683 et
1640 1625 1922 1698 Spiritum
1964 1638 2133 1678 sanc-
2161 1648 2205 1700 Β
2241 1635 2403 1676 nunc
2460 1620 2749 1693 exemplis
2804 1620 3055 1690 longum
3102 1624 3192 1676 est
3240 1619 3602 1693 approbare,
3657 1622 3901 1679 interim

480 1726 607 1779 tum
631 1740 643 1777 :
679 1723 764 1777 Tu
795 1737 851 1777 es
876 1722 1069 1777 Filius
1089 1734 1251 1775 meus
1282 1717 1636 1780 dilectus,in
1655 1729 1770 1785 quo
1799 1712 2138 1783 comptaeui

483 1812 723 1878 (Matth.
746 1828 891 1880 xvn,
912 1811 984 1881 5).
1013 1811 1123 1866 Sed
1157 1810 1272 1864 hoc
1303 1806 1661 1863 miraculum
1682 1804 1757 1860 de
1777 1802 1928 1859 caelo
1958 1818 2135 1858 sona-

482 1900 615 1956 bilis
643 1899 830 1970 verbi,
863 1899 1143 1972 quamvis
1175 1898 1253 1952 ad
1282 1910 1609 1969 personam
1667 1893 1849 1949 Patris
1878 1895 2136 1947 tantum-

481 1989 666 2045 modo
689 1990 1005 2063 pertinere,
1021 1991 1373 2059 cooperatos
1389 2000 1518 2041 esse
1542 1982 1750 2040 Filium
1780 1986 1837 2036 et
1854 1979 2136 2053 Spiritum

483 2082 756 2134 sanctum
790 2091 911 2133 non
943 2091 1264 2145 negamus.
1298 2077 1499 2146 Neque
1525 2072 1685 2128 enim
1711 2070 1854 2143 quia
1884 2073 2025 2124 tunc
2054 2067 2136 2123 Fi-

478 2166 592 2223 lius
623 2182 866 2222 carnem
897 2168 1143 2238 portans
1173 2179 1312 2219 cum
1339 2160 1690 2218 hominibus
1734 2156 2137 2214 conversaba-

479 2260 575 2311 tur
601 2256 661 2311 in
695 2260 870 2322 terra,
901 2253 1039 2310 ideo
1062 2268 1184 2309 non
1205 2257 1331 2309 erat
1346 2250 1526 2307 etiam
1554 2248 1617 2305 in
1648 2247 1784 2304 sinu
1800 2245 1987 2303 Patris
2012 2250 2137 2301 tau-

480 2362 667 2419 quam
701 2343 1071 2414 unigenitum
1101 2341 1383 2411 Verbum,
1411 2336 1661 2412 quando
1705 2335 1807 2392 illa
1854 2334 1930 2391 de
1974 2333 2138 2389 nube

481 2450 590 2489 vox
622 2433 779 2489 facta
808 2436 929 2501 est;
965 2434 1068 2487 aut
1096 2430 1395 2503 sapienter
1437 2432 1494 2484 et
1536 2424 1917 2499 spiritualiter
1975 2422 2138 2478 credi

482 2525 682 2592 potest
710 2520 896 2575 Deum
925 2521 1155 2573 Patrem
1187 2516 1599 2589 operationem
1628 2512 1952 2569 verborum
1997 2526 2137 2566 suo-

481 2622 615 2661 rum
642 2606 987 2660 sonantium
1004 2608 1184 2675 atque
1207 2600 1647 2659 transeuntium
1662 2616 1699 2656 a
1719 2614 1829 2655 sua
1844 2597 2140 2671 sapientia

485 2693 696 2766 suique
742 2692 991 2765 Spiritus
1038 2690 1457 2764 cooperatione
1511 2703 1848 2762 separasse.
1909 2685 2135 2743 Eodem

482 2780 665 2836 modo
697 2796 835 2836 cum
893 2779 1217 2835 rectissime
1264 2777 1540 2833 dicamus
1569 2791 1694 2831 non
1743 2777 1997 2839 Patrem,
2027 2786 2139 2827 nec

485 2867 765 2941 Spiritum
798 2872 1094 2934 sanctum,
1129 2866 1236 2923 sed
1271 2865 1501 2931 Filium,
1524 2878 1705 2934 super
1730 2876 1897 2919 mare
1938 2859 2140 2917 ambu-

2243 1710 2626 1780 diﬁ'erautur;
2664 1715 2729 1766 ut
2759 1711 2808 1766 si
2836 1710 3037 1766 denuo
3085 1709 3180 1766 vel
3208 1709 3408 1782 hydra
3457 1716 3633 1784 caput
3665 1710 3896 1779 levare,

2241 1800 2333 1856 vel
2363 1804 2599 1856 excetra
2627 1800 2761 1856 uisa
2790 1799 2965 1857 fuerit
3014 1798 3273 1867 sibilare,
3308 1798 3583 1871 largiente
3627 1800 3886 1856 Domino

2240 1889 2421 1945 latius
2443 1895 2623 1963 atque
2644 1888 3024 1945 commodius
3053 1888 3438 1961 proferantur.
3469 1890 3656 1943 Unum
3673 1892 3887 1945 tamen

2242 1977 2317 2034 de
2345 1977 2653 2034 voluntate
2684 1977 2785 2034 Dei
2815 1994 2887 2033 ex
2917 1976 3141 2033 sanctis
3179 1976 3483 2048 Augustini
3527 1975 3699 2033 dictis
3722 1975 3896 2032 testi-

2241 2066 2517 2123 monium
2560 2067 2988 2140 interpOsuisse
3034 2065 3315 2134 sufﬁciat,
3341 2065 3415 2122 de
3463 2081 3586 2138 qua
3622 2065 3691 2122 in
3734 2064 3899 2122 libro

2245 2156 2624 2212 Enchiridion
2657 2155 2758 2212 tali
2784 2154 3285 2212 sermocinatione
3314 2153 3610 2211 disseruit.

2314 2245 2679 2315 Augustinus
2704 2245 2977 2316 (Enchir.
3009 2260 3062 2301 ε.
3098 2244 3258 2315 100);
3291 2244 3450 2315 [llth
3504 2247 3644 2299 sunt
3675 2257 3903 2314 magna

2242 2349 2423 2404 opera
2457 2334 2708 2397 Domini,
2739 2333 3038 2404 exquisita
3059 2333 3119 2388 in
3151 2346 3353 2388 omnes
3402 2332 3744 2388 voluntates
3775 2334 3898 2401 ejus

2241 2424 2433 2495 (Psat.
2467 2438 2560 2492 cx,
2592 2423 2670 2495 2),
2710 2426 2769 2478 et
2812 2427 2935 2478 tam
2968 2421 3273 2495 sapienter
3300 2420 3623 2494 exquisita,
3654 2424 3725 2477 ut
3766 2436 3896 2478 cum

2242 2509 2515 2582 angelica
2561 2515 2620 2567 et
2661 2511 2933 2567 humana
2979 2514 3256 2567 creatura
3305 2514 3643 2583 peccasset,
3702 2508 3769 2565 id
3813 2515 3893 2565 est

2242 2616 2367 2656 non
2392 2600 2558 2673 quod
2580 2599 2699 2666 ille,
2729 2599 2836 2656 sed
2864 2598 3031 2673 quod
3055 2598 3243 2656 voluit
3272 2599 3410 2672 ipsa
3433 2598 3697 2669 fecisset,
3722 2599 3900 2656 etiam

2242 2702 2348 2760 per
2378 2686 2656 2743 eamdem
2686 2692 2973 2743 creaturae
3002 2686 3393 2751 voluntatem,
3421 2703 3547 2761 qua
3565 2687 3802 2744 factum
3820 2691 3902 2744 est

2243 2776 2410 2849 quod
2443 2779 2683 2833 Creator
2711 2776 2926 2846 noluit,
2968 2775 3243 2848 impleret
3290 2777 3420 2849 ipse
3480 2776 3647 2850 quod
3680 2777 3900 2844 voluit;

2240 2867 2399 2922 bene
2446 2871 2621 2921 utens
2661 2871 2719 2921 et
2766 2865 2944 2922 malis
2981 2869 3272 2939 tanquam
3304 2882 3542 2922 summe
3569 2865 3796 2934 bonus,
3826 2865 3897 2923 ad

482 2961 633 3015 tasse
661 2958 902 3028 (Matth.
934 2973 1055 3028 XIV,
1087 2961 1177 3023 25,
1201 2957 1313 3028 26),
1346 2954 1518 3027 cujus
1570 2953 1795 3048 humus
1823 2964 1963 3048 caro
2011 2952 2137 3005 erat
2164 2994 2207 3048 ο
2244 2970 2454 3011 eorum
2492 2954 2948 3011 damnationem
2979 2970 3135 3027 quos
3160 2954 3318 3025 juste
3346 2953 3804 3028 praedestinavit
3825 2953 3902 3011 ad

481 3048 599 3115 illa,
635 3053 693 3105 et
742 3047 960 3121 plantae
1006 3045 1287 3102 ﬂuctibus
1338 3044 1698 3112 innitentes;
1731 3039 1881 3097 illud
1935 3046 2137 3096 tamen

479 3155 635 3211 opus
664 3137 809 3194 tanti
839 3136 1109 3193 miraculi
1140 3139 1392 3205 Patrem,
1423 3138 1480 3189 et
1530 3131 1813 3204 Spiritum
1861 3132 2137 3186 sanctum

480 3232 834 3301 cooperatos
863 3242 995 3283 esse
1024 3225 1159 3299 quis
1191 3223 1469 3281 abnuat?
1501 3223 1592 3280 Sic
1621 3221 1782 3278 enim
1832 3224 1890 3276 et
1940 3218 2137 3274 solum

480 3316 694 3373 Filium
741 3316 1049 3373 verissime
1098 3314 1355 3369 dicimus
1401 3312 1602 3385 ipsam
1647 3307 1982 3382 suscepisse
2013 3322 2138 3363 car-

479 3421 643 3473 nem,
667 3419 790 3459 uon
820 3407 1073 3471 Patrem,
1092 3406 1195 3457 aut
1220 3401 1503 3473 Spiritum
1533 3403 1833 3463 sanctum,
1851 3401 1909 3453 et
1935 3401 2138 3452 tamen

478 3494 637 3549 hanc
665 3490 1142 3547 incarnationem
1171 3489 1250 3545 ad
1280 3488 1477 3544 solum
1504 3486 1710 3542 Filium
1739 3486 2138 3560 pertinentem

479 3578 753 3652 quisquis
791 3581 969 3648 negat
997 3580 1387 3648 cooperatum
1417 3576 1674 3645 Patrem,
1698 3580 1799 3629 aut
1830 3572 2135 3646 Spiritum,

479 3684 604 3723 non
633 3670 789 3722 recte
820 3665 997 3738 sapit.
1032 3668 1176 3720 Item
1204 3662 1460 3719 dicimus
1488 3678 1600 3718 nec
1630 3665 1884 3732 Patrem,
1910 3676 2023 3716 nec
2056 3660 2140 3715 Fi-

478 3756 649 3821 lium,
683 3754 788 3810 sed
819 3753 1015 3810 solum
1045 3752 1327 3826 Spiritum
1358 3755 1635 3808 sanctum
1671 3756 1727 3807 et
1754 3751 1818 3806 in
1848 3750 2135 3807 columbae

477 3845 672 3915 specie
696 3848 753 3900 et
779 3844 844 3899 in
887 3844 1110 3914 linguis
1139 3841 1299 3897 velut
1325 3842 1510 3912 igneis
1540 3840 1916 3913 apparuisse,
1957 3843 2013 3894 et
2045 3854 2138 3893 se-

478 3933 664 3999 disse,
697 3931 1117 4005 prouuntiasse
1161 3929 1299 4001 illis,
1340 3930 1401 3985 in
1448 3945 1604 4003 quos
1633 3932 1896 3999 venerat,
1929 3927 2135 3983 multis

480 4025 538 4077 et
565 4020 744 4077 variis
771 4019 993 4089 linguis
1021 4017 1330 4089 magnalia
1359 4018 1461 4073 Dei
1488 4018 1639 4088 (Act.
1667 4033 1726 4081 11,
1748 4022 1803 4085 2,
1828 4017 1911 4088 3);
1945 4031 1983 4073 a
2010 4030 2133 4088 quo

478 4112 682 4166 tamen
709 4107 1021 4175 miraculo,
1053 4106 1134 4163 ad
1164 4106 1359 4162 solum
1388 4105 1670 4178 Spiritum
1699 4109 1975 4161 sanctum
2003 4119 2135 4177 per-

479 4196 721 4265 tinente,
755 4198 1238 4269 cooperationem
1290 4194 1477 4250 Patris
1523 4198 1579 4251 et
1628 4194 1803 4250 Verbi
1845 4189 2137 4261 unigeniti

480 4300 760 4358 separare
789 4301 913 4342 non
952 4300 1299 4358 possumus.
1336 4287 1421 4339 lta
1466 4282 1843 4352 singulorum
1887 4295 2131 4353 quoque

481 4374 541 4430 in
588 4374 864 4431 Trinitate
926 4389 1112 4447 opera
1156 4372 1406 4428 Trinitas
1462 4375 1762 4444 operatur,
1808 4368 2133 4441 unicuique

479 4463 750 4536 operanti
806 4461 1268 4537 cooperantibus
1321 4459 1583 4526 duobus,
1630 4457 2017 4514 conveniente
2073 4456 2135 4513 in

477 4554 667 4612 tribus
698 4554 916 4626 agendi
937 4551 1279 4615 concordia,
1314 4566 1437 4606 non
1469 4549 1530 4604 in
1560 4564 1683 4604 uno
1712 4546 2022 4605 deﬁciente
2055 4545 2136 4602 ef-

476 4644 689 4703 ﬁcacia
718 4643 1067 4718 peragendi.
1088 4644 1230 4709 Quae
1261 4656 1401 4698 cum
1421 4640 1505 4697 ita
1526 4639 1662 4707 sint,
1682 4638 1823 4696 hinc
1851 4642 1943 4694 est
1970 4637 2139 4711 quod

477 4738 766 4793 Dominus
796 4738 969 4791 Jesus
999 4734 1062 4790 in
1093 4732 1312 4806 Spiritu
1342 4735 1552 4788 sancto
1600 4730 1911 4786 daemones
1967 4728 2140 4800 ejecit

481 4826 721 4895 (Matth.
750 4841 852 4895 xu,
885 4824 995 4897 28),
1029 4838 1225 4896 neque
1251 4820 1413 4878 enim
1456 4825 1513 4877 et
1553 4818 1715 4876 solus
1744 4819 1860 4875 hoc
1887 4817 2138 4891 implere

478 4928 603 4969 non
629 4916 884 4985 poterat,
902 4916 1081 4984 atque
1100 4911 1248 4967 illud
1277 4909 1645 4981 adjutorium
1676 4914 1966 4982 tanquam
1995 4907 2138 4963 huic

479 5000 646 5071 operi
702 5014 828 5054 non
885 4999 1188 5054 sufficiens
1244 4998 1617 5067 assumebat,
1678 4997 1788 5052 sed
1853 4996 2137 5069 Spiritum

481 5086 744 5141 divisum
793 5084 855 5140 in
913 5086 1299 5158 semetipsum
1358 5100 1429 5141 eo
1489 5084 1709 5157 Spiritu
1763 5082 2137 5153 congruebat

479 5174 715 5249 expelli,
745 5188 931 5246 quem
959 5175 1126 5229 Pater
1154 5177 1212 5228 et
1256 5173 1431 5227 Filius
1474 5188 1599 5227 non
1634 5170 1804 5226 divisi
1833 5170 1896 5224 in
1942 5184 2132 5227 seme-

480 5265 651 5339 tipsis
693 5262 1091 5320 communiter
1134 5260 1381 5316 habent.
1435 5260 1526 5317 Sic
1569 5263 1624 5316 et
1674 5262 1942 5330 peccata,
1989 5258 2136 5331 quia

479 5357 696 5427 praeter
742 5349 1068 5407 Ecclesiam
1108 5364 1233 5404 non
1273 5347 1671 5413 dimittuntur,
1701 5346 1765 5402 iu
1806 5363 1878 5403 eo
1917 5347 2136 5420 Spiritu

481 5441 696 5497 dimitti
721 5438 1054 5511 oportebat,
1087 5452 1211 5510 quo
1242 5436 1304 5492 in
1333 5452 1524 5492 unum
1577 5435 1835 5493 Ecclesia
1890 5453 2137 5509 congre-

483 5530 704 5599 gatur.]

554 5620 595 5690 -ι-
624 5620 761 5677 Jam
782 5633 922 5676 vero
945 5619 1013 5687 si,
1047 5615 1381 5675 secundum
1410 5619 1485 5685 te,
1517 5616 1784 5688 operatio
1811 5621 1898 5674 est
1920 5617 1983 5673 in
2012 5619 2132 5674 Deo

2244 3059 2512 3118 poenam,
2545 3048 2603 3099 et
2639 3043 2718 3099 ad
2756 3059 2966 3099 eorum
2992 3042 3249 3099 salutem
3277 3058 3433 3116 quos
3462 3042 3727 3121 benigne
3756 3058 3901 3116 pra;-

2246 3131 2567 3188 destiuavit
2595 3131 2673 3186 ad
2728 3130 3007 3200 gratiam.
3062 3132 3367 3196 Quantum
3410 3132 3571 3186 enim
3613 3129 3691 3187 ad
3733 3131 3900 3203 ipsos

2248 3221 2475 3288 attinet,
2504 3219 2672 3292 quod
2697 3220 2851 3275 Deus
2880 3219 3072 3275 noluit
3101 3219 3404 3288 fecerunt;
3428 3225 3727 3292 quantum
3753 3233 3897 3275 vero

2246 3308 2325 3365 ad
2355 3308 2861 3381 omuipoteutiam
2887 3309 3009 3376 Dei,
3042 3307 3210 3364 nullo
3239 3308 3425 3364 modo
3454 3307 3519 3364 id
3537 3308 3772 3365 efﬁcere
3795 3322 3903 3365 va-

2243 3398 2502 3455 luerunt.
2530 3401 2649 3454 Hoc
2678 3399 2908 3472 quippe
2937 3398 3070 3471 ipso
3097 3398 3264 3472 quod
3294 3403 3503 3455 contra
3533 3398 3906 3455 voluntatem

2246 3487 2347 3543 Dei
2381 3487 2664 3555 fecerunt,
2696 3487 2771 3543 de
2795 3487 2942 3560 ipsis
2972 3487 3129 3543 facta
3155 3491 3247 3544 est
3272 3487 3551 3544 voluntas
3590 3488 3749 3559 ejus.
3770 3491 3904 3545 Pro-

2244 3581 2447 3648 pterea
2476 3592 2743 3648 namque
2795 3592 3018 3647 magna.
3066 3591 3250 3645 opera
3297 3577 3554 3644 Domini,
3599 3577 3903 3648 exquisita

2242 3671 2381 3721 sunt
2408 3665 2471 3720 in
2501 3680 2699 3722 omnes
2722 3668 3056 3722 voluntates
3087 3667 3236 3735 ejus,
3257 3670 3322 3721 ut
3351 3666 3506 3722 miro
3520 3671 3580 3721 et
3609 3664 3909 3721 ineffabili

2244 3753 2429 3810 modo
2479 3770 2602 3810 non
2655 3754 2762 3811 ﬁat
2818 3759 3033 3828 praeter
3091 3755 3222 3827 ejus
3279 3753 3680 3823 voluntatem,
3739 3754 3911 3828 quod

2243 3843 2424 3899 etiam
2452 3848 2665 3901 contra
2710 3844 2762 3915 ej
2774 3861 2841 3900 us
2872 3844 2939 3900 ﬁt
2966 3843 3358 3919 voluntatem.
3387 3844 3541 3909 Quia
3581 3858 3709 3899 non
3736 3842 3909 3900 ﬁeret

2244 3932 2293 3988 si
2336 3948 2460 3988 non
2509 3933 2727 3989 sineret
2761 3951 2773 3989 :
2809 3948 2920 3989 uec
2950 3932 3155 4005 utique
3204 3931 3414 3989 uolens
3473 3931 3636 4000 sinit,
3668 3931 3777 3989 sed
3806 3947 3909 3989 vo-

2241 4020 2406 4091 lens;
2435 4037 2545 4079 nec
2576 4022 2729 4078 sinet
2754 4022 2955 4079 bonus
2985 4020 3113 4078 ﬁeri
3166 4021 3344 4085 male,
3372 4020 3486 4077 nisi
3517 4022 3906 4094 omnipotens

2244 4115 2301 4166 et
2330 4110 2405 4166 de
2434 4110 2595 4166 malo
2625 4110 2819 4167 facere
2846 4114 3054 4183 posset
3080 4110 3256 4167 bene.

2318 4200 2486 4270 (Cap.
2542 4202 2682 4271 lOt.)
2739 4199 3078 4272 Aliquando
3135 4203 3335 4257 autem
3392 4199 3558 4257 bona
3592 4198 3907 4257 voluntate

2243 4287 2428 4344 homo
2454 4286 2581 4343 vult
2610 4286 2840 4360 aliquid
2869 4287 3035 4361 quod
3063 4290 3218 4344 Deus
3239 4302 3362 4344 non
3386 4286 3535 4355 vult,
3555 4286 3741 4343 etiam
3771 4286 3910 4361 ipsa

2245 4376 2376 4448 [al.,
2408 4375 2564 4448 ipso]
2616 4375 2781 4432 bona
2809 4376 3001 4433 multo
3030 4376 3291 4450 amplius
3343 4375 3655 4449 multoque
3680 4376 3908 4432 certius

2243 4464 2571 4531 voluntate;
2594 4480 2739 4520 nam
2759 4464 2916 4520 illius
2940 4465 3105 4523 mala
3130 4465 3408 4523 voluntas
3428 4480 3561 4521 esse
3581 4480 3908 4539 nunquam

2244 4556 2456 4626 potest.
2518 4556 2831 4626 Tanquam
2883 4553 2933 4610 si
2996 4554 3196 4611 bonus
3244 4553 3404 4610 ﬁlius
3473 4556 3711 4627 patrem
3766 4553 3910 4611 velit

2243 4641 2460 4711 vivere,
2493 4657 2677 4715 quem
2708 4643 2863 4699 Deus
2891 4642 3058 4700 bona
3103 4643 3410 4699 voluntate
3436 4641 3566 4698 vult
3611 4642 3789 4699 mori.
3830 4642 3909 4699 Et

2241 4748 2471 4800 rursus,
2504 4732 2631 4788 ﬁeri
2685 4737 2881 4806 potest
2905 4738 2968 4789 ut
3022 4733 3137 4789 hoc
3167 4732 3305 4789 velit
3351 4732 3535 4788 homo
3587 4731 3909 4789 voluntate

2244 4819 2427 4889 mala,
2454 4820 2620 4892 quod
2651 4822 2805 4876 Deus
2833 4819 2961 4875 vult
2985 4818 3185 4876 bona:
3220 4818 3383 4875 velut
3410 4817 3460 4874 si
3485 4818 3685 4874 malus
3741 4818 3907 4875 ﬁlius

2243 4908 2383 4966 velit
2412 4908 2567 4965 mori
2596 4914 2862 4981 patrem;
2894 4908 3037 4965 velit
3063 4908 3180 4965 hoc
3209 4908 3387 4965 etiam
3444 4908 3619 4964 Deus.
3676 4911 3905 4982 Nempe

2242 4997 2338 5053 ille
2367 4997 2533 5069 quod
2560 5012 2685 5053 non
2714 4997 2842 5053 vult
2863 5001 3036 5063 Deus,
3061 4996 3173 5053 iste
3194 5012 3336 5054 vero
3359 4996 3422 5052 id
3449 4995 3572 5051 vult
3591 4996 3767 5069 quod
3781 4997 3909 5053 vult

2244 5090 2300 5142 et
2327 5087 2502 5152 Deus,
2533 5090 2589 5141 et
2620 5089 2825 5142 tamen
2849 5085 2949 5142 Dei
2985 5084 3163 5142 bonas
3192 5084 3485 5141 voluntati
3515 5083 3714 5157 pietas
3744 5084 3907 5142 illius

2243 5172 2444 5246 potius
2493 5178 2805 5246 consonat,
2854 5174 3133 5247 quamvis
3185 5172 3351 5230 aliud
3386 5172 3667 5243 volentis,
3710 5190 3905 5248 quam

2242 5262 2425 5335 hujus
2441 5261 2600 5319 idem
2622 5264 2875 5320 volentis
2890 5262 3187 5336 impietas.
3201 5265 3455 5320 Tantum
3471 5262 3723 5319 interest
3753 5262 3906 5337 quid

2246 5351 2398 5409 velle
2420 5351 2674 5423 homini,
2688 5352 2837 5426 quid
2858 5352 2978 5408 Deo
3003 5356 3378 5423 congruat,et
3404 5350 3483 5409 ad
3508 5366 3697 5424 quem
3714 5351 3907 5411 ﬁnem

2250 5456 2427 5495 suam
2451 5440 2712 5513 quisque
2740 5440 2957 5497 referat
2988 5439 3378 5508 voluntatem,
3409 5444 3474 5496 ut
3528 5443 3634 5496 aut
3689 5456 3907 5514 appro-

2242 5527 2415 5583 batur
2444 5533 2546 5584 aut
2577 5530 2968 5603 improbetur,
2999 5533 3146 5587 Nam
3178 5530 3332 5585 Deus
3356 5529 3660 5602 quasdam
3689 5530 3906 5587 volun-

2244 5620 2393 5673 tates
2441 5634 2584 5673 suas
2616 5620 2820 5693 utique
2849 5620 3043 5677 bonas
3090 5620 3171 5676 ita
3207 5618 3418 5692 implet
3457 5634 3565 5693 per
3592 5618 3901 5689 malorum
