  <div class='ocr_page' id='page_1' title='image "/cluster/home/n/w/nwhite01/storage/ocr_20150623/115/hvd.32044054759790/522.png"; bbox 0 0 4112 6184; ppageno 0'>
   <div class='ocr_carea' id='block_1_1' title="bbox 256 183 396 236">
    <p class='ocr_par' dir='ltr' id='par_1_1' title="bbox 256 183 396 236">
     <span class='ocr_line' id='line_1_1' title="bbox 256 183 396 236; baseline 0.014 -2"><span class='ocrx_word' id='word_1_1' title='bbox 256 183 396 236; x_wconf 72' lang='grc'><strong>1033</strong></span> 
     </span>
    </p>
   </div>
   <div class='ocr_carea' id='block_1_2' title="bbox 1180 175 2736 240">
    <p class='ocr_par' dir='ltr' id='par_1_2' title="bbox 1180 175 2736 240">
     <span class='ocr_line' id='line_1_2' title="bbox 1180 175 2736 240; baseline 0.004 -6"><span class='ocrx_word' id='word_1_2' title='bbox 1180 182 1269 234; x_wconf 85' lang='lat' dir='ltr'><strong>DE</strong></span> <span class='ocrx_word' id='word_1_3' title='bbox 1313 175 1985 236; x_wconf 62' lang='lat' dir='ltr'><strong>PRIEDESTINATIONE</strong></span> <span class='ocrx_word' id='word_1_4' title='bbox 2025 177 2314 237; x_wconf 81' lang='lat' dir='ltr'><strong>CONTRA</strong></span> <span class='ocrx_word' id='word_1_5' title='bbox 2344 184 2395 236; x_wconf 91' lang='lat' dir='ltr'><strong>J.</strong></span> <span class='ocrx_word' id='word_1_6' title='bbox 2432 183 2736 240; x_wconf 87' lang='lat' dir='ltr'><strong>SCOTUM.</strong></span> 
     </span>
    </p>
   </div>
   <div class='ocr_carea' id='block_1_3' title="bbox 3525 195 3662 251">
    <p class='ocr_par' dir='ltr' id='par_1_3' title="bbox 3525 195 3662 251">
     <span class='ocr_line' id='line_1_3' title="bbox 3525 195 3662 251; baseline 0.015 -3"><span class='ocrx_word' id='word_1_7' title='bbox 3525 195 3662 251; x_wconf 72' lang='grc'><strong>1034</strong></span> 
     </span>
    </p>
   </div>
   <div class='ocr_carea' id='block_1_4' title="bbox 247 297 3662 382">
    <p class='ocr_par' dir='ltr' id='par_1_4' title="bbox 247 297 3662 382">
     <span class='ocr_line' id='line_1_4' title="bbox 247 297 3662 382; baseline 0.005 -24"><span class='ocrx_word' id='word_1_8' title='bbox 247 302 570 358; x_wconf 86' lang='lat' dir='ltr'><strong>hominum</strong></span> <span class='ocrx_word' id='word_1_9' title='bbox 591 299 926 357; x_wconf 81' lang='lat' dir='ltr'><strong>voluntates</strong></span> <span class='ocrx_word' id='word_1_10' title='bbox 945 301 1158 362; x_wconf 87' lang='lat' dir='ltr'><strong>malas.</strong></span> <span class='ocrx_word' id='word_1_11' title='bbox 1177 303 1326 359; x_wconf 88' lang='lat' dir='ltr'>sicut</span> <span class='ocrx_word' id='word_1_12' title='bbox 1340 317 1448 376; x_wconf 91' lang='lat' dir='ltr'><strong>per</strong></span> <span class='ocrx_word' id='word_1_13' title='bbox 1460 304 1488 356; x_wconf 90' lang='lat' dir='ltr'><strong>J</strong></span> <span class='ocrx_word' id='word_1_14' title='bbox 1497 301 1704 358; x_wconf 79' lang='lat' dir='ltr'><strong>udaeos</strong></span> <span class='ocrx_word' id='word_1_15' title='bbox 1722 297 1902 355; x_wconf 86' lang='lat' dir='ltr'><strong>male-</strong></span> <span class='ocrx_word' id='word_1_16' title='bbox 1927 299 1978 354; x_wconf 76' lang='grc' dir='ltr'><strong>Α</strong></span> <span class='ocrx_word' id='word_1_17' title='bbox 2014 303 2171 358; x_wconf 90' lang='lat' dir='ltr'><strong>enim</strong></span> <span class='ocrx_word' id='word_1_18' title='bbox 2201 321 2410 363; x_wconf 88' lang='lat' dir='ltr'><strong>eorum</strong></span> <span class='ocrx_word' id='word_1_19' title='bbox 2439 307 2600 364; x_wconf 87' lang='lat' dir='ltr'><strong>unde</strong></span> <span class='ocrx_word' id='word_1_20' title='bbox 2631 323 2755 364; x_wconf 94' lang='lat' dir='ltr'><strong>non</strong></span> <span class='ocrx_word' id='word_1_21' title='bbox 2775 310 2929 364; x_wconf 91' lang='lat' dir='ltr'><strong>Deus</strong></span> <span class='ocrx_word' id='word_1_22' title='bbox 2948 325 3057 382; x_wconf 90' lang='lat' dir='ltr'><strong>per</strong></span> <span class='ocrx_word' id='word_1_23' title='bbox 3078 312 3456 382; x_wconf 81' lang='lat' dir='ltr'><strong>Unigenitum</strong></span> <span class='ocrx_word' id='word_1_24' title='bbox 3481 333 3662 373; x_wconf 89' lang='lat' dir='ltr'><strong>suum</strong></span> 
     </span>
    </p>
   </div>
   <div class='ocr_carea' id='block_1_5' title="bbox 247 389 1906 449">
    <p class='ocr_par' dir='ltr' id='par_1_5' title="bbox 247 389 1906 449">
     <span class='ocr_line' id='line_1_5' title="bbox 247 389 1906 449; baseline -0.002 -3"><span class='ocrx_word' id='word_1_25' title='bbox 247 390 422 446; x_wconf 78' lang='lat' dir='ltr'><strong>volos</strong></span> <span class='ocrx_word' id='word_1_26' title='bbox 460 389 627 445; x_wconf 91' lang='lat' dir='ltr'><strong>bona</strong></span> <span class='ocrx_word' id='word_1_27' title='bbox 671 389 975 446; x_wconf 80' lang='lat' dir='ltr'><strong>voluntate</strong></span> <span class='ocrx_word' id='word_1_28' title='bbox 1012 391 1200 447; x_wconf 84' lang='lat' dir='ltr'><strong>Patris</strong></span> <span class='ocrx_word' id='word_1_29' title='bbox 1232 392 1494 449; x_wconf 86' lang='lat' dir='ltr'><strong>Christus</strong></span> <span class='ocrx_word' id='word_1_30' title='bbox 1540 391 1772 448; x_wconf 90' lang='lat' dir='ltr'><strong>occisus</strong></span> <span class='ocrx_word' id='word_1_31' title='bbox 1813 393 1906 444; x_wconf 90' lang='lat' dir='ltr'><strong>est</strong></span> 
     </span>
    </p>
   </div>
   <div class='ocr_carea' id='block_1_6' title="bbox 247 478 1907 553">
    <p class='ocr_par' dir='ltr' id='par_1_6' title="bbox 247 478 1907 553">
     <span class='ocr_line' id='line_1_6' title="bbox 247 478 1907 553; baseline -0.001 -18"><span class='ocrx_word' id='word_1_32' title='bbox 247 495 362 553; x_wconf 91' lang='lat' dir='ltr'><strong>pro</strong></span> <span class='ocrx_word' id='word_1_33' title='bbox 405 478 604 548; x_wconf 92' lang='lat' dir='ltr'><strong>nobis,</strong></span> <span class='ocrx_word' id='word_1_34' title='bbox 648 479 815 551; x_wconf 90' lang='lat' dir='ltr'><strong>quod</strong></span> <span class='ocrx_word' id='word_1_35' title='bbox 862 484 1096 536; x_wconf 88' lang='lat' dir='ltr'><strong>tantum</strong></span> <span class='ocrx_word' id='word_1_36' title='bbox 1139 480 1370 537; x_wconf 92' lang='lat' dir='ltr'><strong>bonum</strong></span> <span class='ocrx_word' id='word_1_37' title='bbox 1415 481 1638 538; x_wconf 89' lang='lat' dir='ltr'><strong>factum</strong></span> <span class='ocrx_word' id='word_1_38' title='bbox 1686 483 1794 549; x_wconf 90' lang='lat' dir='ltr'><strong>est,</strong></span> <span class='ocrx_word' id='word_1_39' title='bbox 1843 482 1907 534; x_wconf 92' lang='lat' dir='ltr'><strong>ut</strong></span> 
     </span>
    </p>
   </div>
   <div class='ocr_carea' id='block_1_7' title="bbox 247 568 1903 641">
    <p class='ocr_par' dir='ltr' id='par_1_7' title="bbox 247 568 1903 641">
     <span class='ocr_line' id='line_1_7' title="bbox 247 568 1903 641; baseline -0.001 -16"><span class='ocrx_word' id='word_1_40' title='bbox 247 568 561 641; x_wconf 83' lang='lat' dir='ltr'><strong>apostolus</strong></span> <span class='ocrx_word' id='word_1_41' title='bbox 583 571 786 623; x_wconf 85' lang='lat' dir='ltr'><strong>Petrus</strong></span> <span class='ocrx_word' id='word_1_42' title='bbox 815 569 1062 641; x_wconf 85' lang='lat' dir='ltr'><strong>quando</strong></span> <span class='ocrx_word' id='word_1_43' title='bbox 1102 569 1163 625; x_wconf 93' lang='lat' dir='ltr'><strong>id</strong></span> <span class='ocrx_word' id='word_1_44' title='bbox 1203 569 1330 625; x_wconf 81' lang='lat' dir='ltr'><strong>fieri</strong></span> <span class='ocrx_word' id='word_1_45' title='bbox 1359 570 1622 639; x_wconf 87' lang='lat' dir='ltr'><strong>nolebat,</strong></span> <span class='ocrx_word' id='word_1_46' title='bbox 1654 570 1903 625; x_wconf 82' lang='lat' dir='ltr'><strong>Satanas</strong></span> 
     </span>
    </p>
   </div>
   <div class='ocr_carea' id='block_1_8' title="bbox 247 655 1902 730">
    <p class='ocr_par' dir='ltr' id='par_1_8' title="bbox 247 655 1902 730">
     <span class='ocr_line' id='line_1_8' title="bbox 247 655 1902 730; baseline -0.002 -16"><span class='ocrx_word' id='word_1_47' title='bbox 247 657 329 714; x_wconf 83' lang='lat' dir='ltr'><strong>ab</strong></span> <span class='ocrx_word' id='word_1_48' title='bbox 357 656 491 730; x_wconf 88' lang='lat' dir='ltr'><strong>ipso</strong></span> <span class='ocrx_word' id='word_1_49' title='bbox 517 656 622 729; x_wconf 90' lang='lat' dir='ltr'><strong>qui</strong></span> <span class='ocrx_word' id='word_1_50' title='bbox 641 655 857 712; x_wconf 89' lang='lat' dir='ltr'><strong>occidit</strong></span> <span class='ocrx_word' id='word_1_51' title='bbox 887 661 1149 725; x_wconf 83' lang='lat' dir='ltr'><strong>venerat,</strong></span> <span class='ocrx_word' id='word_1_52' title='bbox 1182 657 1474 714; x_wconf 86' lang='lat' dir='ltr'><strong>diceretur</strong></span> <span class='ocrx_word' id='word_1_53' title='bbox 1505 658 1747 728; x_wconf 83' lang='lat' dir='ltr'><strong>(Matth.</strong></span> <span class='ocrx_word' id='word_1_54' title='bbox 1783 673 1902 724; x_wconf 81' lang='lat' dir='ltr'><strong>xvi,</strong></span> 
     </span>
    </p>
   </div>
   <div class='ocr_carea' id='block_1_9' title="bbox 247 745 1905 818">
    <p class='ocr_par' dir='ltr' id='par_1_9' title="bbox 247 745 1905 818">
     <span class='ocr_line' id='line_1_9' title="bbox 247 745 1905 818; baseline -0.001 -16"><span class='ocrx_word' id='word_1_55' title='bbox 247 749 342 816; x_wconf 80' lang='lat'><strong>23)</strong></span> <span class='ocrx_word' id='word_1_56' title='bbox 372 763 384 800; x_wconf 92' lang='lat'>:</span> <span class='ocrx_word' id='word_1_57' title='bbox 420 746 613 812; x_wconf 84' lang='lat' dir='ltr'><strong>Quam</strong></span> <span class='ocrx_word' id='word_1_58' title='bbox 661 745 838 801; x_wconf 67' lang='lat' dir='ltr'><strong>bonae</strong></span> <span class='ocrx_word' id='word_1_59' title='bbox 878 747 1257 818; x_wconf 88' lang='lat' dir='ltr'><strong>apparebant</strong></span> <span class='ocrx_word' id='word_1_60' title='bbox 1294 746 1630 802; x_wconf 84' lang='lat' dir='ltr'><strong>voluntates</strong></span> <span class='ocrx_word' id='word_1_61' title='bbox 1667 746 1905 818; x_wconf 91' lang='lat' dir='ltr'><strong>piorum</strong></span> 
     </span>
    </p>
   </div>
   <div class='ocr_carea' id='block_1_10' title="bbox 248 835 1906 908">
    <p class='ocr_par' dir='ltr' id='par_1_10' title="bbox 248 835 1906 908">
     <span class='ocr_line' id='line_1_10' title="bbox 248 835 1906 908; baseline 0 -17"><span class='ocrx_word' id='word_1_62' title='bbox 248 835 542 904; x_wconf 87' lang='lat' dir='ltr'><strong>ﬁdelium,</strong></span> <span class='ocrx_word' id='word_1_63' title='bbox 573 836 674 908; x_wconf 87' lang='lat' dir='ltr'><strong>qui</strong></span> <span class='ocrx_word' id='word_1_64' title='bbox 707 835 995 890; x_wconf 87' lang='lat' dir='ltr'><strong>nolebant</strong></span> <span class='ocrx_word' id='word_1_65' title='bbox 1025 836 1366 908; x_wconf 85' lang='lat' dir='ltr'><strong>apostolum</strong></span> <span class='ocrx_word' id='word_1_66' title='bbox 1389 835 1644 892; x_wconf 90' lang='lat' dir='ltr'><strong>Paulum</strong></span> <span class='ocrx_word' id='word_1_67' title='bbox 1673 836 1906 891; x_wconf 78' lang='lat' dir='ltr'><strong>Jerusa-</strong></span> 
     </span>
    </p>
   </div>
   <div class='ocr_carea' id='block_1_11' title="bbox 247 923 1905 996">
    <p class='ocr_par' dir='ltr' id='par_1_11' title="bbox 247 923 1905 996">
     <span class='ocr_line' id='line_1_11' title="bbox 247 923 1905 996; baseline -0.002 -16"><span class='ocrx_word' id='word_1_68' title='bbox 247 924 370 980; x_wconf 85' lang='lat' dir='ltr'><strong>lem</strong></span> <span class='ocrx_word' id='word_1_69' title='bbox 401 939 670 996; x_wconf 90' lang='lat' dir='ltr'><strong>pergere,</strong></span> <span class='ocrx_word' id='word_1_70' title='bbox 715 939 790 978; x_wconf 91' lang='lat' dir='ltr'><strong>ne</strong></span> <span class='ocrx_word' id='word_1_71' title='bbox 822 923 937 980; x_wconf 89' lang='lat' dir='ltr'><strong>illic</strong></span> <span class='ocrx_word' id='word_1_72' title='bbox 974 929 1274 996; x_wconf 90' lang='lat' dir='ltr'><strong>pateretur</strong></span> <span class='ocrx_word' id='word_1_73' title='bbox 1302 923 1463 980; x_wconf 90' lang='lat' dir='ltr'><strong>mala</strong></span> <span class='ocrx_word' id='word_1_74' title='bbox 1489 941 1627 996; x_wconf 82' lang='lat' dir='ltr'><strong>quae</strong></span> <span class='ocrx_word' id='word_1_75' title='bbox 1659 923 1905 994; x_wconf 87' lang='lat' dir='ltr'><strong>Agabus</strong></span> 
     </span>
    </p>
   </div>
   <div class='ocr_carea' id='block_1_12' title="bbox 248 1013 1906 1086">
    <p class='ocr_par' dir='ltr' id='par_1_12' title="bbox 248 1013 1906 1086">
     <span class='ocr_line' id='line_1_12' title="bbox 248 1013 1906 1086; baseline -0.002 -18"><span class='ocrx_word' id='word_1_76' title='bbox 248 1013 548 1086; x_wconf 85' lang='lat' dir='ltr'><strong>propheta</strong></span> <span class='ocrx_word' id='word_1_77' title='bbox 575 1013 934 1086; x_wconf 71' lang='lat' dir='ltr'><strong>praedixerat</strong></span> <span class='ocrx_word' id='word_1_78' title='bbox 958 1016 1022 1084; x_wconf 87' lang='grc' dir='ltr'><strong>(Α</strong></span> <span class='ocrx_word' id='word_1_79' title='bbox 1034 1020 1110 1070; x_wconf 84' lang='lat' dir='ltr'><strong>ct.</strong></span> <span class='ocrx_word' id='word_1_80' title='bbox 1134 1031 1248 1080; x_wconf 75' lang='lat' dir='ltr'><strong>xxx,</strong></span> <span class='ocrx_word' id='word_1_81' title='bbox 1286 1017 1372 1084; x_wconf 84' lang='lat' dir='ltr'><strong>l2)</strong></span> <span class='ocrx_word' id='word_1_82' title='bbox 1397 1032 1410 1081; x_wconf 91' lang='lat'><strong>;</strong></span> <span class='ocrx_word' id='word_1_83' title='bbox 1437 1018 1494 1069; x_wconf 90' lang='lat' dir='ltr'><strong>et</strong></span> <span class='ocrx_word' id='word_1_84' title='bbox 1521 1017 1724 1069; x_wconf 89' lang='lat' dir='ltr'><strong>tamen</strong></span> <span class='ocrx_word' id='word_1_85' title='bbox 1755 1014 1906 1067; x_wconf 91' lang='lat' dir='ltr'><strong>Deus</strong></span> 
     </span>
    </p>
   </div>
   <div class='ocr_carea' id='block_1_13' title="bbox 248 1099 1904 1173">
    <p class='ocr_par' dir='ltr' id='par_1_13' title="bbox 248 1099 1904 1173">
     <span class='ocr_line' id='line_1_13' title="bbox 248 1099 1904 1173; baseline -0.001 -15"><span class='ocrx_word' id='word_1_86' title='bbox 248 1102 383 1158; x_wconf 64' lang='lat' dir='ltr'><strong>haec</strong></span> <span class='ocrx_word' id='word_1_87' title='bbox 398 1101 567 1156; x_wconf 91' lang='lat' dir='ltr'><strong>illum</strong></span> <span class='ocrx_word' id='word_1_88' title='bbox 583 1102 709 1173; x_wconf 90' lang='lat' dir='ltr'><strong>pati</strong></span> <span class='ocrx_word' id='word_1_89' title='bbox 725 1100 960 1158; x_wconf 87' lang='lat' dir='ltr'><strong>volebat</strong></span> <span class='ocrx_word' id='word_1_90' title='bbox 976 1117 1085 1173; x_wconf 88' lang='lat' dir='ltr'><strong>pro</strong></span> <span class='ocrx_word' id='word_1_91' title='bbox 1101 1117 1309 1158; x_wconf 90' lang='lat' dir='ltr'><strong>annun</strong></span> <span class='ocrx_word' id='word_1_92' title='bbox 1317 1101 1519 1158; x_wconf 90' lang='lat' dir='ltr'><strong>tianda</strong></span> <span class='ocrx_word' id='word_1_93' title='bbox 1537 1101 1657 1157; x_wconf 92' lang='lat' dir='ltr'><strong>ﬁde</strong></span> <span class='ocrx_word' id='word_1_94' title='bbox 1674 1099 1904 1167; x_wconf 83' lang='lat' dir='ltr'><strong>Christi,</strong></span> 
     </span>
    </p>
   </div>
   <div class='ocr_carea' id='block_1_14' title="bbox 248 1189 1908 1262">
    <p class='ocr_par' dir='ltr' id='par_1_14' title="bbox 248 1189 1908 1262">
     <span class='ocr_line' id='line_1_14' title="bbox 248 1189 1908 1262; baseline -0.002 -16"><span class='ocrx_word' id='word_1_95' title='bbox 248 1205 536 1246; x_wconf 83' lang='lat' dir='ltr'><strong>exercens</strong></span> <span class='ocrx_word' id='word_1_96' title='bbox 575 1194 902 1261; x_wconf 88' lang='lat' dir='ltr'><strong>martyrem</strong></span> <span class='ocrx_word' id='word_1_97' title='bbox 953 1190 1180 1246; x_wconf 69' lang='lat' dir='ltr'><strong>Christi.</strong></span> <span class='ocrx_word' id='word_1_98' title='bbox 1231 1193 1431 1262; x_wconf 89' lang='lat' dir='ltr'><strong>Neque</strong></span> <span class='ocrx_word' id='word_1_99' title='bbox 1474 1189 1650 1246; x_wconf 90' lang='lat' dir='ltr'><strong>istam</strong></span> <span class='ocrx_word' id='word_1_100' title='bbox 1679 1189 1908 1245; x_wconf 88' lang='lat' dir='ltr'><strong>bonam</strong></span> 
     </span>
    </p>
   </div>
   <div class='ocr_carea' id='block_1_15' title="bbox 251 1278 1909 1352">
    <p class='ocr_par' dir='ltr' id='par_1_15' title="bbox 251 1278 1909 1352">
     <span class='ocr_line' id='line_1_15' title="bbox 251 1278 1909 1352; baseline -0.001 -18"><span class='ocrx_word' id='word_1_101' title='bbox 251 1279 619 1335; x_wconf 86' lang='lat' dir='ltr'><strong>voluntatem</strong></span> <span class='ocrx_word' id='word_1_102' title='bbox 647 1295 820 1335; x_wconf 91' lang='lat' dir='ltr'><strong>suam</strong></span> <span class='ocrx_word' id='word_1_103' title='bbox 863 1278 1133 1350; x_wconf 89' lang='lat' dir='ltr'><strong>implevit</strong></span> <span class='ocrx_word' id='word_1_104' title='bbox 1160 1295 1268 1352; x_wconf 90' lang='lat' dir='ltr'><strong>per</strong></span> <span class='ocrx_word' id='word_1_105' title='bbox 1309 1279 1781 1336; x_wconf 73' lang='lat' dir='ltr'><strong>Christianorum</strong></span> <span class='ocrx_word' id='word_1_106' title='bbox 1810 1293 1909 1333; x_wconf 91' lang='lat' dir='ltr'><strong>vo-</strong></span> 
     </span>
    </p>
   </div>
   <div class='ocr_carea' id='block_1_16' title="bbox 247 1365 1909 1439">
    <p class='ocr_par' dir='ltr' id='par_1_16' title="bbox 247 1365 1909 1439">
     <span class='ocr_line' id='line_1_16' title="bbox 247 1365 1909 1439; baseline -0.002 -15"><span class='ocrx_word' id='word_1_107' title='bbox 247 1367 513 1424; x_wconf 90' lang='lat' dir='ltr'><strong>luntates</strong></span> <span class='ocrx_word' id='word_1_108' title='bbox 541 1367 761 1431; x_wconf 89' lang='lat' dir='ltr'><strong>bonas,</strong></span> <span class='ocrx_word' id='word_1_109' title='bbox 797 1367 903 1423; x_wconf 91' lang='lat' dir='ltr'><strong>sed</strong></span> <span class='ocrx_word' id='word_1_110' title='bbox 933 1383 1038 1439; x_wconf 88' lang='lat' dir='ltr'><strong>per</strong></span> <span class='ocrx_word' id='word_1_111' title='bbox 1073 1367 1420 1424; x_wconf 63' lang='lat' dir='ltr'><strong>Iudaeorum</strong></span> <span class='ocrx_word' id='word_1_112' title='bbox 1467 1367 1682 1431; x_wconf 89' lang='lat' dir='ltr'><strong>malas,</strong></span> <span class='ocrx_word' id='word_1_113' title='bbox 1733 1371 1790 1422; x_wconf 93' lang='lat' dir='ltr'><strong>et</strong></span> <span class='ocrx_word' id='word_1_114' title='bbox 1829 1365 1909 1421; x_wconf 92' lang='lat' dir='ltr'><strong>ad</strong></span> 
     </span>
    </p>
   </div>
   <div class='ocr_carea' id='block_1_17' title="bbox 248 1455 1908 1530">
    <p class='ocr_par' dir='ltr' id='par_1_17' title="bbox 248 1455 1908 1530">
     <span class='ocr_line' id='line_1_17' title="bbox 248 1455 1908 1530; baseline -0.002 -17"><span class='ocrx_word' id='word_1_115' title='bbox 248 1473 393 1513; x_wconf 88' lang='lat' dir='ltr'><strong>eum</strong></span> <span class='ocrx_word' id='word_1_116' title='bbox 412 1457 608 1530; x_wconf 90' lang='lat' dir='ltr'><strong>potius</strong></span> <span class='ocrx_word' id='word_1_117' title='bbox 628 1457 1026 1529; x_wconf 83' lang='lat' dir='ltr'><strong>pertinebant,</strong></span> <span class='ocrx_word' id='word_1_118' title='bbox 1044 1456 1149 1529; x_wconf 87' lang='lat' dir='ltr'><strong>qui</strong></span> <span class='ocrx_word' id='word_1_119' title='bbox 1165 1457 1452 1514; x_wconf 87' lang='lat' dir='ltr'><strong>nolebant</strong></span> <span class='ocrx_word' id='word_1_120' title='bbox 1465 1457 1631 1529; x_wconf 90' lang='lat' dir='ltr'><strong>quod</strong></span> <span class='ocrx_word' id='word_1_121' title='bbox 1646 1455 1908 1526; x_wconf 90' lang='lat' dir='ltr'><strong>volebat,</strong></span> 
     </span>
    </p>
   </div>
   <div class='ocr_carea' id='block_1_18' title="bbox 249 1544 1906 1620">
    <p class='ocr_par' dir='ltr' id='par_1_18' title="bbox 249 1544 1906 1620">
     <span class='ocr_line' id='line_1_18' title="bbox 249 1544 1906 1620; baseline -0.002 -18"><span class='ocrx_word' id='word_1_122' title='bbox 249 1563 441 1620; x_wconf 91' lang='lat' dir='ltr'><strong>quam</strong></span> <span class='ocrx_word' id='word_1_123' title='bbox 459 1546 541 1602; x_wconf 88' lang='lat' dir='ltr'><strong>illi</strong></span> <span class='ocrx_word' id='word_1_124' title='bbox 556 1562 663 1619; x_wconf 91' lang='lat' dir='ltr'><strong>per</strong></span> <span class='ocrx_word' id='word_1_125' title='bbox 678 1562 832 1618; x_wconf 90' lang='lat' dir='ltr'><strong>quos</strong></span> <span class='ocrx_word' id='word_1_126' title='bbox 845 1546 1110 1602; x_wconf 91' lang='lat' dir='ltr'><strong>volentes</strong></span> <span class='ocrx_word' id='word_1_127' title='bbox 1125 1545 1352 1602; x_wconf 91' lang='lat' dir='ltr'><strong>factum</strong></span> <span class='ocrx_word' id='word_1_128' title='bbox 1368 1550 1455 1602; x_wconf 91' lang='lat' dir='ltr'><strong>est</strong></span> <span class='ocrx_word' id='word_1_129' title='bbox 1466 1546 1633 1618; x_wconf 90' lang='lat' dir='ltr'><strong>quod</strong></span> <span class='ocrx_word' id='word_1_130' title='bbox 1643 1544 1906 1612; x_wconf 90' lang='lat' dir='ltr'><strong>volebat;</strong></span> 
     </span>
    </p>
   </div>
   <div class='ocr_carea' id='block_1_19' title="bbox 2015 391 3666 470">
    <p class='ocr_par' dir='ltr' id='par_1_19' title="bbox 2015 391 3666 470">
     <span class='ocr_line' id='line_1_19' title="bbox 2015 391 3666 470; baseline 0.01 -24"><span class='ocrx_word' id='word_1_131' title='bbox 2015 391 2333 450; x_wconf 90' lang='lat' dir='ltr'><strong>Dominum</strong></span> <span class='ocrx_word' id='word_1_132' title='bbox 2379 400 2651 452; x_wconf 89' lang='lat' dir='ltr'><strong>nostrum</strong></span> <span class='ocrx_word' id='word_1_133' title='bbox 2691 412 2797 470; x_wconf 90' lang='lat' dir='ltr'><strong>per</strong></span> <span class='ocrx_word' id='word_1_134' title='bbox 2835 413 3046 456; x_wconf 91' lang='lat' dir='ltr'><strong>omnes</strong></span> <span class='ocrx_word' id='word_1_135' title='bbox 3078 405 3282 469; x_wconf 85' lang='lat' dir='ltr'><strong>gentes</strong></span> <span class='ocrx_word' id='word_1_136' title='bbox 3311 403 3507 460; x_wconf 91' lang='lat' dir='ltr'><strong>salvos</strong></span> <span class='ocrx_word' id='word_1_137' title='bbox 3535 405 3666 462; x_wconf 89' lang='lat' dir='ltr'><strong>ﬁeri</strong></span> 
     </span>
    </p>
   </div>
   <div class='ocr_carea' id='block_1_20' title="bbox 2012 477 3664 562">
    <p class='ocr_par' dir='ltr' id='par_1_20' title="bbox 2012 477 3664 562">
     <span class='ocr_line' id='line_1_20' title="bbox 2012 477 3664 562; baseline 0.009 -27"><span class='ocrx_word' id='word_1_138' title='bbox 2012 477 2286 538; x_wconf 90' lang='lat' dir='ltr'><strong>homines</strong></span> <span class='ocrx_word' id='word_1_139' title='bbox 2310 483 2470 554; x_wconf 87' lang='lat' dir='ltr'><strong>velit,</strong></span> <span class='ocrx_word' id='word_1_140' title='bbox 2502 489 2558 541; x_wconf 93' lang='lat' dir='ltr'><strong>et</strong></span> <span class='ocrx_word' id='word_1_141' title='bbox 2581 485 2717 542; x_wconf 90' lang='lat' dir='ltr'><strong>ideo</strong></span> <span class='ocrx_word' id='word_1_142' title='bbox 2747 485 2925 543; x_wconf 85' lang='lat' dir='ltr'><strong>faciat</strong></span> <span class='ocrx_word' id='word_1_143' title='bbox 2947 487 3090 560; x_wconf 89' lang='lat' dir='ltr'><strong>quia</strong></span> <span class='ocrx_word' id='word_1_144' title='bbox 3109 489 3492 562; x_wconf 89' lang='lat' dir='ltr'><strong>omnipotens</strong></span> <span class='ocrx_word' id='word_1_145' title='bbox 3514 493 3664 552; x_wconf 88' lang='lat' dir='ltr'><strong>velle</strong></span> 
     </span>
    </p>
   </div>
   <div class='ocr_carea' id='block_1_21' title="bbox 2012 568 3666 649">
    <p class='ocr_par' dir='ltr' id='par_1_21' title="bbox 2012 568 3666 649">
     <span class='ocr_line' id='line_1_21' title="bbox 2012 568 3666 649; baseline 0.01 -26"><span class='ocrx_word' id='word_1_146' title='bbox 2012 568 2267 626; x_wconf 87' lang='lat' dir='ltr'><strong>inaniter</strong></span> <span class='ocrx_word' id='word_1_147' title='bbox 2290 587 2410 628; x_wconf 91' lang='lat' dir='ltr'><strong>non</strong></span> <span class='ocrx_word' id='word_1_148' title='bbox 2437 578 2630 645; x_wconf 90' lang='lat' dir='ltr'><strong>potest</strong></span> <span class='ocrx_word' id='word_1_149' title='bbox 2668 574 3075 649; x_wconf 89' lang='lat' dir='ltr'><strong>quodcunque</strong></span> <span class='ocrx_word' id='word_1_150' title='bbox 3105 578 3353 636; x_wconf 90' lang='lat' dir='ltr'><strong>voluerit</strong></span> <span class='ocrx_word' id='word_1_151' title='bbox 3383 581 3410 636; x_wconf 84' lang='lat'><strong>?</strong></span> <span class='ocrx_word' id='word_1_152' title='bbox 3439 581 3666 639; x_wconf 80' lang='lat' dir='ltr'><strong>Praece-</strong></span> 
     </span>
    </p>
   </div>
   <div class='ocr_carea' id='block_1_22' title="bbox 2013 659 3663 742">
    <p class='ocr_par' dir='ltr' id='par_1_22' title="bbox 2013 659 3663 742">
     <span class='ocr_line' id='line_1_22' title="bbox 2013 659 3663 742; baseline 0.01 -30"><span class='ocrx_word' id='word_1_153' title='bbox 2013 663 2182 728; x_wconf 87' lang='lat' dir='ltr'><strong>perat</strong></span> <span class='ocrx_word' id='word_1_154' title='bbox 2207 659 2366 715; x_wconf 90' lang='lat' dir='ltr'><strong>enim</strong></span> <span class='ocrx_word' id='word_1_155' title='bbox 2386 662 2798 734; x_wconf 85' lang='lat' dir='ltr'><strong>Apostolus,ut</strong></span> <span class='ocrx_word' id='word_1_156' title='bbox 2814 672 3095 722; x_wconf 78' lang='lat' dir='ltr'><strong>oraretur</strong></span> <span class='ocrx_word' id='word_1_157' title='bbox 3103 683 3219 737; x_wconf 85' lang='lat' dir='ltr'><strong>pro</strong></span> <span class='ocrx_word' id='word_1_158' title='bbox 3241 670 3509 726; x_wconf 83' lang='lat' dir='ltr'><strong>omnibus</strong></span> <span class='ocrx_word' id='word_1_159' title='bbox 3533 672 3663 742; x_wconf 89' lang='lat' dir='ltr'><strong>[al.,</strong></span> 
     </span>
    </p>
   </div>
   <div class='ocr_carea' id='block_1_23' title="bbox 2013 747 3668 827">
    <p class='ocr_par' dir='ltr' id='par_1_23' title="bbox 2013 747 3668 827">
     <span class='ocr_line' id='line_1_23' title="bbox 2013 747 3668 827; baseline 0.01 -27"><span class='ocrx_word' id='word_1_160' title='bbox 2013 762 2124 817; x_wconf 90' lang='lat' dir='ltr'><strong>pro</strong></span> <span class='ocrx_word' id='word_1_161' title='bbox 2164 747 2432 823; x_wconf 81' lang='lat' dir='ltr'><strong>singulis]</strong></span> <span class='ocrx_word' id='word_1_162' title='bbox 2486 750 2841 821; x_wconf 86' lang='lat' dir='ltr'><strong>hominibus,</strong></span> <span class='ocrx_word' id='word_1_163' title='bbox 2887 759 2942 810; x_wconf 91' lang='lat' dir='ltr'><strong>et</strong></span> <span class='ocrx_word' id='word_1_164' title='bbox 2985 755 3316 827; x_wconf 90' lang='lat' dir='ltr'><strong>specialiter</strong></span> <span class='ocrx_word' id='word_1_165' title='bbox 3352 758 3668 816; x_wconf 87' lang='lat' dir='ltr'><strong>addiderat</strong></span> 
     </span>
    </p>
   </div>
   <div class='ocr_carea' id='block_1_24' title="bbox 2005 837 3664 919">
    <p class='ocr_par' dir='ltr' id='par_1_24' title="bbox 2005 837 3664 919">
     <span class='ocr_line' id='line_1_24' title="bbox 2005 837 3664 919; baseline 0.01 -30"><span class='ocrx_word' id='word_1_166' title='bbox 2005 849 2125 903; x_wconf 83' lang='lat' dir='ltr'><strong>pro</strong></span> <span class='ocrx_word' id='word_1_167' title='bbox 2149 837 2388 907; x_wconf 80' lang='lat' dir='ltr'><strong>regibus</strong></span> <span class='ocrx_word' id='word_1_168' title='bbox 2425 846 2480 895; x_wconf 90' lang='lat' dir='ltr'><strong>et</strong></span> <span class='ocrx_word' id='word_1_169' title='bbox 2519 842 2589 896; x_wconf 88' lang='lat' dir='ltr'><strong>iis</strong></span> <span class='ocrx_word' id='word_1_170' title='bbox 2623 843 2729 912; x_wconf 90' lang='lat' dir='ltr'><strong>qui</strong></span> <span class='ocrx_word' id='word_1_171' title='bbox 2754 842 2816 897; x_wconf 88' lang='lat' dir='ltr'><strong>in</strong></span> <span class='ocrx_word' id='word_1_172' title='bbox 2845 843 3213 902; x_wconf 73' lang='lat' dir='ltr'><strong>sublimitate</strong></span> <span class='ocrx_word' id='word_1_173' title='bbox 3239 853 3379 903; x_wconf 85' lang='lat' dir='ltr'><strong>sunt</strong></span> <span class='ocrx_word' id='word_1_174' title='bbox 3409 849 3481 919; x_wconf 88' lang='grc' dir='ltr'><strong>(Ι.</strong></span> <span class='ocrx_word' id='word_1_175' title='bbox 3517 849 3664 906; x_wconf 86' lang='lat' dir='ltr'><strong>Tim.</strong></span> 
     </span>
    </p>
   </div>
   <div class='ocr_carea' id='block_1_25' title="bbox 2013 923 3671 1008">
    <p class='ocr_par' dir='ltr' id='par_1_25' title="bbox 2013 923 3671 1008">
     <span class='ocr_line' id='line_1_25' title="bbox 2013 923 3671 1008; baseline 0.01 -32"><span class='ocrx_word' id='word_1_176' title='bbox 2013 939 2072 988; x_wconf 82' lang='lat' dir='ltr'><strong>ll,</strong></span> <span class='ocrx_word' id='word_1_177' title='bbox 2108 923 2157 979; x_wconf 92' lang='lat' dir='ltr'><strong>l.</strong></span> <span class='ocrx_word' id='word_1_178' title='bbox 2185 928 2240 990; x_wconf 89' lang='lat'><strong>2)</strong></span> <span class='ocrx_word' id='word_1_179' title='bbox 2276 943 2288 977; x_wconf 93' lang='lat'><strong>:</strong></span> <span class='ocrx_word' id='word_1_180' title='bbox 2317 927 2422 998; x_wconf 91' lang='lat' dir='ltr'><strong>qui</strong></span> <span class='ocrx_word' id='word_1_181' title='bbox 2449 929 2645 997; x_wconf 86' lang='lat' dir='ltr'><strong>putari</strong></span> <span class='ocrx_word' id='word_1_182' title='bbox 2673 933 2953 1002; x_wconf 90' lang='lat' dir='ltr'><strong>poterunt</strong></span> <span class='ocrx_word' id='word_1_183' title='bbox 2972 931 3130 989; x_wconf 84' lang='lat' dir='ltr'><strong>fastu</strong></span> <span class='ocrx_word' id='word_1_184' title='bbox 3153 940 3212 990; x_wconf 92' lang='lat' dir='ltr'><strong>et</strong></span> <span class='ocrx_word' id='word_1_185' title='bbox 3240 935 3525 1008; x_wconf 89' lang='lat' dir='ltr'><strong>superbia</strong></span> <span class='ocrx_word' id='word_1_186' title='bbox 3554 953 3671 993; x_wconf 69' lang='lat' dir='ltr'><strong>saa-</strong></span> 
     </span>
    </p>
   </div>
   <div class='ocr_carea' id='block_1_26' title="bbox 2014 1012 3668 1084">
    <p class='ocr_par' dir='ltr' id='par_1_26' title="bbox 2014 1012 3668 1084">
     <span class='ocr_line' id='line_1_26' title="bbox 2014 1012 3668 1084; baseline 0.01 -18"><span class='ocrx_word' id='word_1_187' title='bbox 2014 1012 2201 1068; x_wconf 90' lang='lat' dir='ltr'><strong>culari</strong></span> <span class='ocrx_word' id='word_1_188' title='bbox 2255 1030 2291 1069; x_wconf 90' lang='lat' dir='ltr'><strong>a</strong></span> <span class='ocrx_word' id='word_1_189' title='bbox 2341 1015 2482 1071; x_wconf 88' lang='lat' dir='ltr'><strong>ﬁdei</strong></span> <span class='ocrx_word' id='word_1_190' title='bbox 2538 1017 2882 1074; x_wconf 78' lang='lat' dir='ltr'><strong>Christianae</strong></span> <span class='ocrx_word' id='word_1_191' title='bbox 2936 1019 3266 1079; x_wconf 90' lang='lat' dir='ltr'><strong>humilitate</strong></span> <span class='ocrx_word' id='word_1_192' title='bbox 3324 1025 3668 1084; x_wconf 87' lang='lat' dir='ltr'><strong>abhorrere.</strong></span> 
     </span>
    </p>
   </div>
   <div class='ocr_carea' id='block_1_27' title="bbox 2014 1101 3670 1172">
    <p class='ocr_par' dir='ltr' id='par_1_27' title="bbox 2014 1101 3670 1172">
     <span class='ocr_line' id='line_1_27' title="bbox 2014 1101 3670 1172; baseline 0.011 -17"><span class='ocrx_word' id='word_1_193' title='bbox 2014 1101 2264 1158; x_wconf 89' lang='lat' dir='ltr'><strong>Proinde</strong></span> <span class='ocrx_word' id='word_1_194' title='bbox 2295 1102 2500 1160; x_wconf 90' lang='lat' dir='ltr'><strong>dicens</strong></span> <span class='ocrx_word' id='word_1_195' title='bbox 2530 1123 2543 1160; x_wconf 85' lang='lat'><strong>:</strong></span> <span class='ocrx_word' id='word_1_196' title='bbox 2574 1107 2705 1162; x_wconf 84' lang='lat' dir='ltr'><strong>Hoc</strong></span> <span class='ocrx_word' id='word_1_197' title='bbox 2729 1109 2884 1163; x_wconf 86' lang='lat' dir='ltr'><strong>enim</strong></span> <span class='ocrx_word' id='word_1_198' title='bbox 2928 1110 3142 1166; x_wconf 90' lang='lat' dir='ltr'><strong>bonum</strong></span> <span class='ocrx_word' id='word_1_199' title='bbox 3181 1118 3264 1167; x_wconf 90' lang='lat' dir='ltr'><strong>est</strong></span> <span class='ocrx_word' id='word_1_200' title='bbox 3302 1129 3504 1171; x_wconf 85' lang='lat' dir='ltr'><strong>coram</strong></span> <span class='ocrx_word' id='word_1_201' title='bbox 3535 1116 3670 1172; x_wconf 91' lang='lat' dir='ltr'><strong>Sal-</strong></span> 
     </span>
    </p>
   </div>
   <div class='ocr_carea' id='block_1_28' title="bbox 2015 1194 3671 1276">
    <p class='ocr_par' dir='ltr' id='par_1_28' title="bbox 2015 1194 3671 1276">
     <span class='ocr_line' id='line_1_28' title="bbox 2015 1194 3671 1276; baseline 0.01 -33"><span class='ocrx_word' id='word_1_202' title='bbox 2015 1194 2221 1246; x_wconf 87' lang='lat' dir='ltr'><strong>vatore</strong></span> <span class='ocrx_word' id='word_1_203' title='bbox 2239 1198 2441 1248; x_wconf 84' lang='lat' dir='ltr'><strong>nostro</strong></span> <span class='ocrx_word' id='word_1_204' title='bbox 2462 1195 2580 1249; x_wconf 85' lang='lat' dir='ltr'><strong>Deo</strong></span> <span class='ocrx_word' id='word_1_205' title='bbox 2603 1195 2774 1264; x_wconf 83' lang='lat' dir='ltr'><strong>(Ibid.</strong></span> <span class='ocrx_word' id='word_1_206' title='bbox 2798 1211 2950 1251; x_wconf 90' lang='lat' dir='ltr'><strong>vers.</strong></span> <span class='ocrx_word' id='word_1_207' title='bbox 2981 1199 3058 1269; x_wconf 84' lang='grc'><strong>4),</strong></span> <span class='ocrx_word' id='word_1_208' title='bbox 3085 1198 3147 1254; x_wconf 91' lang='lat' dir='ltr'><strong>id</strong></span> <span class='ocrx_word' id='word_1_209' title='bbox 3168 1204 3255 1256; x_wconf 89' lang='lat' dir='ltr'><strong>est</strong></span> <span class='ocrx_word' id='word_1_210' title='bbox 3274 1205 3337 1257; x_wconf 93' lang='lat' dir='ltr'><strong>ut</strong></span> <span class='ocrx_word' id='word_1_211' title='bbox 3357 1202 3539 1259; x_wconf 91' lang='lat' dir='ltr'><strong>etiam</strong></span> <span class='ocrx_word' id='word_1_212' title='bbox 3560 1219 3671 1276; x_wconf 91' lang='lat' dir='ltr'><strong>pro</strong></span> 
     </span>
    </p>
   </div>
   <div class='ocr_carea' id='block_1_29' title="bbox 2015 1276 3674 1356">
    <p class='ocr_par' dir='ltr' id='par_1_29' title="bbox 2015 1276 3674 1356">
     <span class='ocr_line' id='line_1_29' title="bbox 2015 1276 3674 1356; baseline 0.01 -24"><span class='ocrx_word' id='word_1_213' title='bbox 2015 1276 2234 1334; x_wconf 88' lang='lat' dir='ltr'><strong>talibus</strong></span> <span class='ocrx_word' id='word_1_214' title='bbox 2254 1285 2475 1347; x_wconf 89' lang='lat' dir='ltr'><strong>oretur,</strong></span> <span class='ocrx_word' id='word_1_215' title='bbox 2497 1283 2695 1338; x_wconf 89' lang='lat' dir='ltr'><strong>statim</strong></span> <span class='ocrx_word' id='word_1_216' title='bbox 2717 1287 2781 1340; x_wconf 92' lang='lat' dir='ltr'><strong>ut</strong></span> <span class='ocrx_word' id='word_1_217' title='bbox 2800 1283 3278 1356; x_wconf 88' lang='lat' dir='ltr'><strong>desperationem</strong></span> <span class='ocrx_word' id='word_1_218' title='bbox 3299 1289 3543 1355; x_wconf 88' lang='lat' dir='ltr'><strong>tolleret,</strong></span> <span class='ocrx_word' id='word_1_219' title='bbox 3569 1291 3674 1348; x_wconf 90' lang='lat' dir='ltr'><strong>ad-</strong></span> 
     </span>
    </p>
   </div>
   <div class='ocr_carea' id='block_1_30' title="bbox 2017 1365 3672 1449">
    <p class='ocr_par' dir='ltr' id='par_1_30' title="bbox 2017 1365 3672 1449">
     <span class='ocr_line' id='line_1_30' title="bbox 2017 1365 3672 1449; baseline 0.01 -29"><span class='ocrx_word' id='word_1_220' title='bbox 2017 1365 2206 1423; x_wconf 90' lang='lat' dir='ltr'><strong>didit:</strong></span> <span class='ocrx_word' id='word_1_221' title='bbox 2243 1368 2357 1435; x_wconf 87' lang='lat' dir='ltr'><strong>Qui</strong></span> <span class='ocrx_word' id='word_1_222' title='bbox 2396 1385 2590 1428; x_wconf 84' lang='lat' dir='ltr'><strong>omnes</strong></span> <span class='ocrx_word' id='word_1_223' title='bbox 2625 1372 2888 1430; x_wconf 81' lang='lat' dir='ltr'><strong>homines</strong></span> <span class='ocrx_word' id='word_1_224' title='bbox 2927 1377 3057 1431; x_wconf 87' lang='lat' dir='ltr'><strong>vult</strong></span> <span class='ocrx_word' id='word_1_225' title='bbox 3099 1378 3296 1434; x_wconf 89' lang='lat' dir='ltr'><strong>salvos</strong></span> <span class='ocrx_word' id='word_1_226' title='bbox 3321 1380 3477 1449; x_wconf 82' lang='lat' dir='ltr'><strong>ﬁeri,</strong></span> <span class='ocrx_word' id='word_1_227' title='bbox 3527 1387 3584 1438; x_wconf 92' lang='lat' dir='ltr'><strong>et</strong></span> <span class='ocrx_word' id='word_1_228' title='bbox 3609 1383 3672 1437; x_wconf 86' lang='lat' dir='ltr'><strong>in</strong></span> 
     </span>
    </p>
   </div>
   <div class='ocr_carea' id='block_1_31' title="bbox 2018 1457 3674 1541">
    <p class='ocr_par' dir='ltr' id='par_1_31' title="bbox 2018 1457 3674 1541">
     <span class='ocr_line' id='line_1_31' title="bbox 2018 1457 3674 1541; baseline 0.009 -32"><span class='ocrx_word' id='word_1_229' title='bbox 2018 1457 2384 1525; x_wconf 77' lang='lat' dir='ltr'><strong>agnitionem</strong></span> <span class='ocrx_word' id='word_1_230' title='bbox 2410 1461 2682 1517; x_wconf 83' lang='lat' dir='ltr'><strong>veritatis</strong></span> <span class='ocrx_word' id='word_1_231' title='bbox 2703 1463 2904 1518; x_wconf 79' lang='lat' dir='ltr'><strong>venire</strong></span> <span class='ocrx_word' id='word_1_232' title='bbox 2925 1463 3119 1535; x_wconf 67' lang='lat' dir='ltr'><strong>(Ibid)</strong></span> <span class='ocrx_word' id='word_1_233' title='bbox 3139 1468 3256 1522; x_wconf 87' lang='lat' dir='ltr'><strong>Hoc</strong></span> <span class='ocrx_word' id='word_1_234' title='bbox 3277 1468 3502 1541; x_wconf 89' lang='lat' dir='ltr'><strong>quippe</strong></span> <span class='ocrx_word' id='word_1_235' title='bbox 3519 1471 3674 1527; x_wconf 90' lang='lat' dir='ltr'><strong>Deus</strong></span> 
     </span>
    </p>
   </div>
   <div class='ocr_carea' id='block_1_32' title="bbox 2016 1543 3675 1630">
    <p class='ocr_par' dir='ltr' id='par_1_32' title="bbox 2016 1543 3675 1630">
     <span class='ocr_line' id='line_1_32' title="bbox 2016 1543 3675 1630; baseline 0.01 -31"><span class='ocrx_word' id='word_1_236' title='bbox 2016 1543 2250 1600; x_wconf 90' lang='lat' dir='ltr'><strong>bonum</strong></span> <span class='ocrx_word' id='word_1_237' title='bbox 2272 1547 2583 1616; x_wconf 87' lang='lat' dir='ltr'><strong>judicavit,</strong></span> <span class='ocrx_word' id='word_1_238' title='bbox 2622 1555 2684 1605; x_wconf 90' lang='lat' dir='ltr'><strong>ut</strong></span> <span class='ocrx_word' id='word_1_239' title='bbox 2709 1551 3080 1608; x_wconf 89' lang='lat' dir='ltr'><strong>orationibus</strong></span> <span class='ocrx_word' id='word_1_240' title='bbox 3116 1554 3438 1612; x_wconf 90' lang='lat' dir='ltr'><strong>humilium</strong></span> <span class='ocrx_word' id='word_1_241' title='bbox 3461 1558 3675 1630; x_wconf 86' lang='lat' dir='ltr'><strong>digna-</strong></span> 
     </span>
    </p>
   </div>
   <div class='ocr_carea' id='block_1_33' title="bbox 249 1631 3677 1720">
    <p class='ocr_par' dir='ltr' id='par_1_33' title="bbox 249 1631 3677 1720">
     <span class='ocr_line' id='line_1_33' title="bbox 249 1631 3677 1720; baseline 0.004 -29"><span class='ocrx_word' id='word_1_242' title='bbox 249 1637 400 1709; x_wconf 89' lang='lat' dir='ltr'><strong>quia</strong></span> <span class='ocrx_word' id='word_1_243' title='bbox 429 1634 693 1708; x_wconf 91' lang='lat' dir='ltr'><strong>idipsum</strong></span> <span class='ocrx_word' id='word_1_244' title='bbox 725 1635 994 1708; x_wconf 91' lang='lat' dir='ltr'><strong>quidem,</strong></span> <span class='ocrx_word' id='word_1_245' title='bbox 1027 1635 1130 1691; x_wconf 93' lang='lat' dir='ltr'><strong>sed</strong></span> <span class='ocrx_word' id='word_1_246' title='bbox 1161 1635 1290 1708; x_wconf 90' lang='lat' dir='ltr'><strong>ipse</strong></span> <span class='ocrx_word' id='word_1_247' title='bbox 1333 1652 1440 1708; x_wconf 92' lang='lat' dir='ltr'><strong>per</strong></span> <span class='ocrx_word' id='word_1_248' title='bbox 1471 1651 1574 1691; x_wconf 89' lang='lat' dir='ltr'><strong>eos</strong></span> <span class='ocrx_word' id='word_1_249' title='bbox 1612 1633 1798 1701; x_wconf 91' lang='lat' dir='ltr'><strong>bona,</strong></span> <span class='ocrx_word' id='word_1_250' title='bbox 1829 1631 1910 1689; x_wconf 90' lang='lat' dir='ltr'><strong>illi</strong></span> <span class='ocrx_word' id='word_1_251' title='bbox 1937 1651 1985 1706; x_wconf 80' lang='grc' dir='ltr'>Β</span> <span class='ocrx_word' id='word_1_252' title='bbox 2019 1637 2180 1690; x_wconf 88' lang='lat' dir='ltr'><strong>retur</strong></span> <span class='ocrx_word' id='word_1_253' title='bbox 2208 1635 2463 1693; x_wconf 83' lang='lat' dir='ltr'><strong>salutem</strong></span> <span class='ocrx_word' id='word_1_254' title='bbox 2507 1644 2795 1710; x_wconf 80' lang='lat' dir='ltr'><strong>praestare</strong></span> <span class='ocrx_word' id='word_1_255' title='bbox 2844 1641 3216 1713; x_wconf 89' lang='lat' dir='ltr'><strong>sublimium,</strong></span> <span class='ocrx_word' id='word_1_256' title='bbox 3257 1645 3425 1718; x_wconf 90' lang='lat' dir='ltr'><strong>quod</strong></span> <span class='ocrx_word' id='word_1_257' title='bbox 3468 1647 3677 1720; x_wconf 90' lang='lat' dir='ltr'><strong>utique</strong></span> 
     </span>
    </p>
   </div>
   <div class='ocr_carea' id='block_1_34' title="bbox 249 1723 1290 1782">
    <p class='ocr_par' dir='ltr' id='par_1_34' title="bbox 249 1723 1290 1782">
     <span class='ocr_line' id='line_1_34' title="bbox 249 1723 1290 1782; baseline -0.002 0"><span class='ocrx_word' id='word_1_258' title='bbox 249 1730 458 1782; x_wconf 87' lang='lat' dir='ltr'><strong>autem</strong></span> <span class='ocrx_word' id='word_1_259' title='bbox 487 1724 651 1780; x_wconf 90' lang='lat' dir='ltr'><strong>mala</strong></span> <span class='ocrx_word' id='word_1_260' title='bbox 677 1723 982 1780; x_wconf 89' lang='lat' dir='ltr'><strong>voluntate</strong></span> <span class='ocrx_word' id='word_1_261' title='bbox 1006 1724 1290 1780; x_wconf 89' lang='lat' dir='ltr'><strong>fecerunt.</strong></span> 
     </span>
    </p>
   </div>
   <div class='ocr_carea' id='block_1_35' title="bbox 325 1811 1911 1887">
    <p class='ocr_par' dir='ltr' id='par_1_35' title="bbox 325 1811 1911 1887">
     <span class='ocr_line' id='line_1_35' title="bbox 325 1811 1911 1887; baseline -0.002 -16"><span class='ocrx_word' id='word_1_262' title='bbox 325 1815 501 1884; x_wconf 84' lang='lat' dir='ltr'><strong>(Cap.</strong></span> <span class='ocrx_word' id='word_1_263' title='bbox 540 1813 678 1884; x_wconf 86' lang='lat'><strong>102).</strong></span> <span class='ocrx_word' id='word_1_264' title='bbox 711 1812 824 1870; x_wconf 88' lang='lat' dir='ltr'><strong>Sed</strong></span> <span class='ocrx_word' id='word_1_265' title='bbox 860 1813 1249 1887; x_wconf 78' lang='lat' dir='ltr'><strong>quantaelibet</strong></span> <span class='ocrx_word' id='word_1_266' title='bbox 1295 1813 1412 1870; x_wconf 90' lang='lat' dir='ltr'><strong>sint</strong></span> <span class='ocrx_word' id='word_1_267' title='bbox 1442 1813 1784 1869; x_wconf 88' lang='lat' dir='ltr'><strong>voluntates</strong></span> <span class='ocrx_word' id='word_1_268' title='bbox 1816 1811 1911 1868; x_wconf 86' lang='lat' dir='ltr'><strong>vel</strong></span> 
     </span>
    </p>
   </div>
   <div class='ocr_carea' id='block_1_36' title="bbox 249 1901 1908 1974">
    <p class='ocr_par' dir='ltr' id='par_1_36' title="bbox 249 1901 1908 1974">
     <span class='ocr_line' id='line_1_36' title="bbox 249 1901 1908 1974; baseline -0.002 -14"><span class='ocrx_word' id='word_1_269' title='bbox 249 1902 608 1974; x_wconf 82' lang='lat' dir='ltr'><strong>angelorum</strong></span> <span class='ocrx_word' id='word_1_270' title='bbox 622 1901 711 1958; x_wconf 91' lang='lat' dir='ltr'><strong>vel</strong></span> <span class='ocrx_word' id='word_1_271' title='bbox 722 1901 1159 1968; x_wconf 90' lang='lat' dir='ltr'><strong>hominum,vel</strong></span> <span class='ocrx_word' id='word_1_272' title='bbox 1171 1901 1472 1958; x_wconf 89' lang='lat' dir='ltr'><strong>bonorum</strong></span> <span class='ocrx_word' id='word_1_273' title='bbox 1486 1901 1576 1957; x_wconf 90' lang='lat' dir='ltr'><strong>vel</strong></span> <span class='ocrx_word' id='word_1_274' title='bbox 1588 1901 1908 1970; x_wconf 91' lang='lat' dir='ltr'><strong>malorum,</strong></span> 
     </span>
    </p>
   </div>
   <div class='ocr_carea' id='block_1_37' title="bbox 249 1989 1908 2064">
    <p class='ocr_par' dir='ltr' id='par_1_37' title="bbox 249 1989 1908 2064">
     <span class='ocr_line' id='line_1_37' title="bbox 249 1989 1908 2064; baseline -0.002 -16"><span class='ocrx_word' id='word_1_275' title='bbox 249 1993 348 2050; x_wconf 84' lang='lat' dir='ltr'><strong>vel</strong></span> <span class='ocrx_word' id='word_1_276' title='bbox 373 1992 520 2048; x_wconf 92' lang='lat' dir='ltr'><strong>illud</strong></span> <span class='ocrx_word' id='word_1_277' title='bbox 539 1992 707 2064; x_wconf 90' lang='lat' dir='ltr'><strong>quod</strong></span> <span class='ocrx_word' id='word_1_278' title='bbox 732 1993 904 2054; x_wconf 89' lang='lat' dir='ltr'><strong>Deus,</strong></span> <span class='ocrx_word' id='word_1_279' title='bbox 936 1991 1028 2047; x_wconf 90' lang='lat' dir='ltr'><strong>vel</strong></span> <span class='ocrx_word' id='word_1_280' title='bbox 1049 1989 1214 2047; x_wconf 83' lang='lat' dir='ltr'><strong>aliud</strong></span> <span class='ocrx_word' id='word_1_281' title='bbox 1243 1992 1502 2048; x_wconf 91' lang='lat' dir='ltr'><strong>volentes</strong></span> <span class='ocrx_word' id='word_1_282' title='bbox 1523 2007 1710 2063; x_wconf 91' lang='lat' dir='ltr'><strong>quam</strong></span> <span class='ocrx_word' id='word_1_283' title='bbox 1733 1991 1908 2057; x_wconf 88' lang='lat' dir='ltr'><strong>Deus,</strong></span> 
     </span>
    </p>
   </div>
   <div class='ocr_carea' id='block_1_38' title="bbox 251 2080 1910 2155">
    <p class='ocr_par' dir='ltr' id='par_1_38' title="bbox 251 2080 1910 2155">
     <span class='ocr_line' id='line_1_38' title="bbox 251 2080 1910 2155; baseline -0.004 -15"><span class='ocrx_word' id='word_1_284' title='bbox 251 2081 685 2155; x_wconf 87' lang='lat' dir='ltr'><strong>omnipotentis</strong></span> <span class='ocrx_word' id='word_1_285' title='bbox 709 2080 987 2138; x_wconf 89' lang='lat' dir='ltr'><strong>voluntas</strong></span> <span class='ocrx_word' id='word_1_286' title='bbox 1019 2081 1120 2136; x_wconf 89' lang='lat' dir='ltr'><strong>Dei</strong></span> <span class='ocrx_word' id='word_1_287' title='bbox 1150 2097 1386 2152; x_wconf 90' lang='lat' dir='ltr'><strong>semper</strong></span> <span class='ocrx_word' id='word_1_288' title='bbox 1411 2080 1632 2136; x_wconf 90' lang='lat' dir='ltr'><strong>invicta</strong></span> <span class='ocrx_word' id='word_1_289' title='bbox 1652 2083 1756 2140; x_wconf 84' lang='lat' dir='ltr'><strong>est.</strong></span> <span class='ocrx_word' id='word_1_290' title='bbox 1773 2095 1910 2151; x_wconf 68' lang='lat' dir='ltr'><strong>qua:</strong></span> 
     </span>
    </p>
   </div>
   <div class='ocr_carea' id='block_1_39' title="bbox 257 2168 1910 2243">
    <p class='ocr_par' dir='ltr' id='par_1_39' title="bbox 257 2168 1910 2243">
     <span class='ocr_line' id='line_1_39' title="bbox 257 2168 1910 2243; baseline -0.003 -15"><span class='ocrx_word' id='word_1_291' title='bbox 257 2172 420 2228; x_wconf 90' lang='lat' dir='ltr'><strong>mala</strong></span> <span class='ocrx_word' id='word_1_292' title='bbox 443 2187 573 2228; x_wconf 89' lang='lat' dir='ltr'><strong>esse</strong></span> <span class='ocrx_word' id='word_1_293' title='bbox 604 2186 917 2243; x_wconf 89' lang='lat' dir='ltr'><strong>nunquam</strong></span> <span class='ocrx_word' id='word_1_294' title='bbox 939 2171 1260 2242; x_wconf 88' lang='lat' dir='ltr'><strong>potest,qui</strong></span> <span class='ocrx_word' id='word_1_295' title='bbox 1281 2170 1461 2226; x_wconf 91' lang='lat' dir='ltr'><strong>etiam</strong></span> <span class='ocrx_word' id='word_1_296' title='bbox 1488 2186 1625 2224; x_wconf 91' lang='lat' dir='ltr'><strong>cum</strong></span> <span class='ocrx_word' id='word_1_297' title='bbox 1653 2185 1746 2223; x_wconf 71' lang='lat' dir='ltr'><strong>me</strong></span> <span class='ocrx_word' id='word_1_298' title='bbox 1759 2168 1816 2224; x_wconf 91' lang='lat' dir='ltr'><strong>la</strong></span> <span class='ocrx_word' id='word_1_299' title='bbox 1834 2168 1910 2223; x_wconf 91' lang='lat' dir='ltr'><strong>ir-</strong></span> 
     </span>
    </p>
   </div>
   <div class='ocr_carea' id='block_1_40' title="bbox 256 2256 1910 2332">
    <p class='ocr_par' dir='ltr' id='par_1_40' title="bbox 256 2256 1910 2332">
     <span class='ocr_line' id='line_1_40' title="bbox 256 2256 1910 2332; baseline -0.004 -14"><span class='ocrx_word' id='word_1_300' title='bbox 256 2265 448 2332; x_wconf 90' lang='lat' dir='ltr'><strong>rogat,</strong></span> <span class='ocrx_word' id='word_1_301' title='bbox 461 2261 626 2332; x_wconf 89' lang='lat' dir='ltr'><strong>justa</strong></span> <span class='ocrx_word' id='word_1_302' title='bbox 645 2265 750 2319; x_wconf 86' lang='lat' dir='ltr'><strong>est.</strong></span> <span class='ocrx_word' id='word_1_303' title='bbox 765 2264 822 2315; x_wconf 92' lang='lat' dir='ltr'><strong>et</strong></span> <span class='ocrx_word' id='word_1_304' title='bbox 839 2259 1105 2331; x_wconf 82' lang='lat' dir='ltr'><strong>profecto</strong></span> <span class='ocrx_word' id='word_1_305' title='bbox 1125 2275 1262 2332; x_wconf 81' lang='lat' dir='ltr'><strong>quae</strong></span> <span class='ocrx_word' id='word_1_306' title='bbox 1285 2256 1414 2331; x_wconf 90' lang='lat' dir='ltr'><strong>[al.,</strong></span> <span class='ocrx_word' id='word_1_307' title='bbox 1437 2257 1600 2330; x_wconf 91' lang='lat' dir='ltr'><strong>quia]</strong></span> <span class='ocrx_word' id='word_1_308' title='bbox 1619 2257 1784 2328; x_wconf 89' lang='lat' dir='ltr'><strong>justa</strong></span> <span class='ocrx_word' id='word_1_309' title='bbox 1803 2261 1910 2326; x_wconf 90' lang='lat' dir='ltr'><strong>est,</strong></span> 
     </span>
    </p>
   </div>
   <div class='ocr_carea' id='block_1_41' title="bbox 253 2345 1912 2420">
    <p class='ocr_par' dir='ltr' id='par_1_41' title="bbox 253 2345 1912 2420">
     <span class='ocr_line' id='line_1_41' title="bbox 253 2345 1912 2420; baseline -0.003 -14"><span class='ocrx_word' id='word_1_310' title='bbox 253 2350 420 2407; x_wconf 88' lang='lat' dir='ltr'><strong>mala</strong></span> <span class='ocrx_word' id='word_1_311' title='bbox 440 2365 563 2406; x_wconf 89' lang='lat' dir='ltr'><strong>non</strong></span> <span class='ocrx_word' id='word_1_312' title='bbox 584 2351 852 2405; x_wconf 89' lang='lat' dir='ltr'><strong>est.Deus</strong></span> <span class='ocrx_word' id='word_1_313' title='bbox 871 2348 1048 2418; x_wconf 80' lang='lat' dir='ltr'><strong>igitur</strong></span> <span class='ocrx_word' id='word_1_314' title='bbox 1068 2347 1451 2420; x_wconf 89' lang='lat' dir='ltr'><strong>omnipotens</strong></span> <span class='ocrx_word' id='word_1_315' title='bbox 1473 2346 1593 2402; x_wconf 90' lang='lat' dir='ltr'><strong>sive</strong></span> <span class='ocrx_word' id='word_1_316' title='bbox 1613 2362 1720 2420; x_wconf 91' lang='lat' dir='ltr'><strong>per</strong></span> <span class='ocrx_word' id='word_1_317' title='bbox 1745 2345 1912 2401; x_wconf 80' lang='lat' dir='ltr'><strong>inise-</strong></span> 
     </span>
    </p>
   </div>
   <div class='ocr_carea' id='block_1_42' title="bbox 251 2435 1913 2510">
    <p class='ocr_par' dir='ltr' id='par_1_42' title="bbox 251 2435 1913 2510">
     <span class='ocr_line' id='line_1_42' title="bbox 251 2435 1913 2510; baseline -0.003 -13"><span class='ocrx_word' id='word_1_318' title='bbox 251 2439 576 2497; x_wconf 87' lang='lat' dir='ltr'><strong>ricordiam</strong></span> <span class='ocrx_word' id='word_1_319' title='bbox 608 2439 780 2509; x_wconf 90' lang='lat' dir='ltr'><strong>cujus</strong></span> <span class='ocrx_word' id='word_1_320' title='bbox 805 2437 928 2493; x_wconf 89' lang='lat' dir='ltr'><strong>vult</strong></span> <span class='ocrx_word' id='word_1_321' title='bbox 951 2437 1324 2508; x_wconf 85' lang='lat' dir='ltr'><strong>misereatur,</strong></span> <span class='ocrx_word' id='word_1_322' title='bbox 1352 2437 1475 2494; x_wconf 87' lang='lat' dir='ltr'><strong>sive</strong></span> <span class='ocrx_word' id='word_1_323' title='bbox 1494 2453 1601 2510; x_wconf 91' lang='lat' dir='ltr'><strong>per</strong></span> <span class='ocrx_word' id='word_1_324' title='bbox 1616 2435 1913 2508; x_wconf 89' lang='lat' dir='ltr'><strong>judicium</strong></span> 
     </span>
    </p>
   </div>
   <div class='ocr_carea' id='block_1_43' title="bbox 251 2525 1914 2604">
    <p class='ocr_par' dir='ltr' id='par_1_43' title="bbox 251 2525 1914 2604">
     <span class='ocr_line' id='line_1_43' title="bbox 251 2525 1914 2604; baseline -0.004 -17"><span class='ocrx_word' id='word_1_325' title='bbox 251 2546 442 2604; x_wconf 88' lang='lat' dir='ltr'><strong>quem</strong></span> <span class='ocrx_word' id='word_1_326' title='bbox 465 2529 593 2584; x_wconf 90' lang='lat' dir='ltr'><strong>vult</strong></span> <span class='ocrx_word' id='word_1_327' title='bbox 613 2528 1002 2598; x_wconf 89' lang='lat' dir='ltr'><strong>obduret,nec</strong></span> <span class='ocrx_word' id='word_1_328' title='bbox 1023 2527 1226 2600; x_wconf 91' lang='lat' dir='ltr'><strong>inique</strong></span> <span class='ocrx_word' id='word_1_329' title='bbox 1244 2526 1473 2600; x_wconf 90' lang='lat' dir='ltr'><strong>aliquid</strong></span> <span class='ocrx_word' id='word_1_330' title='bbox 1492 2526 1651 2596; x_wconf 89' lang='lat' dir='ltr'><strong>facit,</strong></span> <span class='ocrx_word' id='word_1_331' title='bbox 1666 2541 1777 2582; x_wconf 88' lang='lat' dir='ltr'><strong>nec</strong></span> <span class='ocrx_word' id='word_1_332' title='bbox 1796 2525 1914 2581; x_wconf 92' lang='lat' dir='ltr'><strong>nisi</strong></span> 
     </span>
    </p>
   </div>
   <div class='ocr_carea' id='block_1_44' title="bbox 251 2614 1912 2691">
    <p class='ocr_par' dir='ltr' id='par_1_44' title="bbox 251 2614 1912 2691">
     <span class='ocr_line' id='line_1_44' title="bbox 251 2614 1912 2691; baseline -0.002 -16"><span class='ocrx_word' id='word_1_333' title='bbox 251 2619 466 2675; x_wconf 89' lang='lat' dir='ltr'><strong>volens</strong></span> <span class='ocrx_word' id='word_1_334' title='bbox 501 2617 839 2691; x_wconf 89' lang='lat' dir='ltr'><strong>quidquam</strong></span> <span class='ocrx_word' id='word_1_335' title='bbox 870 2616 1094 2681; x_wconf 88' lang='lat' dir='ltr'><strong>facit,et</strong></span> <span class='ocrx_word' id='word_1_336' title='bbox 1123 2616 1329 2673; x_wconf 91' lang='lat' dir='ltr'><strong>omnia</strong></span> <span class='ocrx_word' id='word_1_337' title='bbox 1359 2631 1740 2690; x_wconf 78' lang='lat' dir='ltr'><strong>quaecunque</strong></span> <span class='ocrx_word' id='word_1_338' title='bbox 1768 2614 1912 2680; x_wconf 92' lang='lat' dir='ltr'><strong>vult,</strong></span> 
     </span>
    </p>
   </div>
   <div class='ocr_carea' id='block_1_45' title="bbox 253 2708 418 2766">
    <p class='ocr_par' dir='ltr' id='par_1_45' title="bbox 253 2708 418 2766">
     <span class='ocr_line' id='line_1_45' title="bbox 253 2708 418 2766; baseline -0.018 0"><span class='ocrx_word' id='word_1_339' title='bbox 253 2708 418 2766; x_wconf 86' lang='lat' dir='ltr'><strong>facit.</strong></span> 
     </span>
    </p>
   </div>
   <div class='ocr_carea' id='block_1_46' title="bbox 331 2794 1914 2870">
    <p class='ocr_par' dir='ltr' id='par_1_46' title="bbox 331 2794 1914 2870">
     <span class='ocr_line' id='line_1_46' title="bbox 331 2794 1914 2870; baseline -0.003 -17"><span class='ocrx_word' id='word_1_340' title='bbox 331 2801 415 2853; x_wconf 81' lang='lat' dir='ltr'><strong>Ac</strong></span> <span class='ocrx_word' id='word_1_341' title='bbox 448 2812 554 2870; x_wconf 88' lang='lat' dir='ltr'><strong>per</strong></span> <span class='ocrx_word' id='word_1_342' title='bbox 583 2795 698 2851; x_wconf 89' lang='lat' dir='ltr'><strong>hoc</strong></span> <span class='ocrx_word' id='word_1_343' title='bbox 725 2811 865 2850; x_wconf 92' lang='lat' dir='ltr'><strong>cum</strong></span> <span class='ocrx_word' id='word_1_344' title='bbox 913 2795 1220 2864; x_wconf 90' lang='lat' dir='ltr'><strong>audimus,</strong></span> <span class='ocrx_word' id='word_1_345' title='bbox 1271 2799 1330 2851; x_wconf 90' lang='lat' dir='ltr'><strong>et</strong></span> <span class='ocrx_word' id='word_1_346' title='bbox 1373 2795 1434 2850; x_wconf 92' lang='lat' dir='ltr'><strong>in</strong></span> <span class='ocrx_word' id='word_1_347' title='bbox 1479 2795 1660 2852; x_wconf 85' lang='lat' dir='ltr'><strong>sacris</strong></span> <span class='ocrx_word' id='word_1_348' title='bbox 1708 2794 1914 2851; x_wconf 87' lang='lat' dir='ltr'><strong>litteris</strong></span> 
     </span>
    </p>
   </div>
   <div class='ocr_carea' id='block_1_47' title="bbox 256 2881 1913 2958">
    <p class='ocr_par' dir='ltr' id='par_1_47' title="bbox 256 2881 1913 2958">
     <span class='ocr_line' id='line_1_47' title="bbox 256 2881 1913 2958; baseline -0.005 -13"><span class='ocrx_word' id='word_1_349' title='bbox 256 2887 540 2958; x_wconf 87' lang='lat' dir='ltr'><strong>legimus,</strong></span> <span class='ocrx_word' id='word_1_350' title='bbox 587 2885 752 2958; x_wconf 90' lang='lat' dir='ltr'><strong>quod</strong></span> <span class='ocrx_word' id='word_1_351' title='bbox 799 2883 938 2940; x_wconf 89' lang='lat' dir='ltr'><strong>velit</strong></span> <span class='ocrx_word' id='word_1_352' title='bbox 974 2900 1186 2940; x_wconf 89' lang='lat' dir='ltr'><strong>omnes</strong></span> <span class='ocrx_word' id='word_1_353' title='bbox 1229 2884 1504 2940; x_wconf 90' lang='lat' dir='ltr'><strong>homines</strong></span> <span class='ocrx_word' id='word_1_354' title='bbox 1535 2885 1735 2942; x_wconf 90' lang='lat' dir='ltr'><strong>salvos</strong></span> <span class='ocrx_word' id='word_1_355' title='bbox 1765 2881 1913 2950; x_wconf 88' lang='lat' dir='ltr'><strong>ﬁeri,</strong></span> 
     </span>
    </p>
   </div>
   <div class='ocr_carea' id='block_1_48' title="bbox 258 2971 1986 3064">
    <p class='ocr_par' dir='ltr' id='par_1_48' title="bbox 258 2971 1986 3064">
     <span class='ocr_line' id='line_1_48' title="bbox 258 2971 1986 3064; baseline -0.003 -31"><span class='ocrx_word' id='word_1_356' title='bbox 258 2975 541 3050; x_wconf 87' lang='lat' dir='ltr'><strong>quamvis</strong></span> <span class='ocrx_word' id='word_1_357' title='bbox 571 2977 799 3030; x_wconf 90' lang='lat' dir='ltr'><strong>certum</strong></span> <span class='ocrx_word' id='word_1_358' title='bbox 829 2976 902 3028; x_wconf 91' lang='lat' dir='ltr'><strong>sit</strong></span> <span class='ocrx_word' id='word_1_359' title='bbox 924 2973 1101 3028; x_wconf 89' lang='lat' dir='ltr'><strong>nobis</strong></span> <span class='ocrx_word' id='word_1_360' title='bbox 1122 2988 1244 3030; x_wconf 91' lang='lat' dir='ltr'><strong>non</strong></span> <span class='ocrx_word' id='word_1_361' title='bbox 1265 2989 1478 3030; x_wconf 89' lang='lat' dir='ltr'><strong>omnes</strong></span> <span class='ocrx_word' id='word_1_362' title='bbox 1497 2973 1776 3030; x_wconf 89' lang='lat' dir='ltr'><strong>homines</strong></span> <span class='ocrx_word' id='word_1_363' title='bbox 1806 2971 1917 3028; x_wconf 87' lang='lat' dir='ltr'><strong>sal-</strong></span> <span class='ocrx_word' id='word_1_364' title='bbox 1946 3009 1986 3064; x_wconf 64' lang='grc' dir='ltr'>ο</span> 
     </span>
    </p>
   </div>
   <div class='ocr_carea' id='block_1_49' title="bbox 258 3061 1916 3133">
    <p class='ocr_par' dir='ltr' id='par_1_49' title="bbox 258 3061 1916 3133">
     <span class='ocr_line' id='line_1_49' title="bbox 258 3061 1916 3133; baseline -0.004 -11"><span class='ocrx_word' id='word_1_365' title='bbox 258 3081 373 3122; x_wconf 91' lang='lat' dir='ltr'><strong>vos</strong></span> <span class='ocrx_word' id='word_1_366' title='bbox 400 3064 546 3131; x_wconf 88' lang='lat' dir='ltr'><strong>ﬁeri,</strong></span> <span class='ocrx_word' id='word_1_367' title='bbox 583 3079 707 3119; x_wconf 92' lang='lat' dir='ltr'><strong>non</strong></span> <span class='ocrx_word' id='word_1_368' title='bbox 734 3066 935 3119; x_wconf 89' lang='lat' dir='ltr'><strong>tamen</strong></span> <span class='ocrx_word' id='word_1_369' title='bbox 967 3062 1103 3117; x_wconf 82' lang='lat' dir='ltr'><strong>ideo</strong></span> <span class='ocrx_word' id='word_1_370' title='bbox 1132 3061 1425 3118; x_wconf 90' lang='lat' dir='ltr'><strong>debemus</strong></span> <span class='ocrx_word' id='word_1_371' title='bbox 1466 3061 1916 3133; x_wconf 88' lang='lat' dir='ltr'><strong>omnipotentis-</strong></span> 
     </span>
    </p>
   </div>
   <div class='ocr_carea' id='block_1_50' title="bbox 261 3149 1915 3224">
    <p class='ocr_par' dir='ltr' id='par_1_50' title="bbox 261 3149 1915 3224">
     <span class='ocr_line' id='line_1_50' title="bbox 261 3149 1915 3224; baseline -0.004 -13"><span class='ocrx_word' id='word_1_372' title='bbox 261 3155 434 3212; x_wconf 71' lang='lat' dir='ltr'><strong>simae</strong></span> <span class='ocrx_word' id='word_1_373' title='bbox 463 3152 564 3209; x_wconf 90' lang='lat' dir='ltr'><strong>Dei</strong></span> <span class='ocrx_word' id='word_1_374' title='bbox 589 3151 877 3208; x_wconf 90' lang='lat' dir='ltr'><strong>voluntati</strong></span> <span class='ocrx_word' id='word_1_375' title='bbox 907 3151 1134 3224; x_wconf 89' lang='lat' dir='ltr'><strong>aliquid</strong></span> <span class='ocrx_word' id='word_1_376' title='bbox 1164 3151 1474 3222; x_wconf 88' lang='lat' dir='ltr'><strong>derogare,</strong></span> <span class='ocrx_word' id='word_1_377' title='bbox 1504 3151 1610 3206; x_wconf 91' lang='lat' dir='ltr'><strong>sed</strong></span> <span class='ocrx_word' id='word_1_378' title='bbox 1635 3152 1714 3205; x_wconf 73' lang='lat' dir='ltr'><strong>ita</strong></span> <span class='ocrx_word' id='word_1_379' title='bbox 1744 3149 1915 3206; x_wconf 90' lang='lat' dir='ltr'><strong>intel-</strong></span> 
     </span>
    </p>
   </div>
   <div class='ocr_carea' id='block_1_51' title="bbox 259 3241 1915 3316">
    <p class='ocr_par' dir='ltr' id='par_1_51' title="bbox 259 3241 1915 3316">
     <span class='ocr_line' id='line_1_51' title="bbox 259 3241 1915 3316; baseline -0.004 -14"><span class='ocrx_word' id='word_1_380' title='bbox 259 3246 447 3315; x_wconf 89' lang='lat' dir='ltr'><strong>ligere</strong></span> <span class='ocrx_word' id='word_1_381' title='bbox 474 3243 640 3316; x_wconf 88' lang='lat' dir='ltr'><strong>quod</strong></span> <span class='ocrx_word' id='word_1_382' title='bbox 668 3243 955 3316; x_wconf 90' lang='lat' dir='ltr'><strong>scriptum</strong></span> <span class='ocrx_word' id='word_1_383' title='bbox 980 3246 1068 3297; x_wconf 90' lang='lat' dir='ltr'><strong>est</strong></span> <span class='ocrx_word' id='word_1_384' title='bbox 1099 3260 1112 3297; x_wconf 89' lang='lat'><strong>:</strong></span> <span class='ocrx_word' id='word_1_385' title='bbox 1143 3241 1257 3309; x_wconf 89' lang='lat' dir='ltr'><strong>Qui</strong></span> <span class='ocrx_word' id='word_1_386' title='bbox 1284 3257 1480 3298; x_wconf 91' lang='lat' dir='ltr'><strong>omnes</strong></span> <span class='ocrx_word' id='word_1_387' title='bbox 1502 3241 1765 3297; x_wconf 82' lang='lat' dir='ltr'><strong>homines</strong></span> <span class='ocrx_word' id='word_1_388' title='bbox 1787 3241 1915 3296; x_wconf 89' lang='lat' dir='ltr'><strong>vult</strong></span> 
     </span>
    </p>
   </div>
   <div class='ocr_carea' id='block_1_52' title="bbox 267 3329 1916 3404">
    <p class='ocr_par' dir='ltr' id='par_1_52' title="bbox 267 3329 1916 3404">
     <span class='ocr_line' id='line_1_52' title="bbox 267 3329 1916 3404; baseline -0.004 -14"><span class='ocrx_word' id='word_1_389' title='bbox 267 3335 467 3390; x_wconf 84' lang='lat' dir='ltr'><strong>salvos</strong></span> <span class='ocrx_word' id='word_1_390' title='bbox 494 3334 642 3400; x_wconf 80' lang='lat' dir='ltr'><strong>ﬁeri,</strong></span> <span class='ocrx_word' id='word_1_391' title='bbox 669 3337 980 3404; x_wconf 85' lang='lat' dir='ltr'><strong>tamquam</strong></span> <span class='ocrx_word' id='word_1_392' title='bbox 1011 3330 1324 3395; x_wconf 89' lang='lat' dir='ltr'><strong>diceretur,</strong></span> <span class='ocrx_word' id='word_1_393' title='bbox 1354 3329 1587 3386; x_wconf 89' lang='lat' dir='ltr'><strong>nullum</strong></span> <span class='ocrx_word' id='word_1_394' title='bbox 1607 3329 1916 3386; x_wconf 83' lang='lat' dir='ltr'><strong>hominem</strong></span> 
     </span>
    </p>
   </div>
   <div class='ocr_carea' id='block_1_53' title="bbox 267 3417 1914 3491">
    <p class='ocr_par' dir='ltr' id='par_1_53' title="bbox 267 3417 1914 3491">
     <span class='ocr_line' id='line_1_53' title="bbox 267 3417 1914 3491; baseline -0.002 -15"><span class='ocrx_word' id='word_1_395' title='bbox 267 3419 398 3477; x_wconf 84' lang='lat' dir='ltr'><strong>ﬁeri</strong></span> <span class='ocrx_word' id='word_1_396' title='bbox 421 3419 671 3488; x_wconf 86' lang='lat' dir='ltr'><strong>salvum,</strong></span> <span class='ocrx_word' id='word_1_397' title='bbox 700 3420 814 3476; x_wconf 92' lang='lat' dir='ltr'><strong>nisi</strong></span> <span class='ocrx_word' id='word_1_398' title='bbox 834 3435 1018 3491; x_wconf 90' lang='lat' dir='ltr'><strong>quem</strong></span> <span class='ocrx_word' id='word_1_399' title='bbox 1049 3419 1286 3474; x_wconf 90' lang='lat' dir='ltr'><strong>salvum</strong></span> <span class='ocrx_word' id='word_1_400' title='bbox 1314 3417 1442 3474; x_wconf 89' lang='lat' dir='ltr'><strong>ﬁeri</strong></span> <span class='ocrx_word' id='word_1_401' title='bbox 1470 3417 1598 3490; x_wconf 88' lang='lat' dir='ltr'><strong>ipse</strong></span> <span class='ocrx_word' id='word_1_402' title='bbox 1631 3417 1914 3484; x_wconf 78' lang='lat' dir='ltr'><strong>voluerit;</strong></span> 
     </span>
    </p>
   </div>
   <div class='ocr_carea' id='block_1_54' title="bbox 262 3505 1918 3582">
    <p class='ocr_par' dir='ltr' id='par_1_54' title="bbox 262 3505 1918 3582">
     <span class='ocr_line' id='line_1_54' title="bbox 262 3505 1918 3582; baseline -0.002 -16"><span class='ocrx_word' id='word_1_403' title='bbox 262 3525 390 3566; x_wconf 90' lang='lat' dir='ltr'><strong>non</strong></span> <span class='ocrx_word' id='word_1_404' title='bbox 428 3507 592 3582; x_wconf 90' lang='lat' dir='ltr'><strong>quod</strong></span> <span class='ocrx_word' id='word_1_405' title='bbox 617 3509 818 3565; x_wconf 90' lang='lat' dir='ltr'><strong>nullus</strong></span> <span class='ocrx_word' id='word_1_406' title='bbox 850 3509 916 3564; x_wconf 91' lang='lat' dir='ltr'><strong>ﬁt</strong></span> <span class='ocrx_word' id='word_1_407' title='bbox 939 3509 1277 3576; x_wconf 90' lang='lat' dir='ltr'><strong>hominum,</strong></span> <span class='ocrx_word' id='word_1_408' title='bbox 1312 3507 1429 3564; x_wconf 89' lang='lat' dir='ltr'><strong>nisi</strong></span> <span class='ocrx_word' id='word_1_409' title='bbox 1467 3522 1646 3580; x_wconf 90' lang='lat' dir='ltr'><strong>quem</strong></span> <span class='ocrx_word' id='word_1_410' title='bbox 1683 3505 1918 3562; x_wconf 89' lang='lat' dir='ltr'><strong>salvum</strong></span> 
     </span>
    </p>
   </div>
   <div class='ocr_carea' id='block_1_55' title="bbox 259 3595 1918 3672">
    <p class='ocr_par' dir='ltr' id='par_1_55' title="bbox 259 3595 1918 3672">
     <span class='ocr_line' id='line_1_55' title="bbox 259 3595 1918 3672; baseline -0.002 -17"><span class='ocrx_word' id='word_1_411' title='bbox 259 3600 391 3656; x_wconf 86' lang='lat' dir='ltr'><strong>ﬁeri</strong></span> <span class='ocrx_word' id='word_1_412' title='bbox 415 3599 572 3669; x_wconf 90' lang='lat' dir='ltr'><strong>velit,</strong></span> <span class='ocrx_word' id='word_1_413' title='bbox 605 3599 711 3655; x_wconf 92' lang='lat' dir='ltr'><strong>sed</strong></span> <span class='ocrx_word' id='word_1_414' title='bbox 729 3599 874 3672; x_wconf 92' lang='lat' dir='ltr'><strong>quia</strong></span> <span class='ocrx_word' id='word_1_415' title='bbox 895 3598 1096 3654; x_wconf 90' lang='lat' dir='ltr'><strong>nullus</strong></span> <span class='ocrx_word' id='word_1_416' title='bbox 1128 3598 1224 3654; x_wconf 89' lang='lat' dir='ltr'><strong>ﬁet</strong></span> <span class='ocrx_word' id='word_1_417' title='bbox 1245 3598 1378 3669; x_wconf 85' lang='lat' dir='ltr'><strong>[al.,</strong></span> <span class='ocrx_word' id='word_1_418' title='bbox 1401 3597 1505 3653; x_wconf 88' lang='lat' dir='ltr'><strong>sed</strong></span> <span class='ocrx_word' id='word_1_419' title='bbox 1524 3597 1690 3671; x_wconf 89' lang='lat' dir='ltr'><strong>quod</strong></span> <span class='ocrx_word' id='word_1_420' title='bbox 1716 3595 1918 3652; x_wconf 89' lang='lat' dir='ltr'><strong>nullus</strong></span> 
     </span>
    </p>
   </div>
   <div class='ocr_carea' id='block_1_56' title="bbox 259 3685 1920 3762">
    <p class='ocr_par' dir='ltr' id='par_1_56' title="bbox 259 3685 1920 3762">
     <span class='ocr_line' id='line_1_56' title="bbox 259 3685 1920 3762; baseline -0.002 -18"><span class='ocrx_word' id='word_1_421' title='bbox 259 3689 411 3757; x_wconf 87' lang='lat' dir='ltr'><strong>fiat],</strong></span> <span class='ocrx_word' id='word_1_422' title='bbox 439 3689 553 3744; x_wconf 89' lang='lat' dir='ltr'><strong>nisi</strong></span> <span class='ocrx_word' id='word_1_423' title='bbox 583 3705 767 3762; x_wconf 91' lang='lat' dir='ltr'><strong>quem</strong></span> <span class='ocrx_word' id='word_1_424' title='bbox 796 3687 972 3756; x_wconf 83' lang='lat' dir='ltr'><strong>velit;</strong></span> <span class='ocrx_word' id='word_1_425' title='bbox 1003 3692 1061 3742; x_wconf 91' lang='lat' dir='ltr'><strong>et</strong></span> <span class='ocrx_word' id='word_1_426' title='bbox 1101 3686 1237 3742; x_wconf 87' lang='lat' dir='ltr'><strong>ideo</strong></span> <span class='ocrx_word' id='word_1_427' title='bbox 1281 3686 1354 3742; x_wconf 92' lang='lat' dir='ltr'><strong>sit</strong></span> <span class='ocrx_word' id='word_1_428' title='bbox 1393 3685 1702 3757; x_wconf 89' lang='lat' dir='ltr'><strong>rogandus</strong></span> <span class='ocrx_word' id='word_1_429' title='bbox 1730 3689 1796 3742; x_wconf 92' lang='lat' dir='ltr'><strong>ut</strong></span> <span class='ocrx_word' id='word_1_430' title='bbox 1823 3701 1920 3741; x_wconf 90' lang='lat' dir='ltr'><strong>ve-</strong></span> 
     </span>
    </p>
   </div>
   <div class='ocr_carea' id='block_1_57' title="bbox 260 3774 1920 3850">
    <p class='ocr_par' dir='ltr' id='par_1_57' title="bbox 260 3774 1920 3850">
     <span class='ocr_line' id='line_1_57' title="bbox 260 3774 1920 3850; baseline -0.002 -18"><span class='ocrx_word' id='word_1_431' title='bbox 260 3775 349 3844; x_wconf 89' lang='lat' dir='ltr'><strong>lit,</strong></span> <span class='ocrx_word' id='word_1_432' title='bbox 397 3777 542 3850; x_wconf 91' lang='lat' dir='ltr'><strong>quia</strong></span> <span class='ocrx_word' id='word_1_433' title='bbox 578 3792 824 3833; x_wconf 89' lang='lat' dir='ltr'><strong>necesse</strong></span> <span class='ocrx_word' id='word_1_434' title='bbox 853 3779 942 3832; x_wconf 92' lang='lat' dir='ltr'><strong>est</strong></span> <span class='ocrx_word' id='word_1_435' title='bbox 979 3775 1109 3832; x_wconf 88' lang='lat' dir='ltr'><strong>ﬁeri</strong></span> <span class='ocrx_word' id='word_1_436' title='bbox 1147 3776 1197 3832; x_wconf 91' lang='lat' dir='ltr'><strong>si</strong></span> <span class='ocrx_word' id='word_1_437' title='bbox 1235 3775 1508 3832; x_wconf 89' lang='lat' dir='ltr'><strong>voluerit.</strong></span> <span class='ocrx_word' id='word_1_438' title='bbox 1560 3778 1642 3831; x_wconf 90' lang='lat' dir='ltr'><strong>De</strong></span> <span class='ocrx_word' id='word_1_439' title='bbox 1688 3774 1920 3831; x_wconf 92' lang='lat' dir='ltr'><strong>orando</strong></span> 
     </span>
    </p>
   </div>
   <div class='ocr_carea' id='block_1_58' title="bbox 263 3863 1920 3938">
    <p class='ocr_par' dir='ltr' id='par_1_58' title="bbox 263 3863 1920 3938">
     <span class='ocr_line' id='line_1_58' title="bbox 263 3863 1920 3938; baseline -0.002 -18"><span class='ocrx_word' id='word_1_440' title='bbox 263 3865 490 3938; x_wconf 89' lang='lat' dir='ltr'><strong>quippe</strong></span> <span class='ocrx_word' id='word_1_441' title='bbox 515 3867 636 3922; x_wconf 93' lang='lat' dir='ltr'><strong>Deo</strong></span> <span class='ocrx_word' id='word_1_442' title='bbox 666 3865 886 3935; x_wconf 90' lang='lat' dir='ltr'><strong>agebat</strong></span> <span class='ocrx_word' id='word_1_443' title='bbox 912 3864 1253 3936; x_wconf 83' lang='lat' dir='ltr'><strong>Apostolus,</strong></span> <span class='ocrx_word' id='word_1_444' title='bbox 1287 3869 1350 3920; x_wconf 92' lang='lat' dir='ltr'><strong>ut</strong></span> <span class='ocrx_word' id='word_1_445' title='bbox 1373 3864 1489 3918; x_wconf 92' lang='lat' dir='ltr'><strong>hoc</strong></span> <span class='ocrx_word' id='word_1_446' title='bbox 1532 3863 1773 3920; x_wconf 88' lang='lat' dir='ltr'><strong>diceret.</strong></span> <span class='ocrx_word' id='word_1_447' title='bbox 1827 3863 1920 3919; x_wconf 91' lang='lat' dir='ltr'><strong>Sic</strong></span> 
     </span>
    </p>
   </div>
   <div class='ocr_carea' id='block_1_59' title="bbox 265 3951 1922 4026">
    <p class='ocr_par' dir='ltr' id='par_1_59' title="bbox 265 3951 1922 4026">
     <span class='ocr_line' id='line_1_59' title="bbox 265 3951 1922 4026; baseline -0.002 -16"><span class='ocrx_word' id='word_1_448' title='bbox 265 3955 427 4010; x_wconf 87' lang='lat' dir='ltr'><strong>enim</strong></span> <span class='ocrx_word' id='word_1_449' title='bbox 457 3954 842 4023; x_wconf 89' lang='lat' dir='ltr'><strong>intelligimus</strong></span> <span class='ocrx_word' id='word_1_450' title='bbox 869 3953 930 4009; x_wconf 92' lang='lat' dir='ltr'><strong>id</strong></span> <span class='ocrx_word' id='word_1_451' title='bbox 967 3953 1131 4026; x_wconf 94' lang='lat' dir='ltr'><strong>quod</strong></span> <span class='ocrx_word' id='word_1_452' title='bbox 1163 3952 1225 4008; x_wconf 92' lang='lat' dir='ltr'><strong>in</strong></span> <span class='ocrx_word' id='word_1_453' title='bbox 1271 3951 1588 4022; x_wconf 90' lang='lat' dir='ltr'><strong>Evangelio</strong></span> <span class='ocrx_word' id='word_1_454' title='bbox 1633 3952 1922 4024; x_wconf 88' lang='lat' dir='ltr'><strong>scriptum</strong></span> 
     </span>
    </p>
   </div>
   <div class='ocr_carea' id='block_1_60' title="bbox 263 4040 1921 4112">
    <p class='ocr_par' dir='ltr' id='par_1_60' title="bbox 263 4040 1921 4112">
     <span class='ocr_line' id='line_1_60' title="bbox 263 4040 1921 4112; baseline -0.004 -12"><span class='ocrx_word' id='word_1_455' title='bbox 263 4048 356 4100; x_wconf 90' lang='lat' dir='ltr'><strong>est</strong></span> <span class='ocrx_word' id='word_1_456' title='bbox 387 4061 399 4097; x_wconf 90' lang='lat'>:</span> <span class='ocrx_word' id='word_1_457' title='bbox 436 4044 550 4110; x_wconf 86' lang='lat' dir='ltr'><strong>Qui</strong></span> <span class='ocrx_word' id='word_1_458' title='bbox 574 4045 884 4100; x_wconf 85' lang='lat' dir='ltr'><strong>illuminat</strong></span> <span class='ocrx_word' id='word_1_459' title='bbox 931 4058 1160 4099; x_wconf 88' lang='lat' dir='ltr'><strong>omnem</strong></span> <span class='ocrx_word' id='word_1_460' title='bbox 1207 4041 1501 4098; x_wconf 84' lang='lat' dir='ltr'><strong>hominem</strong></span> <span class='ocrx_word' id='word_1_461' title='bbox 1540 4041 1740 4112; x_wconf 84' lang='lat' dir='ltr'><strong>(Joan.</strong></span> <span class='ocrx_word' id='word_1_462' title='bbox 1771 4057 1812 4105; x_wconf 81' lang='grc' dir='ltr'><strong>ι,</strong></span> <span class='ocrx_word' id='word_1_463' title='bbox 1843 4040 1921 4111; x_wconf 88' lang='lat'><strong>9).</strong></span> 
     </span>
    </p>
   </div>
   <div class='ocr_carea' id='block_1_61' title="bbox 265 4128 1924 4205">
    <p class='ocr_par' dir='ltr' id='par_1_61' title="bbox 265 4128 1924 4205">
     <span class='ocr_line' id='line_1_61' title="bbox 265 4128 1924 4205; baseline -0.002 -16"><span class='ocrx_word' id='word_1_464' title='bbox 265 4136 397 4189; x_wconf 91' lang='lat' dir='ltr'><strong>Non</strong></span> <span class='ocrx_word' id='word_1_465' title='bbox 425 4133 570 4205; x_wconf 86' lang='lat' dir='ltr'><strong>quia</strong></span> <span class='ocrx_word' id='word_1_466' title='bbox 598 4132 800 4188; x_wconf 88' lang='lat' dir='ltr'><strong>nullus</strong></span> <span class='ocrx_word' id='word_1_467' title='bbox 829 4136 918 4189; x_wconf 88' lang='lat' dir='ltr'><strong>est</strong></span> <span class='ocrx_word' id='word_1_468' title='bbox 942 4131 1284 4197; x_wconf 84' lang='lat' dir='ltr'><strong>hominum,</strong></span> <span class='ocrx_word' id='word_1_469' title='bbox 1327 4129 1431 4202; x_wconf 91' lang='lat' dir='ltr'><strong>qui</strong></span> <span class='ocrx_word' id='word_1_470' title='bbox 1478 4144 1603 4185; x_wconf 93' lang='lat' dir='ltr'><strong>non</strong></span> <span class='ocrx_word' id='word_1_471' title='bbox 1630 4128 1924 4186; x_wconf 86' lang='lat' dir='ltr'><strong>illumine—</strong></span> 
     </span>
    </p>
   </div>
   <div class='ocr_carea' id='block_1_62' title="bbox 263 4217 1926 4294">
    <p class='ocr_par' dir='ltr' id='par_1_62' title="bbox 263 4217 1926 4294">
     <span class='ocr_line' id='line_1_62' title="bbox 263 4217 1926 4294; baseline -0.002 -17"><span class='ocrx_word' id='word_1_472' title='bbox 263 4225 387 4284; x_wconf 90' lang='lat' dir='ltr'><strong>tur,</strong></span> <span class='ocrx_word' id='word_1_473' title='bbox 432 4221 541 4277; x_wconf 83' lang='lat' dir='ltr'><strong>sed</strong></span> <span class='ocrx_word' id='word_1_474' title='bbox 563 4220 712 4294; x_wconf 90' lang='lat' dir='ltr'><strong>quia</strong></span> <span class='ocrx_word' id='word_1_475' title='bbox 738 4219 852 4276; x_wconf 91' lang='lat' dir='ltr'><strong>nisi</strong></span> <span class='ocrx_word' id='word_1_476' title='bbox 881 4220 960 4277; x_wconf 91' lang='lat' dir='ltr'><strong>ab</strong></span> <span class='ocrx_word' id='word_1_477' title='bbox 990 4219 1122 4293; x_wconf 93' lang='lat' dir='ltr'><strong>ipso</strong></span> <span class='ocrx_word' id='word_1_478' title='bbox 1152 4218 1350 4274; x_wconf 90' lang='lat' dir='ltr'><strong>nullus</strong></span> <span class='ocrx_word' id='word_1_479' title='bbox 1392 4217 1779 4274; x_wconf 88' lang='lat' dir='ltr'><strong>illuminatur.</strong></span> <span class='ocrx_word' id='word_1_480' title='bbox 1811 4221 1926 4274; x_wconf 88' lang='lat' dir='ltr'><strong>Aut</strong></span> 
     </span>
    </p>
   </div>
   <div class='ocr_carea' id='block_1_63' title="bbox 2015 1723 3682 1802">
    <p class='ocr_par' dir='ltr' id='par_1_63' title="bbox 2015 1723 3682 1802">
     <span class='ocr_line' id='line_1_63' title="bbox 2015 1723 3682 1802; baseline 0.01 -23"><span class='ocrx_word' id='word_1_481' title='bbox 2015 1723 2144 1795; x_wconf 91' lang='lat' dir='ltr'><strong>jam</strong></span> <span class='ocrx_word' id='word_1_482' title='bbox 2174 1725 2450 1783; x_wconf 89' lang='lat' dir='ltr'><strong>videmus</strong></span> <span class='ocrx_word' id='word_1_483' title='bbox 2485 1727 2820 1802; x_wconf 89' lang='lat' dir='ltr'><strong>impletum.</strong></span> <span class='ocrx_word' id='word_1_484' title='bbox 2875 1735 2988 1788; x_wconf 90' lang='lat' dir='ltr'><strong>[sto</strong></span> <span class='ocrx_word' id='word_1_485' title='bbox 3037 1733 3353 1791; x_wconf 92' lang='lat' dir='ltr'><strong>locutionis</strong></span> <span class='ocrx_word' id='word_1_486' title='bbox 3393 1739 3580 1795; x_wconf 90' lang='lat' dir='ltr'><strong>modo</strong></span> <span class='ocrx_word' id='word_1_487' title='bbox 3623 1741 3682 1795; x_wconf 86' lang='lat' dir='ltr'><strong>et</strong></span> 
     </span>
    </p>
   </div>
   <div class='ocr_carea' id='block_1_64' title="bbox 2019 1815 3676 1889">
    <p class='ocr_par' dir='ltr' id='par_1_64' title="bbox 2019 1815 3676 1889">
     <span class='ocr_line' id='line_1_64' title="bbox 2019 1815 3676 1889; baseline 0.01 -22"><span class='ocrx_word' id='word_1_488' title='bbox 2019 1815 2309 1871; x_wconf 89' lang='lat' dir='ltr'><strong>Dominus</strong></span> <span class='ocrx_word' id='word_1_489' title='bbox 2332 1832 2477 1873; x_wconf 91' lang='lat' dir='ltr'><strong>usus</strong></span> <span class='ocrx_word' id='word_1_490' title='bbox 2504 1823 2596 1874; x_wconf 92' lang='lat' dir='ltr'><strong>est</strong></span> <span class='ocrx_word' id='word_1_491' title='bbox 2619 1819 2681 1874; x_wconf 91' lang='lat' dir='ltr'><strong>in</strong></span> <span class='ocrx_word' id='word_1_492' title='bbox 2713 1820 3052 1889; x_wconf 89' lang='lat' dir='ltr'><strong>Evangelio,</strong></span> <span class='ocrx_word' id='word_1_493' title='bbox 3085 1823 3188 1879; x_wconf 89' lang='lat' dir='ltr'><strong>ubi</strong></span> <span class='ocrx_word' id='word_1_494' title='bbox 3209 1825 3289 1880; x_wconf 88' lang='lat' dir='ltr'><strong>ait</strong></span> <span class='ocrx_word' id='word_1_495' title='bbox 3317 1825 3636 1884; x_wconf 77' lang='lat' dir='ltr'><strong>Pharisaeis</strong></span> <span class='ocrx_word' id='word_1_496' title='bbox 3660 1845 3676 1884; x_wconf 87' lang='lat'><strong>:</strong></span> 
     </span>
    </p>
   </div>
   <div class='ocr_carea' id='block_1_65' title="bbox 2018 1904 3676 1987">
    <p class='ocr_par' dir='ltr' id='par_1_65' title="bbox 2018 1904 3676 1987">
     <span class='ocr_line' id='line_1_65' title="bbox 2018 1904 3676 1987; baseline 0.008 -28"><span class='ocrx_word' id='word_1_497' title='bbox 2018 1904 2341 1961; x_wconf 87' lang='lat' dir='ltr'><strong>Decimatis</strong></span> <span class='ocrx_word' id='word_1_498' title='bbox 2372 1908 2676 1964; x_wconf 87' lang='lat' dir='ltr'><strong>mentham</strong></span> <span class='ocrx_word' id='word_1_499' title='bbox 2707 1915 2760 1964; x_wconf 91' lang='lat' dir='ltr'><strong>et</strong></span> <span class='ocrx_word' id='word_1_500' title='bbox 2787 1915 3008 1980; x_wconf 82' lang='lat' dir='ltr'><strong>rutam,</strong></span> <span class='ocrx_word' id='word_1_501' title='bbox 3036 1918 3093 1967; x_wconf 89' lang='lat' dir='ltr'><strong>et</strong></span> <span class='ocrx_word' id='word_1_502' title='bbox 3122 1928 3293 1969; x_wconf 88' lang='lat' dir='ltr'><strong>omne</strong></span> <span class='ocrx_word' id='word_1_503' title='bbox 3335 1916 3466 1970; x_wconf 88' lang='lat' dir='ltr'><strong>olus</strong></span> <span class='ocrx_word' id='word_1_504' title='bbox 3505 1918 3676 1987; x_wconf 87' lang='lat' dir='ltr'><strong>(Luc,</strong></span> 
     </span>
    </p>
   </div>
   <div class='ocr_carea' id='block_1_66' title="bbox 2024 1993 3682 2075">
    <p class='ocr_par' dir='ltr' id='par_1_66' title="bbox 2024 1993 3682 2075">
     <span class='ocr_line' id='line_1_66' title="bbox 2024 1993 3682 2075; baseline 0.01 -30"><span class='ocrx_word' id='word_1_505' title='bbox 2024 2008 2100 2058; x_wconf 75' lang='lat' dir='ltr'><strong>xx,</strong></span> <span class='ocrx_word' id='word_1_506' title='bbox 2132 1993 2244 2064; x_wconf 81' lang='grc'><strong>42).</strong></span> <span class='ocrx_word' id='word_1_507' title='bbox 2271 1997 2473 2066; x_wconf 88' lang='lat' dir='ltr'><strong>Neque</strong></span> <span class='ocrx_word' id='word_1_508' title='bbox 2492 1996 2654 2052; x_wconf 90' lang='lat' dir='ltr'><strong>enim</strong></span> <span class='ocrx_word' id='word_1_509' title='bbox 2676 1997 2961 2053; x_wconf 81' lang='lat' dir='ltr'><strong>Pharisaei</strong></span> <span class='ocrx_word' id='word_1_510' title='bbox 2980 2004 3036 2055; x_wconf 90' lang='lat' dir='ltr'><strong>et</strong></span> <span class='ocrx_word' id='word_1_511' title='bbox 3055 2017 3454 2075; x_wconf 82' lang='lat' dir='ltr'><strong>quaecumque</strong></span> <span class='ocrx_word' id='word_1_512' title='bbox 3484 2003 3682 2062; x_wconf 90' lang='lat' dir='ltr'><strong>aliena</strong></span> 
     </span>
    </p>
   </div>
   <div class='ocr_carea' id='block_1_67' title="bbox 2020 2080 3681 2158">
    <p class='ocr_par' dir='ltr' id='par_1_67' title="bbox 2020 2080 3681 2158">
     <span class='ocr_line' id='line_1_67' title="bbox 2020 2080 3681 2158; baseline 0.01 -23"><span class='ocrx_word' id='word_1_513' title='bbox 2020 2083 2078 2136; x_wconf 89' lang='lat' dir='ltr'><strong>et</strong></span> <span class='ocrx_word' id='word_1_514' title='bbox 2104 2080 2379 2137; x_wconf 90' lang='lat' dir='ltr'><strong>omnium</strong></span> <span class='ocrx_word' id='word_1_515' title='bbox 2405 2098 2512 2154; x_wconf 91' lang='lat' dir='ltr'><strong>per</strong></span> <span class='ocrx_word' id='word_1_516' title='bbox 2531 2099 2743 2140; x_wconf 89' lang='lat' dir='ltr'><strong>omnes</strong></span> <span class='ocrx_word' id='word_1_517' title='bbox 2763 2090 2947 2142; x_wconf 82' lang='lat' dir='ltr'><strong>terras</strong></span> <span class='ocrx_word' id='word_1_518' title='bbox 2969 2087 3442 2158; x_wconf 90' lang='lat' dir='ltr'><strong>alienigenarum</strong></span> <span class='ocrx_word' id='word_1_519' title='bbox 3473 2093 3681 2151; x_wconf 88' lang='lat' dir='ltr'><strong>omnia</strong></span> 
     </span>
    </p>
   </div>
   <div class='ocr_carea' id='block_1_68' title="bbox 2021 2169 3681 2249">
    <p class='ocr_par' dir='ltr' id='par_1_68' title="bbox 2021 2169 3681 2249">
     <span class='ocr_line' id='line_1_68' title="bbox 2021 2169 3681 2249; baseline 0.008 -24"><span class='ocrx_word' id='word_1_520' title='bbox 2021 2169 2184 2226; x_wconf 87' lang='lat' dir='ltr'><strong>olera</strong></span> <span class='ocrx_word' id='word_1_521' title='bbox 2211 2170 2614 2230; x_wconf 90' lang='lat' dir='ltr'><strong>decimabant.</strong></span> <span class='ocrx_word' id='word_1_522' title='bbox 2651 2175 2809 2232; x_wconf 90' lang='lat' dir='ltr'><strong>Sicut</strong></span> <span class='ocrx_word' id='word_1_523' title='bbox 2838 2191 2980 2246; x_wconf 90' lang='lat' dir='ltr'><strong>ergo</strong></span> <span class='ocrx_word' id='word_1_524' title='bbox 3009 2179 3105 2234; x_wconf 89' lang='lat' dir='ltr'><strong>hic</strong></span> <span class='ocrx_word' id='word_1_525' title='bbox 3129 2194 3300 2236; x_wconf 88' lang='lat' dir='ltr'><strong>omne</strong></span> <span class='ocrx_word' id='word_1_526' title='bbox 3319 2182 3470 2249; x_wconf 91' lang='lat' dir='ltr'><strong>olus,</strong></span> <span class='ocrx_word' id='word_1_527' title='bbox 3497 2198 3681 2240; x_wconf 90' lang='lat' dir='ltr'><strong>omne</strong></span> 
     </span>
    </p>
   </div>
   <div class='ocr_carea' id='block_1_69' title="bbox 2023 2258 3682 2335">
    <p class='ocr_par' dir='ltr' id='par_1_69' title="bbox 2023 2258 3682 2335">
     <span class='ocr_line' id='line_1_69' title="bbox 2023 2258 3682 2335; baseline 0.01 -22"><span class='ocrx_word' id='word_1_528' title='bbox 2023 2258 2254 2314; x_wconf 90' lang='lat' dir='ltr'><strong>olerum</strong></span> <span class='ocrx_word' id='word_1_529' title='bbox 2285 2275 2495 2330; x_wconf 91' lang='lat' dir='ltr'><strong>genus,</strong></span> <span class='ocrx_word' id='word_1_530' title='bbox 2520 2261 2602 2319; x_wconf 90' lang='lat' dir='ltr'><strong>ita</strong></span> <span class='ocrx_word' id='word_1_531' title='bbox 2633 2267 2690 2318; x_wconf 91' lang='lat' dir='ltr'><strong>et</strong></span> <span class='ocrx_word' id='word_1_532' title='bbox 2711 2262 2827 2320; x_wconf 92' lang='lat' dir='ltr'><strong>illic</strong></span> <span class='ocrx_word' id='word_1_533' title='bbox 2850 2281 3047 2322; x_wconf 80' lang='lat' dir='ltr'><strong>omnes</strong></span> <span class='ocrx_word' id='word_1_534' title='bbox 3065 2268 3351 2335; x_wconf 81' lang='lat' dir='ltr'><strong>homines,</strong></span> <span class='ocrx_word' id='word_1_535' title='bbox 3375 2285 3555 2327; x_wconf 89' lang='lat' dir='ltr'><strong>omne</strong></span> <span class='ocrx_word' id='word_1_536' title='bbox 3574 2272 3682 2329; x_wconf 90' lang='lat' dir='ltr'><strong>ho-</strong></span> 
     </span>
    </p>
   </div>
   <div class='ocr_carea' id='block_1_70' title="bbox 2022 2347 3683 2432">
    <p class='ocr_par' dir='ltr' id='par_1_70' title="bbox 2022 2347 3683 2432">
     <span class='ocr_line' id='line_1_70' title="bbox 2022 2347 3683 2432; baseline 0.01 -31"><span class='ocrx_word' id='word_1_537' title='bbox 2022 2347 2256 2403; x_wconf 92' lang='lat' dir='ltr'><strong>minum</strong></span> <span class='ocrx_word' id='word_1_538' title='bbox 2305 2364 2496 2418; x_wconf 92' lang='lat' dir='ltr'><strong>genus</strong></span> <span class='ocrx_word' id='word_1_539' title='bbox 2543 2350 2868 2422; x_wconf 89' lang='lat' dir='ltr'><strong>intelligere</strong></span> <span class='ocrx_word' id='word_1_540' title='bbox 2914 2370 3242 2426; x_wconf 90' lang='lat' dir='ltr'><strong>possumus</strong></span> <span class='ocrx_word' id='word_1_541' title='bbox 3275 2374 3288 2412; x_wconf 90' lang='lat'><strong>:</strong></span> <span class='ocrx_word' id='word_1_542' title='bbox 3322 2362 3379 2415; x_wconf 89' lang='lat' dir='ltr'><strong>et</strong></span> <span class='ocrx_word' id='word_1_543' title='bbox 3414 2374 3683 2432; x_wconf 87' lang='lat' dir='ltr'><strong>quocun-</strong></span> 
     </span>
    </p>
   </div>
   <div class='ocr_carea' id='block_1_71' title="bbox 2021 2437 3682 2516">
    <p class='ocr_par' dir='ltr' id='par_1_71' title="bbox 2021 2437 3682 2516">
     <span class='ocr_line' id='line_1_71' title="bbox 2021 2437 3682 2516; baseline 0.01 -25"><span class='ocrx_word' id='word_1_544' title='bbox 2021 2452 2141 2509; x_wconf 91' lang='lat' dir='ltr'><strong>que</strong></span> <span class='ocrx_word' id='word_1_545' title='bbox 2170 2437 2286 2493; x_wconf 92' lang='lat' dir='ltr'><strong>alio</strong></span> <span class='ocrx_word' id='word_1_546' title='bbox 2315 2439 2500 2496; x_wconf 93' lang='lat' dir='ltr'><strong>modo</strong></span> <span class='ocrx_word' id='word_1_547' title='bbox 2529 2440 2774 2512; x_wconf 90' lang='lat' dir='ltr'><strong>intelligi</strong></span> <span class='ocrx_word' id='word_1_548' title='bbox 2790 2449 3008 2516; x_wconf 90' lang='lat' dir='ltr'><strong>potest,</strong></span> <span class='ocrx_word' id='word_1_549' title='bbox 3033 2445 3182 2502; x_wconf 88' lang='lat' dir='ltr'><strong>dum</strong></span> <span class='ocrx_word' id='word_1_550' title='bbox 3209 2451 3412 2505; x_wconf 91' lang='lat' dir='ltr'><strong>tamen</strong></span> <span class='ocrx_word' id='word_1_551' title='bbox 3440 2450 3682 2506; x_wconf 66' lang='lat' dir='ltr'><strong>eradere</strong></span> 
     </span>
    </p>
   </div>
   <div class='ocr_carea' id='block_1_72' title="bbox 2023 2529 3684 2606">
    <p class='ocr_par' dir='ltr' id='par_1_72' title="bbox 2023 2529 3684 2606">
     <span class='ocr_line' id='line_1_72' title="bbox 2023 2529 3684 2606; baseline 0.008 -26"><span class='ocrx_word' id='word_1_552' title='bbox 2023 2541 2147 2581; x_wconf 91' lang='lat' dir='ltr'><strong>non</strong></span> <span class='ocrx_word' id='word_1_553' title='bbox 2169 2542 2460 2597; x_wconf 89' lang='lat' dir='ltr'><strong>cogamur</strong></span> <span class='ocrx_word' id='word_1_554' title='bbox 2481 2529 2707 2603; x_wconf 90' lang='lat' dir='ltr'><strong>aliquid</strong></span> <span class='ocrx_word' id='word_1_555' title='bbox 2727 2532 3200 2606; x_wconf 89' lang='lat' dir='ltr'><strong>omnipotentem</strong></span> <span class='ocrx_word' id='word_1_556' title='bbox 3217 2537 3408 2593; x_wconf 92' lang='lat' dir='ltr'><strong>Deum</strong></span> <span class='ocrx_word' id='word_1_557' title='bbox 3422 2537 3684 2595; x_wconf 85' lang='lat' dir='ltr'><strong>voluisse</strong></span> 
     </span>
    </p>
   </div>
   <div class='ocr_carea' id='block_1_73' title="bbox 2022 2614 3684 2698">
    <p class='ocr_par' dir='ltr' id='par_1_73' title="bbox 2022 2614 3684 2698">
     <span class='ocr_line' id='line_1_73' title="bbox 2022 2614 3684 2698; baseline 0.01 -29"><span class='ocrx_word' id='word_1_558' title='bbox 2022 2614 2173 2681; x_wconf 90' lang='lat' dir='ltr'><strong>ﬁeri,</strong></span> <span class='ocrx_word' id='word_1_559' title='bbox 2204 2615 2551 2691; x_wconf 88' lang='lat' dir='ltr'><strong>factumque</strong></span> <span class='ocrx_word' id='word_1_560' title='bbox 2580 2636 2702 2676; x_wconf 93' lang='lat' dir='ltr'><strong>non</strong></span> <span class='ocrx_word' id='word_1_561' title='bbox 2733 2637 2863 2678; x_wconf 89' lang='lat' dir='ltr'><strong>esse</strong></span> <span class='ocrx_word' id='word_1_562' title='bbox 2895 2641 2908 2678; x_wconf 91' lang='lat'><strong>:</strong></span> <span class='ocrx_word' id='word_1_563' title='bbox 2937 2623 3043 2696; x_wconf 91' lang='lat' dir='ltr'><strong>qui</strong></span> <span class='ocrx_word' id='word_1_564' title='bbox 3067 2624 3192 2681; x_wconf 91' lang='lat' dir='ltr'><strong>sine</strong></span> <span class='ocrx_word' id='word_1_565' title='bbox 3221 2625 3358 2682; x_wconf 89' lang='lat' dir='ltr'><strong>ullis</strong></span> <span class='ocrx_word' id='word_1_566' title='bbox 3387 2627 3684 2698; x_wconf 86' lang='lat' dir='ltr'><strong>ambigui-</strong></span> 
     </span>
    </p>
   </div>
   <div class='ocr_carea' id='block_1_74' title="bbox 2023 2705 3688 2781">
    <p class='ocr_par' dir='ltr' id='par_1_74' title="bbox 2023 2705 3688 2781">
     <span class='ocr_line' id='line_1_74' title="bbox 2023 2705 3688 2781; baseline 0.008 -20"><span class='ocrx_word' id='word_1_567' title='bbox 2023 2705 2244 2761; x_wconf 88' lang='lat' dir='ltr'><strong>tatibus</strong></span> <span class='ocrx_word' id='word_1_568' title='bbox 2274 2707 2322 2761; x_wconf 90' lang='lat' dir='ltr'><strong>si</strong></span> <span class='ocrx_word' id='word_1_569' title='bbox 2351 2709 2416 2763; x_wconf 87' lang='lat' dir='ltr'><strong>in</strong></span> <span class='ocrx_word' id='word_1_570' title='bbox 2446 2711 2593 2766; x_wconf 65' lang='lat' dir='ltr'><strong>caelo</strong></span> <span class='ocrx_word' id='word_1_571' title='bbox 2623 2716 2680 2766; x_wconf 92' lang='lat' dir='ltr'><strong>et</strong></span> <span class='ocrx_word' id='word_1_572' title='bbox 2701 2727 2764 2767; x_wconf 82' lang='lat' dir='ltr'><strong>in</strong></span> <span class='ocrx_word' id='word_1_573' title='bbox 2796 2717 2982 2781; x_wconf 71' lang='lat' dir='ltr'><strong>terra,</strong></span> <span class='ocrx_word' id='word_1_574' title='bbox 3012 2713 3166 2770; x_wconf 90' lang='lat' dir='ltr'><strong>sicut</strong></span> <span class='ocrx_word' id='word_1_575' title='bbox 3191 2717 3250 2771; x_wconf 89' lang='lat' dir='ltr'><strong>et</strong></span> <span class='ocrx_word' id='word_1_576' title='bbox 3277 2715 3508 2773; x_wconf 88' lang='lat' dir='ltr'><strong>Veritas</strong></span> <span class='ocrx_word' id='word_1_577' title='bbox 3548 2733 3688 2775; x_wconf 89' lang='lat' dir='ltr'><strong>can-</strong></span> 
     </span>
    </p>
   </div>
   <div class='ocr_carea' id='block_1_75' title="bbox 2023 2797 3684 2879">
    <p class='ocr_par' dir='ltr' id='par_1_75' title="bbox 2023 2797 3684 2879">
     <span class='ocr_line' id='line_1_75' title="bbox 2023 2797 3684 2879; baseline 0.008 -29"><span class='ocrx_word' id='word_1_578' title='bbox 2023 2797 2128 2863; x_wconf 86' lang='lat' dir='ltr'><strong>tat,</strong></span> <span class='ocrx_word' id='word_1_579' title='bbox 2160 2799 2359 2854; x_wconf 89' lang='lat' dir='ltr'><strong>omnia</strong></span> <span class='ocrx_word' id='word_1_580' title='bbox 2390 2813 2758 2871; x_wconf 70' lang='lat' dir='ltr'><strong>quaecunque</strong></span> <span class='ocrx_word' id='word_1_581' title='bbox 2784 2804 2977 2858; x_wconf 87' lang='lat' dir='ltr'><strong>voluit</strong></span> <span class='ocrx_word' id='word_1_582' title='bbox 2995 2804 3142 2872; x_wconf 81' lang='lat' dir='ltr'><strong>fecit</strong></span> <span class='ocrx_word' id='word_1_583' title='bbox 3171 2804 3356 2874; x_wconf 92' lang='lat' dir='ltr'><strong>(Psal.</strong></span> <span class='ocrx_word' id='word_1_584' title='bbox 3387 2822 3536 2870; x_wconf 85' lang='lat' dir='ltr'><strong>cxm,</strong></span> <span class='ocrx_word' id='word_1_585' title='bbox 3573 2809 3684 2879; x_wconf 83' lang='lat' dir='ltr'><strong>ll),</strong></span> 
     </span>
    </p>
   </div>
   <div class='ocr_carea' id='block_1_76' title="bbox 2024 2884 3498 2963">
    <p class='ocr_par' dir='ltr' id='par_1_76' title="bbox 2024 2884 3498 2963">
     <span class='ocr_line' id='line_1_76' title="bbox 2024 2884 3498 2963; baseline 0.007 -24"><span class='ocrx_word' id='word_1_586' title='bbox 2024 2884 2289 2956; x_wconf 91' lang='lat' dir='ltr'><strong>profecto</strong></span> <span class='ocrx_word' id='word_1_587' title='bbox 2319 2885 2511 2942; x_wconf 90' lang='lat' dir='ltr'><strong>facere</strong></span> <span class='ocrx_word' id='word_1_588' title='bbox 2541 2888 2731 2944; x_wconf 91' lang='lat' dir='ltr'><strong>noluit</strong></span> <span class='ocrx_word' id='word_1_589' title='bbox 2759 2891 3166 2963; x_wconf 89' lang='lat' dir='ltr'><strong>quodcunque</strong></span> <span class='ocrx_word' id='word_1_590' title='bbox 3195 2908 3317 2948; x_wconf 93' lang='lat' dir='ltr'><strong>non</strong></span> <span class='ocrx_word' id='word_1_591' title='bbox 3345 2893 3498 2949; x_wconf 83' lang='lat' dir='ltr'><strong>fecit.</strong></span> 
     </span>
    </p>
   </div>
   <div class='ocr_carea' id='block_1_77' title="bbox 2095 2974 3680 3051">
    <p class='ocr_par' dir='ltr' id='par_1_77' title="bbox 2095 2974 3680 3051">
     <span class='ocr_line' id='line_1_77' title="bbox 2095 2974 3680 3051; baseline 0.006 -21"><span class='ocrx_word' id='word_1_592' title='bbox 2095 2974 2257 3045; x_wconf 90' lang='lat' dir='ltr'><strong>(Cap.</strong></span> <span class='ocrx_word' id='word_1_593' title='bbox 2295 2976 2434 3046; x_wconf 68' lang='lat'><strong>104.)</strong></span> <span class='ocrx_word' id='word_1_594' title='bbox 2468 2978 2842 3050; x_wconf 89' lang='lat' dir='ltr'><strong>Quapropter</strong></span> <span class='ocrx_word' id='word_1_595' title='bbox 2871 2979 3049 3034; x_wconf 90' lang='lat' dir='ltr'><strong>etiam</strong></span> <span class='ocrx_word' id='word_1_596' title='bbox 3083 2981 3346 3051; x_wconf 91' lang='lat' dir='ltr'><strong>primum</strong></span> <span class='ocrx_word' id='word_1_597' title='bbox 3368 2983 3680 3040; x_wconf 89' lang='lat' dir='ltr'><strong>hominem</strong></span> 
     </span>
    </p>
   </div>
   <div class='ocr_carea' id='block_1_78' title="bbox 2025 3063 3682 3137">
    <p class='ocr_par' dir='ltr' id='par_1_78' title="bbox 2025 3063 3682 3137">
     <span class='ocr_line' id='line_1_78' title="bbox 2025 3063 3682 3137; baseline 0.008 -22"><span class='ocrx_word' id='word_1_598' title='bbox 2025 3064 2179 3116; x_wconf 91' lang='lat' dir='ltr'><strong>Deus</strong></span> <span class='ocrx_word' id='word_1_599' title='bbox 2202 3063 2265 3116; x_wconf 91' lang='lat' dir='ltr'><strong>in</strong></span> <span class='ocrx_word' id='word_1_600' title='bbox 2293 3078 2365 3119; x_wconf 93' lang='lat' dir='ltr'><strong>ea</strong></span> <span class='ocrx_word' id='word_1_601' title='bbox 2393 3064 2582 3120; x_wconf 89' lang='lat' dir='ltr'><strong>salute</strong></span> <span class='ocrx_word' id='word_1_602' title='bbox 2611 3065 2673 3120; x_wconf 90' lang='lat' dir='ltr'><strong>in</strong></span> <span class='ocrx_word' id='word_1_603' title='bbox 2707 3081 2829 3137; x_wconf 87' lang='lat' dir='ltr'><strong>qua</strong></span> <span class='ocrx_word' id='word_1_604' title='bbox 2877 3066 3153 3124; x_wconf 90' lang='lat' dir='ltr'><strong>conditus</strong></span> <span class='ocrx_word' id='word_1_605' title='bbox 3198 3073 3343 3136; x_wconf 91' lang='lat' dir='ltr'><strong>erat,</strong></span> <span class='ocrx_word' id='word_1_606' title='bbox 3376 3070 3682 3128; x_wconf 89' lang='lat' dir='ltr'><strong>custodire</strong></span> 
     </span>
    </p>
   </div>
   <div class='ocr_carea' id='block_1_79' title="bbox 2023 3150 3682 3232">
    <p class='ocr_par' dir='ltr' id='par_1_79' title="bbox 2023 3150 3682 3232">
     <span class='ocr_line' id='line_1_79' title="bbox 2023 3150 3682 3232; baseline 0.007 -25"><span class='ocrx_word' id='word_1_607' title='bbox 2023 3150 2326 3221; x_wconf 90' lang='lat' dir='ltr'><strong>voluisset,</strong></span> <span class='ocrx_word' id='word_1_608' title='bbox 2350 3169 2608 3226; x_wconf 91' lang='lat' dir='ltr'><strong>eumque</strong></span> <span class='ocrx_word' id='word_1_609' title='bbox 2632 3159 2972 3226; x_wconf 88' lang='lat' dir='ltr'><strong>opportuno</strong></span> <span class='ocrx_word' id='word_1_610' title='bbox 3000 3158 3268 3229; x_wconf 90' lang='lat' dir='ltr'><strong>tempore</strong></span> <span class='ocrx_word' id='word_1_611' title='bbox 3288 3164 3426 3230; x_wconf 90' lang='lat' dir='ltr'><strong>post</strong></span> <span class='ocrx_word' id='word_1_612' title='bbox 3450 3161 3682 3232; x_wconf 89' lang='lat' dir='ltr'><strong>genitos</strong></span> 
     </span>
    </p>
   </div>
   <div class='ocr_carea' id='block_1_80' title="bbox 2023 3238 3684 3322">
    <p class='ocr_par' dir='ltr' id='par_1_80' title="bbox 2023 3238 3684 3322">
     <span class='ocr_line' id='line_1_80' title="bbox 2023 3238 3684 3322; baseline 0.008 -28"><span class='ocrx_word' id='word_1_613' title='bbox 2023 3238 2178 3295; x_wconf 85' lang='lat' dir='ltr'><strong>ﬁlios</strong></span> <span class='ocrx_word' id='word_1_614' title='bbox 2199 3239 2326 3296; x_wconf 88' lang='lat' dir='ltr'><strong>sine</strong></span> <span class='ocrx_word' id='word_1_615' title='bbox 2354 3240 2804 3314; x_wconf 88' lang='lat' dir='ltr'><strong>interpositione</strong></span> <span class='ocrx_word' id='word_1_616' title='bbox 2838 3243 3044 3300; x_wconf 92' lang='lat' dir='ltr'><strong>mortis</strong></span> <span class='ocrx_word' id='word_1_617' title='bbox 3074 3245 3154 3301; x_wconf 91' lang='lat' dir='ltr'><strong>ad</strong></span> <span class='ocrx_word' id='word_1_618' title='bbox 3190 3246 3440 3305; x_wconf 91' lang='lat' dir='ltr'><strong>meliora</strong></span> <span class='ocrx_word' id='word_1_619' title='bbox 3465 3250 3684 3322; x_wconf 90' lang='lat' dir='ltr'><strong>perdu-</strong></span> 
     </span>
    </p>
   </div>
   <div class='ocr_carea' id='block_1_81' title="bbox 2025 3329 3683 3406">
    <p class='ocr_par' dir='ltr' id='par_1_81' title="bbox 2025 3329 3683 3406">
     <span class='ocr_line' id='line_1_81' title="bbox 2025 3329 3683 3406; baseline 0.008 -22"><span class='ocrx_word' id='word_1_620' title='bbox 2025 3345 2179 3395; x_wconf 91' lang='lat' dir='ltr'><strong>cere,</strong></span> <span class='ocrx_word' id='word_1_621' title='bbox 2218 3329 2323 3386; x_wconf 88' lang='lat' dir='ltr'><strong>ubi</strong></span> <span class='ocrx_word' id='word_1_622' title='bbox 2345 3331 2475 3401; x_wconf 91' lang='lat' dir='ltr'><strong>jam</strong></span> <span class='ocrx_word' id='word_1_623' title='bbox 2502 3346 2623 3387; x_wconf 91' lang='lat' dir='ltr'><strong>non</strong></span> <span class='ocrx_word' id='word_1_624' title='bbox 2656 3331 2854 3389; x_wconf 91' lang='lat' dir='ltr'><strong>solum</strong></span> <span class='ocrx_word' id='word_1_625' title='bbox 2892 3339 3206 3406; x_wconf 90' lang='lat' dir='ltr'><strong>peccatum</strong></span> <span class='ocrx_word' id='word_1_626' title='bbox 3245 3352 3371 3394; x_wconf 89' lang='lat' dir='ltr'><strong>non</strong></span> <span class='ocrx_word' id='word_1_627' title='bbox 3407 3341 3683 3398; x_wconf 90' lang='lat' dir='ltr'><strong>commit-</strong></span> 
     </span>
    </p>
   </div>
   <div class='ocr_carea' id='block_1_82' title="bbox 2026 3418 3682 3498">
    <p class='ocr_par' dir='ltr' id='par_1_82' title="bbox 2026 3418 3682 3498">
     <span class='ocr_line' id='line_1_82' title="bbox 2026 3418 3682 3498; baseline 0.005 -24"><span class='ocrx_word' id='word_1_628' title='bbox 2026 3421 2166 3483; x_wconf 87' lang='lat' dir='ltr'><strong>tere,</strong></span> <span class='ocrx_word' id='word_1_629' title='bbox 2199 3418 2304 3474; x_wconf 90' lang='lat' dir='ltr'><strong>sed</strong></span> <span class='ocrx_word' id='word_1_630' title='bbox 2333 3434 2443 3475; x_wconf 92' lang='lat' dir='ltr'><strong>nec</strong></span> <span class='ocrx_word' id='word_1_631' title='bbox 2467 3418 2837 3477; x_wconf 91' lang='lat' dir='ltr'><strong>voluntatem</strong></span> <span class='ocrx_word' id='word_1_632' title='bbox 2866 3427 3068 3494; x_wconf 91' lang='lat' dir='ltr'><strong>posset</strong></span> <span class='ocrx_word' id='word_1_633' title='bbox 3103 3422 3326 3480; x_wconf 89' lang='lat' dir='ltr'><strong>habere</strong></span> <span class='ocrx_word' id='word_1_634' title='bbox 3368 3425 3682 3498; x_wconf 89' lang='lat' dir='ltr'><strong>peccandi,</strong></span> 
     </span>
    </p>
   </div>
   <div class='ocr_carea' id='block_1_83' title="bbox 2027 3507 3684 3584">
    <p class='ocr_par' dir='ltr' id='par_1_83' title="bbox 2027 3507 3684 3584">
     <span class='ocr_line' id='line_1_83' title="bbox 2027 3507 3684 3584; baseline 0.005 -22"><span class='ocrx_word' id='word_1_635' title='bbox 2027 3507 2079 3562; x_wconf 90' lang='lat' dir='ltr'><strong>si</strong></span> <span class='ocrx_word' id='word_1_636' title='bbox 2135 3507 2215 3563; x_wconf 88' lang='lat' dir='ltr'><strong>ad</strong></span> <span class='ocrx_word' id='word_1_637' title='bbox 2265 3510 2750 3580; x_wconf 91' lang='lat' dir='ltr'><strong>permanendum</strong></span> <span class='ocrx_word' id='word_1_638' title='bbox 2806 3511 2932 3566; x_wconf 86' lang='lat' dir='ltr'><strong>sine</strong></span> <span class='ocrx_word' id='word_1_639' title='bbox 2985 3517 3251 3584; x_wconf 90' lang='lat' dir='ltr'><strong>peccato,</strong></span> <span class='ocrx_word' id='word_1_640' title='bbox 3304 3513 3457 3571; x_wconf 91' lang='lat' dir='ltr'><strong>sicut</strong></span> <span class='ocrx_word' id='word_1_641' title='bbox 3492 3514 3684 3571; x_wconf 89' lang='lat' dir='ltr'><strong>factus</strong></span> 
     </span>
    </p>
   </div>
   <div class='ocr_carea' id='block_1_84' title="bbox 2027 3599 3688 3677">
    <p class='ocr_par' dir='ltr' id='par_1_84' title="bbox 2027 3599 3688 3677">
     <span class='ocr_line' id='line_1_84' title="bbox 2027 3599 3688 3677; baseline 0.005 -25"><span class='ocrx_word' id='word_1_642' title='bbox 2027 3601 2171 3664; x_wconf 91' lang='lat' dir='ltr'><strong>erat,</strong></span> <span class='ocrx_word' id='word_1_643' title='bbox 2201 3603 2555 3670; x_wconf 88' lang='lat' dir='ltr'><strong>perpetuam</strong></span> <span class='ocrx_word' id='word_1_644' title='bbox 2583 3599 2955 3656; x_wconf 89' lang='lat' dir='ltr'><strong>voluntatem</strong></span> <span class='ocrx_word' id='word_1_645' title='bbox 2985 3601 3332 3659; x_wconf 91' lang='lat' dir='ltr'><strong>habiturum</strong></span> <span class='ocrx_word' id='word_1_646' title='bbox 3358 3619 3487 3660; x_wconf 91' lang='lat' dir='ltr'><strong>esse</strong></span> <span class='ocrx_word' id='word_1_647' title='bbox 3506 3620 3688 3677; x_wconf 84' lang='lat' dir='ltr'><strong>praes-</strong></span> 
     </span>
    </p>
   </div>
   <div class='ocr_carea' id='block_1_85' title="bbox 2027 3684 3684 3759">
    <p class='ocr_par' dir='ltr' id='par_1_85' title="bbox 2027 3684 3684 3759">
     <span class='ocr_line' id='line_1_85' title="bbox 2027 3684 3684 3759; baseline 0.006 -20"><span class='ocrx_word' id='word_1_648' title='bbox 2027 3684 2220 3740; x_wconf 90' lang='lat' dir='ltr'><strong>cisset.</strong></span> <span class='ocrx_word' id='word_1_649' title='bbox 2251 3685 2402 3751; x_wconf 88' lang='lat' dir='ltr'><strong>Quia</strong></span> <span class='ocrx_word' id='word_1_650' title='bbox 2425 3701 2564 3742; x_wconf 89' lang='lat' dir='ltr'><strong>vero</strong></span> <span class='ocrx_word' id='word_1_651' title='bbox 2585 3702 2724 3742; x_wconf 90' lang='lat' dir='ltr'><strong>eum</strong></span> <span class='ocrx_word' id='word_1_652' title='bbox 2746 3687 2905 3744; x_wconf 91' lang='lat' dir='ltr'><strong>male</strong></span> <span class='ocrx_word' id='word_1_653' title='bbox 2930 3705 3183 3745; x_wconf 90' lang='lat' dir='ltr'><strong>usurum</strong></span> <span class='ocrx_word' id='word_1_654' title='bbox 3207 3689 3396 3747; x_wconf 90' lang='lat' dir='ltr'><strong>libero</strong></span> <span class='ocrx_word' id='word_1_655' title='bbox 3417 3691 3684 3759; x_wconf 88' lang='lat' dir='ltr'><strong>arbitrio,</strong></span> 
     </span>
    </p>
   </div>
   <div class='ocr_carea' id='block_1_86' title="bbox 2027 3774 3684 3852">
    <p class='ocr_par' dir='ltr' id='par_1_86' title="bbox 2027 3774 3684 3852">
     <span class='ocr_line' id='line_1_86' title="bbox 2027 3774 3684 3852; baseline 0.002 -22"><span class='ocrx_word' id='word_1_656' title='bbox 2027 3774 2142 3830; x_wconf 91' lang='lat' dir='ltr'><strong>hoc</strong></span> <span class='ocrx_word' id='word_1_657' title='bbox 2165 3778 2252 3829; x_wconf 90' lang='lat' dir='ltr'><strong>est</strong></span> <span class='ocrx_word' id='word_1_658' title='bbox 2280 3779 2666 3847; x_wconf 87' lang='lat' dir='ltr'><strong>peccaturum</strong></span> <span class='ocrx_word' id='word_1_659' title='bbox 2688 3792 2820 3831; x_wconf 88' lang='lat' dir='ltr'><strong>esse</strong></span> <span class='ocrx_word' id='word_1_660' title='bbox 2842 3777 3214 3849; x_wconf 76' lang='lat' dir='ltr'><strong>praesciebat,</strong></span> <span class='ocrx_word' id='word_1_661' title='bbox 3239 3779 3320 3835; x_wconf 91' lang='lat' dir='ltr'><strong>ad</strong></span> <span class='ocrx_word' id='word_1_662' title='bbox 3347 3779 3463 3836; x_wconf 91' lang='lat' dir='ltr'><strong>hoc</strong></span> <span class='ocrx_word' id='word_1_663' title='bbox 3483 3781 3684 3852; x_wconf 89' lang='lat' dir='ltr'><strong>potius</strong></span> 
     </span>
    </p>
   </div>
   <div class='ocr_carea' id='block_1_87' title="bbox 2026 3864 3689 3940">
    <p class='ocr_par' dir='ltr' id='par_1_87' title="bbox 2026 3864 3689 3940">
     <span class='ocr_line' id='line_1_87' title="bbox 2026 3864 3689 3940; baseline 0.004 -22"><span class='ocrx_word' id='word_1_664' title='bbox 2026 3864 2391 3936; x_wconf 62' lang='lat' dir='ltr'><strong>praeparavit</strong></span> <span class='ocrx_word' id='word_1_665' title='bbox 2417 3864 2784 3919; x_wconf 88' lang='lat' dir='ltr'><strong>voluntatem</strong></span> <span class='ocrx_word' id='word_1_666' title='bbox 2816 3881 3013 3934; x_wconf 90' lang='lat' dir='ltr'><strong>suam,</strong></span> <span class='ocrx_word' id='word_1_667' title='bbox 3040 3871 3104 3922; x_wconf 92' lang='lat' dir='ltr'><strong>ut</strong></span> <span class='ocrx_word' id='word_1_668' title='bbox 3131 3866 3284 3923; x_wconf 89' lang='lat' dir='ltr'><strong>bene</strong></span> <span class='ocrx_word' id='word_1_669' title='bbox 3313 3867 3441 3940; x_wconf 88' lang='lat' dir='ltr'><strong>ipse</strong></span> <span class='ocrx_word' id='word_1_670' title='bbox 3471 3868 3689 3924; x_wconf 89' lang='lat' dir='ltr'><strong>faceret</strong></span> 
     </span>
    </p>
   </div>
   <div class='ocr_carea' id='block_1_88' title="bbox 2030 3951 3688 4017">
    <p class='ocr_par' dir='ltr' id='par_1_88' title="bbox 2030 3951 3688 4017">
     <span class='ocr_line' id='line_1_88' title="bbox 2030 3951 3688 4017; baseline 0.004 -10"><span class='ocrx_word' id='word_1_671' title='bbox 2030 3953 2210 4008; x_wconf 87' lang='lat' dir='ltr'><strong>etiam</strong></span> <span class='ocrx_word' id='word_1_672' title='bbox 2239 3951 2314 4007; x_wconf 92' lang='lat' dir='ltr'><strong>de</strong></span> <span class='ocrx_word' id='word_1_673' title='bbox 2343 3951 2500 4007; x_wconf 91' lang='lat' dir='ltr'><strong>male</strong></span> <span class='ocrx_word' id='word_1_674' title='bbox 2537 3952 2810 4017; x_wconf 83' lang='lat' dir='ltr'><strong>faciente,</strong></span> <span class='ocrx_word' id='word_1_675' title='bbox 2863 3969 2933 4008; x_wconf 89' lang='lat' dir='ltr'><strong>ac</strong></span> <span class='ocrx_word' id='word_1_676' title='bbox 2980 3955 3064 4009; x_wconf 92' lang='lat' dir='ltr'><strong>sic</strong></span> <span class='ocrx_word' id='word_1_677' title='bbox 3110 3955 3371 4011; x_wconf 76' lang='lat' dir='ltr'><strong>hominis</strong></span> <span class='ocrx_word' id='word_1_678' title='bbox 3409 3956 3688 4013; x_wconf 91' lang='lat' dir='ltr'><strong>voluntas</strong></span> 
     </span>
    </p>
   </div>
   <div class='ocr_carea' id='block_1_89' title="bbox 2031 4039 3691 4114">
    <p class='ocr_par' dir='ltr' id='par_1_89' title="bbox 2031 4039 3691 4114">
     <span class='ocr_line' id='line_1_89' title="bbox 2031 4039 3691 4114; baseline 0.004 -18"><span class='ocrx_word' id='word_1_679' title='bbox 2031 4040 2194 4096; x_wconf 90' lang='lat' dir='ltr'><strong>mala</strong></span> <span class='ocrx_word' id='word_1_680' title='bbox 2212 4041 2316 4110; x_wconf 91' lang='lat' dir='ltr'><strong>[al.</strong></span> <span class='ocrx_word' id='word_1_681' title='bbox 2349 4040 2654 4095; x_wconf 90' lang='lat' dir='ltr'><strong>voluntate</strong></span> <span class='ocrx_word' id='word_1_682' title='bbox 2683 4039 2865 4113; x_wconf 87' lang='lat' dir='ltr'><strong>mala]</strong></span> <span class='ocrx_word' id='word_1_683' title='bbox 2893 4058 3015 4098; x_wconf 91' lang='lat' dir='ltr'><strong>non</strong></span> <span class='ocrx_word' id='word_1_684' title='bbox 3046 4048 3454 4114; x_wconf 83' lang='lat' dir='ltr'><strong>evacuaretur,</strong></span> <span class='ocrx_word' id='word_1_685' title='bbox 3480 4046 3584 4102; x_wconf 91' lang='lat' dir='ltr'><strong>sed</strong></span> <span class='ocrx_word' id='word_1_686' title='bbox 3604 4045 3691 4102; x_wconf 91' lang='lat' dir='ltr'><strong>ni-</strong></span> 
     </span>
    </p>
   </div>
   <div class='ocr_carea' id='block_1_90' title="bbox 2031 4128 3389 4204">
    <p class='ocr_par' dir='ltr' id='par_1_90' title="bbox 2031 4128 3389 4204">
     <span class='ocr_line' id='line_1_90' title="bbox 2031 4128 3389 4204; baseline 0.001 -18"><span class='ocrx_word' id='word_1_687' title='bbox 2031 4128 2357 4186; x_wconf 89' lang='lat' dir='ltr'><strong>hilominus</strong></span> <span class='ocrx_word' id='word_1_688' title='bbox 2385 4128 2730 4202; x_wconf 86' lang='lat' dir='ltr'><strong>impleretur</strong></span> <span class='ocrx_word' id='word_1_689' title='bbox 2756 4132 3181 4204; x_wconf 85' lang='lat' dir='ltr'><strong>omnipotentis</strong></span> <span class='ocrx_word' id='word_1_690' title='bbox 3205 4132 3389 4190; x_wconf 89' lang='lat' dir='ltr'><strong>bona.</strong></span> 
     </span>
    </p>
   </div>
   <div class='ocr_carea' id='block_1_91' title="bbox 2105 4219 3692 4296">
    <p class='ocr_par' dir='ltr' id='par_1_91' title="bbox 2105 4219 3692 4296">
     <span class='ocr_line' id='line_1_91' title="bbox 2105 4219 3692 4296; baseline 0.003 -19"><span class='ocrx_word' id='word_1_691' title='bbox 2105 4220 2276 4293; x_wconf 88' lang='lat' dir='ltr'><strong>(Cap.</strong></span> <span class='ocrx_word' id='word_1_692' title='bbox 2314 4223 2458 4285; x_wconf 77' lang='grc'><strong>105).</strong></span> <span class='ocrx_word' id='word_1_693' title='bbox 2502 4219 2592 4275; x_wconf 90' lang='lat' dir='ltr'><strong>Sic</strong></span> <span class='ocrx_word' id='word_1_694' title='bbox 2623 4220 2783 4276; x_wconf 87' lang='lat' dir='ltr'><strong>enim</strong></span> <span class='ocrx_word' id='word_1_695' title='bbox 2823 4221 3138 4294; x_wconf 86' lang='lat' dir='ltr'><strong>oportebat</strong></span> <span class='ocrx_word' id='word_1_696' title='bbox 3177 4223 3343 4296; x_wconf 90' lang='lat' dir='ltr'><strong>prius</strong></span> <span class='ocrx_word' id='word_1_697' title='bbox 3380 4224 3692 4281; x_wconf 88' lang='lat' dir='ltr'><strong>hominem</strong></span> 
     </span>
    </p>
   </div>
   <div class='ocr_carea' id='block_1_92' title="bbox 265 4307 3695 4384">
    <p class='ocr_par' dir='ltr' id='par_1_92' title="bbox 265 4307 3695 4384">
     <span class='ocr_line' id='line_1_92' title="bbox 265 4307 3695 4384; baseline 0.001 -18"><span class='ocrx_word' id='word_1_698' title='bbox 265 4315 424 4366; x_wconf 85' lang='lat' dir='ltr'><strong>certe</strong></span> <span class='ocrx_word' id='word_1_699' title='bbox 452 4310 535 4365; x_wconf 89' lang='lat' dir='ltr'><strong>sic</strong></span> <span class='ocrx_word' id='word_1_700' title='bbox 560 4309 786 4366; x_wconf 90' lang='lat' dir='ltr'><strong>dictum</strong></span> <span class='ocrx_word' id='word_1_701' title='bbox 818 4311 1037 4381; x_wconf 86' lang='lat' dir='ltr'><strong>est,qui</strong></span> <span class='ocrx_word' id='word_1_702' title='bbox 1066 4324 1263 4364; x_wconf 82' lang='lat' dir='ltr'><strong>omnes</strong></span> <span class='ocrx_word' id='word_1_703' title='bbox 1286 4307 1550 4364; x_wconf 88' lang='lat' dir='ltr'><strong>homines</strong></span> <span class='ocrx_word' id='word_1_704' title='bbox 1572 4307 1702 4363; x_wconf 87' lang='lat' dir='ltr'><strong>vult</strong></span> <span class='ocrx_word' id='word_1_705' title='bbox 1726 4308 1922 4363; x_wconf 90' lang='lat' dir='ltr'><strong>salvos</strong></span> <span class='ocrx_word' id='word_1_706' title='bbox 1952 4371 1992 4384; x_wconf 46' lang='grc' dir='ltr'>ἢ</span> <span class='ocrx_word' id='word_1_707' title='bbox 2034 4309 2186 4373; x_wconf 89' lang='lat' dir='ltr'><strong>ﬁeri,</strong></span> <span class='ocrx_word' id='word_1_708' title='bbox 2218 4313 2283 4364; x_wconf 92' lang='lat' dir='ltr'><strong>ut</strong></span> <span class='ocrx_word' id='word_1_709' title='bbox 2312 4315 2370 4363; x_wconf 92' lang='lat' dir='ltr'><strong>et</strong></span> <span class='ocrx_word' id='word_1_710' title='bbox 2391 4307 2544 4364; x_wconf 93' lang='lat' dir='ltr'><strong>bene</strong></span> <span class='ocrx_word' id='word_1_711' title='bbox 2570 4308 2719 4364; x_wconf 91' lang='lat' dir='ltr'><strong>velle</strong></span> <span class='ocrx_word' id='word_1_712' title='bbox 2740 4314 2942 4382; x_wconf 91' lang='lat' dir='ltr'><strong>posset</strong></span> <span class='ocrx_word' id='word_1_713' title='bbox 2969 4315 3024 4365; x_wconf 88' lang='lat' dir='ltr'><strong>et</strong></span> <span class='ocrx_word' id='word_1_714' title='bbox 3054 4311 3211 4367; x_wconf 89' lang='lat' dir='ltr'><strong>male</strong></span> <span class='ocrx_word' id='word_1_715' title='bbox 3238 4330 3250 4380; x_wconf 91' lang='lat'><strong>;</strong></span> <span class='ocrx_word' id='word_1_716' title='bbox 3284 4327 3393 4369; x_wconf 91' lang='lat' dir='ltr'><strong>nec</strong></span> <span class='ocrx_word' id='word_1_717' title='bbox 3416 4313 3622 4384; x_wconf 88' lang='lat' dir='ltr'><strong>gratis,</strong></span> <span class='ocrx_word' id='word_1_718' title='bbox 3646 4313 3695 4368; x_wconf 92' lang='lat' dir='ltr'><strong>si</strong></span> 
     </span>
    </p>
   </div>
   <div class='ocr_carea' id='block_1_93' title="bbox 261 4371 3696 4471">
    <p class='ocr_par' dir='ltr' id='par_1_93' title="bbox 261 4371 3696 4471">
     <span class='ocr_line' id='line_1_93' title="bbox 261 4371 3696 4471; baseline 0.001 -18"><span class='ocrx_word' id='word_1_719' title='bbox 261 4400 403 4468; x_wconf 79' lang='lat' dir='ltr'><strong>ﬁeri</strong></span> <span class='ocrx_word' id='word_1_720' title='bbox 417 4412 440 4470; x_wconf 84' lang='lat'><strong>,°</strong></span> <span class='ocrx_word' id='word_1_721' title='bbox 469 4414 593 4454; x_wconf 91' lang='lat' dir='ltr'><strong>non</strong></span> <span class='ocrx_word' id='word_1_722' title='bbox 619 4397 785 4471; x_wconf 90' lang='lat' dir='ltr'><strong>quod</strong></span> <span class='ocrx_word' id='word_1_723' title='bbox 815 4398 1014 4454; x_wconf 90' lang='lat' dir='ltr'><strong>nullus</strong></span> <span class='ocrx_word' id='word_1_724' title='bbox 1038 4397 1356 4454; x_wconf 88' lang='lat' dir='ltr'><strong>hominum</strong></span> <span class='ocrx_word' id='word_1_725' title='bbox 1393 4401 1547 4453; x_wconf 83' lang='lat' dir='ltr'><strong>esset</strong></span> <span class='ocrx_word' id='word_1_726' title='bbox 1584 4412 1769 4470; x_wconf 90' lang='lat' dir='ltr'><strong>quem</strong></span> <span class='ocrx_word' id='word_1_727' title='bbox 1813 4395 1926 4452; x_wconf 88' lang='lat' dir='ltr'><strong>sal-</strong></span> <span class='ocrx_word' id='word_1_728' title='bbox 1952 4371 1997 4425; x_wconf 77' lang='lat' dir='ltr'><strong>D</strong></span> <span class='ocrx_word' id='word_1_729' title='bbox 2034 4397 2226 4465; x_wconf 63' lang='lat' dir='ltr'><strong>bene;</strong></span> <span class='ocrx_word' id='word_1_730' title='bbox 2256 4412 2367 4452; x_wconf 91' lang='lat' dir='ltr'><strong>nec</strong></span> <span class='ocrx_word' id='word_1_731' title='bbox 2397 4396 2665 4469; x_wconf 85' lang='lat' dir='ltr'><strong>impune,</strong></span> <span class='ocrx_word' id='word_1_732' title='bbox 2699 4397 2747 4452; x_wconf 93' lang='lat' dir='ltr'><strong>si</strong></span> <span class='ocrx_word' id='word_1_733' title='bbox 2776 4398 2932 4453; x_wconf 89' lang='lat' dir='ltr'><strong>male</strong></span> <span class='ocrx_word' id='word_1_734' title='bbox 2965 4415 2978 4453; x_wconf 92' lang='lat'><strong>:</strong></span> <span class='ocrx_word' id='word_1_735' title='bbox 3013 4404 3222 4470; x_wconf 91' lang='lat' dir='ltr'><strong>postea</strong></span> <span class='ocrx_word' id='word_1_736' title='bbox 3250 4415 3392 4456; x_wconf 90' lang='lat' dir='ltr'><strong>vero</strong></span> <span class='ocrx_word' id='word_1_737' title='bbox 3417 4371 3522 4458; x_wconf 49' lang='lat' dir='ltr'><strong>Vsic</strong></span> <span class='ocrx_word' id='word_1_738' title='bbox 3567 4401 3696 4467; x_wconf 88' lang='lat' dir='ltr'><strong>erit,</strong></span> 
     </span>
    </p>
   </div>
   <div class='ocr_carea' id='block_1_94' title="bbox 262 4487 1924 4561">
    <p class='ocr_par' dir='ltr' id='par_1_94' title="bbox 262 4487 1924 4561">
     <span class='ocr_line' id='line_1_94' title="bbox 262 4487 1924 4561; baseline -0.002 -16"><span class='ocrx_word' id='word_1_739' title='bbox 262 4505 416 4545; x_wconf 80' lang='lat' dir='ltr'><strong>vum</strong></span> <span class='ocrx_word' id='word_1_740' title='bbox 454 4489 607 4544; x_wconf 83' lang='lat' dir='ltr'><strong>ﬁerit</strong></span> <span class='ocrx_word' id='word_1_741' title='bbox 635 4488 782 4544; x_wconf 90' lang='lat' dir='ltr'><strong>nolit</strong></span> <span class='ocrx_word' id='word_1_742' title='bbox 809 4488 940 4560; x_wconf 88' lang='lat' dir='ltr'><strong>[al.,</strong></span> <span class='ocrx_word' id='word_1_743' title='bbox 966 4487 1173 4559; x_wconf 86' lang='lat' dir='ltr'><strong>nollet]</strong></span> <span class='ocrx_word' id='word_1_744' title='bbox 1201 4487 1306 4561; x_wconf 89' lang='lat' dir='ltr'><strong>qui</strong></span> <span class='ocrx_word' id='word_1_745' title='bbox 1331 4488 1576 4544; x_wconf 85' lang='lat' dir='ltr'><strong>virtutes</strong></span> <span class='ocrx_word' id='word_1_746' title='bbox 1602 4487 1924 4544; x_wconf 88' lang='lat' dir='ltr'><strong>miraculo-</strong></span> 
     </span>
    </p>
   </div>
   <div class='ocr_carea' id='block_1_95' title="bbox 264 4575 1928 4649">
    <p class='ocr_par' dir='ltr' id='par_1_95' title="bbox 264 4575 1928 4649">
     <span class='ocr_line' id='line_1_95' title="bbox 264 4575 1928 4649; baseline -0.003 -16"><span class='ocrx_word' id='word_1_747' title='bbox 264 4593 407 4633; x_wconf 90' lang='lat' dir='ltr'><strong>rum</strong></span> <span class='ocrx_word' id='word_1_748' title='bbox 455 4576 651 4632; x_wconf 86' lang='lat' dir='ltr'><strong>facere</strong></span> <span class='ocrx_word' id='word_1_749' title='bbox 695 4576 887 4632; x_wconf 91' lang='lat' dir='ltr'><strong>noluit</strong></span> <span class='ocrx_word' id='word_1_750' title='bbox 933 4575 1098 4649; x_wconf 88' lang='lat' dir='ltr'><strong>apud</strong></span> <span class='ocrx_word' id='word_1_751' title='bbox 1141 4591 1264 4643; x_wconf 89' lang='lat' dir='ltr'><strong>eos,</strong></span> <span class='ocrx_word' id='word_1_752' title='bbox 1303 4591 1460 4648; x_wconf 92' lang='lat' dir='ltr'><strong>quos</strong></span> <span class='ocrx_word' id='word_1_753' title='bbox 1506 4575 1650 4632; x_wconf 90' lang='lat' dir='ltr'><strong>dicit</strong></span> <span class='ocrx_word' id='word_1_754' title='bbox 1691 4580 1928 4632; x_wconf 87' lang='lat' dir='ltr'><strong>acturos</strong></span> 
     </span>
    </p>
   </div>
   <div class='ocr_carea' id='block_1_96' title="bbox 265 4663 1935 4739">
    <p class='ocr_par' dir='ltr' id='par_1_96' title="bbox 265 4663 1935 4739">
     <span class='ocr_line' id='line_1_96' title="bbox 265 4663 1935 4739; baseline -0.002 -17"><span class='ocrx_word' id='word_1_755' title='bbox 265 4666 458 4722; x_wconf 86' lang='lat' dir='ltr'><strong>fuisse</strong></span> <span class='ocrx_word' id='word_1_756' title='bbox 487 4665 899 4739; x_wconf 76' lang='lat' dir='ltr'><strong>pcenitentiam</strong></span> <span class='ocrx_word' id='word_1_757' title='bbox 933 4665 981 4720; x_wconf 88' lang='lat' dir='ltr'><strong>si</strong></span> <span class='ocrx_word' id='word_1_758' title='bbox 1012 4663 1246 4721; x_wconf 88' lang='lat' dir='ltr'><strong>fecisset</strong></span> <span class='ocrx_word' id='word_1_759' title='bbox 1270 4682 1284 4720; x_wconf 89' lang='lat'><strong>:</strong></span> <span class='ocrx_word' id='word_1_760' title='bbox 1321 4664 1428 4720; x_wconf 88' lang='lat' dir='ltr'><strong>sed</strong></span> <span class='ocrx_word' id='word_1_761' title='bbox 1446 4668 1510 4720; x_wconf 92' lang='lat' dir='ltr'><strong>ut</strong></span> <span class='ocrx_word' id='word_1_762' title='bbox 1528 4680 1726 4721; x_wconf 86' lang='lat' dir='ltr'><strong>omnes</strong></span> <span class='ocrx_word' id='word_1_763' title='bbox 1749 4664 1935 4720; x_wconf 88' lang='lat' dir='ltr'><strong>homi-</strong></span> 
     </span>
    </p>
   </div>
   <div class='ocr_carea' id='block_1_97' title="bbox 268 4751 1932 4826">
    <p class='ocr_par' dir='ltr' id='par_1_97' title="bbox 268 4751 1932 4826">
     <span class='ocr_line' id='line_1_97' title="bbox 268 4751 1932 4826; baseline -0.002 -15"><span class='ocrx_word' id='word_1_764' title='bbox 268 4771 400 4821; x_wconf 87' lang='lat' dir='ltr'><strong>nes,</strong></span> <span class='ocrx_word' id='word_1_765' title='bbox 429 4771 608 4812; x_wconf 90' lang='lat' dir='ltr'><strong>omne</strong></span> <span class='ocrx_word' id='word_1_766' title='bbox 647 4771 837 4826; x_wconf 91' lang='lat' dir='ltr'><strong>genus</strong></span> <span class='ocrx_word' id='word_1_767' title='bbox 865 4754 1184 4810; x_wconf 91' lang='lat' dir='ltr'><strong>hominum</strong></span> <span class='ocrx_word' id='word_1_768' title='bbox 1213 4755 1344 4825; x_wconf 89' lang='lat' dir='ltr'><strong>[al.,</strong></span> <span class='ocrx_word' id='word_1_769' title='bbox 1377 4753 1736 4824; x_wconf 83' lang='lat' dir='ltr'><strong>humanum]</strong></span> <span class='ocrx_word' id='word_1_770' title='bbox 1766 4751 1932 4808; x_wconf 90' lang='lat' dir='ltr'><strong>intel-</strong></span> 
     </span>
    </p>
   </div>
   <div class='ocr_carea' id='block_1_98' title="bbox 270 4840 1931 4917">
    <p class='ocr_par' dir='ltr' id='par_1_98' title="bbox 270 4840 1931 4917">
     <span class='ocr_line' id='line_1_98' title="bbox 270 4840 1931 4917; baseline -0.002 -19"><span class='ocrx_word' id='word_1_771' title='bbox 270 4843 554 4912; x_wconf 89' lang='lat' dir='ltr'><strong>ligamus,</strong></span> <span class='ocrx_word' id='word_1_772' title='bbox 576 4861 684 4917; x_wconf 92' lang='lat' dir='ltr'><strong>per</strong></span> <span class='ocrx_word' id='word_1_773' title='bbox 712 4857 1106 4916; x_wconf 89' lang='lat' dir='ltr'><strong>quascunque</strong></span> <span class='ocrx_word' id='word_1_774' title='bbox 1141 4840 1505 4896; x_wconf 78' lang='lat' dir='ltr'><strong>differentias</strong></span> <span class='ocrx_word' id='word_1_775' title='bbox 1526 4840 1931 4908; x_wconf 89' lang='lat' dir='ltr'><strong>distributum,</strong></span> 
     </span>
    </p>
   </div>
   <div class='ocr_carea' id='block_1_99' title="bbox 269 4929 1934 5006">
    <p class='ocr_par' dir='ltr' id='par_1_99' title="bbox 269 4929 1934 5006">
     <span class='ocr_line' id='line_1_99' title="bbox 269 4929 1934 5006; baseline -0.003 -16"><span class='ocrx_word' id='word_1_776' title='bbox 269 4935 770 5006; x_wconf 86' lang='lat' dir='ltr'><strong>reges,privatos,</strong></span> <span class='ocrx_word' id='word_1_777' title='bbox 795 4929 1379 5002; x_wconf 87' lang='lat' dir='ltr'><strong>nobiles,ignobiles,</strong></span> <span class='ocrx_word' id='word_1_778' title='bbox 1395 4929 1704 4997; x_wconf 90' lang='lat' dir='ltr'><strong>sublimes,</strong></span> <span class='ocrx_word' id='word_1_779' title='bbox 1734 4929 1934 4985; x_wconf 89' lang='lat' dir='ltr'><strong>humi-</strong></span> 
     </span>
    </p>
   </div>
   <div class='ocr_carea' id='block_1_100' title="bbox 265 5017 1934 5092">
    <p class='ocr_par' dir='ltr' id='par_1_100' title="bbox 265 5017 1934 5092">
     <span class='ocr_line' id='line_1_100' title="bbox 265 5017 1934 5092; baseline -0.003 -13"><span class='ocrx_word' id='word_1_780' title='bbox 265 5022 385 5086; x_wconf 86' lang='lat' dir='ltr'><strong>les.</strong></span> <span class='ocrx_word' id='word_1_781' title='bbox 415 5022 649 5090; x_wconf 91' lang='lat' dir='ltr'><strong>doctos,</strong></span> <span class='ocrx_word' id='word_1_782' title='bbox 682 5022 978 5088; x_wconf 90' lang='lat' dir='ltr'><strong>indoctos,</strong></span> <span class='ocrx_word' id='word_1_783' title='bbox 1000 5019 1216 5088; x_wconf 87' lang='lat' dir='ltr'><strong>integri</strong></span> <span class='ocrx_word' id='word_1_784' title='bbox 1247 5017 1534 5092; x_wconf 87' lang='lat' dir='ltr'><strong>corporis,</strong></span> <span class='ocrx_word' id='word_1_785' title='bbox 1565 5017 1813 5089; x_wconf 89' lang='lat' dir='ltr'><strong>debiles,</strong></span> <span class='ocrx_word' id='word_1_786' title='bbox 1843 5018 1934 5074; x_wconf 89' lang='lat' dir='ltr'><strong>in-</strong></span> 
     </span>
    </p>
   </div>
   <div class='ocr_carea' id='block_1_101' title="bbox 269 5108 1934 5183">
    <p class='ocr_par' dir='ltr' id='par_1_101' title="bbox 269 5108 1934 5183">
     <span class='ocr_line' id='line_1_101' title="bbox 269 5108 1934 5183; baseline -0.004 -14"><span class='ocrx_word' id='word_1_787' title='bbox 269 5111 580 5183; x_wconf 80' lang='lat' dir='ltr'><strong>geniosos,</strong></span> <span class='ocrx_word' id='word_1_788' title='bbox 631 5109 1022 5178; x_wconf 88' lang='lat' dir='ltr'><strong>tardicordes,</strong></span> <span class='ocrx_word' id='word_1_789' title='bbox 1067 5109 1286 5174; x_wconf 90' lang='lat' dir='ltr'><strong>fatuos,</strong></span> <span class='ocrx_word' id='word_1_790' title='bbox 1334 5108 1568 5178; x_wconf 86' lang='lat' dir='ltr'><strong>divites,</strong></span> <span class='ocrx_word' id='word_1_791' title='bbox 1617 5124 1934 5182; x_wconf 91' lang='lat' dir='ltr'><strong>pauperes,</strong></span> 
     </span>
    </p>
   </div>
   <div class='ocr_carea' id='block_1_102' title="bbox 268 5197 1941 5272">
    <p class='ocr_par' dir='ltr' id='par_1_102' title="bbox 268 5197 1941 5272">
     <span class='ocr_line' id='line_1_102' title="bbox 268 5197 1941 5272; baseline -0.002 -14"><span class='ocrx_word' id='word_1_792' title='bbox 268 5200 631 5262; x_wconf 86' lang='lat' dir='ltr'><strong>mediocres.</strong></span> <span class='ocrx_word' id='word_1_793' title='bbox 673 5215 893 5265; x_wconf 87' lang='lat' dir='ltr'><strong>mares,</strong></span> <span class='ocrx_word' id='word_1_794' title='bbox 925 5198 1202 5268; x_wconf 82' lang='lat' dir='ltr'><strong>feminas,</strong></span> <span class='ocrx_word' id='word_1_795' title='bbox 1224 5197 1507 5271; x_wconf 85' lang='lat' dir='ltr'><strong>infantes,</strong></span> <span class='ocrx_word' id='word_1_796' title='bbox 1533 5215 1774 5272; x_wconf 91' lang='lat' dir='ltr'><strong>pueros,</strong></span> <span class='ocrx_word' id='word_1_797' title='bbox 1800 5198 1941 5255; x_wconf 86' lang='lat' dir='ltr'><strong>ado-</strong></span> 
     </span>
    </p>
   </div>
   <div class='ocr_carea' id='block_1_103' title="bbox 269 5287 1940 5362">
    <p class='ocr_par' dir='ltr' id='par_1_103' title="bbox 269 5287 1940 5362">
     <span class='ocr_line' id='line_1_103' title="bbox 269 5287 1940 5362; baseline -0.003 -15"><span class='ocrx_word' id='word_1_798' title='bbox 269 5290 590 5362; x_wconf 85' lang='lat' dir='ltr'><strong>lescentes,</strong></span> <span class='ocrx_word' id='word_1_799' title='bbox 615 5290 894 5362; x_wconf 86' lang='lat' dir='ltr'><strong>juvenes,</strong></span> <span class='ocrx_word' id='word_1_800' title='bbox 924 5287 1208 5356; x_wconf 82' lang='lat' dir='ltr'><strong>seniores,</strong></span> <span class='ocrx_word' id='word_1_801' title='bbox 1235 5303 1432 5356; x_wconf 91' lang='lat' dir='ltr'><strong>senes,</strong></span> <span class='ocrx_word' id='word_1_802' title='bbox 1475 5288 1537 5342; x_wconf 92' lang='lat' dir='ltr'><strong>in</strong></span> <span class='ocrx_word' id='word_1_803' title='bbox 1565 5287 1785 5357; x_wconf 89' lang='lat' dir='ltr'><strong>linguis</strong></span> <span class='ocrx_word' id='word_1_804' title='bbox 1813 5302 1940 5343; x_wconf 93' lang='lat' dir='ltr'><strong>om-</strong></span> 
     </span>
    </p>
   </div>
   <div class='ocr_carea' id='block_1_104' title="bbox 268 5374 1942 5442">
    <p class='ocr_par' dir='ltr' id='par_1_104' title="bbox 268 5374 1942 5442">
     <span class='ocr_line' id='line_1_104' title="bbox 268 5374 1942 5442; baseline -0.002 -7"><span class='ocrx_word' id='word_1_805' title='bbox 268 5378 479 5442; x_wconf 87' lang='lat' dir='ltr'><strong>nibus,</strong></span> <span class='ocrx_word' id='word_1_806' title='bbox 510 5379 575 5434; x_wconf 90' lang='lat' dir='ltr'><strong>in</strong></span> <span class='ocrx_word' id='word_1_807' title='bbox 601 5377 873 5435; x_wconf 88' lang='lat' dir='ltr'><strong>moribus</strong></span> <span class='ocrx_word' id='word_1_808' title='bbox 897 5375 1202 5439; x_wconf 90' lang='lat' dir='ltr'><strong>omnibus,</strong></span> <span class='ocrx_word' id='word_1_809' title='bbox 1228 5375 1288 5432; x_wconf 91' lang='lat' dir='ltr'><strong>in</strong></span> <span class='ocrx_word' id='word_1_810' title='bbox 1312 5375 1542 5432; x_wconf 89' lang='lat' dir='ltr'><strong>artibus</strong></span> <span class='ocrx_word' id='word_1_811' title='bbox 1569 5374 1942 5440; x_wconf 91' lang='lat' dir='ltr'><strong>omnibus,in</strong></span> 
     </span>
    </p>
   </div>
   <div class='ocr_carea' id='block_1_105' title="bbox 270 5465 1940 5543">
    <p class='ocr_par' dir='ltr' id='par_1_105' title="bbox 270 5465 1940 5543">
     <span class='ocr_line' id='line_1_105' title="bbox 270 5465 1940 5543; baseline -0.002 -19"><span class='ocrx_word' id='word_1_812' title='bbox 270 5467 761 5543; x_wconf 76' lang='lat' dir='ltr'><strong>professionibus</strong></span> <span class='ocrx_word' id='word_1_813' title='bbox 778 5465 1151 5533; x_wconf 91' lang='lat' dir='ltr'><strong>omnibus,in</strong></span> <span class='ocrx_word' id='word_1_814' title='bbox 1168 5467 1547 5522; x_wconf 86' lang='lat' dir='ltr'><strong>voluntatum</strong></span> <span class='ocrx_word' id='word_1_815' title='bbox 1564 5465 1940 5520; x_wconf 89' lang='lat' dir='ltr'><strong>etconscien-</strong></span> 
     </span>
    </p>
   </div>
   <div class='ocr_carea' id='block_1_106' title="bbox 274 5554 1942 5628">
    <p class='ocr_par' dir='ltr' id='par_1_106' title="bbox 274 5554 1942 5628">
     <span class='ocr_line' id='line_1_106' title="bbox 274 5554 1942 5628; baseline -0.002 -14"><span class='ocrx_word' id='word_1_816' title='bbox 274 5558 505 5614; x_wconf 80' lang='lat' dir='ltr'><strong>tiarum</strong></span> <span class='ocrx_word' id='word_1_817' title='bbox 535 5558 812 5614; x_wconf 85' lang='lat' dir='ltr'><strong>varietate</strong></span> <span class='ocrx_word' id='word_1_818' title='bbox 833 5555 1214 5613; x_wconf 87' lang='lat' dir='ltr'><strong>inumerabili</strong></span> <span class='ocrx_word' id='word_1_819' title='bbox 1237 5554 1608 5621; x_wconf 89' lang='lat' dir='ltr'><strong>constitutos,</strong></span> <span class='ocrx_word' id='word_1_820' title='bbox 1631 5559 1687 5612; x_wconf 93' lang='lat' dir='ltr'><strong>et</strong></span> <span class='ocrx_word' id='word_1_821' title='bbox 1718 5556 1766 5610; x_wconf 92' lang='lat' dir='ltr'><strong>si</strong></span> <span class='ocrx_word' id='word_1_822' title='bbox 1796 5555 1942 5628; x_wconf 90' lang='lat' dir='ltr'><strong>quid</strong></span> 
     </span>
    </p>
   </div>
   <div class='ocr_carea' id='block_1_107' title="bbox 2037 4485 3700 4558">
    <p class='ocr_par' dir='ltr' id='par_1_107' title="bbox 2037 4485 3700 4558">
     <span class='ocr_line' id='line_1_107' title="bbox 2037 4485 3700 4558; baseline 0.002 -16"><span class='ocrx_word' id='word_1_823' title='bbox 2037 4491 2100 4542; x_wconf 92' lang='lat' dir='ltr'><strong>ut</strong></span> <span class='ocrx_word' id='word_1_824' title='bbox 2138 4485 2294 4542; x_wconf 89' lang='lat' dir='ltr'><strong>male</strong></span> <span class='ocrx_word' id='word_1_825' title='bbox 2323 4485 2468 4541; x_wconf 89' lang='lat' dir='ltr'><strong>velle</strong></span> <span class='ocrx_word' id='word_1_826' title='bbox 2497 4501 2622 4541; x_wconf 92' lang='lat' dir='ltr'><strong>non</strong></span> <span class='ocrx_word' id='word_1_827' title='bbox 2661 4485 2867 4558; x_wconf 90' lang='lat' dir='ltr'><strong>possit,</strong></span> <span class='ocrx_word' id='word_1_828' title='bbox 2909 4501 3020 4541; x_wconf 91' lang='lat' dir='ltr'><strong>nec</strong></span> <span class='ocrx_word' id='word_1_829' title='bbox 3067 4485 3202 4543; x_wconf 92' lang='lat' dir='ltr'><strong>ideo</strong></span> <span class='ocrx_word' id='word_1_830' title='bbox 3244 4487 3433 4543; x_wconf 90' lang='lat' dir='ltr'><strong>libero</strong></span> <span class='ocrx_word' id='word_1_831' title='bbox 3475 4488 3700 4545; x_wconf 88' lang='lat' dir='ltr'><strong>carebit</strong></span> 
     </span>
    </p>
   </div>
   <div class='ocr_carea' id='block_1_108' title="bbox 2037 4571 3700 4647">
    <p class='ocr_par' dir='ltr' id='par_1_108' title="bbox 2037 4571 3700 4647">
     <span class='ocr_line' id='line_1_108' title="bbox 2037 4571 3700 4647; baseline 0.001 -18"><span class='ocrx_word' id='word_1_832' title='bbox 2037 4572 2301 4629; x_wconf 89' lang='lat' dir='ltr'><strong>arbitrio.</strong></span> <span class='ocrx_word' id='word_1_833' title='bbox 2323 4571 2500 4629; x_wconf 85' lang='lat' dir='ltr'><strong>Multo</strong></span> <span class='ocrx_word' id='word_1_834' title='bbox 2526 4574 2750 4646; x_wconf 90' lang='lat' dir='ltr'><strong>quippe</strong></span> <span class='ocrx_word' id='word_1_835' title='bbox 2776 4573 3018 4629; x_wconf 90' lang='lat' dir='ltr'><strong>liberius</strong></span> <span class='ocrx_word' id='word_1_836' title='bbox 3045 4574 3153 4629; x_wconf 90' lang='lat' dir='ltr'><strong>erit</strong></span> <span class='ocrx_word' id='word_1_837' title='bbox 3173 4573 3508 4644; x_wconf 83' lang='lat' dir='ltr'><strong>arbitrium,</strong></span> <span class='ocrx_word' id='word_1_838' title='bbox 3531 4574 3700 4647; x_wconf 90' lang='lat' dir='ltr'><strong>quod</strong></span> 
     </span>
    </p>
   </div>
   <div class='ocr_carea' id='block_1_109' title="bbox 2039 4662 3700 4735">
    <p class='ocr_par' dir='ltr' id='par_1_109' title="bbox 2039 4662 3700 4735">
     <span class='ocr_line' id='line_1_109' title="bbox 2039 4662 3700 4735; baseline 0.001 -18"><span class='ocrx_word' id='word_1_839' title='bbox 2039 4662 2286 4717; x_wconf 91' lang='lat' dir='ltr'><strong>omnino</strong></span> <span class='ocrx_word' id='word_1_840' title='bbox 2312 4676 2436 4716; x_wconf 92' lang='lat' dir='ltr'><strong>non</strong></span> <span class='ocrx_word' id='word_1_841' title='bbox 2465 4662 2681 4734; x_wconf 92' lang='lat' dir='ltr'><strong>poterit</strong></span> <span class='ocrx_word' id='word_1_842' title='bbox 2720 4662 2940 4717; x_wconf 89' lang='lat' dir='ltr'><strong>servire</strong></span> <span class='ocrx_word' id='word_1_843' title='bbox 2989 4668 3254 4734; x_wconf 88' lang='lat' dir='ltr'><strong>peccato.</strong></span> <span class='ocrx_word' id='word_1_844' title='bbox 3299 4666 3499 4735; x_wconf 88' lang='lat' dir='ltr'><strong>Neque</strong></span> <span class='ocrx_word' id='word_1_845' title='bbox 3537 4662 3700 4719; x_wconf 89' lang='lat' dir='ltr'><strong>enim</strong></span> 
     </span>
    </p>
   </div>
   <div class='ocr_carea' id='block_1_110' title="bbox 2040 4748 3704 4821">
    <p class='ocr_par' dir='ltr' id='par_1_110' title="bbox 2040 4748 3704 4821">
     <span class='ocr_line' id='line_1_110' title="bbox 2040 4748 3704 4821; baseline 0.001 -15"><span class='ocrx_word' id='word_1_846' title='bbox 2040 4749 2345 4821; x_wconf 89' lang='lat' dir='ltr'><strong>culpanda</strong></span> <span class='ocrx_word' id='word_1_847' title='bbox 2375 4755 2462 4804; x_wconf 92' lang='lat' dir='ltr'><strong>est</strong></span> <span class='ocrx_word' id='word_1_848' title='bbox 2489 4748 2787 4815; x_wconf 88' lang='lat' dir='ltr'><strong>voluntas,</strong></span> <span class='ocrx_word' id='word_1_849' title='bbox 2822 4756 2926 4805; x_wconf 90' lang='lat' dir='ltr'><strong>aut</strong></span> <span class='ocrx_word' id='word_1_850' title='bbox 2954 4749 3230 4806; x_wconf 87' lang='lat' dir='ltr'><strong>voluntas</strong></span> <span class='ocrx_word' id='word_1_851' title='bbox 3276 4766 3401 4806; x_wconf 92' lang='lat' dir='ltr'><strong>non</strong></span> <span class='ocrx_word' id='word_1_852' title='bbox 3447 4756 3557 4819; x_wconf 86' lang='lat' dir='ltr'><strong>est,</strong></span> <span class='ocrx_word' id='word_1_853' title='bbox 3599 4753 3704 4809; x_wconf 90' lang='lat' dir='ltr'><strong>aut</strong></span> 
     </span>
    </p>
   </div>
   <div class='ocr_carea' id='block_1_111' title="bbox 2039 4836 3700 4911">
    <p class='ocr_par' dir='ltr' id='par_1_111' title="bbox 2039 4836 3700 4911">
     <span class='ocr_line' id='line_1_111' title="bbox 2039 4836 3700 4911; baseline 0.002 -18"><span class='ocrx_word' id='word_1_854' title='bbox 2039 4838 2227 4893; x_wconf 91' lang='lat' dir='ltr'><strong>libera</strong></span> <span class='ocrx_word' id='word_1_855' title='bbox 2251 4836 2510 4892; x_wconf 91' lang='lat' dir='ltr'><strong>dicenda</strong></span> <span class='ocrx_word' id='word_1_856' title='bbox 2537 4852 2660 4892; x_wconf 91' lang='lat' dir='ltr'><strong>non</strong></span> <span class='ocrx_word' id='word_1_857' title='bbox 2686 4842 2793 4905; x_wconf 91' lang='lat' dir='ltr'><strong>est,</strong></span> <span class='ocrx_word' id='word_1_858' title='bbox 2818 4852 2943 4908; x_wconf 89' lang='lat' dir='ltr'><strong>qua</strong></span> <span class='ocrx_word' id='word_1_859' title='bbox 2965 4837 3124 4893; x_wconf 89' lang='lat' dir='ltr'><strong>beati</strong></span> <span class='ocrx_word' id='word_1_860' title='bbox 3144 4853 3272 4894; x_wconf 90' lang='lat' dir='ltr'><strong>esse</strong></span> <span class='ocrx_word' id='word_1_861' title='bbox 3295 4839 3378 4895; x_wconf 90' lang='lat' dir='ltr'><strong>sic</strong></span> <span class='ocrx_word' id='word_1_862' title='bbox 3398 4839 3700 4911; x_wconf 91' lang='lat' dir='ltr'><strong>volumus,</strong></span> 
     </span>
    </p>
   </div>
   <div class='ocr_carea' id='block_1_112' title="bbox 2041 4925 3704 5003">
    <p class='ocr_par' dir='ltr' id='par_1_112' title="bbox 2041 4925 3704 5003">
     <span class='ocr_line' id='line_1_112' title="bbox 2041 4925 3704 5003; baseline 0.002 -19"><span class='ocrx_word' id='word_1_863' title='bbox 2041 4932 2108 4984; x_wconf 91' lang='lat' dir='ltr'><strong>ut</strong></span> <span class='ocrx_word' id='word_1_864' title='bbox 2136 4941 2264 4981; x_wconf 89' lang='lat' dir='ltr'><strong>esse</strong></span> <span class='ocrx_word' id='word_1_865' title='bbox 2289 4925 2490 4981; x_wconf 91' lang='lat' dir='ltr'><strong>miseri</strong></span> <span class='ocrx_word' id='word_1_866' title='bbox 2510 4941 2634 4981; x_wconf 92' lang='lat' dir='ltr'><strong>non</strong></span> <span class='ocrx_word' id='word_1_867' title='bbox 2662 4925 2859 4981; x_wconf 90' lang='lat' dir='ltr'><strong>solum</strong></span> <span class='ocrx_word' id='word_1_868' title='bbox 2879 4925 3160 4995; x_wconf 91' lang='lat' dir='ltr'><strong>nolimus,</strong></span> <span class='ocrx_word' id='word_1_869' title='bbox 3181 4928 3286 4984; x_wconf 90' lang='lat' dir='ltr'><strong>sed</strong></span> <span class='ocrx_word' id='word_1_870' title='bbox 3311 4943 3704 5003; x_wconf 88' lang='lat' dir='ltr'><strong>nequaquam</strong></span> 
     </span>
    </p>
   </div>
   <div class='ocr_carea' id='block_1_113' title="bbox 2042 5014 3708 5090">
    <p class='ocr_par' dir='ltr' id='par_1_113' title="bbox 2042 5014 3708 5090">
     <span class='ocr_line' id='line_1_113' title="bbox 2042 5014 3708 5090; baseline 0.002 -18"><span class='ocrx_word' id='word_1_871' title='bbox 2042 5032 2288 5090; x_wconf 85' lang='lat' dir='ltr'><strong>prorsus</strong></span> <span class='ocrx_word' id='word_1_872' title='bbox 2317 5014 2466 5070; x_wconf 88' lang='lat' dir='ltr'><strong>velle</strong></span> <span class='ocrx_word' id='word_1_873' title='bbox 2497 5015 2823 5088; x_wconf 91' lang='lat' dir='ltr'><strong>possimus.</strong></span> <span class='ocrx_word' id='word_1_874' title='bbox 2872 5015 3030 5073; x_wconf 93' lang='lat' dir='ltr'><strong>Sicut</strong></span> <span class='ocrx_word' id='word_1_875' title='bbox 3075 5031 3217 5088; x_wconf 91' lang='lat' dir='ltr'><strong>ergo</strong></span> <span class='ocrx_word' id='word_1_876' title='bbox 3264 5018 3468 5075; x_wconf 90' lang='lat' dir='ltr'><strong>anima</strong></span> <span class='ocrx_word' id='word_1_877' title='bbox 3497 5025 3708 5076; x_wconf 90' lang='lat' dir='ltr'><strong>nostra</strong></span> 
     </span>
    </p>
   </div>
   <div class='ocr_carea' id='block_1_114' title="bbox 2043 5103 3708 5181">
    <p class='ocr_par' dir='ltr' id='par_1_114' title="bbox 2043 5103 3708 5181">
     <span class='ocr_line' id='line_1_114' title="bbox 2043 5103 3708 5181; baseline 0.001 -19"><span class='ocrx_word' id='word_1_878' title='bbox 2043 5106 2226 5162; x_wconf 88' lang='lat' dir='ltr'><strong>etiam</strong></span> <span class='ocrx_word' id='word_1_879' title='bbox 2246 5119 2408 5160; x_wconf 93' lang='lat' dir='ltr'><strong>nunc</strong></span> <span class='ocrx_word' id='word_1_880' title='bbox 2433 5103 2590 5160; x_wconf 91' lang='lat' dir='ltr'><strong>nolle</strong></span> <span class='ocrx_word' id='word_1_881' title='bbox 2611 5103 3036 5171; x_wconf 81' lang='lat' dir='ltr'><strong>infelicitatem,</strong></span> <span class='ocrx_word' id='word_1_882' title='bbox 3058 5104 3138 5161; x_wconf 90' lang='lat' dir='ltr'><strong>ita</strong></span> <span class='ocrx_word' id='word_1_883' title='bbox 3159 5106 3316 5162; x_wconf 89' lang='lat' dir='ltr'><strong>nolle</strong></span> <span class='ocrx_word' id='word_1_884' title='bbox 3333 5107 3708 5181; x_wconf 90' lang='lat' dir='ltr'><strong>iniquitatem</strong></span> 
     </span>
    </p>
   </div>
   <div class='ocr_carea' id='block_1_115' title="bbox 2047 5193 3709 5268">
    <p class='ocr_par' dir='ltr' id='par_1_115' title="bbox 2047 5193 3709 5268">
     <span class='ocr_line' id='line_1_115' title="bbox 2047 5193 3709 5268; baseline -0.001 -18"><span class='ocrx_word' id='word_1_885' title='bbox 2047 5210 2285 5268; x_wconf 89' lang='lat' dir='ltr'><strong>semper</strong></span> <span class='ocrx_word' id='word_1_886' title='bbox 2329 5193 2611 5250; x_wconf 91' lang='lat' dir='ltr'><strong>habitura</strong></span> <span class='ocrx_word' id='word_1_887' title='bbox 2654 5198 2762 5250; x_wconf 89' lang='lat' dir='ltr'><strong>est.</strong></span> <span class='ocrx_word' id='word_1_888' title='bbox 2810 5193 2926 5250; x_wconf 91' lang='lat' dir='ltr'><strong>Sed</strong></span> <span class='ocrx_word' id='word_1_889' title='bbox 2970 5194 3119 5250; x_wconf 94' lang='lat' dir='ltr'><strong>ordo</strong></span> <span class='ocrx_word' id='word_1_890' title='bbox 3166 5196 3709 5268; x_wconf 76' lang='lat' dir='ltr'><strong>praetermittendus</strong></span> 
     </span>
    </p>
   </div>
   <div class='ocr_carea' id='block_1_116' title="bbox 2045 5282 3711 5356">
    <p class='ocr_par' dir='ltr' id='par_1_116' title="bbox 2045 5282 3711 5356">
     <span class='ocr_line' id='line_1_116' title="bbox 2045 5282 3711 5356; baseline -0.002 -14"><span class='ocrx_word' id='word_1_891' title='bbox 2045 5301 2165 5342; x_wconf 91' lang='lat' dir='ltr'><strong>non</strong></span> <span class='ocrx_word' id='word_1_892' title='bbox 2199 5283 2326 5347; x_wconf 91' lang='lat' dir='ltr'><strong>fuit,</strong></span> <span class='ocrx_word' id='word_1_893' title='bbox 2371 5283 2434 5340; x_wconf 91' lang='lat' dir='ltr'><strong>in</strong></span> <span class='ocrx_word' id='word_1_894' title='bbox 2462 5299 2586 5356; x_wconf 91' lang='lat' dir='ltr'><strong>quo</strong></span> <span class='ocrx_word' id='word_1_895' title='bbox 2630 5283 2784 5338; x_wconf 88' lang='lat' dir='ltr'><strong>Deus</strong></span> <span class='ocrx_word' id='word_1_896' title='bbox 2814 5282 3002 5339; x_wconf 88' lang='lat' dir='ltr'><strong>voluit</strong></span> <span class='ocrx_word' id='word_1_897' title='bbox 3031 5285 3344 5341; x_wconf 89' lang='lat' dir='ltr'><strong>ostendere</strong></span> <span class='ocrx_word' id='word_1_898' title='bbox 3381 5299 3569 5356; x_wconf 90' lang='lat' dir='ltr'><strong>quam</strong></span> <span class='ocrx_word' id='word_1_899' title='bbox 3598 5283 3711 5340; x_wconf 89' lang='lat' dir='ltr'><strong>bo-</strong></span> 
     </span>
    </p>
   </div>
   <div class='ocr_carea' id='block_1_117' title="bbox 2047 5370 3710 5443">
    <p class='ocr_par' dir='ltr' id='par_1_117' title="bbox 2047 5370 3710 5443">
     <span class='ocr_line' id='line_1_117' title="bbox 2047 5370 3710 5443; baseline 0 -13"><span class='ocrx_word' id='word_1_900' title='bbox 2047 5389 2197 5430; x_wconf 92' lang='lat' dir='ltr'><strong>num</strong></span> <span class='ocrx_word' id='word_1_901' title='bbox 2228 5373 2302 5430; x_wconf 93' lang='lat' dir='ltr'><strong>sit</strong></span> <span class='ocrx_word' id='word_1_902' title='bbox 2335 5373 2553 5430; x_wconf 73' lang='lat' dir='ltr'><strong>animae</strong></span> <span class='ocrx_word' id='word_1_903' title='bbox 2597 5370 2873 5428; x_wconf 88' lang='lat' dir='ltr'><strong>rationali</strong></span> <span class='ocrx_word' id='word_1_904' title='bbox 2920 5372 3049 5443; x_wconf 89' lang='lat' dir='ltr'><strong>[al.,</strong></span> <span class='ocrx_word' id='word_1_905' title='bbox 3099 5372 3328 5429; x_wconf 90' lang='lat' dir='ltr'><strong>animal</strong></span> <span class='ocrx_word' id='word_1_906' title='bbox 3372 5372 3710 5443; x_wconf 88' lang='lat' dir='ltr'><strong>rationale],</strong></span> 
     </span>
    </p>
   </div>
   <div class='ocr_carea' id='block_1_118' title="bbox 2048 5461 3708 5535">
    <p class='ocr_par' dir='ltr' id='par_1_118' title="bbox 2048 5461 3708 5535">
     <span class='ocr_line' id='line_1_118' title="bbox 2048 5461 3708 5535; baseline -0.002 -17"><span class='ocrx_word' id='word_1_907' title='bbox 2048 5462 2215 5535; x_wconf 90' lang='lat' dir='ltr'><strong>quod</strong></span> <span class='ocrx_word' id='word_1_908' title='bbox 2261 5462 2441 5518; x_wconf 90' lang='lat' dir='ltr'><strong>etiam</strong></span> <span class='ocrx_word' id='word_1_909' title='bbox 2490 5476 2741 5534; x_wconf 87' lang='lat' dir='ltr'><strong>peccare</strong></span> <span class='ocrx_word' id='word_1_910' title='bbox 2787 5461 2996 5533; x_wconf 86' lang='lat' dir='ltr'><strong>possit,</strong></span> <span class='ocrx_word' id='word_1_911' title='bbox 3045 5462 3328 5533; x_wconf 86' lang='lat' dir='ltr'><strong>quamvis</strong></span> <span class='ocrx_word' id='word_1_912' title='bbox 3376 5461 3450 5516; x_wconf 90' lang='lat' dir='ltr'><strong>sit</strong></span> <span class='ocrx_word' id='word_1_913' title='bbox 3491 5463 3708 5518; x_wconf 88' lang='lat' dir='ltr'><strong>melius</strong></span> 
     </span>
    </p>
   </div>
   <div class='ocr_carea' id='block_1_119' title="bbox 2051 5549 3712 5625">
    <p class='ocr_par' dir='ltr' id='par_1_119' title="bbox 2051 5549 3712 5625">
     <span class='ocr_line' id='line_1_119' title="bbox 2051 5549 3712 5625; baseline -0.001 -18"><span class='ocrx_word' id='word_1_914' title='bbox 2051 5552 2215 5625; x_wconf 90' lang='lat' dir='ltr'><strong>quod</strong></span> <span class='ocrx_word' id='word_1_915' title='bbox 2245 5567 2493 5622; x_wconf 90' lang='lat' dir='ltr'><strong>peccare</strong></span> <span class='ocrx_word' id='word_1_916' title='bbox 2514 5566 2636 5607; x_wconf 92' lang='lat' dir='ltr'><strong>non</strong></span> <span class='ocrx_word' id='word_1_917' title='bbox 2659 5549 2848 5622; x_wconf 92' lang='lat' dir='ltr'><strong>possit</strong></span> <span class='ocrx_word' id='word_1_918' title='bbox 2879 5567 2892 5605; x_wconf 88' lang='lat'><strong>:</strong></span> <span class='ocrx_word' id='word_1_919' title='bbox 2925 5550 3075 5606; x_wconf 89' lang='lat' dir='ltr'><strong>sicut</strong></span> <span class='ocrx_word' id='word_1_920' title='bbox 3102 5550 3301 5607; x_wconf 90' lang='lat' dir='ltr'><strong>minor</strong></span> <span class='ocrx_word' id='word_1_921' title='bbox 3331 5549 3442 5606; x_wconf 91' lang='lat' dir='ltr'><strong>fuit</strong></span> <span class='ocrx_word' id='word_1_922' title='bbox 3464 5551 3712 5607; x_wconf 87' lang='lat' dir='ltr'><strong>immor-</strong></span> 
     </span>
    </p>
   </div>
   <div class='ocr_carea' id='block_1_120' title="bbox 276 5636 3712 5710">
    <p class='ocr_par' dir='ltr' id='par_1_120' title="bbox 276 5636 3712 5710">
     <span class='ocr_line' id='line_1_120' title="bbox 276 5636 3712 5710; baseline -0.003 -7"><span class='ocrx_word' id='word_1_923' title='bbox 276 5644 453 5704; x_wconf 71' lang='lat' dir='ltr'><strong>aliud</strong></span> <span class='ocrx_word' id='word_1_924' title='bbox 500 5645 972 5703; x_wconf 77' lang='lat' dir='ltr'><strong>differentiarum</strong></span> <span class='ocrx_word' id='word_1_925' title='bbox 1018 5648 1110 5700; x_wconf 91' lang='lat' dir='ltr'><strong>est</strong></span> <span class='ocrx_word' id='word_1_926' title='bbox 1150 5645 1213 5700; x_wconf 90' lang='lat' dir='ltr'><strong>in</strong></span> <span class='ocrx_word' id='word_1_927' title='bbox 1253 5641 1627 5700; x_wconf 90' lang='lat' dir='ltr'><strong>hominibus.</strong></span> <span class='ocrx_word' id='word_1_928' title='bbox 1656 5643 1810 5710; x_wconf 85' lang='lat' dir='ltr'><strong>Quid</strong></span> <span class='ocrx_word' id='word_1_929' title='bbox 1852 5648 1945 5700; x_wconf 91' lang='lat' dir='ltr'><strong>est</strong></span> <span class='ocrx_word' id='word_1_930' title='bbox 2054 5639 2392 5707; x_wconf 88' lang='lat' dir='ltr'><strong>talitas,sed</strong></span> <span class='ocrx_word' id='word_1_931' title='bbox 2419 5645 2622 5696; x_wconf 88' lang='lat' dir='ltr'><strong>tamen</strong></span> <span class='ocrx_word' id='word_1_932' title='bbox 2650 5639 2843 5695; x_wconf 81' lang='lat' dir='ltr'><strong>fuitin</strong></span> <span class='ocrx_word' id='word_1_933' title='bbox 2870 5654 2994 5710; x_wconf 91' lang='lat' dir='ltr'><strong>qua</strong></span> <span class='ocrx_word' id='word_1_934' title='bbox 3012 5644 3218 5710; x_wconf 90' lang='lat' dir='ltr'><strong>posset</strong></span> <span class='ocrx_word' id='word_1_935' title='bbox 3238 5639 3418 5695; x_wconf 90' lang='lat' dir='ltr'><strong>etiam</strong></span> <span class='ocrx_word' id='word_1_936' title='bbox 3441 5636 3549 5710; x_wconf 88' lang='lat' dir='ltr'><strong>[al.</strong></span> <span class='ocrx_word' id='word_1_937' title='bbox 3568 5638 3712 5694; x_wconf 82' lang='lat' dir='ltr'><strong>add.</strong></span> 
     </span>
    </p>
   </div>
   <div class='ocr_carea' id='block_1_121' title="bbox 755 5741 1211 5800">
    <p class='ocr_par' dir='ltr' id='par_1_121' title="bbox 755 5741 1211 5800">
     <span class='ocr_line' id='line_1_121' title="bbox 755 5741 1211 5800; baseline 0.002 -3"><span class='ocrx_word' id='word_1_938' title='bbox 755 5743 1004 5800; x_wconf 71' lang='grc' dir='ltr'><strong>Ρηιιοι..</strong></span> <span class='ocrx_word' id='word_1_939' title='bbox 1043 5741 1211 5798; x_wconf 77' lang='lat' dir='ltr'><strong>CXV.</strong></span> 
     </span>
    </p>
   </div>
   <div class='ocr_carea' id='block_1_122' title="bbox 3187 5739 3254 5791">
    <p class='ocr_par' dir='ltr' id='par_1_122' title="bbox 3187 5739 3254 5791">
     <span class='ocr_line' id='line_1_122' title="bbox 3187 5739 3254 5791; baseline 0 0"><span class='ocrx_word' id='word_1_940' title='bbox 3187 5739 3254 5791; x_wconf 77' lang='lat'><strong>33</strong></span> 
     </span>
    </p>
   </div>
  </div>
