4112 6184
542 142 677 205 1035
1619 140 1674 205 S.
1715 140 2091 207 PRUDEN‘HI
2128 138 2505 207 TRECENSIS
2544 142 2863 212 EPiSCOPI
3082 168 3087 177 '
3739 170 3832 232 wn

532 270 679 345 non]
703 260 1185 365 mori,_quamvis
1223 264 1420 342 major
1448 268 1647 328 futura
1676 266 1767 344 sit,
1798 274 1861 330 in
1903 284 2025 347 qua
2062 288 2183 329 non
2214 275 2261 328 A
2297 264 2685 342 egrederetur
2725 282 2859 335 cum
2902 294 2966 336 eo
3009 281 3324 336 adversum
3364 276 3504 339 Je/tu
3526 278 3685 354 ﬁliam
3717 290 3836 365 Nasi,

529 361 722 435 possit
749 359 921 417 mori.
2295 372 2465 434 quem
2506 368 2685 424 unxit
2732 369 2910 440 Deus,
2955 377 3019 426 ut
3050 368 3273 428 deleret
3302 370 3519 430 domum
3547 377 3706 436 Ahab.
3735 359 3840 442 σωὴ

598 448 766 520 (Cap.
808 448 1149 542 Militiam
1196 456 1412 542 natura
1458 448 1729 508 humana
1777 452 2035 526 perdidit
2081 466 2185 525 per
2293 468 2432 523 ergo
2459 461 2743 514 everteret
2771 461 2919 515 Je/zu
2942 454 3609 528 domumA/zab,invenit
3632 470 3840 542 princeps

523 536 779 622 liberum
840 538 1174 609 arbitrium,
1236 542 1294 599 et
1345 541 1503 600 hanc
1562 549 1647 600 est
1708 549 2026 618 acceptura
2080 560 2185 617 per
2290 542 2454 599 Juda
2485 549 2539 600 et
2564 547 2722 614 ﬁlios
2748 547 3019 618 fratrum
3071 542 3351 621 chozla’,
3379 552 3475 622 qui
3508 536 3845 616 ministrabant

521 620 800 704 gratiam,
842 645 1033 703 quam
1077 626 1290 701 fuerat,
1350 632 1568 713 sinon
1608 640 1934 708 peccasset,
1978 650 2183 707 accep-
2290 632 2360 697 ei,
2403 638 2456 688 et
2496 636 2798 705 interfecit
2842 637 3016 706 illos;
3044 620 3353 711 ipsumque
3377 620 3684 713 perquirens
3711 646 3843 703 0012a

519 726 651 805 tura
681 736 788 794 per
816 714 1097 805 meritum
1130 738 1143 776 :
1177 712 1456 795 quamvis
1496 724 1623 779 sine
1672 716 1863 795 gratia
1899 741 2010 780 nec
2043 728 2180 780 tunc
2288 721 2439 776 zz‘am
2465 724 2915 792 comprehendit
2957 726 3233 783 latentem
3278 724 3337 782 in
3383 725 3649 803 Samaria,
3675 728 3843 792 adduc-

516 804 706 893 ullum
739 808 1021 893 meritum
1050 826 1179 867 esse
1209 812 1519 885 potuisset.
1555 814 1703 880 Quia
1730 814 1836 871 etsi
1865 812 2178 888 peccatum
2289 814 2528 881 tumque
2549 813 2632 868 ad
2659 828 2719 870 se
2744 814 2959 871 occidit
2988 808 3187 888 (Ibid,
3212 824 3358 872 vers.
3388 814 3513 889 6-9).

513 892 577 958 in
594 899 734 979 solo
760 900 887 956 erat
909 892 1097 957 libero
1119 901 1364 959 arbitrio
1389 903 1794 969 constitutum,
1826 908 2022 960 tamen
2049 904 2177 975 jus-
2358 898 2399 969 -Ῑ-
2422 903 2483 955 In
2507 902 2719 958 eodem
2746 921 2757 957 :
2781 896 2997 960 Noluit
3015 904 3227 961 audire
3248 908 3522 975 Am‘azias,
3548 922 3603 965 eo
3621 906 3752 981 quod
3764 910 3844 970 Do-

513 988 650 1045 titite
676 987 1001 1045 retinendae
1031 1005 1154 1045 non
1187 988 1522 1047 sufﬁciebat
1551 990 1807 1047 liberum
1840 990 2177 1063 arbitrium,
2284 984 2438 1043 mini
2462 995 2606 1046 esset
2636 994 2934 1062 voluntas,
2966 998 3034 1049 ut
3059 996 3397 1052 traderetur
3422 998 3480 1051 in.
3508 998 3845 1057 manabat/tos-

511 1078 626 1137 nisi
668 1078 1118 1153 participatione
1158 1070 1553 1137 immutabilis
1586 1082 1733 1138 boni
1761 1071 2033 1139 divinum
2075 1083 2174 1139 ad-
2287 1077 2456 1143 τίωη,
2487 1085 2740 1148 propter”
2760 1080 2895 1136 deos
2921 1080 3111 1138 Edam
3138 1082 3241 1151 (ΙΙ.
3272 1076 3411 1139 Par.
3442 1094 3566 1152 xxv,
3591 1086 3686 1155 ξω.

506 1169 797 1242 jutorium
838 1162 1221 1243 praeberetur.
1274 1170 1433 1227 Sicut
1483 1172 1643 1227 enim
1690 1173 1843 1229 mori
1870 1177 1957 1228 est
1985 1175 2047 1228 in
2076 1173 2177 1228 ho-
2355 1167 2397 1235 ’ἰ-
2442 1166 2503 1221 ln
2542 1168 2634 1224 his
2682 1169 3049 1226 voluntatem
3089 1171 3189 1227 Dei
3221 1177 3322 1229 aut
3367 1173 3597 1243 negabis
3621 1168 3784 1241 ullam,
3808 1181 3847 1231 et

509 1252 688 1315 minis
716 1260 1008 1331 potestate
1039 1275 1177 1315 cum
1209 1256 1368 1327 velit,
1401 1276 1582 1316 nemo
1604 1266 1693 1317 est
1731 1263 1891 1317 enim
1918 1262 2022 1334 qui
2052 1278 2175 1317 non

508 1346 796 1421 seipsum,
845 1353 909 1405 ut
958 1342 1108 1405 nihil
1155 1338 1318 1405 aliud
1350 1348 1574 1421 dicam,
1602 1350 1697 1407 vel
1725 1368 1846 1408 non
1876 1352 2174 1407 vescendo

505 1434 695 1511 possit
713 1434 985 1493 occidere
1018 1454 1031 1491 :
1065 1434 1145 1492 ad
1166 1435 1489 1493 tenendam
1522 1454 1662 1494 vero
1678 1440 1865 1495 vitam
1896 1439 2171 1495 voluntas
2283 1432 2414 1501 ejus
2455 1433 2977 1506 praedestinatione
3012 1435 3277 1494 admitte.
3324 1442 3510 1512 Neque
3557 1441 3694 1495 enim
3728 1438 3847 1498 aliud

504 1541 630 1583 non
661 1528 749 1583 sat
769 1525 934 1597 est,si
953 1522 1252 1597 adjutoria
1273 1526 1395 1583 sive
1416 1526 1858 1596 alimentorum,
1892 1529 2013 1585 sive
2030 1545 2174 1601 quo-
2281 1516 2470 1577 voluit
2495 1532 2682 1594 quam
2709 1523 3173 1598 praedestinavit,
3210 1534 3404 1600 neque
3434 1524 3581 1585 aliud
3608 1526 3847 1602 praedesti-

505 1632 885 1689 rumcunque
912 1616 1277 1672 tutaminum
1316 1612 1531 1673 desint,
1574 1618 1664 1674 Sic
1687 1612 1872 1674 homo
1905 1618 1966 1674 in
1995 1635 2172 1691 para-
2202 1622 2247 1685 Β
2280 1612 2445 1666 navit
2474 1618 2660 1684 quam
2684 1614 2891 1671 voluit.
2930 1614 2995 1671 Et
3024 1616 3175 1672 sicut
3203 1608 3302 1672 vol
3334 1620 3528 1674 .ntates
3568 1620 3678 1689 ejus
3704 1619 3848 1690 plura-

502 1705 637 1762 diso
654 1696 734 1761 ad
760 1721 822 1761 se
861 1704 1262 1762 occidendum
1289 1705 1685 1779 relinquendo
1714 1707 2007 1778 justitiam
2038 1708 2168 1764 ido-
2278 1698 2429 1764 liter.
2458 1701 2540 1756 ita
2568 1703 3124 1774 praedestinationes
3153 1696 3349 1761 eﬁ‘erri
3377 1710 3722 1779 nequaquam
3750 1702 3850 1761 ulte-

500 1812 653 1853 neus
682 1798 810 1852 erat
826 1811 937 1867 pro
983 1794 1291 1852 voluntate
1325 1794 1452 1868 [al.,
1502 1812 1608 1869 per
1652 1792 2068 1870 voluntatem],
2104 1803 2173 1854 ut
2277 1787 2401 1845 rius
2440 1789 2836 1848 contradicas.
2886 1795 3111 1849 interea
3155 1795 3432 1851 miranda
3469 1801 3549 1851 est
3586 1794 3845 1852 admodum

420 1948 429 1951 _
500 1888 704 1943 autem
736 1874 814 1941 ab
848 1900 919 1940 eo
957 1882 1256 1940 teneretur
1308 1883 1425 1940 vita
1463 1884 1726 1956 justitiae,
1776 1901 1995 1958 parum
2042 1888 2169 1943 erat
2279 1878 2513 1940 astutia,
2546 1879 2640 1933 vel
2669 1880 2868 1952 potius
2901 1881 3135 1939 caecitas
3163 1888 3283 1949 tua,
3321 1884 3571 1956 quicum
3598 1872 3849 1939 dialecticis

499 1971 670 2050 velle,
692 1965 807 2028 nisi
836 1964 932 2028 ille
961 1971 1067 2045 qui
1092 1987 1233 2028 eum
1260 1969 1482 2028 fecerat
1515 1972 1851 2044 adjuvaret.
1888 1974 2001 2030 Sed
2029 1990 2167 2047 post
2275 1965 2359 2021 uti
2411 1966 2701 2040 delegeris
2752 1973 3142 2038 argumentis,
3190 1977 3247 2028 et
3292 1972 3519 2046 opponi
3558 1972 3650 2029 tibi
3690 1971 3846 2027 merito

498 2060 664 2118 illam
694 2058 934 2117 ruinam
965 2059 1161 2132 major
1197 2063 1290 2117 est
1327 2060 1737 2118 misericordia
1767 2054 1886 2125 Dei,
1919 2061 2165 2135 quando
2273 2055 2633 2127 praevideres'
2662 2059 3099 2131 praescientiam
3131 2060 3188 2117 et
3211 2054 3754 2133 prmdestina‘tionem'
3781 2069 3845 2114 re

2284 1254 2656 1312 contradice‘s
2686 1259 2999 1331 Scripturce
3044 1260 3305 1316 veritatis
3356 1279 3368 1316 :
3408 1258 3504 1317 aut
3529 1263 3573 1317 si
3600 1260 3843 1318 hancinﬁ-

2283 1342 2428 1398 clari
2472 1360 2595 1400 non
2638 1347 2847 1413 audes,
2896 1346 3091 1421 recipe
3127 1349 3372 1421 justam,
3413 1355 3466 1406 et
3501 1346 3773 1407 identidem
3796 1350 3845 1407 de

499 2154 557 2208 et
582 2152 780 2226 ipsum
807 2142 1065 2210 liberum
1098 2149 1410 2207 arbitrium
1441 2140 1827 2208 liberandum
1859 2156 1946 2207 est
1975 2168 2009 2206 a
2039 2169 2160 2207 ser-

498 2241 702 2311 vitute,
735 2234 830 2297 cui
868 2236 1215 2296 dominatur
1260 2256 1398 2295 cum
1445 2246 1634 2295 morte
1673 2243 2011 2312 peccatum.
2044 2241 2161 2296 Nec

497 2330 747 2386 omnino
776 2344 883 2401 per
912 2331 1199 2400 seipsum,
1241 2328 1347 2383 sed
1376 2344 1483 2401 per
1510 2326 1701 2383 solam
1742 2326 1839 2384 Dei
1882 2324 2155 2398 gratiam,

496 2434 635 2490 qua;
661 2419 719 2472 in
743 2416 862 2472 ﬁde
893 2414 1105 2471 Christi
1130 2415 1328 2487 posita
1351 2422 1457 2479 est,
1494 2412 1810 2483 liberatur;
1846 2423 1913 2472 ut
1956 2420 2161 2473 volun;

498 2513 588 2563 tas
616 2508 767 2574 ipsa.
790 2504 943 2560 sicut
973 2504 1259 2577 scriptum
1286 2506 1394 2567 est,
1428 2520 1464 2560 a
1493 2506 1746 2561 Domino
1776 2511 2158 2575 praeparetur

494 2594 698 2665 (Prov.
740 2608 861 2660 vm,
890 2592 980 2661 35,
1025 2607 1137 2649 sec.
1190 2588 1400 2662 LXX),
1450 2608 1573 2663 qua
1620 2592 1837 2648 ceetera
1874 2593 1975 2649 Dei
2025 2611 2153 2649 mu-

493 2697 643 2740 nera
670 2680 1004 2755 capiantur,
1036 2695 1146 2753 per
1172 2688 1309 2754 quae
1340 2680 1614 2736 veniatur
1641 2680 1719 2737 ad
1740 2698 1962 2737 munus
1993 2686 2156 2740 aeter-

494 2789 989 2937 nu-1I-n(.)portuerat
1024 2864 1080 2918 te
1108 2859 1222 2916 ista
1252 2857 1548 2930 legentem
1580 2859 1779 2932 potius
1811 2861 1899 2917 bri
1930 2858 2031 2918 tuo
2074 2863 2152 2919 si-

2269 2142 2445 2200 lative
2470 2160 2593 2201 non
2627 2148 3015 2204 essentialiter
3039 2146 3381 2222 prredica‘ri,
3407 2149 3766 2223 praetermissis
3780 2162 3842 2203 re-

2268 2232 2591 2289 lativorum
2618 2237 2928 2292 veracibus
2954 2237 3394 2308 instrumentis,
3420 2238 3495 2296 ad
3522 2224 3843 2296 essentialimn

2269 2323 2789 2381 conﬁrmationem
2818 2334 3060 2399 repente
3092 2330 3421 2387 transieris.
3443 2322 3519 2386 ita
3536 2336 3593 2386 ut
3616 2324 3756 2385 etiam
3774 2343 3840 2381 re-

2264 2410 2445 2468 lativa
2479 2410 2887 2471 essentialium
2945 2422 3174 2473 naturre
3224 2419 3618 2491 coujquer‘is,
3644 2418 3689 2472 et
3716 2414 3837 2471 nulla

2264 2500 2632 2583 discretionis
2660 2503 3007 2578 interposita
3036 2504 3401 2577 differentia,
3437 2522 3611 2564 unum
3628 2506 3837 2576 idemque

2264 2584 2641 2663 multiloqaia
2697 2592 3101 2665 disputatione
3150 2596 3514 2654 astru'xeris:
3570 2599 3676 2652 huc
3723 2592 3841 2649 enim

2263 2681 2402 2733 sunt
2422 2678 2603 2735 verba
2636 2685 2757 2737 tua.

2828 2842 3073 2884 IOA-NNES
3117 2845 3349 2888 SCOTUS.

491 2948 744 3009 lentium
786 2946 1115 3037 imponere,
1166 2965 1351 3022 quam
1397 2940 1627 3021 aliquid
1672 2952 1792 3006 tam
1823 2952 2153 3023 procaciter
2183 2981 2227 3037 ο
2331 2940 2496 3020 (Cap.
2529 2940 2584 3018 2,
2614 2954 2785 3005 num.
2817 2954 2872 3015 4,
2892 2952 3030 3008 sect.
3050 2952 3129 3020 2.)
3162 2958 3200 3007 Θ
3226 2954 3337 3037 Ἀη
3363 2948 3669 3025 fortedicis
3692 2942 3841 3019 (liere-

495 3046 754 3117 strepere
798 3032 895 3098 vel
940 3040 1158 3097 mutire
1188 3056 1201 3094 :
1233 3038 1385 3094 sicut
1422 3039 1581 3093 cnim
1630 3056 1767 3094 cum
1816 3056 1938 3096 una
1983 3042 2055 3097 sit
2096 3050 2152 3098 et
2192 3032 2222 3037 ⁷
2263 3036 2397 3108 ιίεθγ
2424 3038 2506 3093 ad
2553 3037 2949 3097 substantiam
2979 3042 3087 3097 Dei
3122 3032 3495 3102 voluntatem
3544 3052 3712 3109 suam“,
3758 3052 3840 3093 νιοη

497 3140 737 3205 semper
757 3126 969 3188 eadem
999 3128 1260 3187 essentia
1288 3126 1408 3191 Dei,
1431 3120 1766 3184 voluntates
1788 3132 1991 3185 tamen
2021 3128 2151 3202 ejus
2260 3130 2457 3184 autem
2501 3128 3085 3198 prmdeslinationem
3121 3146 3296 3189 suam
3324 3132 3663 3205 pertinere?
3703 3132 3775 3184 Ita
3796 3128 3845 3179 ut

487 3223 571 3281 ita
623 3221 1028 3295 multipliciter
1075 3218 1423 3286 efferuntur,
1472 3222 1533 3274 ut
1577 3218 1660 3274 eis
1710 3217 1997 3276 obsistere
2038 3238 2148 3277 nec
2258 3231 2380 3271 non
2423 3216 2601 3272 aliud
2636 3219 2714 3273 sit
2742 3218 2859 3275 Deo
2889 3234 3007 3275 esse
3036 3225 3093 3276 et
3132 3223 3307 3292 velle,
3343 3223 3515 3279 aliud
3540 3234 3663 3279 vero
3688 3230 3782 3276 esse
3809 3216 3845 3270 et

485 3312 685 3385 possis
725 3326 837 3367 nec
866 3308 1110 3376 debeas,
1160 3306 1370 3364 eodem
1420 3308 1601 3363 modo
1646 3308 1720 3363 de
1759 3310 2147 3381 praedestina-

486 3399 646 3455 tione
668 3398 883 3454 sentire
911 3394 1234 3461 debueras,
1263 3396 1554 3467 quoniam
1600 3394 1747 3451 nihil
1789 3397 1955 3454 aliud
1992 3415 2145 3471 prte-

485 3486 825 3553 destinavit,
870 3484 986 3540 nisi
1023 3481 1193 3557 quod
1232 3499 1267 3538 a
1307 3500 1371 3537 se
1412 3482 1539 3538 ﬁeri
1570 3484 1774 3553 voluit,
1808 3486 2143 3543 misericor-

483 3575 648 3633 diam
673 3572 944 3630 videlicet
964 3574 1022 3629 et
1045 3570 1343 3644 judicium
1377 3587 1389 3625 :
1425 3575 1481 3626 et
1507 3566 1659 3626 sicut
1682 3572 2037 3645 voluntates,
2060 3576 2144 3632 ita

481 3662 1040 3739 prmdestinationes
1096 3658 1498 3732 multipliciter
1550 3654 1743 3715 efferri
1801 3672 1941 3718 vera
1992 3665 2142 3720 ratio

479 3744 782 3828 perdocet.
814 3750 955 3808 Jure
983 3751 1184 3824 itaque
1204 3748 1432 3805 dictum
1460 3751 1567 3811 est,
1590 3749 2037 3821 praedestinavit
2062 3753 2141 3809 ad

479 3858 753 3917 poenam,
792 3832 1242 3916 praedestinavit
1288 3837 1368 3894 ad
1412 3836 1690 3919 gratiam,
1735 3839 1880 3912 quia
1922 3840 1982 3897 iu
2039 3840 2139 3899 illo

478 3933 738 3989 servavit
759 3931 1077 4004 justitiam,
1105 3929 1168 3985 in
1195 3929 1311 3984 isto
1343 3922 1613 3983 exhibuit
1640 3928 2132 3987 misericordiam.

545 4020 589 4091 σι-
608 4023 824 4076 Verum
854 4019 998 4093 quia
1025 4016 1323 4092 quidquid
1352 4016 1426 4071 de
1454 4016 1758 4073 voluntate
1790 4016 1893 4074 Dei
1924 4019 2135 4075 intelli-

474 4114 671 4181 gatur,
701 4113 895 4166 totum
924 4106 998 4164 de
1029 4108 1159 4180 ejus
1188 4104 1715 4179 praedestinatione
1755 4107 2133 4163 sentiendum

470 4197 697 4269 dixisti,
725 4197 868 4254 audi
910 4196 1057 4270 quid
1095 4192 1169 4252 de
1216 4210 1287 4250 ea
1334 4209 1516 4249 verax
1561 4194 1861 4266 Scriptura
1892 4195 2127 4252 clamet.

468 4287 782 4357 Legiturin
810 4286 963 4343 libro
994 4283 1186 4342 Dabre
1213 4282 1409 4340 Jamiu
1446 4280 1612 4355 quod
1658 4284 1820 4338 venit
1864 4284 2125 4341 Roboam

466 4378 531 4434 in
556 4368 959 4444 Hierusalem,
1008 4381 1065 4432 et
1103 4373 1447 4430 convocavit
1493 4371 1833 4428 universam
1882 4372 2121 4431 domum

2252 3298 2707 3373 prgde‘stinare.
2751 3306 2868 3363 Sed
2909 3308 3019 3364 hoc
3056 3306 3246 3379 facile
3286 3324 3594 3382 possumus
3632 3307 3849 3379 refellere

2256 3400 2628 3464 argumento,
2659 3393 2825 3465 quod
2853 3398 3112 3453 sumitur
3155 3412 3195 3454 a
3220 3400 3583 3469 cie/initiante.
3611 3400 3717 3471 [Est
3730 3391 3846 3450 enim

2255 3480 2455 3537 divina
2483 3482 2953 3554 praedestin‘atio,
2986 3492 3053 3541 ut
3082 3489 3170 3542 ait
3208 3490 3584 3559 Augustinus
3620 3488 3700 3556 (de
3728 3486 3849 3539 Dono

2251 3584 2479 3641 persev.
2524 3584 2655 3643 cap.
2714 3572 2820 3645 l7),
2867 3575 3138 3630 omnium
3169 3592 3311 3649 quae
3343 3580 3494 3634 Deus
3525 3576 3757 3633 facturus
3787 3570 3849 3624 est

2253 3658 2388 3714 ante
2422 3656 2641 3715 saecula
2669 3663 3031 3733 praeparatio
3063 3669 3248 3737 atque
3279 3666 3633 3740 dispositio]
3670 3662 3849 3728 Siet!“

2250 3750 2397 3802 ante
2426 3748 2628 3805 secula
2670 3748 2829 3805 niliil
2872 3752 3140 3809 creditur
3185 3762 3245 3811 et
3294 3758 3649 3828 intelligitur
3676 3754 3851 3823 Ρνίείθν

2247 3836 2445 3892 solum
2471 3838 2660 3894 Deum
2699 3842 2910 3912 fuisse,
2947 3844 3541 3911 przedestinationem
3583 3850 3752 3901 autem
3774 3835 3854 3892 Dei

2246 3930 2389 3982 ante
2415 3934 2644 3983 omnem
2675 3935 3013 3987 creaturam
3046 3948 3167 3990 esse
3185 3938 3402 3991 nullus
3418 3948 3595 3991 sanus
3614 3928 3845 3998 ambigi?!

2246 4014 2558 4086 colligitur
2582 4018 3167 4086 praedestinationem
3200 4024 3319 4081 Dei
3341 4027 3536 4096 ipsum
3559 4022 3718 4080 Deum
3737 4028 3843 4077 esse,

2244 4108 2423 4175 atque
2453 4098 2541 4160 ad
2557 4112 2841 4162 naturam
2871 4112 2999 4178 ejus
3016 4112 3345 4179 pertinere.
3379 4114 3505 4170 Sed
3536 4126 3608 4169 ne
3626 4111 3760 4180 forte
3781 4103 3845 4158 tti-

2242 4206 2500 4264 cas,quaz
2522 4194 2601 4250 de
2616 4194 2732 4252 Deo
2755 4201 2894 4253 ante
2911 4199 3201 4255 mundum
3224 4202 3542 4272 dicuntur,
3567 4214 3673 4258 non
3692 4196 3852 4265 utqu

2239 4286 2468 4350 semper
2495 4284 2819 4339 secundum
2845 4286 3247 4345 substantiam
3279 4292 3603 4361 dicuntur;
3628 4284 3849 4359 quadam

2239 4369 2391 4424 enim
2398 4360 2707 4439 prudican
2717 4377 2816 4427 tur
2826 4372 3163 4432 substantia
3171 4360 3613 4451 [itemqude
3630 4372 3853 4432 relative:

461 4466 649 4539 Juda,
670 4471 725 4523 et
762 4464 1087 4537 Benjamin
1127 4462 1191 4518 in
1234 4466 1470 4517 centum
1517 4460 1820 4530 octoginta
1851 4461 2125 4519 millibus
2235 4460 2521 4514 nonenim
2540 4458 3853 4537 secundumsubstantiam,sedsecandumrela-

459 4557 804 4626 electorum,
834 4561 1013 4626 atque
1043 4550 1419 4619 bellantium,
1447 4557 1511 4602 ut
1552 4547 1865 4606 dimicaret
1910 4557 2125 4608 contra
2236 4546 2451 4603 tionem
2482 4548 2707 4604 dicitur
2728 4548 2932 4619 Pater,
2957 4552 3423 4626 diciturFilius,
3452 4556 3671 4613 dicitur
3697 4546 3851 4607 Domi-

454 4647 671 4719 Israel,
697 4652 754 4703 et
777 4647 1145 4703 converteret
1165 4640 1246 4697 ad
1272 4655 1333 4697 se
1359 4654 1614 4711 regnum
1641 4653 1834 4695 suum.
1868 4638 2122 4697 Factus-
2234 4651 2381 4692 nus:
2395 4637 2672 4694 similiter
2691 4639 3143 4708 praedestinatio
3168 4645 3301 4713 ejus
3324 4647 3583 4705 relative
3600 4643 3849 4708 adeat!”

455 4749 569 4805 que
608 4739 694 4792 est
731 4748 922 4790 sermo
956 4731 1199 4788 Domini
1243 4728 1324 4785 ad
1349 4727 1643 4785 Semeiam
1690 4727 1985 4786 hominem
2014 4731 2133 4787 Dei
2229 4726 2662 4795 pi'wdestinata
2691 4735 2833 4785 sunt
2860 4733 3191 4801 profertur.
3219 4733 3400 4791 Audi
3423 4720 3853 4805 Scripturmnde

455 4820 658 4878 dicens
693 4837 706 4875 :
738 4822 1006 4893 Loquere
1034 4820 1116 4875 ad
1138 4817 1401 4875 Roboam
1434 4816 1631 4886 ﬁlium
1667 4816 2008 4874 Salomonis
2034 4836 2122 4877 re-
2233 4815 2469 4872 Christo
2486 4818 2773 4874 dicentem
2793 4835 2805 4872 :
2824 4822 2883 4873 In
2899 4834 3022 4892 quo
3036 4822 3411 4879 suntomnes
3428 4821 3680 4879 thesauri
3705 4818 3851 4873 scien-

452 4924 583 4983 gem
611 4908 799 4981 Juda,
830 4913 884 4965 et
915 4907 995 4965 ad
1031 4908 1371 4963 universum
1394 4906 1592 4962 Israel
1618 4907 1726 4978 qui
1757 4912 1841 4964 est
1870 4907 1933 4963 in
1957 4908 2118 4967 Juda
2229 4903 2321 4960 tiae
2352 4909 2408 4961 et
2439 4905 2743 4978 sapientiae
2777 4908 3115 4966 abscondit‘i
3142 4908 3299 4980 (Col.
3334 4928 3400 4977 II,
3428 4914 3507 4986 3).
3540 4913 3667 4977 Dic,
3694 4915 3853 4981 quaso

451 5006 507 5058 et
529 4999 854 5070 Benjamin
884 5014 897 5053 :
930 4998 1075 5053 Haec
1098 4996 1244 5053 dicit
1266 4996 1554 5053 Dominus
1589 5014 1601 5051 :
1630 4995 1767 5052 Non
1785 4998 2116 5054 ascendetis
2225 4993 2372 5064 quid
2381 4992 2443 5048 in
2462 4993 2554 5049 his
2570 4995 2762 5051 verbis
2778 4997 3115 5068 intelligere
3131 5003 3378 5058 conaris
3392 5006 3424 5057 ?
3439 5003 3537 5057 An
3548 4996 3855 5072 fortescien-

445 5104 635 5163 neque
651 5087 1003 5161 pugnabitis
1021 5090 1233 5144 contra
1252 5087 1480 5156 fratres
1499 5090 1743 5151 vestros,
1769 5089 2114 5141 revertatur
2223 5083 2368 5137 tiam
2390 5087 2445 5137 et
2474 5083 2830 5151 sapientiam
2864 5086 3094 5143 Christi
3116 5102 3237 5144 esse
3249 5091 3515 5159 judz'cas
3539 5081 3852 5146 accidentia.

443 5179 854 5252 unusquisque
883 5178 947 5232 in
973 5174 1212 5233 domum
1257 5190 1449 5245 suam,
1483 5173 1625 5243 quia
1663 5186 1793 5226 mea
1837 5171 1947 5227 hoc
1989 5188 2111 5243 ges-
2218 5177 2537 5227 nonautem
2554 5174 3015 5241 ejussecundum
3030 5190 3199 5233 suam
3215 5172 3854 5235 divinitatem'substan-

442 5275 570 5326 tum
600 5274 685 5327 est
715 5269 1028 5326 voluntate
1049 5267 1151 5337 (Il.
1184 5265 1333 5320 Par.
1373 5262 1504 5331 1-4).

2256 5261 2366 5317 iam
2380 5262 2408 5316 7
2422 5261 2592 5329 Quod
2603 5261 3028 5321 absurdissime
3045 5267 3319 5324 creditur
3338 5274 3403 5324 et
3420 5266 3734 5340 falsissime
3749 5270 3857 5316 ετια-

507 5358 545 5426 ῒ
569 5361 637 5414 In
661 5356 877 5413 eodem
898 5375 913 5412 :
932 5356 1113 5426 Igitur
1134 5350 1417 5411 Ochozias
1436 5349 1591 5404 ﬁlius
1606 5349 1813 5403 Joram
1828 5362 1931 5403 rex
1950 5349 1977 5404 J
1983 5349 2104 5408 uda
2214 5348 2693 5406 detur.Summus
2715 5353 2869 5408 enim
2890 5353 2999 5410 ille
3015 5354 3452 5427 intellectus,in
3472 5370 3595 5430 quo
3608 5354 3743 5410 sunt
3754 5345 3856 5404 uni-

433 5447 738 5507 descendit
768 5451 835 5502 ut
859 5447 1139 5502 inviseret
1169 5443 1377 5497 Joram
1401 5439 1596 5508 ﬁlium
1621 5436 1797 5492 Ahab
1823 5439 1883 5493 in
1906 5437 2106 5496 Israel
2209 5453 2385 5494 versa
2399 5439 2551 5508 (Col.
2568 5455 2606 5511 l,
2624 5440 3001 5512 16),imoipse
3015 5450 3099 5501 est
3113 5446 3423 5513 universa,
3440 5461 3619 5518 quam
3636 5435 3859 5497 diversi“

429 5540 843 5608 aegrotantem.
877 5533 1164 5588 Voluntas
1207 5529 1426 5600 quippe
1470 5522 1593 5595 fuit
1623 5524 1733 5580 Dei
1778 5526 2103 5585 adversum
2205 5528 2738 5598 signiﬁcationibus
2754 5532 3059 5589 nominum
3078 5534 3850 5603 abzpsarutional‘inatnra,

427 5625 767 5693 Ochoziam,
791 5628 859 5679 ut
888 5622 1115 5679 veniret
1143 5618 1225 5676 ad
1243 5610 1472 5690 Joram,
1504 5620 1560 5674 et
1588 5632 1722 5673 cum
1751 5618 2103 5689 venisset,ut
2203 5631 2336 5688 qua:
2353 5617 2445 5674 ad
2448 5618 2879 5690 inquirendum
2892 5636 3025 5680 eum
3038 5629 3243 5681 creata
3258 5624 3734 5696 estappellefur:
3745 5619 3857 5687 ipse
