4112 6184
255 243 396 310 103⁸7

1186 260 1276 315 DE
1314 242 1990 317 ΡΒίΕοΕΞΤιΝΑΤΙΟΝΕ
2029 249 2308 315 CONTRA
2343 257 2394 317 J.
2438 255 2733 321 SCOTUM.

3531 261 3665 332 1631

245 384 448 434 tamen
467 371 529 434 in
545 396 606 436 se
620 381 746 449 ipso
762 381 1269 454 unusatqueidem
1287 380 1532 450 esi,cum
1548 381 1898 442 sitamm'um
1929 375 1978 439 Α
2003 383 2188 438 Patris
2235 379 2412 440 Filius
2465 389 2574 453 est,
2628 387 2878 461 Spiritus
2931 391 3174 448 sanctus
3222 392 3412 450 Patris
3451 397 3510 452 et
3535 387 3663 455 Filii

243 465 614 525 naturarum
653 485 836 526 causa
878 471 1134 541 simplex
1168 475 1224 530 et
1263 468 1626 545 multiplex:
1647 473 1900 546 quodest

241 571 387 636 ergo
408 559 524 613 Deo
541 574 681 628 esse,
700 560 810 615 hoc
829 567 914 616 est
936 561 991 616 ei
997 576 1236 633 sapere;
1257 569 1312 618 et
1325 567 1484 636 quod
1499 573 1581 621 cst
1598 565 1652 621 ei
1669 565 1900 634 sapere,

244 633 359 702 hoc
391 649 475 703 est
519 647 690 714 scire,
741 655 795 704 et
843 641 1002 721 quod
1029 655 1111 707 est
1137 653 1307 723 scire,
1333 633 1448 710 hoc
1468 659 1548 710 es!
1579 633 1898 710 destinare.

928 741 1256 796 connecrio.

313 824 350 890 ·Ι·
385 827 526 880 Ecce
557 818 789 898 absque
816 823 1023 883 nubilo
1056 819 1380 885 dubietatis
1407 827 1652 888 relativa
1707 839 1904 886 essen-

249 911 470 969 tialiter
499 914 719 970 asseris
741 914 948 972 contra
970 917 1240 973 omnium
1270 913 1605 991 opiniones,
1633 921 1738 994 qui
1767 930 1905 976 acu-

244 1009 298 1058 te
330 1010 512 1069 atque
556 1004 880 1076 prudenter
930 1006 1005 1061 de
1054 1004 1270 1062 talibus
1301 1011 1723 1065 tractaverant.
1757 1006 1906 1066 Cum

240 1093 406 1146 enim
462 1097 690 1148 constet
747 1093 1187 1160 categoriarum
1243 1097 1472 1168 species
1505 1098 1715 1155 decem
1748 1096 1906 1181 esse,

240 1180 717 1254 earumdemque
775 1184 1056 1255 primam,
1111 1186 1330 1254 usiam,
1362 1187 1626 1260 reliquas
1658 1180 1903 1258 novem,

241 1271 602 1332 accidentia.
637 1268 696 1326 id
723 1279 964 1345 estquae
999 1275 1278 1332 accidunt
1306 1277 1367 1332 in
1411 1275 1752 1334 substantia
1784 1289 1905 1334 cer-

241 1366 493 1432 tumque
530 1357 594 1416 sit
629 1359 971 1418 relationem
988 1363 1319 1421 secundum
1339 1365 1638 1428 accidens,
1672 1375 1791 1422 non
1821 1385 1906 1422 se-

239 1450 512 1505 cundum
536 1451 721 1506 lisium
752 1452 1083 1523 prieslicut‘i,
1104 1471 1225 1525 qua
1253 1455 1439 1510 fronte
1459 1455 1736 1511 accidens
1759 1455 1903 1512 sub-

239 1539 878 1611 stantiamnuncupes,
922 1559 1309 1614 nequaquam
1335 1545 1528 1601 video.
1554 1549 1697 1601 Nam
1729 1547 1904 1602 desti-

237 1647 389 1686 nare
418 1635 472 1684 et
506 1628 949 1706 praedestiitiaie,
984 1631 1135 1687 sicut
1198 1633 1409 1698 facere,
1446 1652 1672 1704 creare,
1699 1627 1903 1710 dispo-

2007 473 2256 545 Spiritus
2288 481 2418 531 est:
2455 477 2743 534 Dominus
2797 487 2938 536 Vero
2992 479 3148 537 servi
3194 483 3485 541 Dominus
3531 489 3664 546 e'stz‘

2008 561 2265 628 Creator,
2299 571 2596 636 operator,
2630 565 2962 624 destinatur
2988 577 3281 627 caeaturze
3313 574 3438 630 sine
3473 575 3660 632 dubio

2006 657 2254 718 creator,
2285 660 2564 726 operator
2593 659 2650 712 et
2668 657 2997 715 destinator
3025 665 3145 716 est:
3175 664 3488 719 coniicitur
3521 680 3666 736 ergo

2005 740 2348 797 nullatenus
2369 743 2829 803 destinationem
2855 748 2930 804 de
2963 752 3080 805 Deo
3103 752 3493 808 essentialiter
3517 770 3667 826 prm-

2006 829 2192 884 dicari
2245 834 2620 905 Quapropter
2666 850 2806 892 cum
2837 836 2968 910 ipse
3015 841 3405 896 essentialiter
3431 858 3668 916 semper

2009 916 2202 988 fuerit,
2237 924 2436 975 tamen
2468 936 2782 994 nunquam
2815 931 2991 982 antea
3013 927 3303 984 Dominus
3327 931 3664 1002 appellatus

2010 1013 2308 1080 estquam
2353 1009 2481 1081 ipse
2518 1011 2737 1069 iaceret
2780 1017 2952 1085 cujus
3012 1019 3300 1074 Dominus
3348 1019 3662 1078 diceretur.

2015 1096 2288 1152 Similiter
2308 1113 2448 1154 cum
2478 1116 2715 1174 semper
2740 1103 3018 1161 habuerit
3045 1106 3106 1162 in
3137 1111 3360 1164 aeterno
3389 1109 3662 1167 volunta-

2012 1185 2083 1240 tis
2111 1201 2236 1240 sure
2283 1188 2536 1244 concilio
2589 1191 2756 1262 quid,
2817 1193 3067 1264 quando
3093 1201 3150 1250 et
3205 1199 3538 1269 quomodo,
3570 1187 3666 1256 vel

2011 1272 2114 1328 ubi
2136 1273 2373 1344 faceret,
2396 1277 2718 1335 destinaret
2737 1287 2918 1354 atque
2942 1281 3304 1356 disponeret,
3343 1301 3463 1342 non
3497 1287 3666 1360 prius

2011 1362 2222 1432 factor,
2292 1365 2616 1422 destinator
2681 1375 2860 1442 atque
2947 1372 3275 1444 dispositor
3323 1374 3521 1432 dictus
3557 1381 3664 1446 est,

2009 1467 2197 1523 quam
2224 1453 2418 1508 facere
2446 1455 2770 1513 destinaret
2798 1464 2978 1531 atque
3013 1463 3378 1532 disponeret.
3413 1468 3670 1530 Quamo-

2010 1540 2182 1596 brem
2197 1542 2360 1598 nullo
2378 1543 2560 1599 modo
2574 1547 2972 1604 substantiam
2986 1553 3114 1621 ejus
3127 1551 3200 1606 de
3210 1558 3670 1620 monstrat,cum

2009 1629 2222 1686 dicitur
2245 1630 2460 1701 facere,
2492 1635 2749 1706 operari,
2807 1637 3105 1694 aestiuare
3137 1645 3314 1712 atque
3351 1640 3671 1714 disponere

236 1736 408 1788 nere,
467 1721 836 1791 dispensare.
885 1719 1182 1788 ord‘nare,
1217 1725 1654 1788 administrare,
1691 1727 1901 1794 guber-
1933 1739 1972 1800 η
2011 1719 2119 1774 88d
2151 1719 2429 1776 eﬁ‘ectum
2485 1724 3088 1796 Omnip0tentissima:
3134 1729 3458 1785 voluntatis
3488 1730 3666 1803 illillS,

233 1826 404 1870 nare,
433 1810 724 1878 judicare.
747 1812 1058 1881 damnum,
1086 1817 1140 1867 et
1169 1820 1381 1870 ozeiera
1409 1809 1628 1872 similia
1656 1817 1900 1872 relative

237 1899 359 1954 dici
414 1899 642 1954 nullus.
697 1902 798 1971 qui
849 1902 1060 1956 horum
1116 1902 1556 1974 aliquantulum
1592 1907 1903 1961 assecutus

239 1997 332 2042 est.
361 1988 655 2059 peritiam,
684 2006 928 2059 prorsus
962 1993 1217 2046 ianorat.
1248 1993 1419 2057 Quod
1451 1994 1612 2048 enim
1643 1995 1902 2050 destina-

243 2083 358 2146 tur,
372 2077 537 2132 aliud
556 2094 728 2133 nerves
743 2095 794 2132 se
809 2096 870 2132 es
887 2124 898 2134 .
916 2080 986 2134 sit
1001 2081 1325 2141 destinatis,
1344 2082 1900 2139 z-iliuddestinatum.

244 2170 324 2220 Ac
344 2166 576 2238 perlioc
598 2181 716 2220 non
733 2165 1196 2223 substantialiter
1228 2167 1307 2224 ita
1335 2167 1552 2224 dicitur
1581 2169 1904 2241 destinare,

244 2255 786 2311 sicutdicituresse:
803 2272 934 2311 cs::e
947 2273 986 2328 q
999 2258 1171 2330 .‘dppe
1184 2256 1906 2326 siibstantiam,(lestinare

239 2345 527 2412 veroeius
547 2343 846 2414 accidens,
869 2344 926 2398 id
955 2343 1041 2400 est
1065 2347 1413 2403 relationem
1448 2344 1764 2414 significat.
1801 2344 1910 2408 ita.

239 2449 359 2505 que
387 2450 526 2488 cum
557 2431 772 2488 dicitur
802 2432 1007 2499 homo,
1043 2429 1382 2491 substantia
1435 2443 1542 2506 est,
1593 2444 1726 2492 cam
1761 2450 1904 2494 vero

239 2522 458 2579 dicitur
473 2523 823 2586 destinator,
839 2524 887 2592 ej
903 2542 968 2580 us
985 2523 1350 2587 accidens,id
1369 2531 1454 2582 est
1468 2527 1672 2583 relatio
1687 2527 1905 2600 praedi-

238 2615 448 2675 catur;
482 2619 538 2669 et
563 2614 696 2670 usia
727 2614 980 2687 quidem
1014 2632 1201 2671 unum
1248 2615 1475 2689 aliquid
1509 2618 1907 2673 eesentialiter

235 2701 634 2772 demonstrat,
658 2704 939 2758 accidens
975 2720 1117 2758 vero
1147 2703 1304 2760 illius
1326 2705 1454 2775 jam
1508 2705 1686 2778 plura
1735 2723 1904 2762 com-

235 2790 530 2864 plectitur.
568 2791 830 2847 Dicendo
858 2793 1098 2859 etenim,
1132 2791 1338 2862 homo,
1374 2787 1899 2868 niliilaliudquam‘

229 2880 545 2936 hominem
569 2881 929 2953 pronuntio;
960 2889 1020 2940 at
1047 2899 1187 2938 cum
1227 2883 1434 2940 dixero
1465 2884 1814 2952 destinator,
1847 2903 1908 2958 et

231 2969 542 3025 hominem
560 2975 617 3026 et
631 2972 762 3040 ejus
777 2969 1056 3026 accidens
1077 2972 1296 3042 pariter
1318 2973 1580 3029 enuntio.
1603 2975 1748 3029 Nam
1773 2973 1906 3028 des-

2009 1806 2073 1862 in
2092 1824 2216 1880 qua
2241 1825 2478 1881 semper
2505 1811 2613 1867 fuit
2643 1814 2792 1869 ratio
2827 1833 2838 1868 :
2869 1832 3126 1888 quiaque
3182 1821 3486 1891 voluisset,
3541 1821 3669 1893 ipse

2011 1895 2158 1950 nulli
2203 1905 2308 1952 aut
2349 1901 2766 1971 temporalitati
2799 1909 2904 1959 aut
2931 1904 3314 1962 mutabilitati
3344 1909 3665 1978 obnoxius,

2020 1987 2370 2058 temporolia
2393 1995 2448 2044 et
2467 1990 2799 2058 mutabilia,
2820 1996 3131 2066 temporali
3141 2001 3224 2050 ter
3237 2003 3294 2052 et
3309 2013 3367 2050 m
3377 1997 3672 2053 utabiliter

2011 2073 2138 2128 sine
2195 2073 2400 2131 labore
2455 2081 2512 2132 et
2549 2074 2911 2149 fatigatione
2957 2083 3365 2155 quietissimus
3415 2085 3671 2142 destina-

2011 2167 2469 2237 ret,operaretur
2489 2172 2546 2223 et
2573 2167 2811 2226 faceret.
2865 2174 3074 2228 Verum
3103 2175 3416 2244 Augustini
3461 2175 3670 2230 deﬁni-

2013 2253 2115 2321 tio,
2132 2270 2320 2326 quam
2337 2271 2559 2328 ponere
2579 2259 2836 2330 voluisti,
2853 2277 2974 2318 non
2999 2262 3184 2320 habet
3197 2264 3671 2337 praedestinatio-

2011 2358 2151 2398 nem
2200 2345 2298 2400 Dei
2353 2361 2484 2400 esse
2539 2347 2958 2420 substantiam,
3011 2353 3119 2408 sed
3163 2353 3669 2426 praiparationem

2011 2449 2082 2488 ac
2102 2431 2560 2506 dispositionem
2607 2438 2882 2496 omnium
2937 2457 3075 2514 quae
3119 2448 3247 2500 erat
3295 2443 3423 2516 ipse
3478 2443 3668 2502 factu-

2011 2537 2132 2576 I‘llS.

2086 2613 2262 2668 Porro
2293 2611 2652 2686 sapientiam
2704 2620 2761 2671 et
2801 2617 3114 2674 scientiam
3145 2618 3220 2676 de
3269 2621 3389 2677 Deo
3428 2635 3659 2678 esssen-

2010 2699 2222 2756 tialiter
2245 2701 2564 2773 praedicari
2585 2704 2721 2777 quis
2740 2706 2970 2764 nesciat
2999 2706 3026 2762 ?
3048 2711 3177 2765 Non
3205 2709 3368 2765 enim
3421 2709 3667 2769 relative

2010 2781 2290 2845 dicuntur
2323 2808 2334 2845 :
2361 2789 2459 2846 Est
2479 2793 2705 2866 quippe
2719 2795 2961 2868 sapiens
2989 2796 3180 2866 Pater,
3201 2798 3442 2871 sapiens
3463 2797 3664 2868 Filius,

2011 2877 2252 2949 sapiens
2282 2879 2534 2950 Spiritus
2566 2886 2818 2938 sanctus
2850 2902 2863 2952 ;
2897 2885 3090 2940 sciens
3133 2887 3328 2952 Pater,
3352 2887 3547 2944 sciens
3576 2887 3668 2945 Fi-

2007 2965 2145 3034 lius,
2177 2966 2369 3022 sciens
2403 2969 2650 3040 Spiritus
2683 2974 2930 3028 sanctus
2959 2991 2973 3040 ;
3003 2971 3128 3030 imo
3157 2975 3450 3047 sapientia
3469 2975 3664 3045 Pater,

230 3058 451 3114 tinator
469 3075 712 3116 necesse
743 3066 831 3116 est
851 3057 1077 3133 aliquid
1107 3060 1381 3124 destinet,
1411 3055 1596 3117 homo
1648 3079 1790 3118 vero
1817 3062 1896 3118 ad
1927 3089 1968 3153 ο
2008 3054 2301 3153 Sapientia
2333 3053 2530 3153 Filius,
2555 3057 2847 3153 sapientia
2873 3059 3128 3153 Spiritus
3155 3067 3401 3153 sanctus
3435 3062 3665 3120 :scien-

231 3147 380 3203 nihil
391 3147 554 3204 aliud
566 3149 821 3205 relatum
838 3150 883 3204 si
893 3148 1184 3222 mpliciter
1213 3147 1549 3206 substantia
1570 3149 1886 3207 indicatur.

302 3238 567 3309 Apparet
603 3238 782 3309 igitur
819 3238 1278 3306 accidentaliter,
1329 3255 1452 3296 non
1507 3239 1895 3296 essentialiter

234 3324 696 3383 destinationem
751 3325 869 3385 dici
921 3341 1060 3383 cum
1105 3343 1228 3384 non
1269 3328 1344 3384 de
1373 3329 1668 3400 subjecto,
1696 3328 1803 3384 sed
1823 3329 1888 3386 in

235 3411 510 3482 subjecto
536 3413 892 3486 praedicetur
925 3435 936 3472 :
975 3416 1028 3472 Si
1063 3417 1221 3472 enim
1279 3416 1621 3474 substantia
1677 3416 1895 3474 dicitur

230 3500 314 3558 ab
338 3517 411 3558 eo
439 3503 604 3576 quod
655 3505 854 3562 omnis
893 3521 988 3562 res
1017 3505 1096 3561 ad
1129 3505 1394 3580 seipsam
1422 3499 1728 3574 subsistat,
1766 3523 1894 3563 cor-

225 3608 347 3665 pus
389 3594 615 3667 quippe
659 3595 932 3652 subsistit
976 3603 1034 3652 et
1078 3595 1214 3652 ideo
1243 3597 1580 3654 Substantia
1606 3601 1694 3653 est
1722 3597 1896 3654 nimi-

224 3697 368 3738 rum
393 3684 746 3752 accidentia,
781 3701 913 3756 qure
942 3683 1002 3741 in
1032 3685 1390 3742 subsistente
1412 3693 1590 3758 atque
1623 3685 1894 3756 subjecto

227 3776 391 3842 sunt,
424 3772 774 3830 substantias
800 3790 919 3831 non
953 3777 1110 3842 sunt,
1168 3775 1311 3848 quia
1358 3791 1481 3830 non
1533 3775 1890 3851 subsistunt,

229 3859 340 3916 sed
391 3867 701 3920 mutantur
731 3881 744 3932 ;
775 3863 926 3920 sicut
953 3863 1159 3930 homo,
1195 3863 1286 3919 vel
1315 3879 1526 3936 equus,
1583 3863 1674 3919 vel
1711 3863 1886 3936 lapis,

227 3949 440 4007 eadem
471 3967 600 4007 esse
631 3967 876 4008 necesse
901 3957 990 4008 est
1020 3970 1032 4007 :
1057 3951 1288 4008 bonum
1341 3955 1565 4015 autem,
1619 3951 1716 4007 vel
1769 3968 1893 4008 ma-

220 4037 376 4108 lum,
425 4040 523 4097 vel
565 4041 918 4114 sapientem,
950 4041 1044 4098 vel
1074 4039 1372 4108 hebetem,
1404 4039 1498 4096 vel
1546 4038 1888 4113 pulchrum,

231 4127 323 4184 vel
350 4127 685 4186 deformem
715 4146 838 4186 non
869 4147 1106 4204 semper
1135 4129 1298 4186 idem
1327 4127 1565 4196 dicitur,
1599 4128 1892 4200 quoniam

218 4215 720 4292 quandocunque
741 4223 800 4274 et
827 4217 1380 4291 quomodocunque
1407 4215 1696 4274 mutabile
1730 4233 1890 4273 com-

221 4305 548 4380 probatur;
581 4307 836 4380 proinde
875 4325 1014 4364 cum
1041 4323 1278 4380 semper
1304 4306 1494 4380 possit
1516 4321 1650 4363 esse
1677 4307 1884 4374 homo,

222 4409 623 4467 nequaquam
653 4395 921 4469 sequitur
947 4411 1186 4468 semper
1234 4395 1308 4452 sit
1336 4394 1688 4451 destinator.
1717 4394 1885 4450 Verbi
1915 4435 1948 4469 ,ἀ

221 4483 420 4554 gratia
452 4500 464 4538 :
492 4483 742 4556 quando
793 4484 944 4541 nihil
998 4483 1181 4541 habet
1219 4485 1386 4558 quod
1443 4485 1715 4553 destinet,
1763 4496 1887 4540 non

218 4578 386 4631 recte
412 4569 742 4631 destinator
769 4574 1106 4648 appellatur
1139 4592 1152 4643 ;
1203 4574 1419 4630 dicitur
1449 4578 1649 4631 autem
1679 4575 1886 4643 homo,

222 4662 468 4720 etiamsi
492 4662 643 4720 nihil
670 4661 956 4722 destinas.
997 4663 1170 4728 Quod
1194 4680 1336 4720 cum
1363 4661 1438 4720 de
1470 4665 1760 4720 creaturis
1789 4677 1887 4719 ra-

225 4751 766 4825 tionabilibusjure
797 4751 1031 4820 dicitur,
1063 4751 1138 4809 de
1187 4749 1325 4822 Deo,
1358 4755 1456 4809 cui
1483 4752 1595 4808 soli
1626 4752 1776 4808 nihil
1799 4764 1894 4808 ac-

226 4839 397 4912 cidit,
426 4843 612 4902 multo
639 4842 806 4900 aliter
849 4842 1213 4917 praedicatur
1240 4861 1252 4899 :
1277 4841 1575 4916 quidquid
1627 4841 1786 4897 enim
1819 4839 1895 4898 de

219 4930 358 4988 Deo
372 4931 448 4989 ab
463 4931 710 4990 homine
729 4928 1093 5002 dicatur,aut
1111 4931 1445 4988 secundum
1469 4929 1892 4998 substantiam,

221 5023 338 5080 aut
389 5018 728 5078 secundum
775 5020 1147 5091 relationem,
1186 5019 1283 5076 vel
1321 5017 1583 5092 proprie,
1612 5017 1706 5075 vel
1735 5023 1896 5074 tran»

215 5109 376 5166 slate
400 5105 519 5166 dici
549 5125 796 5167 necesse
811 5110 919 5167 est.
943 5111 1098 5166 Deus
1113 5108 1339 5182 quippe
1364 5120 1647 5180 magnus,
1669 5107 1892 5171 bonus,

216 5198 648 5273 omnipotens,
683 5199 952 5273 sapiens,
969 5200 1190 5271 justus,
1233 5198 1658 5270 sempiternus,
1699 5207 1902 5276 essen_

213 5287 442 5346 tialiter
466 5287 774 5362 dicuntur.
805 5287 1070 5356 Creator,
1101 5287 1394 5355 conditor,
1425 5285 1634 5354 factor,
1688 5301 1900 5358 opera_

210 5381 342 5448 tor,
375 5375 724 5450 dispositor,
755 5373 1104 5442 destinator,
1131 5374 1460 5443 ordinator,
1507 5373 1897 5461 gubernator,

205 5465 410 5539 judex
455 5463 702 5524 relative
735 5462 1140 5540 proferuntur,
1192 5480 1329 5538 quae
1374 5467 1580 5520 tamen
1601 5461 1810 5519 relatio
1836 5462 1898 5518 in

209 5557 348 5612 Deo
401 5556 628 5630 partim
683 5556 764 5613 ad
811 5572 896 5624 se,
921 5554 1142 5629 partim
1187 5552 1264 5610 ad
1295 5559 1602 5609 creaturas
1627 5549 1900 5609 refertur.

210 5647 397 5716 Pater
448 5645 631 5708 enim,
683 5649 741 5702 et
782 5639 988 5715 Filius,
1019 5646 1076 5700 et
1103 5641 1357 5716 Spiritus
1384 5643 1642 5698 sanctus
1663 5639 1743 5697 ad
1769 5655 1902 5698 sese

213 5713 435 5808 utique
466 5731 832 5794 referuntur:
863 5713 1038 5792 Pater
1065 5713 1226 5790 enim
1251 5730 1372 5789 Filii
1396 5729 1564 5789 Pater
1599 5733 1708 5803 est,
1726 5729 1906 5787 Filius

2006 3144 2084 3201 tia
2109 3147 2278 3225 Pater
2303 3145 2548 3202 scientia
2575 3145 2776 3214 Filius,
2802 3149 3051 3208 scientia
3081 3149 3332 3224 Spiritus
3388 3153 3656 3225 sanctus,

2003 3231 2154 3290 sicut
2171 3221 2326 3290 Deus
2339 3237 2526 3303 Pater,
2539 3236 2696 3292 Deus
2716 3235 2912 3306 Filius,
2933 3240 3087 3294 Deus
3105 3221 3355 3312 Spiritus
3381 3221 3660 3298 sanctus:

2001 3326 2057 3378 et
2106 3327 2310 3378 tamen
2360 3339 2484 3380 non
2538 3329 2656 3380 tres
2707 3324 3028 3398 sapientes,
3075 3331 3180 3385 aut
3220 3331 3337 3386 tres
3385 3329 3660 3397 scientes,

2001 3409 2094 3466 vel
2144 3414 2262 3466 tres
2319 3411 2647 3483 sapientiae,
2688 3413 2810 3470 sive
2856 3418 2975 3471 tres
3022 3413 3303 3488 scientiaa,
3351 3415 3504 3474 sicut
3549 3422 3662 3476 nec

2004 3503 2119 3555 tres
2147 3497 2231 3554 dii
2261 3517 2275 3568 ;
2304 3499 2410 3555 sed
2441 3515 2599 3556 unus
2655 3501 2920 3574 sapiens,
2971 3519 3132 3560 unus
3161 3505 3380 3578 sciens,
3410 3505 3508 3562 vel
3536 3511 3663 3564 una

2001 3589 2314 3662 sapientia,
2358 3605 2482 3646 una
2509 3589 2776 3660 scientia,
2806 3590 2962 3650 sicut
2991 3609 3150 3651 unus
3207 3596 3382 3653 Deus.
3442 3595 3662 3670 Sapere

2001 3678 2248 3750 quidem
2268 3683 2326 3735 et
2345 3679 2493 3735 scire
2514 3678 2597 3736 illi
2617 3684 2706 3737 est
2725 3681 3117 3740 essentialiter
3147 3683 3313 3757 quod
3333 3701 3466 3742 esse
3491 3701 3504 3741 :
3538 3689 3663 3742 non

2001 3768 2162 3822 enim
2193 3768 2272 3824 ad
2292 3767 2518 3842 aliquid
2539 3763 2808 3839 refertur,
2827 3775 2888 3828 at
2926 3769 3226 3830 destinare
3259 3778 3441 3846 atque
3467 3773 3662 3848 dispo.

2000 3871 2141 3912 nere
2166 3857 2460 3930 quoniam
2488 3857 2567 3914 ad
2597 3858 2828 3931 aliquid
2850 3857 3468 3931 refertur,nullatenus
3490 3863 3566 3920 de
3587 3869 3660 3921 eo

2001 3945 2389 4002 essentialiter
2419 3945 2800 4018 praedicatur.
2835 3947 2986 4004 Cum
3015 3938 3441 4019 igiturconstet
3468 3940 3663 4008 trans-

1997 4033 2176 4090 lative
2203 4031 2790 4106 praedestinationem
2835 4035 2898 4092 in
2953 4039 3074 4094 Deo
3118 4035 3388 4112 proferri,
3472 4033 3662 4114 liquet

1997 4121 2262 4196 profecto
2283 4138 2408 4178 non
2456 4123 2876 4198 essentialiter,
2911 4125 3020 4182 sed
3061 4125 3304 4186 relative
3360 4119 3656 4204 depromi.

1997 4216 2145 4270 Nam
2199 4212 2248 4268 si
2317 4212 2709 4271 essentialiter
2754 4213 2830 4271 de
2883 4215 3003 4273 Deo
3051 4211 3346 4276 diceretur
3399 4219 3662 4294 praedes-

1996 4301 2183 4358 tinare
2231 4301 2382 4359 sicut
2401 4318 2556 4368 esse,
2605 4319 2816 4377 sapere
2862 4309 2920 4362 et
2948 4305 3116 4370 scire,
3173 4323 3548 4383 consequens
3573 4324 3662 4366 es-

1997 4396 2084 4448 set
2113 4395 2178 4448 ut
2205 4391 2334 4464 ejus
2364 4392 2806 4464 praedestinatio
2823 4411 2946 4452 non
2971 4395 3051 4452 ad
3075 4395 3300 4470 aliquid
3320 4393 3657 4468 referretur,

1999 4481 2151 4538 sicut
2177 4495 2289 4537 nec
2319 4485 2600 4552 essentia,
2633 4475 3012 4554 magnitudo,
3057 4484 3319 4551 bonitas,
3368 4485 3656 4560 potentia,

2000 4570 2316 4642 sapientia,
2349 4570 2618 4640 scientia,
2640 4569 2872 4643 justitia
2899 4571 3057 4629 illius
3109 4573 3188 4630 ad
3243 4573 3474 4648 aliquid
3511 4569 3662 4630 refe-

1999 4664 2212 4714 runtur
2247 4659 2668 4732 ;magnitudo,
2694 4653 2958 4733 bonitas,
3003 4661 3290 4736 potentia,
3343 4662 3658 4736 sapientia,

2001 4747 2267 4818 scientia,
2293 4747 2521 4819 justitia
2551 4765 2690 4805 cum
2717 4750 2792 4805 de
2830 4754 2948 4806 Deo
2978 4751 3278 4820 dicuntur,
3315 4751 3420 4825 qui
3448 4765 3660 4809 essen-

2001 4835 2216 4894 tialiter
2245 4836 2376 4910 ipse
2407 4837 2481 4893 sit
2497 4837 2796 4895 indicatur
2827 4856 2840 4894 :
2866 4839 3315 4912 praedestinatio
3341 4855 3464 4898 non
3511 4837 3662 4916 quid

2001 4925 2131 5000 ipse
2177 4927 2270 4996 sit,
2345 4925 2456 4982 sed
2507 4923 2653 4999 quid
2723 4928 2885 4996 velit,
2943 4927 3230 5002 disponat
3272 4936 3328 4988 et
3378 4933 3659 5004 operetur

2002 5014 2289 5072 enuntiat.
2325 5015 2668 5073 Substantia
2697 5015 2799 5074 Dei
2819 5033 3137 5092 nunquam
3165 5017 3472 5092 pluraliter
3495 5017 3663 5078 euer-

2003 5109 2116 5162 tur.
2176 5103 2732 5164 Praedestinationes
2789 5107 2939 5180 ejus,
2982 5109 3134 5166 sicut
3215 5109 3659 5184 dispositiones,

2004 5195 2502 5267 dispensationes,
2579 5195 3005 5264 ordinationes,
3091 5201 3487 5276 operationes,
3538 5197 3662 5256 dis-

2006 5284 2357 5340 tributiones
2388 5285 2538 5356 ejus,
2597 5283 2906 5358 pluraliter
2936 5287 3233 5346 enuntiari
3285 5295 3341 5346 et
3387 5283 3662 5346 ostende-

2006 5389 2163 5442 mus,
2186 5373 2242 5430 et
2263 5373 2366 5430 ubi
2387 5375 2778 5432 commodum
2803 5375 2995 5445 fuerit,
3021 5375 3258 5435 favente
3282 5377 3534 5435 Domino
3560 5393 3661 5436 os-

2007 5463 2344 5520 tendemus.
2367 5463 2481 5520 Sed
2509 5465 2798 5538 quoniam
2828 5463 2903 5523 de
2927 5463 3022 5522 his
3050 5466 3113 5524 in
3149 5483 3438 5540 processu
3463 5467 3666 5542 operis

2009 5551 2217 5623 hujus,
2275 5551 2544 5610 adhibito
2591 5553 2905 5626 Augustini
2959 5555 3184 5623 favore,
3214 5555 3310 5612 vel
3339 5555 3662 5630 copiosius,

2009 5639 2108 5698 vel
2212 5635 2598 5711 fastidiosius,
2711 5659 2818 5699 seu
2901 5649 3056 5700 certe
3157 5643 3428 5701 fallacius
3515 5643 3668 5715 agis,

2017 5739 2156 5786 cum
2230 5729 2310 5788 ad
2376 5730 2535 5790 idem
2615 5731 2892 5790 locorum
2968 5737 3210 5789 ventum
3256 5731 3432 5792 fuerit
3482 5731 3674 5806 ipsius
