4112 6184
542 241 563 294 l
577 242 681 297 039

1569 226 1625 278 S.
1670 216 2042 277 PRUDENTII
2082 209 2459 268 TRECENSIS
2499 204 2814 267 EPISCOPI

3764 193 3865 247 tm

533 362 720 421 Patris
739 353 1049 426 Augustini
1082 349 1443 417 testimonio,
1467 347 1768 404 annuente
1791 337 2028 398 Domini
2049 336 2188 392 Jesu
2218 333 2269 387 A
2299 333 2656 406 probamus,
2679 300 2740 386 id
2788 329 2879 384 est
2900 318 3153 426 peccati,
3183 315 3387 373 mortis
3419 317 3586 387 atque
3627 312 3868 369 miserim:

537 447 748 521 Christi
779 442 987 517 gratia,
1016 437 1440 497 confutaberis.

1183 545 1410 600 CAPUT
1448 543 1540 599 IlI.

432 696 435 701 -
538 662 627 718 De
655 675 718 718 eo
752 646 911 730 quod
939 654 1090 711 duas
1110 649 1668 722 prwdestinationes
1698 643 1856 701 ratio
1898 655 2019 697 non
2050 637 2192 694 sinit

1296 753 1434 796 esse.

607 851 829 912 Deinde
861 848 1036 907 tantis
1061 845 1230 905 tertio
1278 843 1614 901 vanitatum
1669 842 1910 895 tuarum
1960 831 2191 889 ludicro

536 944 963 1015 argumentum
1014 932 1527 1010 superﬂuitatibus
1570 945 1663 985 res
1711 942 1836 983 non
1879 935 2191 980 neccessa-

533 1011 654 1090 ria's
703 1025 1127 1102 replicantibus
1181 1027 1392 1092 scates,
1448 1023 1516 1076 ut
1567 1016 1792 1092 pudeat
1832 1011 2060 1078 audire,
2091 1024 2193 1065 ne-

534 1122 684 1179 dum
738 1098 955 1191 legere,
1004 1111 1333 1189 quemlibet
1403 1110 1819 1171 honestorum,
1876 1100 1985 1175 qui
2041 1098 2191 1155 dum

534 1207 915 1281 multiloquio
969 1184 1239 1271 insudas,
1282 1214 1525 1274 prorsus
1569 1194 1823 1253 evadere
1876 1184 2193 1262 nequivisti

534 1297 704 1375 quod
733 1280 947 1352 dicitur
978 1311 991 1349 :
1020 1294 1093 1348 In
1119 1288 1498 1361 multiloquio
1537 1301 1658 1341 non
1707 1280 1949 1352 effugies
1989 1290 2194 1348 pecca-

537 1364 663 1445 tum
686 1387 889 1459 (Prov.
920 1400 981 1450 x,
1018 1382 1127 1451 19).
1161 1380 1259 1435 Ais
1308 1377 1489 1444 enim,
1521 1371 1873 1443 multiloqua
1911 1364 2128 1440 repetis
2157 1380 2194 1420 a

536 1476 641 1534 Dei
668 1453 970 1530 voluntate
1001 1473 1181 1541 atque
1211 1465 1491 1536 essentia,
1546 1459 1914 1535 perindeque
1939 1453 2195 1529 praedes-

535 1564 842 1629 tinatione,
868 1574 1113 1616 omnem
1152 1555 1365 1612 abesse
1409 1549 1850 1608 necessitatem.
1910 1543 2052 1611 Quis
2079 1542 2194 1598 hoc

534 1650 819 1724 ignoret?
853 1648 994 1714 Quis
1023 1645 1249 1702 nesciat
1278 1645 1466 1699 Deum
1520 1638 1668 1696 nulli
1696 1636 2035 1707 subjectum
2066 1645 2195 1688 esse

533 1741 731 1800 noxiae
755 1735 1115 1795 necessitati.
1145 1731 1400 1790 Proinde
1444 1727 1725 1803 quamvis
1779 1723 1986 1781 omnia
2035 1735 2196 1794 quee-

536 1847 781 1904 cunque
807 1832 963 1885 Deus
993 1824 1199 1893 voluit,
1226 1819 1522 1895 disposuit
1537 1835 1607 1875 ac
1629 1813 1966 1881 destinavit,
1992 1825 2195 1868 neces-

536 1938 601 1979 se
630 1902 719 1978 est
749 1922 815 1975 ut
841 1917 922 1974 ita
968 1931 1080 1972 nec
1112 1914 1278 1970 aliter
1307 1910 1557 1968 omnino
1587 1907 1772 1974 ﬁant;
1806 1902 1953 1960 nulli
1990 1905 2194 1958 tamen

532 2008 883 2068 violentiam
952 2005 1032 2062 ad
1083 2002 1375 2061 utrumvis
1428 1999 1557 2070 ejus
1613 1991 2198 2070 praedestinationem

534 2098 751 2156 inferre
796 2096 926 2168 jam
977 2097 1033 2150 et
1087 2090 1350 2147 diximus
1398 2092 1456 2144 et
1492 2086 1768 2143 fatemur.
1815 2087 1895 2138 Ac
1937 2095 2045 2154 per
2082 2078 2199 2134 hoc

536 2204 680 2246 cum
709 2184 1015 2243 neminem
1038 2180 1178 2238 huic
1231 2174 1541 2236 assertioni
1593 2174 1790 2231 favere
1822 2173 1926 2228 aut
1952 2165 2200 2239 legerim

536 2280 643 2335 aut
714 2272 1031 2339 audierim,
1108 2267 1307 2325 videre
1359 2280 1595 2338 nequeo
1669 2259 2072 2336 quamobrem
2124 2254 2200 2311 de

535 2364 890 2423 necessitate
935 2355 1479 2434 praedestinationis
1540 2352 1827 2422 tantisper
1859 2348 2198 2419 disputave-

535 2455 639 2525 ris,
672 2453 786 2509 nisi
810 2450 955 2524 quia
981 2464 1107 2505 non
1135 2445 1369 2502 habens
1398 2442 1546 2516 quid
1596 2440 1716 2496 veri
1768 2438 2014 2503 diceres,
2042 2450 2201 2508 quae-

541 2524 669 2599 sisti
692 2556 816 2613 quo
864 2536 1146 2602 insanire,
1178 2533 1340 2589 unde
1366 2529 1954 2604 praedestinationem
1984 2524 2200 2595 impio-

541 2646 680 2687 rum
700 2611 736 2684 εἶ.
764 2625 1049 2683 Patribus
1083 2622 1302 2694 saepius
1332 2619 1694 2677 inculcatam
1723 2614 1993 2672 funditus
2023 2611 2200 2668 abro-

547 2733 745 2791 gares.
776 2717 919 2771 Post
938 2711 1127 2769 multa
1151 2712 1312 2766 enim
1348 2728 1360 2764 :

1129 2831 1365 2873 JOANNES
1406 2828 1630 2871 SCOTUS.

611 2912 759 2986 (Cap
790 2925 876 2980 Ill,
906 2923 1077 2964 num.
1101 2911 1153 2973 1,
1188 2908 1330 2960 sect.
1374 2902 1451 2974 3.)
1498 2906 1537 2955 Θ
1566 2901 1703 2956 Νοη
1736 2904 1819 2956 est
1850 2896 2060 2968 igitur,
2093 2893 2203 2961 ais,

543 3003 660 3060 illa
679 2997 1130 3072 praedestinatio
1157 3009 1288 3067 quae
1305 3009 1405 3064 cog
1416 2994 1459 3047 it
1483 2988 1820 3047 ineritabili
1838 2985 2206 3049 necessitate,

547 3093 755 3161 vitam,
778 3088 1108 3160 justitiam,
1145 3082 1596 3151 beatitudinem,
1639 3092 1747 3134 nec
1770 3076 1884 3133 illa
1941 3088 2071 3146 qum
2121 3088 2212 3129 co-

543 3187 706 3255 geret
735 3177 1162 3249 praedictorum
1217 3172 1503 3229 bonorum
1563 3166 1891 3231 contraria,
1932 3163 2212 3219 videlicet

539 3248 1170 3336 mortem,peccatum,
1201 3260 1525 3328 miseriam,
1585 3271 1717 3327 quae
1758 3253 1934 3320 ratio,
1984 3248 2211 3323 inquis,

542 3355 1001 3428 enthymematis
1021 3356 1373 3422 argumento
1396 3346 1798 3410 concluditur,
1812 3342 1970 3414 quod
1987 3354 2217 3409 semper

546 3452 630 3504 est
663 3460 701 3501 a
727 3442 1056 3505 contrario,
1089 3439 1262 3507 cujus
1288 3434 1619 3505 propositio
1647 3433 1789 3488 talis
1821 3436 1903 3487 est
1933 3446 1955 3487 .·
1994 3430 2129 3485 Non
2161 3433 2218 3483 et

547 3533 706 3588 Deus
732 3541 965 3585 summa
985 3524 1239 3583 essentia
1267 3523 1364 3589 sit,
1396 3528 1452 3578 et
1481 3536 1683 3577 eorum
1718 3525 1954 3575 tantum
1984 3531 2116 3589 qua?
2142 3515 2216 3571 ab

550 3635 614 3678 eo
645 3622 785 3674 sunt
811 3629 994 3672 causa
1024 3628 1143 3668 non
1173 3612 1271 3680 sit,
1327 3615 1412 3666 est
1439 3614 1636 3664 autem
1670 3609 1824 3662 Deus
1867 3620 2100 3661 summa
2130 3619 2218 3660 es-

549 3711 764 3774 sentia,
796 3710 878 3764 est
921 3704 1112 3775 igitur
1150 3717 1351 3759 eorum
1403 3704 1636 3756 tantum
1690 3711 1822 3768 quae
1875 3694 1949 3752 ab
1980 3711 2044 3752 eo
2079 3702 2218 3751 sunt

552 3814 756 3857 causa.
796 3797 1139 3860 Peccatum,
1168 3806 1350 3860 mors,
1381 3789 1646 3857 miseria,
1698 3803 1735 3843 a
1767 3791 1879 3842 Deo
1910 3800 2030 3841 non
2054 3791 2216 3852 sunt,

553 3881 757 3947 eorum
786 3886 978 3957 igitur
1008 3896 1191 3939 causa
1220 3882 1377 3937 Deus
1393 3893 1513 3935 non
1538 3882 1643 3935 est.
1670 3876 1829 3935 Idem
1856 3889 2082 3947 quoque
2100 3875 2222 3946 syl-

557 3978 838 4049 logismus
863 3974 972 4030 hoc
999 3971 1171 4027 modo
1188 3969 1590 4026 connectitur:
1615 3967 1750 4022 Non
1766 3970 1822 4022 et
1844 3964 2000 4020 Deus
2021 3978 2220 4020 eorum

554 4081 689 4139 quae
718 4068 859 4120 sunt
883 4075 1067 4118 causa
1090 4060 1185 4126 sit,
1218 4063 1270 4115 et
1293 4073 1496 4114 eorum
1524 4071 1656 4127 qum
1686 4054 1843 4110 nihil
1863 4057 2003 4108 sunt
2036 4067 2220 4109 causa

557 4156 635 4211 sit
660 4169 681 4209 .·
704 4157 788 4208 est
820 4156 1017 4207 autem
1043 4149 1201 4204 Deus
1227 4161 1431 4203 eorum
1448 4160 1631 4200 causa
1653 4157 1784 4215 quae
1813 4146 1951 4197 sunt
1983 4156 2006 4196 .'
2032 4141 2222 4211 igitur

557 4258 679 4300 non
702 4245 783 4297 est
817 4252 1000 4296 causa
1026 4252 1228 4293 eorum
1245 4250 1376 4305 qua:
1397 4249 1517 4288 non
1532 4238 1692 4288 sunt.
1724 4232 2045 4287 Peccatum
2069 4230 2220 4299 ejus-

559 4346 673 4405 que
704 4329 966 4399 effectus,
1000 4340 1158 4381 mors
1196 4324 1465 4393 profecto
1525 4322 1624 4377 cui
1650 4320 1939 4388 adhaeret,
1978 4318 2221 4374 miseria

557 4435 680 4476 non
712 4424 852 4474 sunt
878 4435 892 4484 ;
924 4431 1127 4473 eorum
1147 4414 1337 4485 igitur
1366 4426 1471 4467 nec
1486 4412 1664 4476 Deus,
1689 4424 1797 4465 nec
1820 4410 1948 4478 ejus
1964 4407 2223 4478 prudes-

560 4509 749 4576 natio,
790 4519 921 4580 qua?
942 4509 1024 4561 est
1046 4502 1205 4577 quod
1231 4501 1356 4571 ipse
1381 4504 1484 4567 est,
1513 4513 1696 4556 causa
1716 4511 1835 4554 esse
1866 4512 1987 4553 non
2007 4500 2219 4567 potest.

1246 4621 1546 4664 CORRECTIO
1557 4646 1570 4659 .

632 4706 668 4772 Ἰ·
723 4702 913 4761 Mirari
972 4698 1113 4757 satis
1185 4711 1421 4770 nequeo
1502 4709 1690 4766 quare
1764 4691 2221 4766 praesumpseris

560 4794 759 4850 dicere
819 4789 987 4863 quod
1036 4786 1238 4844 nullus
1291 4788 1499 4841 auctor
1573 4786 1928 4840 tractatorve
1993 4781 2221 4838 divino-

557 4896 697 4938 rum
725 4878 1101 4950 eloquiorum
1125 4870 1879 4931 dixit.Praedestinationem
1909 4871 2057 4928 dicis
2084 4886 2219 4927 esse

560 4969 774 5035 Deum,
847 4966 963 5021 hoc
1028 4962 1379 5037 prophetica
1420 4966 1478 5019 et
1531 4960 1861 5034 apostolica
1919 4960 2219 5033 Scriptura

560 5071 881 5129 nunquam
934 5052 1122 5109 dixit:
1177 5056 1523 5110 tractatores
1574 5052 1705 5123 ejus
1759 5066 2075 5122 nunquam
2126 5050 2217 5105 di-

559 5146 688 5204 xise
749 5143 1128 5217 reperiuntur
1162 5162 1174 5199 :
1208 5158 1334 5216 qua
1383 5142 1576 5199 fronte
1632 5157 1821 5198 ausus
1877 5154 1941 5195 es
1992 5138 2218 5209 ﬁngere

558 5235 728 5313 quod
786 5233 1098 5308 Scriptura
1148 5232 1499 5291 auctoritate
1546 5245 1815 5303 nequeas
1858 5225 2159 5284 aﬂirmare
2190 5228 2218 5285 ?

557 5327 697 5383 Jam
740 5339 882 5382 vero
952 5323 1121 5397 quod
1166 5322 1315 5379 dicis
1366 5315 1872 5393 praedestinationi
1920 5314 2021 5372 Dei
2090 5316 2221 5373 nul-

555 5414 685 5474 lam
737 5413 939 5472 inesse
983 5412 1105 5469 vim
1156 5427 1281 5484 qua
1327 5408 1465 5481 quis
1520 5409 1770 5476 cogatur
1816 5403 1896 5461 ad
1965 5402 2217 5478 aliquid,

559 5509 618 5565 et
638 5520 751 5562 nos
782 5504 1039 5561 dicimus
1069 5505 1125 5557 et
1144 5499 1496 5572 probamus.
1528 5493 1805 5550 Similiter
1830 5494 1999 5567 quod
2018 5494 2216 5564 addis,

558 5594 753 5650 Deum
808 5596 866 5648 et
910 5586 1493 5664 praedestinationem
1546 5582 1676 5654 ejus
1714 5599 1839 5640 non
1896 5600 2027 5642 esse
2076 5600 2219 5643 cau-

560 5696 695 5740 eam
740 5694 952 5739 eorum
1001 5693 1138 5752 quin
1156 5691 1280 5733 non
1311 5675 1446 5744 sint,
1478 5676 1534 5730 et
1560 5671 1677 5730 hoc
1697 5671 2087 5731 nihilominus
2115 5687 2219 5747 ap-

2300 401 2358 479 et
2379 422 2606 495 peccati
2635 416 2881 494 quidem
2900 407 3086 477 Deus,
3118 407 3270 464 sicut
3298 420 3417 461 non
3455 407 3626 473 actor,
3674 401 3743 458 ita
3783 416 3869 458 nec

2300 527 2487 569 causa
2506 514 2613 568 est.

2370 600 2566 658 Mortis
2589 603 2812 666 autem,
2844 609 2998 666 quae,
3035 593 3101 645 ut
3127 587 3239 652 ais,
3275 583 3514 641 effectus
3564 580 3763 660 peccati
3807 584 3877 636 est

2300 694 2480 762 atque
2505 686 2781 752 miseriae,
2807 696 2993 740 causa
3005 692 3128 735 non
3154 678 3278 741 est;
3310 674 3512 729 auctor
3533 673 3714 725 tamen
3739 672 3877 739 atque

2298 753 2593 848 irrogator
2622 771 3009 847 aequissimus
3050 769 3156 823 est.
3220 765 3366 819 Nam
3423 756 3638 828 mortis,
3684 771 3796 829 quae
3830 753 3881 810 ﬁt

2301 884 2438 924 cum
2464 844 2916 923 deserit—anima.
2930 871 3158 925 veram,
3208 863 3511 907 summam
3539 850 3593 902 et
3634 844 3878 918 sempiter-

2299 972 2443 1013 nam
2472 956 2679 1020 vitam,
2703 958 2759 1008 et
2786 948 3030 1007 vertitur
3058 942 3371 1000 libidinose
3396 936 3476 993 ad
3500 933 3694 992 inﬁma
3717 939 3766 990 et
3805 946 3879 989 ca-

2300 1046 2480 1116 duca,
2506 1060 2617 1102 nec
2649 1056 2852 1102 causa,
2881 1052 2990 1094 nec
3017 1037 3224 1090 auctor
3255 1033 3343 1086 est
3364 1029 3540 1097 Deus,
3584 1023 3651 1080 de
3684 1038 3787 1096 qua
3818 1020 3882 1077 di-

2302 1113 2620 1206 citur'quia
2649 1136 2897 1187 mortem
2926 1128 3085 1182 Deus
3109 1136 3227 1178 non
3251 1118 3396 1190 fecit
3427 1116 3583 1206 (Sap.
3608 1129 3645 1206 1,
3669 1113 3880 1206 t3),quo-

2299 1223 2466 1281 niam
2488 1198 2631 1278 eam
2651 1222 2890 1274 Creator
2919 1228 3043 1270 non
3066 1206 3349 1268 condidit,
3398 1202 3503 1259 sed
3529 1198 3880 1258 malevolentia

2300 1311 2397 1369 vel
2419 1308 2638 1381 angeli,
2675 1307 2763 1363 vel
2813 1298 3215 1377 superbientis
3244 1291 3504 1351 hominis
3550 1286 3880 1346 adinvenitsi-

2301 1401 2483 1475 bique
2516 1373 2918 1471 superbiendo
2972 1386 3278 1447 conscivit.
3338 1384 3484 1438 Mors
3522 1392 3651 1434 vero
3695 1391 3807 1449 quae
3833 1373 3881 1429 ﬁt

2302 1465 2442 1548 cum
2472 1465 2677 1545 anima
2705 1480 2956 1540 discedit
2987 1495 3025 1536 a
3053 1489 3323 1549 corpore,
3377 1476 3519 1528 teste
3557 1465 3827 1540 Scriptura,
3855 1477 3880 1518 δ

2304 1585 2423 1637 Deo
2448 1582 2555 1643 est,
2585 1576 2817 1632 dicente
2848 1570 2926 1627 ad
2954 1568 3183 1642 primos
3208 1563 3397 1620 nostri
3418 1558 3639 1633 generis
3663 1553 3877 1612 homines

2227 1686 2271 1740 Β
2303 1673 2483 1742 atque
2511 1642 2932 1723 interminante
2963 1659 3081 1713 Deo
3110 1672 3122 1710 :
3151 1654 3249 1710 Em
3275 1651 3442 1709 omni
3467 1650 3620 1720 tigno
3647 1642 3780 1718 quod
3820 1644 3881 1697 est

2302 1761 2365 1816 in
2383 1731 2687 1813 Paradiso
2715 1750 2888 1818 edite,
2916 1747 2989 1803 de
3020 1746 3181 1816 ligno
3210 1747 3411 1799 autem
3439 1735 3679 1795 scientiae
3701 1731 3813 1789 boni
3830 1731 3880 1818 iet

2303 1846 2457 1903 mali
2481 1858 2555 1900 ne
2574 1817 2892 1899 comedetis
2918 1853 2939 1892 :
2971 1845 3331 1907 quacunque
3358 1833 3549 1885 autem
3568 1824 3655 1879 die
3680 1817 3879 1877 comede-

2304 1938 2438 1994 ritis
2469 1949 2544 1991 ea:
2570 1948 2654 2000 eo,
2682 1935 2866 1986 morte
2891 1906 3228 1982 moriemini
3244 1920 3417 1988 (Gen.
3437 1933 3495 1987 ιι,
3521 1914 3620 1985 16).
3641 1915 3698 1968 In
3714 1906 3878 2000 quibus

2305 2025 2505 2084 verbis
2536 2028 2791 2079 mortem
2819 2017 3037 2074 animae
3055 2010 3335 2087 praedixit
3346 2013 3591 2074 tantum,
3618 2016 3725 2059 non
3748 1998 3879 2055 etiam

2306 2112 2611 2185 irrogavit.
2645 2112 2728 2165 A‘c
2759 2122 2865 2181 per
2894 2106 3010 2161 hoc
3039 2085 3150 2159 nec
3180 2114 3391 2166 causa,
3424 2110 3530 2153 nec
3567 2094 3746 2149 auctor
3785 2085 3877 2181 ejus

2308 2169 2856 2262 ess'euconvincitur.
2890 2192 3112 2251 Deinde
3136 2204 3293 2263 praes
3306 2189 3512 2259 umpto
3532 2169 3878 2263 inhibitis

2309 2290 2751 2360 edulio,iterum
2780 2282 3066 2341 Dominus
3092 2262 3228 2352 post
3246 2274 3582 2350 piissimam
3602 2274 3750 2340 atque
3773 2262 3879 2318 inae-

2310 2378 2673 2439 stimabilem
2700 2370 3182 2443 redargutionem
3217 2370 3273 2421 et
3298 2360 3656 2439 patientiam.
3682 2366 3775 2427 qua
3803 2363 3879 2443 et}?

2311 2435 2822 2542 adipcenitentiam
2851 2435 3329 2516 misericorditer:
3341 2449 3632 2514 invitabat,
3647 2455 3786 2517 quam
3806 2435 3868 2492 illi

2312 2540 2645 2616 econtrario
2671 2547 3150 2610 obstinacissime
3180 2541 3574 2616 repellebant,
3596 2540 3877 2598 causamque

2310 2641 2717 2721 prolapsionis
2737 2636 2995 2713 propriae
3017 2635 3077 2690 in
3093 2637 3279 2689 Deum
3324 2623 3716 2702 superbissime
3731 2617 3883 2674 contu-

2312 2734 2776 2803 macissimcque
2805 2709 3161 2790 referebant,
3192 2717 3527 2777 inevitabili
3550 2709 3741 2788 judicio
3786 2717 3883 2759 sen-

2314 2826 2560 2884 tentiam
2589 2794 2994 2878 damnationis
3024 2810 3418 2886 deprompsit
3453 2807 3640 2865 dicens
3671 2802 3722 2856 in
3746 2794 3886 2850 Adam

2315 2914 2539 2989 quiden
2565 2912 2643 2968 ita
2675 2928 2687 2965 :
2745 2908 2897 2975 Quia
2941 2905 3141 2977 fecisti
3174 2902 3316 2967 hoc,
3350 2906 3406 2958 et
3451 2891 3710 2955 audivisti
3746 2894 3886 2941 vocem

2317 2978 2524 3063 umoris
2549 3008 2664 3058 tuae
2694 3000 2830 3070 plus
2862 2991 3529 3069 quamme:Maledicta
3556 2994 3700 3070 terra
3724 2978 3884 3070 in‘ope-

2319 3111 2386 3152 re
2412 3101 2552 3162 tuo;
2583 3065 2716 3149 cum
2738 3065 3015 3157 operatus
3033 3083 3229 3154 fueris
3263 3096 3417 3151 eam,
3447 3092 3559 3134 non
3604 3065 3883 3162 dabit

2324 3148 2426 3241 tusi
2442 3148 2602 3252 suas,
2630 3179 2732 3237 sed
2758 3148 2963 3247 spinas
2987 3148 3043 3230 ct
3062 3160 3327 3228 tribulos
3355 3148 3692 3241 geminabit
3718 3148 3877 3252 tibi.

2324 3274 2541 3331 sudore
2570 3237 2894 3327 vultustui
2945 3261 3207 3320 comedes
3265 3237 3485 3330 panem
3516 3259 3670 3311 tuum
3719 3237 3883 3303 cuncti:
3994 3248 3995 3251 ‘

2325 3361 2529 3419 diebus
2560 3360 2694 3415 vitae
2716 3362 2853 3425 tum,
2884 3352 3070 3408 donec
3093 3347 3441 3406 revertaris.
3472 3345 3535 3399 In
3563 3342 3723 3396 Evam
3748 3340 3882 3425 vero}

2324 3448 2742 3519 Multipticabo
2768 3414 3068 3499 mruzrznas
3108 3445 3241 3494 tuas
3274 3444 3332 3494 et
3360 3438 3656 3501 conceptus
3688 3431 3790 3519 (uos
3813 3434 3824 3472 :
3847 3414 3886 3519 iit

2326 3504 2533 3596 dolore
2552 3537 2757 3606 paries
2801 3533 2980 3602 ﬁlios,
3025 3534 3078 3585 et
3104 3527 3211 3583 sub
3257 3526 3381 3582 viri
3397 3522 3671 3594 potestate
3709 3510 3816 3573 eris,
3853 3504 3889 3557 ετ

2326 3629 2450 3699 ipse
2473 3622 2884 3681 dominabitur
2913 3618 3022 3675 tibi
3048 3616 3217 3685 (Gen.
3247 3631 3332 3685 ιιι,
3362 3618 3422 3669 17
3454 3611 3596 3683 seq.)

2398 3715 2586 3786 Hujus
2617 3712 2825 3768 mortis
2855 3713 3036 3782 atque
3066 3704 3323 3762 miseriae
3372 3705 3542 3766 Deus,
3595 3708 3717 3751 cum
3761 3692 3890 3742 081158

2328 3821 2451 3863 non
2480 3803 2572 3871 sit,
2605 3804 2813 3857 auctor
2844 3802 3065 3866 tamen,
3089 3795 3150 3850 id
3176 3799 3271 3849 est
3293 3789 3647 3865 justissimus
3674 3776 3889 3844 irrogator

2330 3891 2653 3951 certissime
2676 3887 2953 3954 creditur,
2985 3882 3508 3959 quemadmodum
3536 3870 3712 3931 verbis
3728 3872 3889 3956 praise-

2637 3946 3242 4047 declaratu'riquibus
3274 3970 3328 4026 si
3354 3965 3644 4043 quispiam
3671 3946 3891 4047 οοιιιηιὶξε

2326 4071 2601 4137 voluerit,
2629 4031 2775 4142 puto
2797 4031 2947 4139 quia
3091 4065 3325 4119 tacente
3363 4031 3668 4130 impietatis
3692 4056 3793 4103 reus
3812 4031 3892 4092 ad-

2329 4162 2576 4218 dicetur.
2608 4160 2758 4214 Mors
2789 4136 3056 4227 corporis
3085 4148 3374 4207 discessio
3403 4151 3491 4203 est
3527 4142 3719 4200 animai
3741 4147 3770 4188 ὃ
3794 4136 3893 4227 .001"

2330 4266 2509 4326 pore;
2537 4247 2673 4304 ideo
2701 4218 3130 4315 hujus-auctor
3158 4239 3379 4295 dicitur
3437 4238 3609 4302 Deus,
3656 4218 3895 4299 quoniam,

2329 4315 2461 4415 ipso
2498 4315 2795 4412 puniente
2835 4350 2905 4391 ac
2935 4332 3191 4398 volente,
3220 4325 3581 4385 abstrahitur
3621 4336 3654 4377 a
3678 4315 3896 4415 fori)”,

2331 4403 2535 4487 donec
2552 4426 2687 4499 ipso
2704 4422 2935 4481 volente
2959 4436 3028 4478 ac
3047 4418 3359 4492 judicante
3380 4403 3787 4481 resurgentibus
3811 4404 3901 4499 0.1:!-

2330 4519 2531 4586 nibus,
2565 4530 2678 4571 suo
2729 4526 2985 4585 quaeque
3033 4506 3269 4581 corpori
3306 4504 3403 4561 vel
3428 4500 3585 4559 mala
3609 4509 3704 4570 pro
3735 4484 3898 4578 merit”

2330 4579 2643 4681 receptura
2672 4579 2772 4659 vel
2797 4579 2961 4658 bona
3013 4579 3372 4655 restituatur.
3422 4593 3654 4647 Iustum
3686 4579 3899 4681 estita?

2330 4660 2555 4770 milia}
2605 4696 2847 4750 auctore
2906 4693 3157 4755 creatur,
3207 4686 3385 4742 datur
3427 4686 3601 4752 atque
3641 4660 3900 4770 ἰιιιιῐξὶιῧξξῐ

2336 4746 2398 4755 “·“
2429 4746 2544 4770 -ι-ν
2610 4746 2711 4750 ντί
2730 4746 2771 4749 ν-
2830 4746 2833 4747 ν
3144 4746 3154 4755 σ
3506 4746 3528 4752 -

2331 4783 2593 4859 corpori,
2624 4782 2756 4854 ipso
2789 4783 3049 4845 auctore,
3079 4776 3225 4849 quia
3266 4767 3611 4846 promeruit,
3654 4746 3899 4845 ιώεπδὶξα·

2330 4844 2461 4943 tur;
2486 4880 2543 4931 et
2566 4844 2739 4943 cujus
2786 4868 3050 4942 primum
3098 4844 3371 4920 bonitate
3425 4858 3643 4914 donata
3661 4848 3774 4943 ξεῖν
3805 4844 3902 4943 .3155

2741 4927 2971 5028 justitia
2999 4952 3408 5016 subtrahatur,
3435 4951 3502 5003 ut
3527 4937 3683 5018 quod
3702 4927 3902 5039 benigfl;

2325 5021 2417 5110 tas
2471 5021 2762 5115 contulit;
2796 5046 3049 5118 aequitas
3098 5042 3323 5098 demat.
3380 5038 3518 5102 Quae
3557 5042 3686 5090 cum

2324 5101 2649 5206 inseritur;
2930 5132 3154 5202 tribuit,
3223 5143 3366 5185 cum
3406 5101 3668 5181 aufertur
3692 5101 3901 5206 etimit}

2325 5194 2531 5287 Eii-Jac
2558 5194 2691 5300 ipsa
2719 5221 3047 5296 ademptio,
3089 5194 3181 5277 vel
3228 5215 3475 5282 ablatio,
3507 5208 3597 5267 vel
3623 5194 3901 5300 summoue:

2326 5317 2533 5376 mortis
2584 5311 2879 5372 vocabulo
2902 5285 3321 5384 nuncupatur,
3352 5300 3519 5378 quod
3556 5307 3698 5353 cum
3721 5285 3902 5384 nonnf.‘

2324 5368 2450 5464 Deo
2857 5401 2993 5474 quis
3014 5368 3235 5471 negare
3287 5368 3511 5453 audeat
3547 5387 3720 5443 Deum
3746 5368 3901 5432 ωοΐῧε

2325 5496 2509 5568 hujus
2530 5510 2659 5551 esse
2686 5496 2992 5549 auctorem
3013 5490 3042 5544 ?

2399 5546 2506 5568 ν---
2535 5546 2655 5551 _-_-
2690 5546 2915 5549 -

2399 5584 2491 5641 Sic
2520 5584 2699 5641 etiam
2724 5582 2799 5639 de
2821 5579 3062 5638 miseria
3087 5573 3498 5636 sentiendum:
3523 5580 3647 5640 quae
3665 5546 3900 5641 cum_

2329 5636 3216 5741 titudiniswd—iciﬁturiindigentia,
3250 5676 3376 5721 non
3401 5663 3518 5718 Deo
3538 5636 3743 5712 auctori
3761 5636 3900 5707 depu‘

2256 4392 2298 4445 ο
