4112 6184
276 171 412 224 1041
1205 170 1294 222 DE
1333 159 1994 223 PREDESTINATIONE
2035 161 2310 221 CONTRA
2349 168 2398 225 J.
2445 173 2751 231 SCOTUM.
3562 177 3696 234 1M2

267 296 446 360 tatur,
480 289 586 346 sed
616 295 904 346 creatura
929 290 1375 364 rationali,qua
1402 290 1738 348 voluntaria
1761 301 1926 344 aver—
1952 287 2000 342 Α
2038 289 2385 358 puniuntur,
2414 296 2518 352 sed
2548 297 2663 354 hoc
2688 299 2768 354 ita
2789 297 2929 366 dixi,
2954 298 3432 371 quemamodum
3461 298 3693 359 dictum

267 381 440 436 sione
499 395 535 434 a
589 395 748 435 verae
779 379 1158 436 beatitudinis
1216 397 1454 437 summo
1502 381 1687 448 bono,
1745 383 1924 450 atque
2035 383 2120 434 est
2153 397 2165 434 :
2203 381 2350 438 Deus
2374 391 2621 442 mortem
2670 403 2790 443 non
2818 388 2962 457 fecit
2996 389 3158 458 (Sap.
3190 388 3519 457 1.13,)cum
3550 389 3694 447 alibi

265 468 614 526 adhasione
637 467 971 524 damnabili
991 469 1052 524 in
1074 468 1284 525 inﬁmo
1305 469 1612 540 bono,sibi
1632 486 1768 527 eam
1791 483 1926 524 con—
2034 469 2325 542 scriptum
2375 473 2490 530 sit:
2525 476 2687 531 Mors
2743 481 2798 532 et
2854 477 2980 532 vita
3033 491 3070 532 a
3126 477 3380 532 Domino
3425 478 3546 534 Deo
3604 484 3693 536 cst

263 558 516 616 traxisse
560 557 901 614 nullatenus
941 557 1285 628 ambigitur.
1308 561 1456 616 Cum
1498 577 1640 617 vero
1686 559 1925 616 miseria
2033 558 2198 630 (Sap.
2226 578 2344 633 XV],
2375 564 2481 635 13).
2504 565 2789 622 Malorum
2812 581 2953 637 ergo
2982 581 3186 638 poena,
3211 583 3346 638 qua
3372 583 3410 623 a
3433 569 3553 623 Deo
3579 573 3685 632 est,

261 645 521 720 poenalis
541 646 723 717 hujus
742 645 877 701 vita
896 649 1288 715 conversatio,
1313 647 1404 703 vel
1425 647 1844 721 subsequentis
1864 646 1923 702 in
2031 647 2260 704 malum
2293 657 2380 706 est
2419 653 2664 724 quidem
2704 654 2898 722 malis,
2934 653 3039 709 sed
3068 654 3127 709 in
3155 653 3331 710 bonis
3359 654 3462 710 Dei
3490 655 3688 728 operi-

264 735 545 807 gehenna
571 734 880 790 retributio
908 735 1142 803 dicitur,
1163 736 1296 809 quis
1322 739 1508 793 Deum
1530 741 1834 794 auctorem
1860 734 1922 790 i1-

260 825 382 882 lius
415 824 656 891 nesciat,
691 825 862 896 cujus
892 830 1072 898 atque
1097 825 1324 896 judicio
1351 826 1689 899 dispensari
1717 824 1923 882 omnia

261 931 390 972 non
434 913 786 984 ignoratur?
817 912 873 970 Si
909 914 1091 984 enim,
1114 913 1345 971 dicente
1398 916 1718 989 Scriptura,
1748 913 1923 970 Nihil

261 1005 393 1060 sine
441 1017 623 1059 causa
666 1002 737 1071 ﬁt
779 1017 960 1072 super
1007 1008 1229 1060 terram
1278 1005 1430 1076 (Job.
1465 1021 1521 1074 v,
1554 1005 1627 1076 6),
1655 1003 1920 1076 profecto

259 1091 451 1165 liquet
474 1091 618 1164 quia
650 1090 802 1146 sicut
824 1091 1135 1158 bona,Deo
1164 1095 1429 1159 auctore,
1447 1096 1742 1162 constant,
1760 1091 1839 1147 ita
1861 1093 1916 1146 et

260 1180 427 1238 mala
442 1184 621 1252 atque
643 1179 893 1234 miseria
917 1181 1009 1236 vel
1031 1181 1110 1236 ad
1125 1181 1542 1254 probationem
1563 1179 1921 1254 piorum,vel

259 1271 341 1327 ad
369 1269 855 1342 reprobationem
876 1269 1202 1342 impiorum
1219 1270 1332 1338 ,vel
1348 1270 1443 1326 hic
1459 1270 1553 1325 vel
1579 1270 1693 1326 illic
1715 1284 1918 1341 poena-

2029 734 2147 791 bus
2197 743 2302 805 est,
2333 742 2620 812 quoniam
2663 743 2895 813 justum
2941 746 3028 798 est
3069 746 3136 798 ut
3164 743 3308 798 mali
3336 743 3684 815 puniantur,

2032 828 2087 880 et
2116 825 2320 899 utique
2349 827 2579 884 bonum
2611 836 2699 887 est
2727 847 2904 887 omne
2937 831 3100 904 quod
3127 832 3357 903 justum
3389 835 3521 897 est.]

2101 917 2142 985 -ι-
2175 916 2289 973 Sed
2319 934 2350 973 e
2383 920 2621 988 sanctis,
2646 920 3040 993 Hieronymus
3061 921 3121 977 in
3152 921 3685 993 Explanationibus

2028 1005 2597 1080 prophetarum,qui
2627 1007 2722 1064 vel
2751 1010 3012 1065 maxime
3042 1010 3222 1082 hujus
3242 1009 3558 1066 locutionis
3589 1027 3686 1081 ge-

2027 1110 2168 1150 nere
2201 1093 2360 1167 pleni
2388 1101 2544 1167 sunt,
2564 1096 2792 1153 eisdem
2813 1098 3244 1171 vestigiis,quia
3274 1099 3487 1156 eodem
3515 1101 3684 1172 spiri-

2029 1187 2091 1240 tu
2143 1185 2429 1254 graditur,
2461 1187 2566 1259 qui
2609 1187 2939 1259 explanans
2980 1191 3194 1243 Jonam
3238 1190 3571 1262 prophetan
3598 1191 3680 1260 (in

2027 1289 2159 1342 cap.
2189 1277 2228 1341 1)
2263 1291 2274 1328 :
2309 1275 2458 1346 [Hic,
2485 1276 2696 1348 inquit,
2731 1275 3018 1332 malitiam
3036 1292 3146 1349 pro
3167 1275 3484 1333 afﬂictione
3507 1284 3562 1334 et
3587 1295 3682 1334 ca-

256 1359 391 1416 liter
417 1358 653 1415 inﬂicta
678 1374 802 1414 non
834 1358 970 1428 alio,
1003 1375 1188 1431 quam
1218 1366 1459 1416 auctore
1488 1361 1604 1416 Dco
1632 1359 1917 1416 nimirum
2023 1361 2287 1418 lamitate
2318 1363 2586 1436 accipere
2612 1364 3265 1432 debemus,secundum
3295 1366 3442 1422 illud
3463 1368 3678 1438 :Suf/i-

227 1498 230 1500 .
248 1447 590 1520 justissimo
611 1445 740 1503 ﬁeri
754 1446 1054 1502 credenda
1081 1451 1218 1504 sunt
1243 1465 1255 1502 :
1276 1448 1665 1504 consideratis
1691 1446 1916 1520 quippe
2025 1453 2103 1508 cit
2147 1453 2267 1508 diei
2312 1453 2546 1509 malitia
2602 1469 2713 1510 sua
2742 1454 2981 1523 (Matth.
3015 1471 3089 1521 v1,
3124 1456 3245 1525 34);
3280 1460 3336 1511 et
3390 1455 3452 1510 in
3495 1461 3680 1512 Amos

252 1551 634 1612 quacunque
666 1533 978 1609 poenaliter
1007 1535 1377 1606 ingeruntur,
1404 1536 1599 1592 nullas
1629 1536 1747 1593 fere
1775 1535 1913 1591 abs-
2023 1542 2350 1615 propheta:
2374 1542 2439 1599 Si
2467 1549 2551 1599 est
2570 1545 2803 1599 malitia
2825 1545 2888 1600 in
2921 1546 3159 1600 civitate
3187 1560 3364 1616 quam
3390 1547 3679 1602 Dominus

251 1642 375 1700 que
397 1623 680 1680 creaturis
708 1624 804 1679 Dei
821 1640 1034 1696 parias
1052 1630 1231 1697 atque
1257 1625 1526 1680 miserias
1551 1625 1910 1680 invenimus.
1943 1636 1984 1691 Β
2020 1648 2140 1688 non
2180 1632 2393 1701 fecerit
2423 1631 2645 1699 (Amos,
2679 1649 2759 1702 ιιι,
2791 1633 2846 1704 6)
2877 1650 2888 1688 ;
2921 1637 2976 1687 ει
3001 1633 3061 1687 in
3088 1633 3239 1689 Isaia
3271 1651 3284 1688 ε
3319 1633 3449 1704 Ego
3484 1636 3681 1692 Damt;

253 1717 324 1771 Εῑ
341 1714 507 1787 quia,
529 1714 781 1769 docente
803 1713 980 1768 beato
1010 1713 1311 1784 Gregorio.
1332 1729 1511 1770 omne
1537 1713 1831 1784 jUdiCium
1851 1713 1913 1768 in
2022 1737 2134 1776 nus
2174 1723 2277 1793 qui
2303 1722 2466 1791 facio
2503 1737 2710 1791 pacem.
2733 1727 2786 1778 et
2816 1738 2948 1778 creo
2985 1723 3151 1778 mala
3184 1723 3322 1792 (Isa.
3345 1738 3470 1786 XLV,
3503 1728 3578 1782 7).
3614 1724 3679 1780 In

250 1802 604 1860 hominibus
658 1818 766 1875 per
822 1802 1067 1871 angelos
1107 1807 1428 1870 exercetur,
1461 1809 1622 1874 patet
1649 1801 1914 1876 profecto
2021 1809 2136 1866 alio
2165 1826 2307 1866 vero
2328 1810 2461 1866 loco
2488 1810 2714 1867 malitia
2743 1811 3042 1866 contraria
3085 1811 3287 1866 virtuti
3312 1811 3676 1881 intelligitur,

251 1891 702 1967 quidquid,Deo
723 1891 1265 1964 judice,poenaliter
1277 1891 1624 1948 hominibus
1644 1891 1912 1962 infertur,

252 1997 650 2055 nequaquam
671 1981 784 2036 nisi
814 1997 920 2054 per
946 1985 1247 2037 creaturas
1272 1982 1400 2053 ejus
1427 1981 1574 2036 ﬁeri.
1591 1980 1770 2036 Verbi
1787 1996 1915 2050 gra-

255 2072 470 2138 tia,aut
499 2085 633 2127 aere
669 2074 970 2142 corrupto,
1003 2074 1106 2125 aut
1149 2075 1460 2126 ventorum
1498 2068 1913 2142 inaqualitati-

259 2159 504 2228 bus,aut
531 2160 672 2216 solis
705 2159 1004 2215 caloribus
1034 2160 1253 2228 nimiis,
1275 2166 1376 2216 aut
1397 2161 1739 2233 pluviarum
1769 2159 1914 2215 effu-

257 2249 527 2306 sionibus
543 2249 837 2321 adversis,
859 2265 966 2305 seu
991 2249 1453 2322 quibuscunque
1485 2248 1614 2305 aliis
1646 2247 1915 2304 animad-

253 2337 549 2401 versionis
596 2351 871 2410 supernae
903 2337 1242 2408 generibus,
1267 2337 1341 2394 de
1363 2338 1584 2410 quibus
1616 2336 1916 2410 Propheta

251 2431 532 2484 testatur:
556 2428 740 2496 Misit,
769 2427 1068 2499 inquiens,
1095 2427 1261 2483 haud.
1289 2427 1544 2482 dubium
1567 2426 1713 2499 quin
1738 2427 1910 2494 Deus,

250 2519 315 2573 in
364 2532 460 2575 eos
503 2518 659 2574 iram
699 2517 1135 2587 indignationis
1163 2531 1308 2584 sua,
1341 2517 1832 2588 indignationem,
1857 2519 1910 2570 et

247 2608 432 2677 iram,
457 2613 513 2664 et
559 2607 1031 2673 tribulationem,
1060 2607 1501 2662 immisssionem
1526 2620 1642 2676 per
1669 2605 1914 2676 angelos

254 2697 467 2765 malos,
491 2700 600 2752 etc.
634 2696 820 2762 (Psal.
847 2711 1060 2762 LXXVII,
1089 2697 1204 2764 49).
1240 2695 1345 2752 Ubi
1371 2694 1652 2767 quamvis
1684 2709 1792 2767 per
1816 2709 1918 2749 an-

256 2783 424 2855 gelos
454 2783 648 2840 malos
676 2783 1116 2840 immissionem
1142 2785 1395 2839 missam
1423 2781 1917 2854 dixerit,legimus

259 2879 464 2931 tamen
512 2875 692 2930 etiam
734 2889 842 2946 per
892 2873 1086 2930 bonos
1129 2873 1376 2945 angelos
1413 2873 1764 2940 identidem,
1797 2872 1916 2928 Deo

2018 1899 2189 1970 juxta
2209 1899 2376 1972 quod
2397 1899 2456 1954 in
2478 1899 2592 1955 hoc
2622 1899 2833 1955 eodem
2857 1901 3149 1972 propheta
3176 1915 3358 1972 supra
3387 1900 3675 1969 legimus:

2021 1989 2306 2044 Ascendit
2336 1989 2566 2044 clamor
2585 1990 2832 2044 malitia
2853 1990 2979 2058 ejus
3006 1989 3087 2043 ad
3115 2004 3206 2043 me
3235 1989 3421 2059 (J0me
3441 2005 3480 2056 1,
3506 1989 3605 2059 2).]

2093 2077 2128 2142 ἦ·
2158 2076 2383 2140 Quibus
2413 2075 2696 2132 omnibus
2724 2081 2994 2149 patenter
3024 2075 3320 2132 indicatur
3350 2078 3534 2132 Deum
3566 2092 3678 2132 nec

2023 2170 2326 2222 auctorem
2375 2181 2486 2222 nec
2539 2182 2788 2222 causam
2841 2181 2972 2221 esse
3028 2165 3259 2238 peccati
3303 2182 3316 2232 ;
3376 2165 3679 2221 malorum

2021 2273 2184 2324 vero,
2216 2256 2278 2312 id
2307 2261 2395 2312 est
2424 2271 2742 2328 poenarum
2769 2255 3174 2329 quarumlibet
3205 2259 3384 2328 atque
3407 2253 3678 2311 afﬂictio-

2023 2362 2192 2414 num,
2215 2349 2519 2401 auctorem
2559 2344 2805 2417 quidem
2848 2343 3099 2400 ﬁdeliter
3145 2343 3501 2417 praedicari:
3537 2359 3679 2399 cau-

2024 2452 2154 2491 sam
2196 2451 2338 2491 vero
2388 2450 2598 2490 eorum
2648 2438 2990 2507 peccatores
3053 2449 3383 2506 eorumque
3433 2437 3684 2507 peccata

2023 2526 2366 2583 nullatenus
2396 2505 2678 2581 dubitari“.
3284 2505 3304 2506 ί
3435 2505 3454 2507 _
3557 2505 3574 2518 ’

2096 2615 2474 2685 Progrederis
2499 2615 2638 2671 inde
2664 2614 2741 2670 ad
2773 2614 2910 2683 alia,
2934 2617 2990 2669 et
3019 2612 3199 2670 veluti
3229 2612 3426 2685 prima
3448 2612 3522 2668 de
3543 2612 3684 2667 hos-

2026 2711 2080 2764 te
2121 2705 2546 2776 congressione
2583 2704 2768 2761 victor
2818 2702 3063 2760 effectus
3119 2701 3575 2773 gloriabundus,
3607 2699 3687 2756 ad

2027 2795 2143 2853 alia
2171 2793 2535 2851 revincenda
2577 2793 2940 2849 furibundus
2987 2791 3284 2866 procedis,
3319 2789 3520 2846 multis
3549 2789 3687 2845 hos-

2027 2889 2145 2942 tem
2194 2883 2474 2941 conviciis
2529 2883 2848 2955 impetens,
2874 2887 2929 2938 et
2975 2881 3306 2937 maledictis
3352 2881 3686 2947 incessens,

255 2963 516 3031 Vindice,
540 2962 766 3019 actuari
796 2981 808 3017 ε
834 2963 1353 3036 quemadmodum
1393 2962 1552 3035 δριιό
1590 2962 1916 3019 8οάοωἃῶ
1948 2982 1991 3036 c
2026 2975 2128 3048 qui
2160 2974 2206 3029 si
2237 2989 2308 3029 ea
2337 2972 2556 3042 legeret
2595 2971 2828 3043 sibique
2877 2970 3129 3026 facultas
3179 2971 3540 3040 suppeteret,
3572 2967 3689 3022 for-

257 3052 589 3120 actitatum,
640 3059 695 3108 et
737 3052 788 3107 ei
817 3051 1103 3108 ﬁnitimas
1139 3053 1422 3118 civitates,
1456 3053 1658 3122 ignem
1689 3051 1918 3108 caelitus

256 3141 503 3214 pluente
537 3141 789 3198 Domino
821 3142 963 3198 Gen.
992 3158 1112 3209 x1x,
1142 3145 1256 3209 24),
1291 3157 1470 3196 verax
1502 3145 1705 3196 narrat
1727 3140 1916 3195 histo-

257 3231 352 3286 ria
378 3245 391 3284 :
415 3244 567 3302 quos
596 3230 803 3286 beatos
824 3230 1007 3286 fuisse
1029 3230 1274 3302 angelos
1296 3227 1497 3285 nullus
1519 3228 1624 3302 qui
1640 3228 1915 3285 eamdem

261 3319 579 3374 historiam
609 3319 852 3376 ﬁdeliter
877 3319 1034 3390 legit,
1069 3321 1324 3390 ignorat.

341 3408 487 3462 Cum
535 3407 709 3478 igitur
733 3409 825 3464 vel
850 3409 911 3464 in
941 3409 1055 3464 hoc
1084 3407 1302 3464 saculo
1336 3407 1429 3462 vel
1474 3407 1596 3476 igni
1629 3407 1917 3478 gehenna

257 3495 477 3552 debita
523 3497 937 3569 peccatoribus
965 3513 1160 3571 pana
1192 3513 1298 3570 per
1334 3501 1636 3553 creaturas
1663 3495 1764 3552 Dei
1790 3495 1918 3551 ﬁeri

256 3585 507 3643 minime
546 3587 909 3657 nesciantur,
942 3587 1080 3660 quis
1121 3602 1326 3643 earum
1380 3591 1685 3642 auctorem
1726 3586 1917 3641 Deum

249 3675 658 3747 justissimum
690 3677 910 3733 audeat
957 3675 1192 3732 difﬁteri
1223 3677 1250 3731 ?
1284 3677 1550 3754 Quarum
1577 3675 1623 3730 si
1666 3690 1917 3731 causam

253 3766 496 3837 quaris,
528 3771 872 3839 peccatores
901 3782 932 3821 e
964 3765 1214 3836 vestigio
1247 3772 1587 3834 occurrunt,
1612 3763 1716 3837 qui
1740 3763 1915 3819 malis

258 3853 385 3909 suis
415 3855 702 3928 operibus
733 3858 918 3911 Deum
951 3871 1186 3911 summe
1228 3854 1460 3910 bonum
1490 3857 1545 3909 et
1575 3855 1809 3924 justum
1838 3853 1917 3909 ad

254 3941 386 3997 hac
417 3942 528 3999 sibi
555 3943 764 3999 merito
785 3942 1168 3999 retribuenda
1190 3941 1637 3996 concitaverunt
1664 3957 1676 3994 :
1704 3957 1916 4012 quam-

254 4032 348 4087 vis
376 4032 451 4087 de
484 4032 688 4088 anima
714 4037 769 4088 et
794 4031 1021 4103 angelis
1067 4029 1434 4103 apostaticis,
1458 4029 1680 4102 quibus
1719 4028 1914 4101 poenis

253 4126 606 4191 urgeantur,
635 4124 969 4178 necessario
1027 4125 1352 4193 quaratur,
1379 4135 1536 4192 qua,
1570 4118 1630 4174 id
1684 4122 1772 4173 est
1793 4133 1920 4190 pa-

251 4227 372 4281 na,
392 4210 511 4266 sive
532 4215 847 4277 tormenta,
871 4225 1236 4282 quocunque
1266 4207 1381 4264 alio
1411 4207 1791 4264 commodius
1817 4221 1917 4261 vo-

2027 3062 2204 3120 tassis
2223 3066 2326 3118 aut
2350 3060 2586 3115 mitiora
2615 3064 2718 3115 aut
2737 3074 3006 3128 congrua
3029 3057 3441 3129 responderet.
3457 3055 3686 3121 Quibus

2026 3149 2288 3215 omissis,
2319 3146 2611 3221 quoniam
2637 3162 2709 3202 ea
2741 3151 2974 3202 tantum
2997 3144 3059 3200 in
3083 3143 3306 3216 quibus
3333 3159 3369 3199 a
3391 3141 3688 3198 catholica

2024 3240 2264 3298 veritate
2298 3237 2576 3294 dissentis
2597 3234 2976 3291 discutienda
2995 3236 3376 3305 et,quantum
3403 3230 3688 3287 divinitus

2027 3328 2215 3400 adjuti
2264 3341 2613 3399 possumus,
2645 3322 2962 3379 refutanda
3009 3319 3407 3393 suscepimus,
3431 3319 3515 3374 eis
3554 3324 3688 3375 tan-

2025 3417 2339 3475 tummodo
2392 3412 2843 3470 considerandis
2891 3415 3070 3483 atque
3122 3409 3502 3466 advertendis
3535 3407 3688 3479 stylo

2025 3506 2476 3580 imperavimus.
2510 3503 2609 3558 Ais
2639 3503 2714 3558 de
2744 3501 3031 3557 charitate
3073 3497 3238 3572 quod
3279 3513 3401 3554 una
3431 3497 3524 3567 sit,
3554 3495 3690 3553 licet

2025 3597 2148 3653 duo
2175 3595 2287 3651 sint
2309 3595 2437 3665 ejus
2467 3596 2788 3665 pracepta,
2812 3590 2964 3646 idem
2999 3593 3055 3644 et
3099 3604 3210 3644 nos
3240 3586 3516 3653 dicimus,
3551 3584 3690 3640 asti-

2025 3685 2269 3759 pulante
2311 3683 2489 3738 beato
2535 3679 2835 3751 Gregorio,
2868 3679 3012 3752 quia
3041 3677 3192 3733 sicut
3237 3691 3360 3731 una
3388 3679 3476 3730 est
3501 3673 3689 3729 chari-

2025 3779 2120 3831 tas
2151 3778 2208 3829 et
2236 3773 2358 3828 duo
2390 3774 2711 3844 pracepta,
2734 3770 2815 3824 ita
2839 3784 2996 3823 unus
3024 3766 3272 3839 Spiritus
3298 3768 3353 3819 et
3382 3763 3504 3819 duo
3521 3762 3683 3819 data.

2023 3863 2176 3919 Dicis
2222 3860 2570 3917 charitatem
2630 3873 2762 3912 esse
2818 3858 3029 3925 Deum,
3068 3857 3123 3909 et
3173 3869 3286 3908 nos
3333 3851 3684 3919 annuimus,

2024 3949 2297 4008 instructi
2339 3965 2376 4003 a
2407 3945 2752 4002 beatissimo
2801 3941 3096 3999 ltominici
3137 3939 3396 4014 pectoris
3437 3938 3682 4007 recubo,

2025 4040 2126 4114 qui
2184 4038 2308 4094 ait:
2344 4039 2498 4092 Deus
2548 4034 2816 4091 charitas
2875 4038 2995 4098 est;
3032 4030 3088 4101 (Ι
3122 4029 3298 4085 Joan.
3341 4043 3416 4096 1v,
3459 4027 3533 4098 8).
3569 4024 3684 4081 Sed

2023 4129 2190 4203 quod
2258 4127 2353 4183 his
2419 4123 2703 4182 omnibus
2761 4121 2841 4177 ad
2905 4119 3369 4176 destructionem
3427 4116 3682 4187 gemina

2023 4213 2561 4294 pradestinationis
2617 4211 2798 4268 uteris
2850 4209 3288 4282 improbemus.
3321 4206 3469 4262 Dicit
3518 4204 3681 4260 enim

253 4297 478 4356 cabulo
525 4299 926 4367 enuntientur,
951 4315 1073 4355 non
1121 4298 1344 4353 idcirco
1392 4297 1552 4352 mala
1604 4300 1910 4366 vocantur,
1943 4329 1988 4386 η
2026 4292 2330 4380 Scriptum
2361 4322 2373 4360 ε
2410 4307 2559 4360 Deus
2612 4301 2878 4358 σιιανίιαε
2907 4303 2991 4355 εει
3025 4316 3038 4365 ;
3076 4296 3182 4352 sed
3227 4310 3543 4366 nunquam
3587 4292 3680 4348 di-

252 4387 426 4461 quod
478 4403 634 4456 vere,
663 4387 726 4444 id
773 4391 860 4443 est
914 4387 1277 4453 naturaliter,
1309 4386 1426 4442 sint
1482 4386 1666 4452 mala,
1689 4385 1912 4459 quippe

251 4492 396 4532 cum
419 4476 516 4532 Dei
537 4482 820 4533 creatura
844 4476 960 4532 sint
985 4493 996 4530 :
1025 4476 1170 4532 vidit
1193 4477 1347 4532 enim
1370 4478 1525 4533 Deus
1546 4482 1763 4532 cuncta
1783 4490 1914 4547 qua

245 4568 506 4636 fecerat,
533 4574 586 4622 et
617 4572 790 4623 erant
825 4565 1002 4623 valde
1045 4566 1197 4621 bona
1227 4565 1396 4633 (Gen.
1422 4581 1460 4634 1,
1486 4570 1542 4620 31
1554 4577 1606 4634 );
1642 4564 1747 4619 sed
1771 4563 1914 4636 quia

252 4656 623 4731 patientibus
648 4656 946 4714 contraria
974 4654 1184 4727 procul
1202 4653 1388 4711 dubio
1405 4654 1573 4721 ﬁunt,
1598 4654 1675 4710 ab
1705 4669 1910 4709 eorum

255 4748 544 4803 nimirum
577 4761 762 4802 sensu
789 4743 933 4800 mali
962 4743 1260 4800 vocabulo
1297 4743 1676 4798 denotantur.

336 4836 495 4893 Unde
550 4835 763 4892 beatus
835 4833 1192 4905 Augustinus
1257 4833 1405 4887 inter
1469 4830 1912 4886 retractandum

251 4924 444 4980 libros
471 4942 634 4993 suos,
663 4941 801 4980 cum
831 4927 1077 4978 ventum
1107 4925 1262 4976 esset
1289 4919 1367 4976 ad
1388 4919 1516 4990 ejus
1543 4919 1679 4976 libri
1701 4923 1913 4976 retrac-

253 5012 566 5084 tationem,
600 5013 774 5084 cujus
820 5010 1055 5067 titulum
1100 5025 1231 5065 esse
1272 5007 1454 5066 voluit
1491 5010 1565 5064 de
1612 5008 1913 5080 octoginta

252 5100 451 5158 tribus
483 5099 939 5174 quaestionibus,
967 5099 1045 5154 ait
1075 5100 1425 5169 (Retractat.
1460 5100 1499 5154 l.
1537 5115 1572 5163 1,
1607 5114 1739 5169 cap.
1771 5100 1862 5169 26)
1895 5116 1907 5153 :

249 5191 491 5264 [Utrum
549 5193 702 5245 Deus
759 5187 905 5244 mali
959 5191 1166 5243 auctor
1216 5202 1339 5242 non
1395 5187 1485 5242 sit.
1545 5188 1650 5244 Ubi
1706 5187 1912 5243 viden-

252 5279 409 5335 dum
467 5284 573 5342 est,
620 5294 696 5334 ne
753 5276 909 5332 male
962 5275 1339 5344 intelligatur,
1367 5278 1532 5348 quod
1587 5277 1710 5332 dixi
1744 5295 1756 5332 :
1786 5276 1915 5333 Mali

253 5371 471 5424 auctor
511 5382 634 5422 non
689 5371 796 5434 est,
829 5364 974 5438 quia
1023 5365 1295 5420 omnium
1347 5381 1482 5437 qua
1540 5369 1677 5421 sunt
1710 5371 1918 5422 auctor

253 5462 369 5526 est,
433 5455 579 5528 quia
647 5459 708 5511 in
773 5460 1070 5528 quantum
1143 5459 1301 5520 sunt,
1356 5455 1415 5509 in
1479 5459 1708 5511 tantum
1756 5455 1919 5513 bona

253 5549 447 5601 sunt:
478 5550 638 5601 etne
690 5545 830 5600 hinc
885 5549 1124 5617 putetur
1179 5559 1304 5600 non
1348 5544 1426 5599 ab
1471 5543 1567 5600 illo
1621 5561 1749 5602 esse
1789 5562 1918 5619 pa-

252 5648 409 5694 nam
461 5633 784 5705 malorum,
837 5649 972 5712 qua
1024 5632 1230 5708 utique
1282 5631 1510 5689 malum
1559 5636 1652 5690 est
1688 5635 1780 5690 his
1817 5639 1921 5709 qui

2023 4398 2100 4455 cit
2152 4399 2306 4452 Deus
2359 4390 2804 4467 pradestinatio
2854 4392 2958 4444 est.
3001 4385 3155 4453 Quid
3208 4383 3466 4456 amplius
3520 4397 3682 4455 qua-

2020 4489 2166 4545 ritur
2195 4488 2222 4542 ?
2252 4487 2402 4540 Nam
2459 4482 2565 4538 etsi
2610 4480 2756 4536 nihil
2800 4477 2977 4534 nobis
3035 4474 3197 4532 aliud
3250 4473 3329 4528 ad
3376 4476 3494 4527 tua
3542 4485 3677 4542 per-

2023 4573 2308 4631 versitatis
2365 4569 2832 4626 confutationem
2891 4563 3322 4639 suppeditaret,
3378 4560 3494 4614 hoc
3550 4563 3678 4612 tan-

2024 4670 2147 4720 tum
2202 4660 2500 4716 sufﬁceret
2543 4657 2707 4730 quod
2765 4656 2934 4711 nulla
2987 4655 3045 4710 id
3096 4649 3466 4726 prophetica,
3503 4659 3678 4702 even-

2021 4752 2210 4825 gelica
2243 4750 2331 4806 vel
2363 4747 2690 4822 apostolica
2723 4746 3025 4818 Scriptura
3057 4748 3320 4800 testatur.
3353 4744 3507 4812 Lego
3536 4739 3678 4794 cha-

2017 4844 2250 4900 ritatem
2303 4837 2556 4907 Domini,
2585 4852 2706 4892 non
2745 4835 2880 4904 lego
2930 4830 3518 4906 pradestinationem
3567 4831 3676 4884 Do-

2020 4930 2228 4989 mini:
2285 4943 2408 4984 non
2491 4927 2605 4981 hoc
2674 4924 2981 4998 propheta
3053 4920 3477 4995 praedixerunt,
3551 4930 3675 4972 non

2020 5017 2398 5088 evangelista
2447 5014 2972 5077 annuntiaverunt,
2996 5027 3120 5068 non
3169 5007 3421 5083 apostoli
3463 5003 3678 5079 pradi-

2021 5106 2326 5162 caverunt.
2373 5099 2578 5156 Nullus
2626 5101 2869 5154 Patrum
2900 5095 3348 5162 venerabilium,
3381 5109 3488 5168 per
3516 5110 3674 5167 quos

2021 5192 2195 5251 nobis
2224 5190 2452 5247 eadem
2485 5186 2870 5262 prophetica,
2907 5184 3264 5255 evangelica
3295 5187 3474 5255 atque
3503 5197 3676 5253 apos-

2024 5281 2212 5340 tolica
2245 5279 2560 5352 Scriptura
2590 5275 2839 5332 diversis
2870 5274 3015 5331 locis
3047 5278 3104 5330 et
3133 5271 3502 5344 temporibus
3529 5267 3677 5324 ﬁde-

2022 5371 2154 5426 liter
2183 5385 2250 5425 ac
2273 5367 2587 5424 salubriter
2614 5365 2887 5422 enodata»
2921 5367 3078 5432 sunt,
3111 5361 3323 5417 dixisse
3365 5357 3674 5430 reperitur.

2027 5460 2157 5514 Non
2199 5457 2378 5526 igitur
2415 5454 2787 5512 admittimus
2842 5453 3009 5526 quod
3058 5465 3183 5506 non
3229 5449 3290 5504 in
3347 5446 3534 5504 sacris
3586 5445 3680 5501 lit-

2030 5548 2168 5603 teris
2218 5546 2579 5612 invenimus,
2611 5544 2942 5617 prasertim
2972 5556 3111 5595 cum
3143 5538 3205 5593 id
3234 5537 3350 5593 tuis
3373 5536 3684 5593 ratiocina-

2029 5633 2309 5708 tiunculis
2365 5632 2640 5702 afﬁngas,
2694 5630 3032 5689 divinorum
3097 5626 3472 5698 eloquiorum
3533 5620 3686 5678 testi-
