4098 6176
419 163 440 219 l
450 168 553 222 047

1468 169 1528 225 S.
1566 167 1942 227 PBUDENTII
1979 162 2366 222 TBECENSIS
2407 166 2746 225 EPISCOPI.

3689 164 3851 224 1M6

413 289 578 346 malo
607 289 881 346 faciendo
900 288 1049 345 liber
1071 294 1158 345 est
1176 290 1431 365 quisque
1450 292 2058 364 justitiae,servusque
2092 288 2143 343 Α
2181 293 2270 359 33,
2298 289 2410 357 36).
2439 290 2579 352 Quis
2631 290 2790 346 enim
2843 305 2947 346 eos
2995 288 3226 345 nesciat
3269 287 3464 361 primo
3511 289 3864 363 (Egyptiis,

415 377 644 450 peccati
664 395 676 432 :
700 377 760 432 in
781 377 943 432 bono
961 383 1162 433 autem
1181 378 1332 434 liber
1353 395 1483 436 esse
1507 381 1706 436 nullus
1720 385 1932 454 potest,
1951 379 2065 436 nisi

416 465 591 522 fuerit
615 465 900 521 liberatus
947 465 1024 522 ab
1051 482 1123 522 eo
1152 467 1254 539 qui
1285 467 1466 524 dixit:
1515 470 1587 526 Si
1612 486 1710 527 vos
1737 472 1901 540 ﬁlius
1924 470 2065 525 libe-

413 555 660 621 raverit,
677 560 819 610 tunc
839 570 973 611 vere
1001 556 1179 612 liberi
1197 558 1360 614 eritis
1385 558 1578 629 (Joan.
1603 576 1723 630 VIII,
1743 561 1971 631 36).Nec
1988 559 2069 614 ita

412 648 480 698 ut
506 659 645 698 cum
675 643 931 715 quisque
959 644 1132 700 fuerit
1181 661 1216 701 a
1251 647 1476 718 peccati
1503 647 1908 704 dominatione
1936 649 2064 719 [al.,

413 733 823 803 damnatione]
845 733 1150 800 liberatus,
1163 735 1291 805 jam
1314 752 1434 791 non
1462 737 1724 808 indigeat
1746 737 1836 793 sui
1857 737 2069 793 libera-

414 822 556 877 toris
582 821 826 889 auxilio,
846 822 949 876 sed
971 822 1052 878 ita
1069 824 1274 895 potius
1297 829 1362 880 ut
1382 824 1459 880 ab
1488 824 1588 881 illo
1619 825 1898 881 audiens:
1928 826 2071 882 Sine

413 926 508 966 me
539 911 697 967 nihil
741 912 984 980 potestis
1029 912 1233 980 facere
1282 914 1480 983 (Joan.
1517 931 1614 981 xv,
1648 918 1723 982 5),
1754 914 1914 971 dicat
1937 913 1990 970 ei
2015 917 2071 970 et

412 999 543 1072 ipse
571 1016 584 1054 :
615 1000 881 1068 Adjutur
908 1016 1070 1057 meus
1102 1006 1330 1066 esto,ne
1349 1003 1730 1075 derelinquas
1759 1019 1850 1059 me
1877 1004 2065 1073 (Psal.

413 1105 576 1158 xxvx,
610 1086 708 1158 9).]
751 1090 794 1157 -ι-
844 1091 908 1144 Et
958 1090 1167 1160 paucis
1214 1090 1572 1159 interpositis
1616 1093 1769 1162 (cap.
1821 1093 1907 1163 2):
1951 1094 2072 1163 [Est

417 1178 600 1246 enim,
632 1177 844 1249 inquit,
879 1179 1070 1247 gratia
1120 1179 1220 1234 Dei
1259 1195 1367 1246 per
1393 1182 1597 1235 Jesum
1631 1181 1928 1237 Christum
1959 1182 2070 1236 Do-

417 1269 652 1324 minum
704 1273 998 1337 nostrum,
1030 1285 1153 1340 qua
1197 1269 1324 1324 sola
1371 1270 1647 1326 homines
1679 1271 2008 1328 liberantur
2039 1288 2075 1327 a

420 1356 604 1425 malo,
639 1360 697 1412 et
725 1354 850 1410 sine
880 1371 1003 1427 qua
1032 1356 1265 1411 nullum
1291 1357 1522 1414 bonum
1546 1375 1794 1431 prorsus
1827 1362 1948 1415 sive
1980 1376 2074 1416 co-

421 1444 688 1515 gitando,
717 1443 834 1499 sive
870 1444 1125 1500 volendo
1157 1452 1214 1501 et
1243 1447 1527 1515 amando,
1562 1448 1681 1503 sive
1727 1449 1964 1518 agendo
1996 1449 2077 1504 fa-

423 1535 627 1589 ciunt:
659 1549 784 1588 non
832 1533 1028 1589 solum
1076 1538 1158 1600 ut,
1210 1541 1580 1592 monstrante
1627 1537 1782 1611 ipsa,
1817 1538 1965 1611 quid
1992 1537 2076 1595 fa-

2179 377 2396 435 deinde
2424 379 2486 435 in
2515 385 2669 437 terra
2697 378 3178 452 repromissionis
3202 377 3384 434 variis
3432 378 3740 449 gentibus,
3773 396 3866 436 ac

2177 471 2313 540 post
2342 468 2510 538 regni
2537 468 2818 542 adeptam
2849 467 3178 542 potentiam
3209 466 3492 539 Assyriis,
3516 467 3860 539 Chaldaeis,

2179 555 2380 624 Medis,
2417 557 2622 622 Persis,
2655 557 2886 624 Graecis,
2921 561 2977 611 et
3023 555 3102 612 ad
3149 562 3484 611 extremum
3525 557 3859 620 Romanis,

2173 643 2322 714 jugo
2352 643 2678 701 miserabili
2721 644 3092 702 deservisse?
3125 646 3274 699 Nam
3304 648 3360 699 et
3386 648 3548 709 tunc,
3585 642 3860 714 quando

2177 731 2306 786 haec
2315 732 2600 788 adversus
2623 733 2942 789 Dominum
2961 731 3680 805 loquebantur,Romanis
3697 731 3859 786 sub-

2177 820 2354 889 ditos,
2387 821 2590 895 eisque
2621 823 2843 879 tributa
2889 821 3244 896 pendentes,
3279 821 3459 877 etiam
3489 819 3858 893 evangelica

2179 911 2377 984 prodit
2401 911 2670 968 historia.
2700 912 2852 978 Quid
2897 918 2986 968 est
3013 927 3156 981 ergo
3186 911 3351 984 quod
3394 910 3476 966 ait
3505 911 3846 966 Dominus:

2180 1000 2248 1056 Si
2283 1016 2380 1056 vos
2426 1002 2621 1057 Filius
2655 1002 3016 1066 liberaverit,
3047 1007 3191 1057 tunc
3234 1015 3367 1056 vere
3417 1000 3595 1056 liberi
3633 1001 3850 1071 eritis;

2182 1091 2459 1163 Nunquid
2481 1093 2780 1148 Romanos
2802 1091 3181 1157 subacturus,
3197 1094 3252 1146 et
3268 1089 3571 1145 mundum
3594 1106 3704 1146 suo
3731 1094 3846 1145 ter-

2180 1193 2327 1234 reno
2351 1179 2604 1252 imperio
2635 1179 3033 1251 subjecturus,
3061 1179 3266 1251 sicque
3310 1177 3475 1250 apud
3508 1179 3848 1248 terrigenas

2184 1285 2323 1324 cum
2352 1270 2444 1324 his
2471 1269 2734 1325 liberatis
2752 1273 2998 1325 venerat
3017 1273 3398 1338 regnaturus,
3420 1272 3484 1323 ut
3513 1267 3652 1323 ideo
3683 1268 3846 1324 dixe-

2184 1358 2258 1413 rit
2279 1375 2291 1412 :
2311 1359 2383 1414 Si
2395 1374 2493 1414 vos
2514 1359 2706 1414 Filius
2731 1359 3101 1428 liberaverit,
3124 1363 3267 1413 tunc
3293 1372 3430 1413 vere
3451 1358 3627 1414 liberi
3640 1359 3813 1414 eritis
3831 1371 3853 1428 ,°

2186 1463 2324 1502 cum
2344 1447 2470 1520 ipse
2486 1447 2868 1504 fraudulenta
2882 1447 3346 1517 interrogatione
3369 1447 3817 1504 sciscitantibus
3833 1464 3846 1502 :

2195 1539 2404 1593 Utrum
2445 1537 2646 1593 liceret
2675 1553 2911 1593 censum
2957 1537 3104 1593 dare
3145 1537 3394 1606 Caesari,
3425 1536 3845 1609 responderit:

425 1621 703 1677 ciendum
727 1621 798 1677 sit
819 1623 1027 1692 sciant,
1040 1639 1251 1679 verum
1273 1625 1454 1680 etiam
1475 1631 1558 1695 ut,
1580 1633 1898 1699 praestante
1919 1628 2072 1701 ipsa,
2105 1640 2147 1694 Β
2187 1625 2435 1682 Reddite
2455 1641 2589 1696 quia
2613 1632 2752 1682 sunt
2773 1626 3028 1682 Caesaris
3051 1625 3284 1682 Caesari
3307 1625 3540 1694 (Matth.
3561 1642 3690 1692 xxu,
3721 1626 3845 1694 l7):

424 1709 646 1766 faciant
687 1726 827 1765 cum
857 1710 1171 1767 dilectione
1202 1713 1368 1784 quod
1408 1715 1621 1771 sciunt.
1655 1716 1821 1773 Hanc
1851 1717 2075 1790 quippe

424 1798 876 1871 inspirationem
902 1799 1078 1856 bonae
1104 1800 1425 1858 voluntatis
1454 1807 1633 1876 atque
1655 1805 1851 1877 operis
1873 1821 2078 1878 posce-

423 1891 530 1947 bat
558 1892 879 1963 Apostolus
909 1893 1012 1962 eis,
1043 1894 1264 1966 quibus
1289 1896 1562 1954 dicebat:
1598 1899 1850 1955 Oramus
1880 1907 2077 1957 autem

428 1981 509 2038 ad
536 1981 855 2038 Dominum
904 1998 978 2038 ne
1027 1984 1172 2055 quid
1210 1985 1456 2053 faciatis
1501 1988 1685 2044 mali:
1714 2004 1834 2043 non
1867 1994 1930 2044 ut
1973 2005 2078 2046 nos

418 2068 668 2138 probati
683 2084 1102 2139 appareamus,
1122 2072 1226 2128 sed
1243 2079 1305 2128 ut
1336 2088 1436 2129 vos
1462 2075 1620 2146 quod
1641 2075 1854 2133 bonum
1885 2084 1968 2133 est
1987 2079 2081 2148 fa-

428 2159 641 2214 ciatis?
667 2157 759 2229 (II
777 2158 913 2214 Cor.
936 2175 1057 2222 xm,
1089 2161 1164 2232 7.)
1207 2161 1242 2227 ἦ
1280 2165 1346 2218 Et
1388 2168 1602 2220 caetera
1642 2179 1778 2236 quae
1804 2164 1981 2222 latius
2018 2166 2080 2221 in

427 2245 642 2302 eodem
684 2260 864 2318 opere
913 2249 1276 2321 exsequitur.
1306 2251 1449 2316 Quae
1487 2268 1627 2308 cum
1672 2252 1746 2308 sit
1775 2254 2081 2311 catholicae

427 2332 567 2390 ﬁdei
597 2350 736 2390 vera
764 2335 1145 2409 perfectaque
1171 2339 1509 2398 consensio.
1536 2340 1738 2396 nescio
1759 2358 1943 2414 quem
1961 2343 2081 2399 elo-

429 2421 526 2492 gio
545 2422 724 2478 tertiae
748 2427 864 2478 tuae
883 2423 1176 2480 haereseos
1198 2426 1483 2483 denotare
1507 2428 1906 2499 volueris,nisi
1925 2431 2083 2487 beati

428 2509 746 2579 Augustini
772 2510 1068 2568 dictorum
1097 2528 1232 2584 quae
1263 2515 1688 2586 praemisimus,
1720 2517 1842 2573 imo
1885 2520 2085 2575 catho-

427 2595 679 2652 licorum
719 2599 1012 2667 omnium,
1041 2600 1293 2656 ﬁdeliter
1338 2605 1740 2678 veraciterque
1772 2622 2080 2679 sequaces.

430 2685 604 2752 Quod
630 2686 810 2756 igitur
838 2689 913 2744 de
941 2689 1056 2745 hac
1086 2705 1273 2761 quam
1304 2693 1519 2748 asseris
1545 2695 1778 2750 tertiam
1807 2696 2083 2753 haeresim

428 2775 536 2846 ais,
587 2781 943 2849 argumento
998 2794 1245 2851 prorsus
1293 2782 1617 2854 superﬂuo,
1669 2801 1779 2841 nec
1836 2786 1915 2842 ad
1955 2804 2082 2844 rem

427 2866 781 2938 pertinente.

995 2973 1236 3016 JOANNES
1286 2977 1510 3019 SCOTUS.

501 3065 667 3136 (Cap.
697 3067 753 3136 4,
774 3080 943 3122 num.
977 3070 1030 3136 2,
1059 3071 1202 3124 sect.
1231 3073 1308 3140 3.)
1339 3075 1378 3122 Θ
1398 3071 1468 3127 Si
1495 3072 2079 3147 liberum,inquiens,

429 3152 751 3209 arbitrium
794 3155 1034 3212 credere
1077 3172 1196 3212 non
1239 3161 1501 3227 potestis,
1526 3162 1828 3232 judicium
1871 3165 2084 3222 mundi

425 3239 707 3307 futurum
737 3257 856 3299 esse
884 3259 1004 3300 non
1035 3246 1295 3302 creditis.
1831 3267 1842 3273 ·

497 3329 536 3394 -Ῐ-
567 3331 634 3385 Et
661 3329 834 3387 infra.

500 3417 698 3486 (Num.
727 3419 806 3488 3.)
850 3423 888 3471 Θ
922 3421 1197 3478 Liberum
1237 3440 1375 3496 ergo
1417 3428 1736 3487 arbitrium
1787 3432 2018 3490 homini
2044 3449 2082 3491 a

429 3505 551 3560 Deo
580 3504 788 3561 datum
814 3507 1063 3576 impium
1094 3517 1179 3566 est
1205 3528 1326 3567 non
1359 3517 1615 3573 credere.

1097 3667 1420 3711 CORRECTIO.

501 3751 538 3816 -Ῑ-
568 3751 710 3817 Quis
737 3768 1033 3827 unquam,
1051 3759 1164 3815 nisi
1193 3775 1230 3816 a
1250 3761 1367 3819 ﬁde
1398 3767 1456 3821 et
1488 3766 1730 3826 nomine
1753 3769 2083 3830 Christiano

430 3840 670 3911 penitus
696 3841 946 3912 alienus,
978 3851 1081 3902 aut
1122 3847 1379 3908 liberum
1407 3853 1668 3912 hominis
1704 3855 2013 3916 arbitrium
2047 3878 2085 3920 a

430 3929 748 4019 Conditore
768 3931 998 4006 datum,
1015 3942 1118 3993 aut
1133 3939 1426 4009 judicium
1446 3943 1712 4002 futurum
1733 3949 1948 4019 neget?
1968 3951 2082 4008 Da-

428 4021 559 4074 tum
583 4018 767 4110 igitur
789 4021 1021 4080 homini
1037 4024 1294 4086 liberum
1319 4031 1655 4103 arbitrium,
1674 4018 1849 4108 pulsa
1875 4040 2084 4110 procul

430 4106 599 4161 omni
610 4112 1046 4182 retractatione,
1066 4116 1365 4175 credimus
1382 4126 1438 4177 et
1460 4123 1612 4178 conﬁ
1621 4106 1841 4194 temur;
1875 4106 1981 4183 sed
2001 4128 2084 4184 ita

431 4195 876 4292 apeccantibus
887 4200 1159 4260 vitiatum
1180 4210 1358 4280 atque
1372 4216 1814 4284 corruptum,ut
1831 4230 2080 4287 prorsus

430 4285 548 4380 nisi
570 4285 966 4380 praeveniente
989 4293 1180 4361 gratia
1204 4295 1304 4351 Dei
1325 4297 1405 4353 ad
1424 4298 1658 4356 nullum
1685 4285 1917 4359 bonum
1937 4321 2078 4378 pro-

429 4371 566 4461 pria
584 4371 883 4461 voluntate
904 4382 1083 4452 atque
1109 4381 1322 4440 virtute
1352 4389 1543 4458 possit
1563 4405 1897 4461 assurgere.
1925 4371 2078 4460 Quid

429 4457 591 4515 enim
620 4460 844 4520 habere
870 4466 1084 4524 virium
1128 4471 1206 4528 ad
1243 4457 1387 4530 boni
1416 4477 1732 4550 quippiam
1747 4457 1868 4551 iper
1894 4457 1961 4538 se
1985 4483 2081 4540 vel

428 4563 504 4604 ex
524 4564 587 4606 se
613 4555 845 4623 poterat
862 4557 1140 4614 venditus
1169 4561 1282 4618 sub
1311 4571 1557 4636 peccato
1577 4567 1605 4623 ?
1658 4567 1768 4634 Qui
1813 4563 1975 4628 enim
1998 4587 2084 4628 se-

431 4653 496 4692 se
523 4639 784 4699 vendere
812 4642 1204 4720 dominioque
1249 4654 1508 4723 tyramni
1539 4655 1796 4714 subdere
1825 4657 2081 4717 liberum

426 4725 660 4826 habuit,
670 4732 883 4826 procul
901 4734 1088 4792 dubio
1103 4739 1233 4809 jam
1255 4743 1517 4802 servituti
1537 4745 1836 4823 addictus,
1857 4766 2084 4826 nequa-

428 4830 617 4907 quam
644 4817 884 4907 liberari
927 4829 984 4880 et
1012 4841 1050 4883 a
1098 4830 1376 4889 servitute
1405 4836 1722 4907 tyrannica
1751 4817 1989 4898 absolvi
2018 4841 2082 4899 li-

427 4900 643 4999 herum
680 4906 913 4999 habuit,
945 4914 1062 4970 nisi
1104 4933 1211 4989 per
1262 4922 1392 4992 ejus
1429 4900 1780 4984 vindebitam
1825 4931 2082 4999 gratiam

428 4985 796 5090 liberaretur,
821 4998 992 5090 cuius
1025 4985 1162 5059 Filio
1182 4985 1543 5077 protestante
1575 4985 2083 5090 didicimus,quia

428 5090 481 5130 si
506 5090 610 5175 vos
628 5079 836 5175 Filius
887 5087 1249 5162 liberaverit,
1281 5112 1417 5156 vere
1467 5102 1641 5160 liberi
1677 5107 1839 5160 eritis
1877 5079 2076 5175 (th-ian.

427 5179 554 5237 vm,
585 5167 692 5238 36).
728 5171 846 5227 Hoc
879 5173 1008 5245 ipse
1038 5179 1328 5240 Dominus
1357 5188 1577 5245 Judaeis
1607 5207 1735 5248 sese
1765 5192 1840 5248 de
1870 5167 2081 5252 nobili-

428 5256 545 5309 tate
593 5257 826 5325 generis
871 5261 1197 5331 jactantius
1244 5270 1626 5333 efferentibus
1678 5284 1734 5334 et
1789 5281 2080 5340 servitutis

423 5356 665 5442 naevum
711 5363 748 5404 a
802 5366 931 5442 sese
973 5355 1341 5442 mendaciter
1386 5363 1839 5442 abrogantibus,
1880 5369 2080 5428 dicen-

422 5429 741 5503 tibusque:
792 5437 914 5494 Nos
972 5441 1147 5499 liberi
1191 5461 1413 5516 sumus,
1464 5460 1521 5510 et
1542 5429 1792 5512 vnemini
1821 5429 2078 5516 servivi-

422 5533 555 5618 mus
607 5536 894 5618 unquam,
922 5535 1308 5605 respondisse
1359 5539 1603 5614 legitur:
1655 5547 1724 5602 Si
1754 5561 1852 5603 vos
1878 5549 2076 5606 Filius

427 5607 788 5683 liberaverit,
844 5623 987 5676 tunc
1048 5638 1182 5683 vere
1247 5607 1449 5688 liberiv
1476 5635 1640 5693 eritis
1701 5636 1899 5708 (Joan.
1949 5656 2072 5710 VIII,

2189 1713 2345 1769 absit
2371 1713 2486 1769 hoc
2511 1729 2547 1769 a
2574 1713 2846 1770 ﬁdelium
2873 1713 3177 1779 cordibus,
3211 1713 3317 1786 qui
3340 1729 3471 1769 eum
3497 1717 3744 1785 propter
3767 1712 3842 1767 li-

2185 1802 2556 1858 berationem
2602 1808 2871 1859 nostram
2897 1802 3074 1858 morti
3101 1801 3523 1875 proximantem
3551 1806 3830 1856 terrenae-

2187 1907 2305 1964 que
2334 1891 2640 1965 potestatis
2670 1891 3066 1948 tribunalibus
3096 1895 3302 1964 sponte
3325 1889 3645 1953 subditum,
3673 1904 3839 1960 prae-

2189 1980 2302 2036 sidi
2327 1980 2707 2053 respondisse
2727 1981 2934 2051 legunt
2962 1985 3019 2036 et
3047 1981 3184 2037 cred
3195 1985 3299 2035 unt
3321 1997 3333 2034 ι
3357 1981 3614 2049 Regnum
3634 1993 3850 2034 meum

2188 2086 2308 2126 non
2338 2075 2423 2126 est
2452 2070 2525 2126 de
2549 2071 2658 2126 hoc
2685 2070 2928 2126 mundo.
2963 2070 3032 2127 Si
3060 2070 3132 2126 de
3172 2069 3283 2125 hoc
3323 2067 3538 2124 mundo
3569 2072 3717 2122 esset
3749 2081 3850 2122 re-

2192 2175 2375 2230 gnum
2419 2175 2633 2223 meam,
2659 2160 2924 2216 ministri
2973 2160 3088 2216 mei
3113 2161 3321 2230 utique
3348 2158 3747 2228 decertarent,
3784 2162 3857 2210 ut

2190 2263 2309 2304 non
2335 2248 2607 2304 traderer
2632 2248 2855 2304 Juda’is
2876 2264 2897 2303 :
2944 2262 3106 2303 nunc
3150 2253 3347 2304 autem
3375 2261 3629 2317 regnum
3653 2260 3856 2302 meum

2190 2351 2311 2392 non
2340 2341 2422 2392 est
2455 2336 2594 2392 hinc
2621 2337 2820 2404 (Joan.
2854 2352 3014 2399 xvm,
3047 2335 3158 2407 36).
3195 2334 3360 2391 Unde
3392 2349 3534 2404 ergo
3564 2333 3614 2389 si
3643 2349 3684 2388 a
3709 2333 3857 2390 Filio

2189 2423 2600 2491 liberarentur,
2660 2425 2956 2481 eruendos
3011 2424 3352 2496 liberosque
3405 2422 3642 2479 futuros
3712 2438 3856 2494 pro-

2190 2513 2425 2570 nuntiat
2448 2514 2706 2586 peccatis
2749 2529 2851 2570 eos
2878 2513 3162 2570 omnibus
3191 2513 3550 2580 substratos,
3576 2516 3634 2568 et
3663 2513 3858 2568 maxi-

2191 2619 2288 2658 me
2309 2602 2475 2675 quod
2499 2603 2559 2658 in
2584 2603 2684 2659 Dei
2703 2602 2916 2658 Filium
2939 2619 3064 2658 non
3091 2602 3285 2658 solum
3311 2617 3433 2657 non
3466 2600 3849 2666 crediderint,

2191 2707 2400 2747 verum
2432 2691 2610 2748 etiam
2636 2693 2813 2749 morti
2837 2707 2975 2748 eum
3007 2691 3364 2760 addixerint,
3391 2690 3528 2763 quis
3557 2689 3853 2760 ambigat,

2191 2781 2326 2854 quis
2355 2782 2636 2852 ignoret?

2263 2874 2464 2928 Restat
2481 2885 2624 2942 ergo
2644 2877 2710 2928 ut
2729 2872 2804 2929 de
2825 2873 3051 2946 peccati
3077 2874 3334 2938 servitio,
3373 2889 3496 2947 quo
3537 2869 3859 2929 inevitabi-

2189 2959 2321 3016 liter
2340 2960 2696 3018 tenebantur
2719 2963 2958 3026 astricti,
2977 2962 3276 3020 etdiaboli
3299 2961 3572 3019 dominio
3597 2959 3856 3018 famula-

2190 3051 2411 3108 bantur
2439 3051 2677 3122 annexi,
2709 3053 3030 3109 Dominum
3069 3053 3287 3109 dixisse
3312 3052 3747 3123 intelligamus:
3777 3051 3857 3108 Si

2190 3156 2291 3198 vos
2309 3141 2505 3198 Filius
2538 3143 2900 3215 liberaverit,
2927 3149 3070 3200 tunc
3098 3159 3233 3200 vere
3254 3143 3430 3200 liberi
3450 3143 3635 3199 eritis.
3652 3143 3715 3196 Et
3733 3138 3838 3195 ubi

2190 3235 2278 3287 est
2305 3229 2406 3287 illa
2432 3230 2696 3299 libertas,
2729 3247 2852 3304 qua
2880 3232 2954 3288 de
2980 3233 3255 3306 Egyptia
3283 3232 3564 3289 servitute
3590 3229 3841 3299 liberau',

2189 3320 2658 3376 circumcisionis
2688 3321 2971 3393 mysterio
3000 3321 3062 3378 in
3092 3326 3238 3396 typo
3288 3319 3584 3378 fundendi
3611 3317 3855 3389 sangui-

2190 3409 2284 3465 nis
2331 3409 2567 3465 Domini
2594 3410 2780 3466 nostri
2825 3412 2961 3466 Jesu
2992 3411 3226 3478 Christi,
3259 3427 3297 3468 a
3337 3426 3492 3467 nexu
3538 3407 3857 3480 originalis

2190 3514 2364 3555 noxae
2395 3515 2518 3555 non
2558 3499 2908 3556 dubitantur
2935 3499 3236 3557 absoluti?
3281 3498 3451 3565 Quod
3491 3499 3655 3556 enim
3687 3505 3858 3553 nunc

2191 3588 2255 3645 in
2281 3588 2401 3645 ﬁde
2425 3589 2695 3662 ejusdem
2727 3589 3037 3662 sanguinis
3059 3591 3188 3662 jam
3234 3590 3348 3647 fusi
3377 3590 3700 3647 nobiscum
3731 3586 3861 3657 agit

2191 3679 2512 3752 baptisma,
2540 3681 2654 3737 hoc
2684 3681 2850 3754 apud
2879 3682 3159 3754 antiquos
3197 3681 3256 3737 in
3286 3680 3405 3738 ﬁde
3433 3680 3624 3754 ipsius
3647 3679 3855 3736 adhuc

2192 3767 2483 3825 fundendi
2504 3770 2694 3841 egisse
2711 3770 3227 3827 circumcisionem
3255 3769 3455 3826 nullus
3486 3768 3856 3826 orthodoxo-

2192 3874 2328 3914 rum
2371 3857 2632 3915 dubitat:
2667 3859 2975 3932 quomodo
3006 3872 3148 3930 ergo
3179 3857 3475 3915 liberandi
3504 3862 3850 3920 censentur,

2191 3946 2297 4019 qui
2323 3946 2450 4017 jam
2492 3945 2722 4002 liberati
2769 3947 3145 4002 noscuntur?
3180 3946 3298 4003 Nisi
3335 3946 3479 4018 quia
3509 3943 3849 4001 secundum

2190 4035 2543 4109 Apostolum
2586 4035 2689 4108 qui
2729 4036 2837 4092 ait:
2887 4035 3002 4106 Spe
3043 4038 3198 4093 enim
3245 4037 3404 4092 salvi
3441 4036 3603 4105 facti
3643 4047 3850 4089 sumus

2192 4126 2379 4193 (Rom.
2409 4141 2529 4187 vni,
2557 4125 2668 4195 24),
2699 4123 2897 4181 adhuc
2925 4141 3151 4195 veram,
3178 4124 3240 4180 id
3283 4130 3372 4180 est
3402 4123 3755 4198 perfectam,
3785 4119 3856 4174 liv

2190 4212 2480 4270 bertatem
2506 4215 2922 4286 exspectamus
2949 4230 2962 4268 :
2998 4214 3049 4268 si
3079 4199 3239 4270 enim
3260 4213 3390 4284 jam
3415 4210 3648 4266 liberati
3665 4212 3857 4282 atque

2192 4301 2398 4359 salvati
2423 4301 2540 4357 nisi
2565 4303 2625 4358 in
2664 4319 2769 4375 spe
2795 4319 3023 4372 sumus,
3054 4317 3242 4375 quare
3273 4317 3518 4358 oramus
3550 4304 3614 4354 ut
3640 4298 3860 4354 libere-

2192 4407 2327 4447 mur
2355 4407 2391 4448 a
2421 4390 2627 4447 malo?
2669 4407 2856 4464 quare
2887 4391 3213 4447 clamantes
3251 4389 3508 4446 dicimus
3554 4387 3849 4443 Domino:

2188 4481 2487 4550 Exsurge,
2519 4483 2704 4551 ajuva
2732 4497 2855 4551 nos,
2885 4486 2939 4536 et
2969 4481 3156 4537 libera
3195 4495 3298 4536 nos
3336 4482 3590 4548 propter
3635 4493 3849 4532 nomen

2191 4575 2358 4625 tuum
2381 4573 2408 4623 ?
2435 4569 2559 4641 (Ps.
2602 4586 2750 4641 mn,
2777 4572 2893 4639 26.)
2923 4569 3328 4627 Liberatorum
3360 4573 3540 4638 atque
3571 4564 3853 4636 redemp-

2189 4663 2386 4716 torum
2413 4658 2517 4733 qui
2544 4660 2702 4716 hanc
2732 4676 2864 4717 esse
2894 4676 3104 4717 vocem
3135 4659 3386 4726 dubitet,
3414 4656 3550 4733 quis
3570 4654 3855 4724 ignoret?

2190 4750 2315 4818 sed,
2348 4751 2498 4808 sicut
2524 4750 2947 4826 praemisimus,
2978 4749 3307 4824 apostolico
3355 4748 3722 4806 documento
3763 4743 3857 4799 in-

2190 4841 2510 4898 struimur:
2545 4841 2697 4909 Quia
2720 4842 2784 4896 in
2814 4857 2916 4912 spe
2952 4841 3109 4897 salvi
3132 4842 3290 4910 facti
3312 4855 3533 4896 sumus.
3568 4837 3718 4906 Spes
3748 4848 3856 4892 au-

2192 4937 2306 4987 tem
2331 4948 2452 4989 non
2475 4931 2754 4988 videtur:
2782 4931 2941 5002 quod
2965 4936 3160 4986 autem
3185 4931 3341 4986 videt
3373 4929 3523 5001 quis,
3553 4925 3852 4999 quomodo

2191 5024 2440 5089 sperat?
2469 5021 2522 5075 si
2548 5026 2747 5076 autem
2770 5020 2931 5091 quod
2953 5035 3072 5075 non
3100 5019 3363 5074 videmus
3392 5031 3725 5086 speramus,
3735 5029 3856 5084 per

2188 5109 2547 5178 patientiam
2573 5113 2983 5177 exspectamus
3012 5108 3200 5176 (Rom.
3222 5123 3347 5176 viii,
3370 5108 3438 5160 24
3456 5105 3604 5176 seq.)
3639 5105 3708 5158 Et
3725 5117 3857 5157 rur-

2194 5211 2330 5252 sum
2361 5196 2542 5269 quia:
2574 5197 2775 5252 Omnis
2800 5201 3084 5252 creatura
3107 5195 3437 5264 ingemiscit
3469 5198 3524 5249 et
3545 5191 3854 5262 parturit,

2192 5286 2615 5342 reuelationem
2665 5285 2930 5353 ﬁliorum
2989 5284 3100 5339 Dei
3150 5288 3538 5353 exspectans:
3594 5279 3862 5337 vanitati

2192 5377 2347 5430 enim
2379 5379 2661 5432 creatura
2682 5373 2949 5442 subjecta
2978 5378 3059 5428 est
3087 5388 3205 5428 non
3238 5373 3460 5440 volens,
3483 5371 3585 5428 sed
3598 5374 3860 5439 propter

2191 5477 2324 5519 eum
2356 5466 2461 5534 qui
2498 5464 2752 5533 subjecit
2797 5477 2927 5518 eum
2961 5463 3023 5517 in
3053 5477 3174 5532 spe.
3211 5462 3363 5529 Quia
3407 5467 3461 5517 et
3514 5461 3647 5530 ipsa
3689 5472 3858 5516 crea-

2192 5556 2334 5607 tura
2353 5552 2758 5610 liberabitura
2772 5552 3056 5608 servitute
3072 5551 3474 5620 corruptionis
3494 5551 3557 5605 in
3575 5549 3858 5606 libertate

2187 5640 2406 5711 gloriare
2435 5645 2701 5712 ﬁliorum
2733 5641 2842 5695 Dei
2857 5639 3076 5711 (Ibid).
3099 5637 3444 5712 Apostolica
3470 5638 3649 5708 igitur
3676 5637 3859 5694 doce-
