4098 6176
259 172 400 228 toll-9

1231 171 1321 225 DE
1351 167 2032 227 PREDESTINATIONE
2062 167 2340 227 CONTRA
2363 175 2410 231 Ι.
2445 174 2716 233 SCOTUM

3542 176 3680 231 1050
3732 170 3737 174 ’

254 309 392 351 mur
409 292 764 350 auctoritate
791 292 958 365 quod
986 291 1222 349 liberati
1252 310 1481 358 sumus,
1526 295 1632 352 sed
1657 294 1917 352 liberan-
1947 295 1994 347 Α
2026 292 2297 367 inquam,
2323 299 2428 355 sed
2466 301 2543 356 ad
2583 300 2814 357 bonum
2845 297 2940 355 vel
2991 257 3316 354 volendum
3344 295 3439 352 vel
3464 295 3680 354 facien-

251 383 348 440 di:
387 382 627 439 liberali
655 397 691 438 a
719 381 964 438 vinculo
984 382 1196 455 primae
1228 385 1756 456 praevaricationis,
1777 385 1923 441 libe-

248 471 428 529 randi
457 472 540 528 ab
583 471 754 528 omni
783 471 929 527 vitio
956 473 1394 545 corruptionis;
1445 474 1676 532 liberati
1697 477 1759 532 in
1791 491 1916 548 spe,

246 561 556 619 liberandi
588 562 652 618 in
673 577 771 630 re;
795 561 1030 618 liberati
1060 566 1126 618 ut
1155 579 1294 618 cum
1339 565 1507 621 hoste
1552 582 1916 640 pugnemus,

249 651 556 709 liberandi
582 657 647 708 ut
661 667 980 725 nunquam
1010 652 1245 709 hostem
1266 656 1726 712 metuamus.lbi
1758 656 1917 711 enim

253 742 369 798 erit
391 757 535 799 vera
566 741 830 809 libertas,
889 742 995 798 ubi
1035 747 1197 800 certa
1229 745 1553 814 securitas;
1597 747 1678 802 ibi
1708 761 1919 801 secura

254 830 529 898 libertas,
555 831 661 887 ubi
690 830 856 888 nulla
884 832 1271 905 impugnabit
1297 833 1583 908 iniquitas
1613 854 1625 903 ;
1664 835 1747 891 ibi
1776 850 1920 890 vera

255 919 552 988 liberatio,
604 919 709 976 ubi
754 919 919 976 nulla
951 922 1246 993 supererit
1275 923 1609 996 corruptio;
1668 923 1751 980 ibi
1780 939 1920 979 vera

256 1003 667 1081 possidebitur
695 1008 958 1076 libertas,
988 1009 1092 1064 ubi
1119 1009 1286 1066 nulla
1316 1012 1552 1084 urgebit
1584 1012 1915 1085 captivitas.

255 1097 364 1153 Hic
404 1102 606 1153 autem
639 1097 741 1153 ubi
772 1097 1114 1154 indefessus
1135 1099 1371 1157 obsistit
1401 1100 1918 1172 adversarius,ubi

252 1185 584 1241 acerrimus
629 1185 1074 1260 continuusque
1106 1204 1245 1244 cum
1275 1189 1432 1244 vitiis
1470 1189 1652 1246 instat
1679 1188 1917 1246 conﬂic-

247 1277 367 1344 tus,
400 1273 504 1329 ubi
530 1274 773 1330 libertas
806 1274 982 1331 etiam
1003 1281 1210 1333 contra
1242 1281 1446 1334 votum
1474 1278 1774 1334 multoties
1794 1293 1914 1332 ser-

246 1362 375 1418 vire
420 1362 818 1435 compellitur,
872 1363 1176 1420 humiliari
1229 1381 1342 1420 nos
1391 1371 1571 1439 atque
1624 1366 1914 1422 auxilium

246 1451 453 1522 gratia:
482 1450 791 1508 liberantis
823 1457 1021 1526 petere
1046 1453 1268 1525 jugiter
1297 1459 1529 1527 oportet
1553 1472 1565 1510 :
1588 1455 1669 1510 ita
1699 1458 1913 1510 utcum

246 1541 538 1614 Apostolo
564 1541 883 1607 humiliati,
915 1546 972 1598 et
1025 1542 1174 1598 nihil
1204 1543 1279 1599 de
1319 1543 1578 1616 propriae
1626 1543 1914 1599 libertatis

2026 382 2174 440 dum
2199 403 2211 441 :
2244 402 2388 444 nam
2410 388 2489 444 ad
2518 389 2749 446 malum
2773 404 3010 460 semper
3032 388 3083 443 ei
3116 386 3307 442 adfuit
3330 385 3578 452 servilis,
3614 391 3702 442 ut‘

2024 471 2106 529 ita
2126 473 2400 545 dixerim,
2448 478 2710 550 libertas,
2741 494 2811 535 ac
2851 493 2957 550 per
2984 477 3119 542 hoc,
3152 481 3217 531 ut
3252 476 3380 546 jam
3407 474 3499 530 vel
3524 474 3677 531 bene

2024 562 2182 630 velit,
2206 565 2294 620 vel
2317 566 2468 622 bene
2497 568 2708 639 possit,
2739 565 2979 622 nonnisi
3006 565 3082 622 ad
3120 564 3372 634 gratiam
3405 563 3504 619 Dei
3551 579 3682 635 per-

2026 650 2170 708 tinet
2189 669 2296 726 per
2323 657 2528 711 Jesum
2560 655 2861 712 Christum
2895 653 3216 711 Dominum
3247 657 3543 708 nostrum.
3580 653 3680 708 Sa-

2025 744 2199 795 netur
2228 757 2339 810 ego
2361 748 2423 799 ut
2453 743 2755 809 liberetur,
2788 747 3030 799 sanetur
3059 741 3216 797 illius
3237 740 3364 796 limi
3386 744 3678 812 peruncta

2025 827 2444 897 medicamine,
2504 848 2626 904 quo
2700 849 2736 888 a
2791 832 3094 888 nativitate
3146 830 3287 886 caeci
3342 828 3497 885 oculi
3542 834 3680 885 sunt

2026 919 2238 973 sanati.
2275 920 2534 976 Sanitate
2562 921 2782 978 etenim
2811 937 2966 994 opus
2989 919 3170 976 habet
3197 920 3300 993 qui
3325 918 3496 974 dicit:
3546 919 3675 990 Ego

2024 1006 2175 1073 diri,
2208 1009 2477 1077 Domine,
2505 1010 2783 1066 miserere
2805 1011 2954 1064 mei:
2984 1024 3135 1064 sana
3177 1009 3441 1064 animam
3463 1021 3673 1078 meam,

2025 1097 2164 1168 quia
2188 1098 2456 1166 peccavit
2479 1099 2588 1153 tibi
2612 1098 2800 1169 (Psal.
2835 1113 2930 1160 XL,
2955 1097 3026 1168 5).
3059 1099 3124 1151 Et
3150 1096 3394 1151 iterum:
3439 1097 3676 1152 Misere-

2023 1200 2090 1240 re
2116 1187 2250 1250 mei,
2279 1188 2544 1252 Domine,
2577 1187 2884 1258 quoniam,
2907 1186 3184 1253 inﬁrmus
3204 1197 3370 1254 sum;
3395 1199 3546 1240 sana
3562 1199 3672 1255 me,

2022 1274 2288 1340 Domine,
2334 1276 2617 1346 quoniam
2664 1274 3026 1331 conturbata
3082 1279 3223 1328 sunt
3248 1288 3378 1329 ossa
3425 1288 3595 1342 mea;
3619 1279 3675 1330 et

2022 1363 2227 1418 anima
2247 1379 2376 1419 mea
2408 1365 2652 1420 turbata
2677 1370 2761 1419 est
2808 1364 3003 1425 valde,
3044 1362 3147 1417 sed
3177 1367 3261 1429 tu,
3289 1362 3557 1431 Domine,
3581 1376 3676 1417 us-

2023 1455 2295 1522 quequo?
2325 1451 2703 1516 Convertere,
2736 1453 3008 1518 Domine,
3066 1451 3228 1519 eripe
3271 1450 3536 1506 animam
3562 1464 3674 1506 me-

2021 1554 2140 1609 am,
2172 1541 2406 1596 salvum
2446 1557 2538 1596 me
2577 1541 2683 1609 fac
2708 1545 2961 1609 propter
2991 1539 3460 1595 misericordium
3509 1543 3674 1592 tuam

243 1628 482 1685 viribus
511 1634 948 1702 praesumentes
992 1631 1302 1687 dicamus:
1347 1632 1740 1688 Condelector
1797 1634 1913 1704 legi
1938 1641 1986 1696 Β
2025 1629 2208 1699 (Psal.
2236 1646 2315 1695 vr,
2348 1632 2488 1700 3-5).
2523 1632 2636 1688 Hac
2665 1629 2915 1684 sanitate
2947 1634 3124 1702 atque
3155 1627 3423 1683 libertate
3453 1624 3676 1694 indige-

241 1719 360 1775 Dei
380 1719 703 1775 secundum
746 1720 1089 1777 interiorem
1122 1721 1461 1790 hominem;
1496 1721 1663 1777 video
1713 1727 1910 1777 autem

245 1806 435 1863 aliam
477 1808 662 1878 legem
691 1808 754 1863 in
797 1809 1073 1865 membris
1120 1811 1262 1865 meis
1314 1815 1749 1880 repugnantem
1795 1810 1913 1880 legi

242 1897 459 1953 mentis
473 1902 695 1965 meamet
705 1897 1007 1966 captivum
1024 1913 1117 1954 me
1136 1899 1445 1955 ducentem
1461 1899 1525 1954 in
1555 1899 1680 1967 lege
1697 1913 1908 1968 pecca-

246 1986 316 2054 ti,
344 1999 475 2056 qua:
516 1991 603 2041 est
646 1988 708 2040 in
752 1986 1033 2042 membris
1079 1989 1220 2043 meis
1271 1988 1461 2057 (Rom.
1511 2003 1611 2054 v11,
1655 1992 1743 2051 22,
1796 1989 1906 2057 23).

249 2075 492 2144 Hacque
508 2073 838 2130 humilitate
852 2073 1196 2147 salubrique
1214 2075 1562 2132 confusione
1584 2091 1911 2148 compunc-

251 2161 295 2215 ti
322 2158 732 2216 exclamemus
753 2177 893 2217 cum
924 2162 1138 2217 eodem
1169 2163 1454 2235 Apostolo
1479 2179 1502 2220 .'
1543 2166 1774 2234 Infelix
1803 2180 1908 2234 ego

247 2249 448 2318 homo,
480 2250 612 2320 quis
642 2266 734 2306 me
767 2251 1044 2307 liberabit
1073 2252 1146 2308 de
1163 2267 1410 2322 corpore
1442 2255 1648 2308 mortis
1677 2253 1856 2323 hujus
1881 2257 1909 2309 γ

246 2336 426 2410 (Ibid.
461 2353 621 2394 vers.
652 2340 766 2411 24).
793 2340 1005 2413 Sicque
1030 2340 1105 2396 de
1133 2341 1542 2397 misericordia
1567 2340 1908 2398 nullatenus

241 2424 588 2482 dimdentes
623 2428 1068 2500 subjungamus
1097 2447 1109 2485 :
1144 2431 1358 2486 Gratia
1385 2432 1499 2487 Dei
1533 2446 1648 2500 per
1697 2433 1904 2487 Jesum

245 2514 558 2572 Christum
588 2519 909 2574 Dominum
929 2525 1199 2575 nostrum
1236 2520 1413 2591 (Ibid.
1442 2535 1592 2576 vers.
1617 2521 1725 2591 25).
1760 2522 1906 2576 Ecce

241 2603 433 2660 hostis
480 2604 870 2678 impugnans,
905 2623 1038 2663 ecce
1087 2608 1399 2680 captivitas
1445 2608 1709 2675 trahens,
1769 2625 1906 2664 ecce

237 2691 336 2749 lex
365 2691 684 2761 rebellans,
713 2710 850 2750 ecce
877 2711 1096 2768 corpus
1125 2696 1358 2767 mortis,
1386 2701 1444 2753 et
1481 2696 1583 2753 ubi
1622 2697 1902 2766 libertas;

243 2780 351 2836 sed
388 2781 555 2850 audi,
587 2781 691 2838 ubi
720 2785 925 2854 gratia
953 2785 1066 2841 Dei
1085 2800 1201 2854 per
1222 2787 1423 2841 Jesum
1452 2785 1760 2843 Christum
1784 2789 1903 2840 Do-

237 2871 469 2927 minum
494 2877 762 2928 nostrum
783 2872 811 2926 ‘I

2020 1718 2168 1774 bant
2193 1719 2268 1774 de
2322 1718 2543 1791 quibus
2591 1718 2879 1774 Dominus
2935 1718 2997 1774 in
3050 1715 3370 1788 Evangelio
3408 1714 3672 1771 dicebat:

2017 1809 2156 1862 Non
2177 1814 2260 1864 est
2283 1810 2446 1864 sanis
2486 1823 2632 1878 opus
2667 1809 2949 1873 medicus,
2976 1808 3078 1864 sed
3109 1809 3267 1864 male
3298 1805 3670 1862 habentibus.

2017 1899 2153 1952 Non
2181 1899 2335 1954 enim
2377 1899 2516 1954 veni
2548 1890 2766 1954 vocare
2803 1901 3013 1967 iustos,
3067 1897 3171 1953 sed
3212 1902 3555 1966 peccatores
3608 1896 3672 1949 in

2015 1987 2435 2055 paenitentiam
2483 1986 2724 2056 (Matth.
2759 2003 2840 2052 IX,
2897 1987 3000 2058 12).
3057 1989 3121 2041 Et
3166 2001 3444 2040 rursum:
3505 1984 3673 2040 Venit

2019 2077 2174 2131 enim
2187 2075 2382 2130 Filius
2405 2075 2657 2132 hominis
2679 2091 2945 2147 qum-ere
2965 2081 3020 2132 et
3041 2076 3272 2130 salvum
3293 2075 3497 2144 facere
3514 2072 3674 2144 quod

2009 2164 2279 2234 perierat
2305 2165 2472 2232 (Luc.
2505 2179 2623 2229 xxx,
2656 2165 2764 2234 t0).
2798 2165 2864 2219 Id
2894 2168 2981 2220 est
3010 2162 3377 2231 venit,Filius
3406 2162 3670 2217 hominis

2016 2267 2284 2324 quau-ere
2312 2251 2647 2323 fugitivum,
2676 2258 2733 2308 et
2758 2253 3012 2309 liberare
3057 2251 3395 2325 captivum:
3449 2251 3496 2306 si
3524 2249 3674 2305 liber

2017 2345 2162 2408 erat,
2194 2339 2505 2414 quomodo
2544 2343 2848 2412 perierat?
2913 2341 3016 2397 sed
3062 2341 3346 2396 nimirum
3392 2339 3665 2412 perierat,

2015 2429 2121 2501 qui
2149 2445 2356 2486 avero
2385 2429 2610 2486 lumine
2669 2445 2932 2499 aversus,
2981 2429 3132 2485 vitiis
3178 2433 3234 2484 et
3288 2427 3666 2484 daemonibus

2016 2518 2258 2591 additus
2291 2518 2618 2586 serviebat;
2654 2524 2720 2574 ut
2756 2523 2957 2574 autem
2985 2517 3338 2574 liberaretur
3363 2516 3518 2572 venit
3541 2515 3658 2582 ille,

2014 2610 2076 2662 in
2109 2623 2222 2679 quo
2246 2607 2402 2662 nihil
2424 2607 2633 2663 habuit
2655 2609 2940 2678 princeps
2964 2607 3178 2661 mundi
3205 2607 3401 2674 (Joan.
3433 2603 3665 2672 x1v,30),

2015 2705 2069 2752 et
2100 2698 2205 2768 qui
2223 2698 2386 2752 solus
2410 2698 2530 2756 fuit
2550 2698 2711 2754 inter
2737 2703 3002 2752 mortuos
3027 2695 3379 2765 liber(Psal.
3409 2707 3664 2755 Lxxxvn,

2015 2786 2088 2856 5);
2137 2786 2216 2841 ad
2253 2786 2425 2856 cujus
2481 2801 2686 2842 veram
2737 2785 3188 2858 perfectamque
3232 2782 3564 2838 libertatem
3619 2782 3669 2837 si

2013 2874 2323 2946 pervenire
2388 2874 2821 2941 desideramus,
2873 2874 3003 2944 ejus
3057 2871 3430 2944 praeventrici
3486 2876 3667 2942 atque

317 2962 472 3015 inest
494 2959 673 3029 igitur
691 2960 1192 3018 hominiliberum
1224 2962 1676 3031 arbitrium,sed
1704 2963 1782 3019 ad
1799 2963 1904 3019 bo-
1929 2990 1974 3046 ο
2013 2962 2360 3019 auxiliatrici
2428 2963 2632 3034 gratiae
2696 2961 2999 3017 humiliter
3057 2959 3479 3030 submisseque
3529 2957 3667 3013 sub-

237 3061 390 3103 num
421 3051 546 3104 tam
575 3047 958 3118 langutdum,
991 3053 1117 3105 tam
1163 3049 1522 3117 invalidum,
1569 3055 1694 3106 tam
1739 3051 1906 3106 inﬁr-

237 3151 434 3204 mum,
460 3141 545 3203 ut,
569 3136 685 3192 nisi
713 3137 1089 3209 praecedente
1107 3138 1321 3208 gratia,
1353 3154 1464 3194 nec
1493 3138 1643 3195 velle
1670 3139 1901 3195 bonum

237 3224 436 3298 possit
462 3239 576 3280 nec
606 3239 806 3294 agere.
841 3225 1006 3281 Unde
1037 3234 1094 3282 et
1122 3226 1336 3283 beatus
1355 3229 1722 3298 Augustinus
1748 3229 1809 3284 in
1838 3229 1905 3285 li-

239 3309 356 3367 bro
381 3311 458 3365 de
488 3312 656 3366 Dono
679 3314 1136 3384 perseverantiae
1169 3319 1318 3384 (cap.
1349 3314 1406 3386 7)
1445 3332 1458 3370 :
1483 3316 1630 3386 [Non
1652 3320 1738 3372 est
1763 3316 1899 3384 hoc,

234 3397 457 3470 inquit,
489 3398 739 3454 omnino
763 3399 826 3454 in
840 3399 1067 3456 viribus
1085 3400 1256 3457 liberi
1268 3401 1487 3458 arbitrii
1515 3403 1722 3476 quales
1737 3419 1901 3460 nunc

236 3489 412 3540 sunt:
452 3484 648 3542 fuerat
674 3486 736 3541 in
782 3487 1027 3543 homine
1079 3494 1406 3561 antequam
1452 3491 1709 3547 caderet.
1760 3495 1900 3557 Quae

237 3577 445 3630 tamen
474 3573 720 3630 libertas
743 3574 1063 3632 voluntatis
1089 3576 1150 3632 in
1179 3577 1334 3633 illius
1373 3579 1583 3651 primae
1613 3580 1901 3636 conditio-

234 3663 331 3720 nis
361 3664 711 3734 praestantia
740 3669 1039 3736 quantum
1071 3667 1346 3735 valuerit,
1378 3669 1662 3741 apparuit
1690 3669 1752 3724 in
1802 3685 1901 3726 an-

238 3749 409 3822 gelis,
434 3751 559 3819 qui,
593 3750 840 3809 diabolo
884 3770 1025 3809 cum
1065 3755 1187 3810 suis
1236 3757 1510 3822 cadente,
1543 3758 1604 3813 in
1654 3759 1897 3814 veritate

241 3844 548 3902 steterunt,
583 3845 640 3896 et
660 3841 739 3897 ad
762 3843 1136 3899 securitatem
1160 3851 1513 3918 perpetuam
1543 3862 1666 3902 non
1689 3847 1902 3902 caden-

239 3928 326 3997 di,
358 3929 418 3983 in
448 3945 573 4001 qua
597 3945 758 3986 nunc
789 3946 890 3986 eos
917 3947 1053 3987 esse
1093 3934 1408 3989 certissimi
1440 3952 1673 4005 sumus,
1692 3952 1900 4007 perve-

237 4016 367 4072 nire
385 4023 754 4074 meruerunt.
777 4019 918 4076 Post
937 4037 1145 4076 casum
1178 4028 1377 4078 autem
1395 4023 1657 4078 hominis
1685 4025 1897 4079 nonni-

240 4103 292 4159 si
316 4103 394 4159 ad
424 4105 678 4174 gratiam
743 4122 919 4163 suam
953 4111 1107 4164 Deus
1137 4108 1320 4164 voluit
1348 4110 1665 4182 pertinere,
1699 4115 1764 4165 ut
1791 4111 1898 4166 ho-

236 4207 343 4248 mo
373 4193 621 4248 accedat
651 4193 732 4250 ad
757 4210 916 4264 eum;
950 4212 1144 4269 neque
1173 4197 1287 4253 nisi
1318 4197 1396 4253 ad
1419 4198 1673 4268 gratiam
1723 4215 1895 4255 suam

2011 3053 2252 3119 damur,
2323 3054 2427 3124 qui
2490 3053 2653 3124 venit
2713 3065 3001 3124 quaerere,
3070 3055 3126 3104 et
3186 3049 3420 3104 salvum
3459 3048 3666 3117 facere

2010 3142 2170 3214 quod
2190 3121 2459 3210 perierat
2493 3121 2660 3208 (Luc.
2685 3121 2807 3206 xix,
2840 3138 2946 3209 10).
2979 3135 3198 3192 Deinde
3237 3134 3539 3190 subnectis
3575 3152 3588 3189 :

2577 3244 2817 3285 JOANNES
2859 3241 3085 3282 SCOTUS.

2079 3321 2248 3391 (Cap.
2279 3321 2332 3386 4,
2364 3333 2533 3374 num.
2567 3322 2623 3388 4,
2655 3322 2796 3374 sect.
2832 3317 2887 3388 5)
2927 3321 2965 3369 Θ
2994 3316 3128 3372 Νοη
3175 3315 3359 3371 aliter
3397 3313 3666 3370 debuisse

2006 3405 2142 3474 ﬁeri
2170 3403 2529 3460 rationalem
2558 3404 2762 3469 vitam,
2795 3402 2914 3457 nisi
2942 3400 3372 3468 voluntariam,
3425 3414 3558 3455 cum
3585 3398 3662 3454 ab

2008 3509 2079 3550 ea
2115 3494 2426 3549 voluntate
2453 3509 2584 3564 qua
2605 3499 2688 3549 est
2717 3506 2899 3548 causa
2920 3491 3202 3559 omnium,
3236 3493 3439 3545 creata
3483 3489 3556 3544 sit
3583 3488 3665 3544 ad

2008 3584 2327 3654 imaginem
2380 3588 2434 3640 et
2465 3583 2916 3638 similitudinem
2945 3583 3054 3636 sui.
3083 3581 3210 3636 Aut
3237 3579 3544 3650 quomodo,
3578 3577 3664 3633 in-

2007 3673 2165 3746 quis,
2184 3688 2311 3730 eam
2334 3673 2542 3729 divina
2566 3674 2867 3744 voluntas,
2889 3686 3119 3727 summa
3137 3670 3408 3727 videlicet
3430 3669 3665 3725 univer-

2008 3763 2205 3817 sitatis
2227 3763 2406 3832 ratio,
2438 3777 2570 3832 quae
2591 3762 2767 3816 nulla
2794 3762 3142 3816 necessitate
3169 3759 3663 3828 stringitur,quo-

2007 3853 2172 3905 niam
2193 3867 2301 3905 sua
2335 3851 2641 3904 liberrima
2665 3849 2937 3916 potentia
2953 3848 3211 3915 potitur,
3229 3847 3549 3913 imaginem
3569 3847 3666 3899 sui

2007 3939 2255 3992 similem
2281 3938 2530 4005 faceret,
2566 3937 2618 3990 si
2645 3951 2763 3988 non
2806 3937 2932 4002 ejus
2980 3933 3373 3987 substantiam
3407 3935 3658 3997 crearet,

2007 4027 2376 4082 voluntatem
2409 4024 2657 4079 liberam
2689 4021 3073 4077 rationalem.

2682 4124 2982 4165 CORRECTlO

2075 4191 2120 4270 τ’
2137 4206 2199 4258 In
2214 4218 2337 4274 quo
2359 4199 2526 4275 quod
2554 4199 2702 4256 dicis
2730 4197 3134 4255 substantiam
3152 4197 3430 4268 imaginis
3452 4196 3574 4266 Dei,
3597 4195 3660 4251 id

234 4279 427 4338 voluit
455 4283 768 4354 pertinere,
792 4289 858 4340 ut
884 4285 1069 4341 homo
1098 4301 1221 4342 non
1251 4286 1492 4343 recedat
1522 4288 1600 4344 ab
1630 4289 1896 4346 eo.Hanc
1929 4351 1960 4355 _
2003 4298 2092 4349 est
2120 4292 2384 4348 hominis
2415 4290 2806 4355 voluntatem,
2833 4287 3086 4344 liberam
3116 4285 3467 4342 rationalem
3502 4302 3656 4348 esse,

237 4351 494 4438 gratiam
551 4371 750 4442 posuit
803 4373 864 4428 in
900 4372 1021 4441 illo,
1057 4374 1118 4428 in
1152 4390 1275 4445 quo
1329 4380 1548 4431 sortem
1590 4379 1894 4434 consecuti
1929 4351 1971 4405 Β
2001 4397 2230 4438 novum
2257 4380 2400 4453 quid
2434 4385 2612 4452 atque
2642 4378 2894 4434 antehac
2916 4374 3254 4431 inauditum
3277 4373 3525 4429 auribus
3547 4388 3658 4428 no-

236 4473 469 4526 sumus,
511 4459 918 4536 prindestinati
967 4462 1300 4518 secundum
1347 4467 1725 4536 propositum
1764 4469 1892 4539 ejus
2002 4470 2135 4526 stris
2166 4469 2450 4536 insonuit,
2480 4484 2620 4523 cum
2668 4466 3037 4522 voluntatem
3079 4460 3339 4518 hominis
3383 4460 3661 4516 substan-

233 4545 342 4618 qui
370 4547 650 4603 universa
686 4552 1012 4622 operatur.]

305 4633 343 4701 1-
363 4635 536 4700 Quod
562 4640 726 4692 tanto
761 4639 1024 4710 apertius
1044 4645 1274 4712 quanto
1291 4640 1532 4698 brevius
1556 4643 1720 4701 idem
1745 4646 1887 4704 bea-

239 4726 337 4776 tus
383 4725 750 4794 Augustinus
799 4727 858 4781 in
881 4726 1034 4782 libro
1060 4729 1440 4786 Enchiridion
1471 4737 1628 4803 (cap.
1648 4735 1741 4802 30)
1761 4751 1888 4791 ma-

241 4809 500 4880 nifestat,
534 4813 640 4870 ubi
685 4817 803 4871 ait:
836 4815 1070 4887 [Libero
1110 4817 1356 4876 arbitrio
1385 4819 1542 4876 male
1576 4828 1747 4878 utens
1784 4824 1890 4880 ho-

237 4915 366 4963 mo,
397 4905 452 4955 et
473 4917 533 4958 se
560 4901 819 4974 perdidit
838 4909 896 4960 et
922 4905 1223 4978 ipsum.]1L
1257 4909 1352 4963 His
1401 4909 1682 4966 brevibus
1712 4917 1768 4968 et
1797 4929 1891 4969 ve-

232 4990 480 5047 racibus
509 4996 689 5064 atque
709 4992 988 5050 ﬁdelibus
1023 4995 1220 5052 verbis
1254 4997 1465 5055 beatus
1516 5003 1888 5070 Augustinus

233 5079 650 5138 inﬁrmitatem
685 5081 858 5138 liberi
907 5074 1134 5141 arbitrii
1174 5092 1443 5159 patenter
1463 5090 1720 5148 innotuit
1754 5094 1887 5165 [pro

232 5173 445 5226 notam
469 5169 758 5242 exhibuit]
783 5173 1039 5229 dicendo
1086 5177 1252 5248 quod
1282 5177 1468 5234 homo
1508 5180 1662 5236 male
1713 5187 1886 5236 utens

232 5256 424 5313 libero
451 5257 718 5327 arbitrio,
749 5265 806 5316 et
835 5277 897 5317 se
939 5263 1200 5335 perdidit
1247 5271 1302 5321 et
1330 5266 1552 5339 ipsum,
1602 5269 1663 5323 id
1711 5273 1799 5323 est
1825 5269 1890 5323 li-

230 5343 452 5401 berum
480 5346 814 5404 arbitrium.
848 5351 1165 5416 Quomodo
1195 5358 1397 5410 autem
1440 5355 1600 5410 idem
1631 5356 1887 5413 liberum

231 5432 552 5490 arbitrium
577 5435 902 5507 perdiderit
929 5440 1243 5511 prtemissa
1264 5441 1589 5498 declarant.
1639 5445 1892 5502 Perdidit

231 5521 396 5577 enim
451 5539 534 5590 se,
568 5525 707 5596 quia
759 5528 935 5583 morti
980 5528 1266 5599 subjecit;
1325 5530 1584 5600 perdidit
1633 5533 1887 5592 liberum

229 5610 578 5684 arbitrium,
643 5615 790 5686 quia
861 5633 923 5676 se
1001 5617 1159 5676 hosti
1223 5616 1526 5674 vendidit.
1611 5625 1883 5691 Perdidit,

1998 4558 2147 4615 tiam
2179 4558 2308 4627 ejus
2339 4571 2674 4626 asseveras,
2719 4553 3008 4626 quodque
3045 4548 3350 4625 profusius
3393 4546 3658 4618 explicas

1997 4644 2407 4718 adjungendo.

2583 4746 2822 4788 JOANNES
2864 4744 3070 4786 SCOTUS

2073 4821 2235 4894 (Cap.
2270 4824 2324 4888 4,
2357 4835 2523 4876 num.
2558 4825 2611 4886 5,
2655 4824 2798 4874 sect.
2823 4819 2873 4890 6)
2905 4824 2944 4872 Θ
2967 4819 3120 4884 Hoc,
3155 4814 3456 4889 inquiens,
3488 4829 3656 4885 aper-

2001 4912 2222 4970 tissime
2241 4910 2542 4980 probatur
2563 4914 2940 4980 argumento,
2962 4907 3123 4979 quod
3144 4907 3404 4962 sumitur
3433 4919 3509 4962 ex
3532 4906 3655 4974 pri-

2000 5001 2086 5056 mi
2115 5000 2371 5056 hominis
2406 5004 2690 5068 peccato:
2741 4999 3013 5068 quamvis
3055 4997 3233 5063 enim,
3266 4995 3374 5061 ais,
3421 4995 3652 5050 beatam

1999 5093 2183 5147 vitam
2213 5088 2517 5161 peccando
2554 5087 2844 5158 perdidit,
2885 5089 3281 5144 substantiam
3331 5101 3500 5142 suam
3534 5101 3652 5141 non

1998 5181 2215 5235 amisit.

2071 5269 2107 5334 i'
2152 5271 2219 5325 Et
2270 5283 2554 5342 quasnam
2607 5271 2766 5323 esset
2816 5266 2950 5340 ipsa
2995 5265 3354 5332 substantia,
3404 5261 3655 5332 subjun—

1999 5357 2088 5428 gis
2107 5375 2121 5414 :

2072 5451 2265 5515 (Num.
2300 5452 2373 5508 6).
2407 5453 2446 5501 Θ
2472 5448 2610 5516 Qum
2636 5452 2740 5514 est,
2766 5445 3064 5518 inquiens,
3097 5459 3236 5514 esse,
3281 5443 3432 5499 velle
3474 5444 3646 5509 scire,

1997 5539 2105 5593 Est
2136 5539 2286 5592 enim
2313 5543 2365 5592 et
2395 5539 2521 5593 vult
2554 5543 2609 5592 et
2629 5538 2738 5592 scit
2752 5551 2774 5592 .'
2807 5537 2934 5590 vult
2965 5550 3024 5589 sc
3048 5549 3168 5588 esse
3215 5539 3267 5586 et
3299 5533 3485 5587 scire:
3541 5531 3648 5586 srit

1997 5640 2058 5680 se
2085 5639 2205 5682 esse
2225 5631 2280 5681 et
2310 5626 2479 5686 velle.
