4112 6184
602 149 734 214 1051

1265 287 1590 337 οοιιΒεστιο.

672 359 708 426 'l'
727 361 879 426 ane
907 358 1276 420 voluntatem
1317 364 1495 441 atque
1525 362 1833 428 scientiam
1859 363 2120 420 hominis
2151 377 2249 424 as-

602 446 748 510 truis
774 446 908 518 ejus
938 463 1067 503 esse
1093 449 1613 528 essentiam.quod
1645 467 1782 510 cum
1815 451 1930 508 tuis
1961 451 2248 514 adiuven-

599 534 861 600 tionibus
885 541 1066 614 atque
1077 553 1291 608 argum
1300 539 1706 600 entationibus
1723 547 1980 606 astruas,
1995 538 2249 602 auctori-

599 628 715 682 tate
737 639 856 684 non
887 626 1122 687 munis:
1144 627 1280 704 quis
1310 629 1470 690 enim
1500 630 1729 688 nesciat
1757 630 2108 690 rationalem
2131 628 2254 686 ani-

596 727 766 772 mam
797 715 1129 788 esse,eique
1159 715 1352 774 inesse
1373 717 1522 774 velle
1553 724 1609 779 et
1641 719 1832 776 scire?
1866 719 1974 778 Sed
2003 734 2134 776 esse
2165 723 2252 773 est

599 801 732 872 ejus
757 807 974 864 natura
1003 808 1186 878 atque
1216 805 1549 866 substantia
1576 827 1588 874 ;
1644 808 1814 880 velle,
1863 813 1918 864 et
1949 808 2098 868 scire
2127 823 2249 864 non

594 895 737 948 sunt
765 892 897 963 ejus
931 892 1269 955 substantia
1299 899 1477 974 atque
1503 902 1736 954 natura.
1770 897 1870 952 sed
1895 901 2250 954 ornamenta

596 980 1131 1052 substantizeﬂono
1158 984 1489 1042 Conditoris
1520 986 2066 1044 attributa.Utesset
2088 986 2248 1042 enim

591 1066 832 1132 Greater
859 1070 1133 1129 faciendo
1158 1073 1425 1142 contulit,
1444 1079 1505 1132 ut
1533 1075 1705 1136 vellet
1735 1079 1792 1134 et
1820 1077 2012 1146 sciret,
2039 1074 2251 1132 libera-

592 1157 726 1224 liter
758 1159 978 1221 tribuit.
1013 1161 1292 1222 Animam
1323 1163 1483 1222 enim
1510 1163 1772 1223 hominis
1804 1165 1881 1222 ad
1921 1165 2247 1234 imaginem

595 1249 694 1312 sui.
713 1249 1039 1311 conditoris
1066 1265 1188 1307 non
1219 1251 1280 1312 in
1312 1251 1460 1310 velle
1475 1258 1531 1310 et
1563 1253 1734 1319 scire,
1767 1255 1874 1310 sed
1904 1253 1964 1308 iu
1993 1254 2249 1312 rationa-

592 1336 632 1397 li
660 1337 878 1398 mentis
903 1338 1124 1401 tactam
1154 1341 1503 1400 auctoritate
1523 1341 1881 1402 solidissima
1895 1343 2248 1416 comproba-

591 1430 705 1494 tur,
733 1427 970 1490 dicente
1000 1428 1330 1506 Apostolo:
1387 1432 1776 1492 Renovamini
1827 1433 2045 1501 spiritu
2094 1447 2245 1488 men-

589 1517 670 1580 tis
696 1522 908 1581 vestrm
931 1523 986 1574 et
1016 1519 1246 1576 induite
1274 1535 1490 1578 novum
1524 1520 1838 1590 hominem,
1880 1522 1986 1593 qui
2030 1537 2238 1578 serun-

1681 150 1738 211 S.
1767 150 2143 214 PRUDENTII
2187 143 2559 210 TBECENSIS
2595 143 2915 210 EPISCOPI

3791 153 3900 216 {052

2276 269 2326 334 Α
2362 267 2672 328 arbitrium
2698 269 3030 342 peccando,
3060 284 3184 352 quo
3210 273 3331 332 arte
3353 269 3578 342 vigebat
3605 272 3676 328 ad
3697 273 3900 340 bonum;

2361 357 2562 414 amisit
2607 364 2839 414 motum
2867 365 2923 414 et
2968 357 3234 414 ofﬁcium
3278 358 3447 416 bonaa
3494 360 3795 436 voluntatis,
3822 382 3908 426 non

2361 444 2558 501 amisit
2581 446 2880 522 seipsum;
2939 463 3062 502 non
3095 446 3294 502 amisit
3323 447 3504 503 animi
3557 454 3813 522 naturam,
3837 455 3907 508 sed

2361 533 2755 589 amisitanimi
2773 535 3311 604 sanitatem,amisit
3321 534 3492 591 bona;
3506 536 3781 596 voluntatis
3791 539 3911 612 viso

2359 625 2632 680 rem.Hoc
2662 628 2982 702 utrumque
3016 624 3074 680 in
3100 641 3169 680 ea
3200 641 3306 700 per
3343 625 3548 681 Christi
3568 628 3786 695 gratiam
3822 631 3904 686 ins-

2358 715 2710 782 tauratur,et
2742 718 2956 770 natura
2987 713 3207 769 scilicet
3233 714 3292 770 in
3332 713 3580 769 deterius
3602 723 3909 784 commutata,

2357 806 2414 856 et
2431 800 2704 858 voluntas
2723 802 2780 859 in
2795 803 3021 859 malum
3044 802 3390 878 depravata.
3403 807 3554 860 Bona
3565 804 3742 884 itaque
3758 806 3911 864 volun-

2355 893 2448 944 tas
2483 890 2707 945 sanitas
2755 896 2843 945 est
2881 890 3050 948 liberi
3104 890 3345 957 arbitrii,
3390 889 3546 948 mala
3573 891 3807 948 voluntas
3827 894 3912 952 lan-

2357 994 2506 1047 guor
2535 984 2625 1034 est
2671 979 2838 1035 liberi
2871 979 3114 1036 arbitrii.
3145 980 3308 1036 Hanc
3335 980 3633 1038 sanitatem
3664 982 3824 1038 amisit
3845 985 3915 1040 ho~

2355 1085 2477 1131 mo,
2503 1075 2558 1125 et
2584 1069 2745 1124 hunc
2771 1069 3126 1140 languorem
3152 1069 3399 1128 incurrit
3427 1070 3606 1126 Deum
3634 1070 3910 1138 deserendo,

2355 1163 2410 1212 et
2441 1163 2648 1213 contra
2675 1157 3045 1215 voluntatem
3068 1160 3196 1230 ejus
3213 1157 3599 1214 faciendo.Sic
3613 1159 3770 1216 homo
3783 1176 3914 1230 aegro-

2355 1251 2450 1301 tus
2469 1247 2713 1303 effectus
2733 1248 2948 1304 amittit
2965 1248 3167 1324 utique
3189 1249 3446 1322 pristinae
3467 1248 3717 1306 sanitatis
3735 1249 3911 1312 saltum.

2353 1352 2474 1392 non
2506 1337 2719 1392 amittit
2745 1338 3006 1412 seipsum
3030 1357 3045 1405 ;
3066 1355 3204 1394 cum
3225 1343 3425 1394 autem
3455 1343 3677 1396 curatus
3703 1338 3911 1412 fuerit,in-

2357 1429 2659 1481 stauratur
2689 1425 2748 1480 in
2771 1443 2841 1481 eo
2875 1427 3124 1494 sanitas,
3154 1432 3210 1482 et
3239 1431 3455 1482 natura
3482 1432 3773 1496 vegetatur,
3803 1443 3909 1500 qua,

2355 1529 2475 1568 non
2509 1513 2700 1570 fuerat
2729 1513 2982 1590 perdita,
3015 1515 3120 1570 sed
3148 1515 3438 1585 languore
3469 1519 3764 1588 corrupta]

590 1603 734 1667 dum
765 1606 954 1662 Deum
975 1612 1212 1664 creatus
1242 1613 1327 1666 est
1369 1609 1429 1667 in
1449 1610 1694 1679 justitia
1729 1615 1782 1665 et
1811 1613 2131 1666 sanctitate
2160 1626 2247 1666 ve-
2275 1623 2317 1691 β
2427 1606 2571 1660 Cum
2605 1604 2765 1662 enim
2795 1609 3024 1664 constet
3051 1605 3218 1678 quod
3247 1604 3454 1661 omnia
3472 1620 3599 1680 quae
3623 1609 3790 1660 creata
3803 1609 3907 1670 sunt.

592 1695 791 1758 ritatis
805 1695 1046 1770 (Ephes,
1069 1713 1148 1763 1v.
1171 1701 1262 1768 23)
1283 1715 1296 1766 ;
1319 1697 1540 1769 quibus
1559 1699 1752 1758 verbis
1770 1700 2076 1772 apostolus
2099 1700 2246 1760 ima-

591 1783 793 1856 ginem
813 1785 917 1850 Dei
953 1785 1012 1852 in
1043 1786 1254 1864 spiritu
1285 1787 1502 1848 mentis
1533 1805 1672 1850 cum
1692 1789 1923 1860 justitia
1951 1793 2008 1849 et
2035 1790 2246 1846 sancti-

589 1873 708 1940 tate
733 1888 810 1938 ao
838 1873 1082 1938 veritate
1101 1891 1483 1950 nuncupatis,
1515 1893 1640 1940 non
1673 1877 2036 1936 voluntatem
2067 1882 2245 1950 atque

593 1961 900 2027 scientiam
928 1963 1060 2040 ejus
1089 1964 1486 2026 substantiam
1547 1966 1865 2040 appellavit
1889 1976 1914 2002 ι
1941 1967 2244 2040 [Liberum

587 2051 751 2116 enim
773 2051 1088 2118 arbitrium
1112 2053 1284 2136 quid,
1327 2055 1440 2120 nisi
1475 2055 1662 2117 libera
1692 2057 1875 2118 animi
1927 2056 2244 2119 volumas?

593 2140 764 2206 Quod
786 2141 889 2210 ita,
917 2148 1216 2220 quantum
1245 2143 1541 2218 existimo,
1573 2152 1728 2207 recte
1759 2145 1996 2208 deﬁniri
2029 2149 2239 2217 potest:

593 2228 868 2297 Liberum
895 2231 1206 2296 arbitrium
1238 2235 1518 2298 voluntas
1581 2235 1790 2305 animi,
1841 2253 1976 2309 quae
2010 2235 2133 2292 sive
2165 2235 2243 2292 ad

589 2315 822 2402 bonum
868 2319 988 2384 sive
1023 2321 1104 2380 ad
1142 2322 1373 2384 malum
1407 2340 1517 2384 sua
1547 2328 1781 2398 sponte,
1813 2341 1924 2386 sua
1953 2329 2243 2400 potestate

583 2413 884 2474 movetur,
921 2408 1081 2472 Velle
1111 2412 1382 2471 naturale
1409 2412 1710 2482 estnobis,
1743 2413 1894 2474 sicut
1920 2413 2242 2484 intelligere

591 2499 645 2552 et
673 2495 1184 2560 meminisseﬂatc
1211 2499 1374 2561 enim
1408 2501 1534 2568 tria,
1553 2500 1614 2556 id
1644 2505 1731 2558 est
1760 2501 2241 2569 intellectus,me-

588 2582 803 2648 moria.
826 2583 1128 2654 voluntas,
1161 2586 1246 2650 sic
1281 2587 1488 2647 insunt
1512 2588 1858 2650 naturaliter
1883 2589 2088 2647 animo
2135 2590 2244 2646 hu-

588 2684 794 2747 mann,
841 2676 906 2736 ut
933 2676 1135 2736 tamen
1189 2690 1312 2732 non
1345 2672 1624 2738 dicantur
1654 2693 1790 2736 esse
1819 2677 1947 2746 ipse
1979 2679 2238 2749 animus,

585 2756 696 2824 sed
725 2757 786 2817 in
811 2760 1037 2824 animo.
1065 2761 1226 2822 Sicut
1253 2778 1394 2831 ergo
1422 2763 1550 2825 ista:
1593 2765 1898 2827 naturales
1929 2768 2116 2830 animi
2162 2767 2243 2824 at-

587 2844 896 2936 tentiones,
917 2863 1041 2915 non
1066 2849 1193 2924 ipse
1217 2851 1476 2922 animus;
1508 2858 1876 2936 quapropter
1902 2855 2014 2914 illae
2047 2855 2242 2916 multi-

585 2935 819 3012 pliciter
848 2938 1066 3002 variari
1093 2945 1364 3020 possunt,
1395 2935 1634 3006 animus
1653 2943 1816 3008 idem
1845 2950 2066 3009 manet.

659 3025 842 3096 Igitur
873 3026 1022 3090 velle
1067 3033 1319 3106 naturai,
1365 3030 1594 3090 bonum
1629 3036 1828 3094 autem
1876 3032 1967 3092 vel
2011 3034 2238 3094 malum

581 3113 882 3182 velle,non
909 3120 1002 3182 est
1027 3120 1386 3187 natumsed
1405 3125 1602 3179 motus
1621 3121 1872 3198 quidam
1900 3129 1954 3184 et
1975 3123 2238 3182 ofﬁcium

585 3210 832 3260 naturae.
857 3208 1005 3262 Nam
1030 3207 1078 3262 si
1095 3215 1310 3274 natura
1342 3209 1514 3272 nobis
1546 3214 1701 3266 esset
1723 3211 1952 3267 bonum
1969 3213 2238 3282 velle,vel

581 3292 815 3358 malum
847 3294 1018 3370 velle,
1051 3296 1110 3350 in
1145 3298 1483 3359 utramlibet
1511 3304 1743 3372 partem
1776 3300 1940 3360 aliud
1961 3318 2088 3361 esse
2115 3319 2235 3366 non

581 3387 804 3456 posset,
841 3382 925 3438 sic
958 3399 1068 3444 nec
1089 3384 1223 3461 ipsa
1241 3387 1656 3448 animinatura
1685 3388 1847 3452 aliud
1869 3406 1996 3450 esse
2018 3397 2232 3464 potest,

579 3474 855 3538 essetque
883 3469 1061 3530 nobis
1093 3475 1213 3536 tam
1271 3474 1542 3534 naturale
1575 3475 1725 3532 bene
1757 3477 1902 3536 velle
1935 3484 2038 3540 aut
2080 3479 2236 3540 male

582 3553 958 3644 velimquem
983 3558 1256 3620 naturale
1295 3566 1383 3618 est
1410 3562 1584 3624 nobis
1609 3564 1813 3642 ipsum
1844 3565 2020 3628 velle:
2055 3574 2236 3644 atque

575 3639 694 3706 hoc
723 3643 908 3706 modo
927 3644 1058 3718 iam
1113 3647 1316 3724 ipsum
1345 3648 1499 3706 bene
1531 3639 1698 3718 velle,
1732 3652 1824 3714 vel
1877 3653 2030 3715 male
2063 3639 2232 3728 velle,

579 3743 702 3794 non
731 3735 890 3796 esset
924 3731 987 3796 in
1015 3733 1191 3798 nobis
1224 3735 1430 3805 virtus.
1464 3741 1568 3794 aut
1601 3738 1826 3801 vitium,
1859 3741 1964 3798 sed
1994 3746 2228 3802 natura:

578 3832 692 3882 nec
706 3821 842 3896 jam
862 3819 981 3884 ullo
997 3822 1183 3886 modo
1205 3839 1338 3885 esse
1360 3841 1674 3898 possemus
1705 3828 1816 3888 nisi
1848 3835 1952 3886 aut
1976 3836 2232 3895 tantum~

577 3907 764 3975 modo
793 3908 959 3978 boni.
1001 3916 1105 3976 aut
1131 3911 1518 3974 solummodo
1544 3916 1728 3984 mali;
1758 3935 1868 3978 nec
1915 3919 2232 3980 deberetur

579 3995 756 4050 nobis
799 3997 961 4066 juste
1007 3999 1100 4054 vel
1142 3999 1203 4061 in
1255 4001 1420 4068 bono
1450 4006 1786 4082 prremium,
1829 4007 1918 4067 vel
1953 4008 2016 4064 in
2071 4010 2232 4068 malo

578 4083 942 4155 supplicium
967 4103 980 4142 :
1005 4101 1142 4143 cum
1174 4089 1335 4148 aliud
1363 4109 1490 4150 esse
1520 4094 1766 4150 minime
1779 4111 2232 4167 possemus,nec

575 4171 770 4238 ullum
799 4179 957 4232 esset
985 4177 1265 4239 meritum
1297 4185 1594 4247 nostrum.
1631 4182 1718 4242 vel
1749 4183 1978 4247 bonum
1996 4187 2232 4245 velma—

576 4257 724 4332 tum,
755 4261 858 4328 sed
884 4263 1013 4330 sola
1045 4266 1375 4330 Conditoris
1403 4275 1507 4329 aut
1527 4271 1738 4340 gratia,
1761 4278 1861 4330 aut
1909 4274 2094 4346 (quod
2127 4275 2232 4335 ab-

577 4345 670 4428 sit)
703 4347 900 4429 culpa,
947 4353 1050 4428 qui
1082 4353 1264 4414 talem
1294 4361 1575 4418 naturam
1629 4359 1687 4418 in
1724 4345 1998 4418 utrolibet
2027 4363 2231 4422 incon-

575 4437 909 4506 vertibilem
939 4442 1325 4507 condidisset.
1358 4447 1542 4516 Igitur
1571 4447 1718 4507 velle
1750 4448 1828 4504 ab
1857 4450 2024 4508 initio
2053 4459 2228 4512 natu-

571 4525 1035 4619 raliterinsitum
1065 4531 1425 4598 esthomini:
1456 4542 1657 4595 motus
1688 4541 1888 4600 autem
1919 4537 2109 4619 ipsius
2134 4558 2233 4599 vo-

571 4614 816 4673 luntatis
841 4618 922 4674 ita
951 4619 1004 4675 ei
1035 4619 1231 4676 bonus
1263 4627 1352 4677 est
1391 4622 1589 4692 datus,
1619 4630 1682 4681 ut
1724 4625 1838 4682 nisi
1877 4614 1988 4692 sua
2018 4636 2230 4704 sponte

573 4711 918 4762 moveretur
955 4707 1035 4763 ad
1063 4707 1320 4789 bonum,
1351 4727 1463 4776 sua
1519 4717 1731 4786 sponte
1769 4715 1948 4772 etiam
1979 4717 2228 4774 inclina-

571 4798 733 4858 retur
762 4794 841 4856 ad
872 4795 1135 4859 malum:
1166 4803 1444 4876 essetque
1473 4799 1555 4864 illi
1603 4818 1673 4860 ex
1729 4819 1853 4862 suae
1904 4805 2228 4866 voluntatis

573 4880 818 4972 arbitrio
840 4883 1123 4944 meritum
1143 4885 1372 4950 bonum
1398 4889 1519 4949 sive
1536 4890 1845 4961 malum,et
1860 4911 2228 4972 consequen-

573 4971 660 5058 ter
676 4967 910 5058 justum
939 4974 1257 5044 praemium
1287 4977 1377 5040 vel
1406 4978 1793 5058 supplicium.
1828 4967 2227 5056 Lapsus'ergo

571 5055 758 5120 homo
781 5057 845 5148 in
866 5065 1201 5140 peccatum,
1226 5081 1349 5125 non
1370 5055 1569 5128 amisit
1589 5085 1719 5126 esse
1739 5055 1966 5148 quodia
1986 5077 2222 5140 natura,

573 5159 696 5201 non
722 5147 920 5204 amisit
935 5149 1084 5207 velle
1109 5155 1272 5226 quod
1302 5161 1387 5212 est
1415 5157 1467 5212 ei
1496 5147 1771 5214 naturale
1806 5176 1818 5212 :
1871 5159 1973 5213 sed
2025 5161 2227 5220 amisit

569 5233 726 5300 bene
753 5235 991 5306 velle,et
1005 5239 1251 5306 incurrit
1272 5246 1430 5302 male
1460 5246 1642 5313 velle;
1668 5248 1746 5306 ita
1778 5252 2041 5308 mutatus
2061 5249 2223 5307 estin

570 5322 691 5391 illo,
724 5324 820 5381 vel
847 5327 1026 5384 etiam
1051 5331 1310 5386 amissus
1345 5337 1566 5396 motus,
1597 5334 1692 5389 vel
1735 5334 2000 5390 ofﬁcium
2049 5342 2222 5396 natu-

571 5428 672 5490 rae.
700 5420 931 5478 mutata
959 5425 1047 5474 est
1076 5424 1131 5476 et
1161 5419 1290 5500 ipsa
1331 5422 1392 5478 in
1421 5421 1678 5479 deterius
1709 5427 1922 5480 natura
1947 5443 1959 5492 ;
1995 5431 2224 5484 mutata

567 5507 792 5574 latuen,
819 5523 942 5564 non
966 5509 1207 5567 amissa.
1233 5510 1491 5568 Perdidit
1513 5511 1712 5586 itaque
1741 5512 1926 5572 homo
1962 5514 2215 5576 liberum

2258 4325 2306 4382 D

2355 1694 2472 1748 Deo
2504 1699 2744 1749 auctore
2776 1694 2891 1749 sint
2912 1693 3174 1760 condita,
3203 1694 3488 1753 nimirum
3518 1693 3685 1770 liquet
3699 1693 3908 1768 quiaom-

2353 1781 2453 1838 nia
2481 1797 2616 1856 quae
2649 1787 2857 1837 auctor
2887 1798 3124 1838 summe
3143 1781 3344 1838 bonus
3373 1781 3628 1838 condidit
3645 1783 3780 1840 bona
3801 1784 3906 1842 sunt.

2355 1875 2666 1927 attestante
2697 1871 3032 1944 Scriptura:
3056 1873 3131 1926 Et
3164 1873 3314 1927 vidit
3344 1875 3493 1930 Deus
3518 1877 3711 1931 cuncta
3739 1886 3836 1945 qua
3850 1869 3907 1942 fe-

2353 1967 2538 2031 cerat,
2563 1967 2618 2016 et
2642 1967 2814 2016 erant
2837 1961 3012 2018 valde
3041 1961 3194 2016 bona
3227 1963 3398 2032 (Gen.
3454 1977 3490 2030 ι,
3522 1961 3621 2032 31).
3651 1961 3787 2015 Patet
3811 1974 3905 2027 ergo

2352 2049 2517 2126 quod
2551 2051 2748 2105 omnis
2774 2055 3046 2108 creatura
3064 2050 3187 2122 Dei,
3211 2052 3370 2110 sicut
3393 2050 3688 2126 Apostolus
3713 2049 3905 2116 ait,bona

2351 2145 2456 2194 est.
2490 2140 2682 2198 Nulla
2713 2147 2994 2198 creatura
3024 2141 3138 2198 Dei
3187 2158 3311 2200 non
3346 2147 3428 2198 est
3460 2141 3601 2197 bona
3631 2142 3672 2214 (Ι
3719 2141 3828 2198 Tim.
3851 2153 3903 2208 iv,

2351 2230 2425 2298 4);
2456 2229 2653 2288 omnis
2685 2233 2887 2284 autem
2926 2229 3199 2288 voluntas
3249 2229 3512 2288 hominis
3559 2245 3665 2285 non
3690 2233 3759 2284 est
3777 2227 3904 2290 bona,

2350 2317 2629 2390 quaedam
2687 2317 2848 2376 enim
2891 2317 3167 2374 voluntas
3220 2318 3438 2377 mala:
3501 2335 3615 2377 non
3670 2322 3738 2374 est
3779 2316 3904 2388 igitur

2351 2405 2627 2462 voluntas
2657 2407 2919 2466 hominis
2949 2412 3221 2464 creatura
3247 2409 3290 2460 D
3306 2409 3359 2464 ei
3379 2427 3392 2477 ;
3419 2407 3577 2464 nulla
3595 2407 3722 2464 enim
3738 2407 3904 2463 creatu-

2351 2509 2418 2548 ra
2441 2495 2540 2549 Dei
2572 2495 2754 2564 mala,
2807 2495 3100 2550 nonnulla
3145 2502 3356 2552 autem
3415 2497 3652 2556 hominis
3695 2493 3900 2550 voluntas

2349 2581 2530 2637 mala.
2569 2583 2731 2642 Unde
2783 2583 2914 2638 luce
2945 2583 3163 2640 clarius
3213 2585 3517 2655 colligitur
3543 2583 3685 2660 quod
3701 2582 3906 2638 voluntas

2349 2671 2611 2728 hominis
2637 2677 2815 2748 atque
2849 2672 3095 2729 scientia
3125 2689 3244 2728 non
3281 2680 3432 2730 sunt
3468 2676 3588 2750 ejus
3640 2667 3901 2729 substantia.

2351 2759 2456 2814 sed
2495 2759 2657 2824 dona
2700 2761 2795 2816 Dei
2830 2761 3020 2817 indita
3067 2761 3366 2819 humanae
3398 2762 3731 2830 substantiae,
3774 2757 3821 2814 id
3847 2760 3905 2810 est

2350 2848 2566 2904 anima:
2597 2849 2868 2905 rationali
2896 2869 2908 2905 :
2943 2850 3164 2922 quibus
3198 2853 3245 2906 si
3267 2852 3434 2910 bene
3466 2869 3567 2910 usa
3589 2850 3748 2922 fuerit,
3773 2846 3905 2902 servat

2350 2942 2527 3010 atque
2555 2943 2806 2994 exornat
2843 2939 2904 2994 in
2955 2955 3016 2994 se
3061 2939 3402 3010 imaginem
3441 2947 3494 2999 et
3554 2937 3897 3000 Similitudinem

2352 3025 2478 3080 Dei:
2515 3025 2561 3080 si
2587 3031 2787 3081 autem
2805 3025 2886 3082 eis
2901 3026 3259 3102 voluptuose
3279 3031 3470 3091 abusa
3494 3029 3666 3100 fuerit,
3688 3021 3896 3109 quemad-

2348 3113 2599 3170 modum
2636 3120 2692 3171 et
2721 3115 2945 3171 cmteris
2978 3116 3154 3174 donis
3205 3121 3330 3183 Dei,
3387 3121 3661 3182 deformat
3707 3132 3806 3172 eam
3827 3129 3895 3168 ne-
3990 3137 3991 3150 ἦ

2347 3203 2540 3276 quiter
2565 3221 2634 3260 ac
2686 3205 2982 3278 deturpat.
3042 3207 3191 3267 Quid
3223 3210 3390 3266 enim
3442 3213 3571 3264 sunt
3598 3209 3794 3263 virtutes
3817 3197 3893 3255 nisi

2345 3292 2586 3350 habitus
2609 3300 2786 3370 atque
2819 3301 3064 3350 ornatus
3093 3297 3372 3356 rationali
3404 3300 3608 3356 animai
3630 3296 3794 3352 divino
3809 3306 3893 3348 muv

2345 3398 2486 3438 nere
2521 3383 2891 3438 contributus
2911 3384 2939 3439 ?
2969 3384 3110 3457 quid
3146 3402 3293 3444 vero
3324 3389 3484 3452 vitia.
3514 3387 3615 3444 nisi
3642 3385 3814 3445 animae
3838 3393 3893 3436 ra-

2349 3471 2603 3536 tionalis,
2630 3488 2665 3527 a
2697 3487 2836 3528 vero
2867 3478 2922 3528 et
2947 3489 3185 3530 summo
3201 3475 3370 3537 bono
3397 3494 3628 3550 averse,
3656 3472 3842 3534 auditas
3860 3469 3894 3525 et

2345 3560 2671 3633 turpitudo.

2415 3649 2471 3704 Si
2493 3649 2650 3712 enim
2683 3648 2826 3705 velle
2846 3648 3108 3710 hominis
3130 3656 3218 3708 est
3268 3655 3399 3731 ejus
3427 3652 3744 3722 substantia,
3767 3657 3895 3724 quam

2343 3735 2484 3792 dicit
2531 3737 2891 3809 Apostolus:
2943 3742 3100 3798 Deus
3137 3748 3222 3798 est
3265 3746 3420 3802 enim
3475 3746 3574 3823 qui
3612 3733 3893 3823 operatur?"

2346 3825 2504 3881 vobis
2537 3828 2686 3882 velle
2715 3834 2768 3883 et
2787 3831 3075 3904 perﬁcere
3096 3847 3208 3902 pro
3241 3831 3397 3892 bona
3426 3821 3894 3898 voluntatet'Philill'

2341 3931 2402 3984 ll.
2435 3920 2542 3980 13).
2576 3917 3096 3992 Profecto,quibus
3127 3920 3240 3978 ista
3261 3919 3502 3984 dicebat
3527 3913 3896 4002 Apostolusdatu

2343 4020 2520 4078 opere
2547 4005 2644 4062 Dei
2677 4006 2812 4066 facti
2851 4013 3038 4080 erant,
3069 4009 3197 4080 jam
3245 4011 3636 4076 substantiam
3656 3995 3894 4068 (assistendi

2343 4095 2676 4152 secundum
2709 4095 2978 4156 animam
3010 4103 3065 4154 et
3096 4114 3320 4172 corpus
3347 4103 3698 4173 acceperant.
3716 4095 3757 4154 Si
3775 4101 3894 4157 81⁵8ον

2346 4183 2576 4240 sicuttu
2603 4185 2770 4254 dicis,
2803 4187 3080 4248 voluntas
3104 4189 3369 4248 hominis
3395 4189 3642 4249 essentia
3665 4185 3788 4245 illius
3821 4180 3895 4238 est.

2343 4289 2527 4348 quam
2545 4275 2672 4348 jam
2700 4275 3027 4346 habebant,
3049 4279 3194 4354 quid
3221 4297 3470 4340 necesse
3497 4283 3615 4338 erat
3641 4282 3694 4334 ut
3712 4268 3900 4346 jamfac-

2343 4365 2466 4420 tam
2499 4363 2895 4424 substantiam
2921 4368 2979 4424 in
2999 4368 3084 4426 eis
3113 4377 3462 4444 operaretur
3483 4355 3898 4449 Οθυεφτωδεὶξίίφ

2343 4467 2480 4507 cum
2531 4453 2712 4512 verbo
2741 4457 3050 4528 praesentis
3101 4461 3388 4534 temporis
3445 4466 3627 4530 utens,
3655 4447 3901 4534 ostenderit

2341 4556 2462 4596 non
2494 4557 2555 4597 se
2580 4541 2653 4596 de
2681 4527 2974 4614 praeterito
3013 4551 3071 4601 et
3100 4547 3174 4601 de
3199 4527 3331 4620 jam
3376 4548 3530 4608 facta
3559 4527 3805 4604 matura.
3827 4527 3900 4590 Sed

2337 4631 2412 4686 de
2426 4629 2588 4688 dono
2614 4632 2884 4702 gratuitae
2907 4635 3132 4706 gratim,
3155 4637 3322 4709 quod
3349 4653 3579 4710 semper
3597 4635 3650 4695 in
3675 4624 3902 4710 nobisno-

2339 4717 2571 4776 minum
2599 4720 2834 4792 operari
2871 4705 3125 4780 necesse
3143 4705 3248 4790 est,
3278 4705 3542 4781 locutu‘m
3565 4705 3900 4779 fuisseillnde

2339 4811 2393 4862 et
2423 4806 2722 4885 Propheta
2741 4809 3096 4884 deprecatur
3117 4813 3322 4872 dicens
3347 4831 3360 4868 :
3390 4814 3506 4870 Cor
3535 4808 3787 4868 mundum
3806 4808 3898 4858 (ἔνθα

2337 4899 2397 4954 in
2426 4913 2534 4964 me,
2571 4900 2742 4956 Deus.
2778 4899 2887 4966 Qui
2923 4917 3060 4956 cum
3100 4902 3228 4974 jam
3267 4919 3371 4958 cor
3399 4906 3652 4958 creatum
3701 4889 3898 4978 habere?

2337 4991 2393 5041 et
2439 5001 2622 5057 quam
2679 4986 2758 5041 ob
2809 5004 3052 5046 causam
3103 4993 3428 5053 creandum
3475 4989 3742 5064 posceret,
3768 4987 3899 5038 mam-

2335 5073 2510 5130 festat
2537 5074 2952 5146 subjungens:
2989 5079 3063 5135 Et
3096 5082 3374 5150 spiritum
3425 5086 3638 5140 rectum
3661 5065 3897 5157 innovat?!

2337 5163 2654 5220 visceribus
2700 5167 2842 5222 meis
2872 5167 3058 5238 (Psal.
3097 5187 3150 5234 1.,
3207 5169 3314 5239 t2);
3374 5167 3474 5227 ubi
3525 5165 3762 5225 declarat
3803 5164 3897 5249 quia

2335 5252 2698 5313 creationem
2760 5271 2870 5328 pro
2936 5256 3322 5316 innovatione
3380 5255 3651 5330 posuerit,
3710 5261 3812 5321 qua
3847 5252 3897 5330 ως

2333 5342 2495 5412 diget
2557 5324 2801 5402 sanctus
2867 5345 3126 5418 quisque
3189 5324 3464 5424 quandiu
3518 5357 3733 5416 corpus.

2333 5434 2764 5502 corrumpitur,
2831 5443 3134 5506 aggravat
3207 5420 3505 5506 animum,
3569 5439 3620 5490 et
3681 5420 3896 5498 αθρνίηίί

2332 5525 2573 5578 terrena
2635 5523 2996 5582 inhabitatio
3045 5542 3276 5584 sensum
3347 5528 3536 5584 multa
3611 5517 3893 5590 εονίιωιιινκ

639 5609 657 5632 ⁶
687 5607 831 5675 Quae
859 5613 1192 5680 sequuntur
1221 5609 1337 5668 hac
1367 5614 1507 5668 sect.
1538 5616 1596 5668 et
1623 5629 1748 5690 seq.
1781 5614 2011 5688 integra
2041 5632 2165 5680 non
2198 5622 2338 5675 sunt
2365 5619 2428 5680 in
2458 5624 2641 5688 textu,
2681 5623 2786 5686 sed
2811 5624 2870 5691 in
2903 5626 3180 5700 margine
3205 5626 3407 5687 forsan
3427 5623 3637 5688 addita-
