4112 6184
262 146 401 216 4053

1138 108 1149 123 ‘
1204 143 1294 196 DE
1332 131 1991 211 pwnssrlNAnONs
2032 133 2308 207 contria
2342 140 2392 203 .1.
2434 141 2728 211 βροτω.

3530 160 3668 226 1954

206 260 215 261 ί
264 253 427 341 (δίη).
460 283 539 337 ix,
578 265 682 337 15).
716 264 794 341 Si,
825 265 1100 339 inquam,
1125 266 1370 322 scientia
1394 262 1655 321 hominis
1684 264 1771 315 est
1789 259 1919 329 ejus
1945 257 1995 312 A
2028 256 2219 350 litates
2274 267 2600 337 nascendo,
2636 272 2977 349 crescendo,
3021 274 3380 350 deﬁciendp,
3422 281 3678 349 mortem.

262 355 544 425 essentia,
590 369 778 433 quare
826 358 1029 410 monet
1076 354 1333 423 Jacobus
1382 351 1688 439 apostolus
1719 365 1852 405 eam
1885 364 1920 404 a

259 447 519 502 Domino
572 444 911 517 postulari?
941 445 1032 501 Ait
1066 445 1225 515 enim
1260 463 1272 500 :
1304 445 1371 501 Si
1417 445 1546 518 quis
1576 443 1798 512 indiget
1829 455 1918 495 sa-

253 538 515 607 pientia,
544 534 802 604 postulet
832 535 1004 590 illam
1034 549 1069 591 a
1102 536 1351 591 Domino
1378 536 1483 607 qui
1514 533 1617 588 dat
1649 530 1918 585 omnibus

257 626 611 696 afﬂuenter,
646 629 697 679 et
730 638 849 679 non
889 624 1279 694 improperat,
1310 630 1364 680 et
1408 622 1655 681 dabitur
1684 622 1738 677 ei
1765 621 1913 686 (Jac.

256 732 298 783 ι,
333 716 409 784 5).
446 717 511 769 Et
562 711 882 769 Psalmista
933 718 1142 769 exorat
1188 713 1393 769 dicens
1426 730 1437 767 :
1471 712 1811 769 Bonitatem
1863 714 1919 764 et

255 804 647 873 disciplinam
674 807 728 858 et
759 802 1067 858 scientiam
1093 803 1235 861 doce
1253 817 1346 859 me
1372 802 1555 874 (Psal.
1579 816 1771 869 cxvm,
1802 800 1915 866 66).

258 892 520 951 Stultum
550 896 639 946 est
670 890 830 947 enim
861 891 1032 964 quasi
1063 891 1479 965 accipiendum
1516 894 1713 964 petere
1751 886 1917 960 quod

250 984 387 1056 jam
439 982 756 1039 habeatur.
804 981 859 1036 Si
919 997 1062 1051 ergo
1109 981 1355 1041 scientia
1413 985 1502 1037 est
1547 979 1651 1036 tibi
1676 984 1913 1050 natura,

255 1089 450 1147 quare
482 1072 631 1145 petis
662 1076 726 1128 ut
752 1071 1018 1128 doceatis
1047 1076 1327 1128 naturam
1360 1077 1519 1128 tuam
1545 1072 1572 1127 7

333 1161 705 1233 Augustinus
730 1160 792 1216 in
820 1159 972 1216 libro
1002 1161 1459 1217 Confessionum
1484 1177 1584 1216 xui
1611 1160 1765 1229 (cap.
1786 1163 1802 1214 t
1822 1162 1870 1223 t)
1898 1177 1909 1214 :

260 1250 629 1323 [Trinitatem
661 1250 1138 1322 omnipotentem
1169 1250 1304 1322 quis
1356 1249 1671 1320 intelligit?
1693 1252 1749 1304 et
1776 1248 1913 1319 quis

259 1356 384 1396 non
431 1338 695 1411 loquitur
738 1354 897 1408 eam,
933 1338 1038 1394 sed
1066 1343 1268 1395 tamen
1310 1355 1446 1395 rara
1471 1340 1602 1411 [al.,
1636 1338 1684 1392 si
1710 1342 1914 1393 tamen

257 1444 398 1486 eam
420 1427 447 1481 ‘I
480 1426 777 1496 Rara.....]
808 1426 1035 1496 anima,
1066 1442 1201 1499 quae
1234 1428 1375 1482 lum
1406 1426 1480 1483 de
1501 1426 1602 1483 illa
1631 1425 1912 1498 loquitur,

258 1520 371 1573 scit
414 1515 579 1589 quod
604 1515 887 1588 loquitur.
922 1519 988 1571 Et
1024 1517 1394 1573 contendunt
1422 1521 1479 1571 et
1520 1515 1826 1582 dimicant,
1859 1519 1916 1569 et

257 1622 442 1662 nemo
474 1605 602 1660 sine
632 1620 781 1678 pace
829 1603 988 1661 videt
1036 1604 1215 1660 istam
1262 1604 1567 1661 visionem.
1602 1603 1819 1665 Vellem
1852 1608 1915 1658 ut
1943 1609 1987 1685 Β

256 1697 391 1751 haec
448 1694 559 1751 tria
614 1693 945 1764 cogitarent
989 1693 1264 1750 homines
1315 1694 1376 1753 in
1427 1693 1657 1766 seipsis.
1720 1696 1915 1762 Longe

256 1781 428 1841 aliud
458 1787 599 1838 sunt
629 1782 742 1837 ista
790 1781 902 1838 tria
953 1797 1141 1855 quam
1170 1781 1270 1839 illa
1318 1782 1569 1841 Trinitas
1597 1800 1608 1849 ;
1643 1781 1750 1837 sed
1780 1782 1914 1836 dico

256 1873 367 1928 ubi
413 1887 477 1927 se
525 1875 844 1926 exerceant
899 1875 953 1925 et
1001 1870 1279 1943 probent,
1322 1874 1381 1927 et
1421 1870 1675 1933 sentiant
1728 1886 1913 1942 quam

255 1962 440 2031 longe
472 1960 565 2015 sit.
598 1960 736 2015 Ilico
766 1964 968 2016 autem
994 1959 1119 2016 haec
1149 1960 1260 2016 tria
1289 1977 1302 2015 :
1336 1975 1488 2028 esse,
1518 1976 1718 2029 nosse,
1742 1958 1910 2015 velle.

260 2054 408 2107 Sum
437 2050 619 2119 enim,
652 2054 709 2105 et
734 2049 893 2112 novi,
926 2054 983 2105 et
1007 2049 1144 2106 volo
1169 2067 1181 2105 :
1216 2066 1351 2106 sum
1370 2050 1566 2106 sciens
1597 2054 1656 2105 et
1684 2048 1910 2115 volens,

259 2147 321 2196 et
348 2140 470 2195 scio
503 2156 632 2199 esse
656 2155 775 2207 me,
804 2143 861 2195 et
906 2138 1055 2195 velle
1084 2157 1099 2209 ;
1128 2144 1187 2195 et
1212 2138 1350 2195 volo
1378 2155 1530 2207 esse,
1556 2142 1614 2195 et
1645 2139 1817 2204 seire.
1851 2142 1913 2197 ω

260 2230 356 2285 his
382 2229 561 2299 igitur
590 2228 782 2284 tribus
806 2245 993 2301 quam
1040 2229 1115 2285 sit
1161 2228 1579 2302 inseparabilis
1632 2243 1754 2285 una
1783 2229 1911 2299 [al.,

262 2319 423 2390 vita},
457 2323 513 2374 et
542 2334 663 2374 una
687 2317 828 2383 vita,
864 2322 920 2373 et
954 2334 1077 2374 una
1124 2334 1315 2384 mens,
1343 2324 1399 2375 et
1451 2334 1574 2377 una
1632 2317 1910 2384 essentia,

258 2425 448 2481 quam
477 2408 737 2480 denique
782 2407 1202 2480 inseparabilis
1250 2408 1570 2479 distinctio,
1601 2413 1657 2464 et
1708 2412 1912 2467 tamen

258 2497 581 2563 distinctio,
616 2496 814 2551 videat
844 2496 949 2569 qui
1000 2501 1212 2569 potest.
1241 2498 1405 2552 Certe
1437 2513 1642 2553 coram
1675 2512 1735 2552 se
1774 2500 1860 2553 est
1896 2515 1909 2563 ;

256 2586 527 2642 attendat
559 2585 619 2641 in
650 2601 713 2640 se
765 2590 824 2641 et
865 2585 1059 2641 videat
1096 2590 1153 2641 et
1194 2586 1353 2642 dieat
1403 2586 1570 2642 mihi.
1606 2585 1717 2642 Sed
1772 2602 1910 2641 eum

255 2675 550 2731 invenerit
582 2674 643 2729 in
698 2674 790 2729 his
819 2674 1044 2746 aliquid
1074 2680 1129 2729 et
1153 2674 1383 2741 dixerit,
1409 2691 1529 2731 non
1555 2675 1680 2746 jam
1712 2691 1776 2729 se
1806 2690 1913 2746 pu-

256 2770 339 2820 tet
372 2764 675 2819 invenisse
705 2762 852 2819 illud
876 2763 1043 2835 quod
1092 2779 1276 2835 supra
1306 2764 1420 2819 ista
1457 2768 1544 2820 est
1573 2763 1909 2820 incommu-

258 2852 458 2909 tabile.
488 2852 656 2924 quod
684 2856 773 2907 est
825 2852 1414 2923 incommutabiliter,
1442 2857 1502 2913 et
1545 2853 1653 2908 scit
1679 2852 1909 2910 incom-

2029 348 2128 419 do,
2164 352 2269 407 sed
2297 355 2477 412 etiam
2503 357 2664 439 ipsas
2695 362 2927 418 animas
2948 380 3055 436 per
3083 348 3373 435 affectum
3412 348 3677 439 diversa-

2027 454 2161 496 rum
2192 434 2569 513 voluntatum
2597 448 2850 519 distepdi
2909 434 3088 524 atque
3127 434 3399 523 discindi,
3426 434 3679 517 cumvi-

2028 528 2215 627 dea‘tis
2243 531 2518 589 homines
2548 540 2605 591 et
2632 539 2935 613 percipere
2978 557 3158 617 posse
3216 545 3594 627 sapientiam,
3629 550 3677 606 si

2028 633 2087 672 se
2115 618 2269 675 illius
2299 621 2416 677 luci
2442 627 2497 679 et
2523 625 2705 683 calori
2722 620 3116 709 admoverint,
3133 618 3473 695 etamittere
3495 618 3676 717 posse

2028 710 2408 781 sapientiam,
2445 713 2491 768 si
2523 715 2660 771 inde
2687 718 2849 774 malo
2876 720 3091 777 affectu
3123 710 3503 783 recesserint:
3528 730 3674 786 Cum

2024 797 2277 854 videatis
2308 818 2449 868 ergo
2480 806 2591 860 ista
2621 807 2825 864 omnia
2856 825 2983 865 esse
3009 812 3359 869 mutabilia:
3391 815 3540 889 quid
3567 824 3673 886 est,

2024 888 2189 983 quod
2221 896 2328 983 est,
2380 892 2510 983 nisi
2546 896 2711 968 quod
2766 900 3128 969 transcendit
3169 888 3562 983 omnia,quaa
3594 907 3676 963 sic

2027 980 2167 1031 sunt
2196 982 2259 1032 ut
2297 995 2418 1035 non
2468 981 2625 1052 sint.]
2650 985 2691 1054 -ξ-
2722 987 2933 1041 Verum
2976 992 3038 1042 tu
3084 988 3161 1044 ad
3187 980 3674 1057 confirmandum

2023 1066 2184 1139 quod
2214 1067 2451 1124 dixeras
2478 1075 2856 1155 prosequeris
2890 1075 3311 1149 multiplicibus
3335 1083 3391 1136 et
3419 1080 3587 1145 dicis.

2589 1195 2826 1239 JOANXES
2874 1198 3104 1247 βροτω.

2096 1286 2262 1353 (Cap.
2297 1286 2350 1350 4,
2398 1298 2564 1349 num.
2598 1291 2651 1348 7,
2684 1291 2822 1345 sect.
2860 1289 2936 1357 6.)
2967 1294 3006 1341 Θ
3038 1289 3194 1356 Quid
3246 1308 3386 1363 ergo
3434 1298 3711 1364 primus~

2024 1372 2196 1429 homo
2246 1372 2454 1428 habuit
2500 1381 2643 1433 ante
2683 1383 2993 1445 peccatum
3023 1380 3183 1451 quod
3230 1383 3493 1451 perdidit
3540 1391 3673 1455 post

2018 1466 2330 1529 peccatum
2357 1466 2385 1515 ?
2411 1462 2545 1517 Non
2595 1465 2750 1521 enim
2781 1466 2980 1522 adhuc
3030 1468 3284 1527 habebat
3330 1473 3513 1529 vitam
3542 1473 3674 1533 bea-

2026 1554 2167 1615 tam,
2197 1564 2331 1619 quia
2361 1552 2415 1606 ei
2437 1552 2755 1611 tribuenda
2790 1555 3015 1623 fuerat,
3046 1559 3099 1613 si
3142 1566 3501 1628 praeceptum
3550 1577 3672 1619 ser-

2026 1644 2212 1701 varet.
2244 1639 2316 1695 Si
2336 1640 2668 1699 dixerimus
2702 1643 2946 1705 liberam
2981 1648 3367 1715 voluntatem,
3410 1651 3675 1719 perdidit

2025 1728 2215 1797 igitur
2243 1744 2413 1793 suam
2462 1737 2768 1801 naturam,
2789 1734 2843 1789 si
2871 1741 3065 1797 autem
3115 1739 3275 1795 ratio
3302 1739 3502 1796 edocet
3534 1742 3673 1797 nul-

2024 1818 2145 1881 lam
2191 1825 2477 1883 naturam
2516 1836 2689 1889 posse
2720 1824 2944 1891 perire,
2967 1825 3357 1893 prohibemur
3382 1829 3579 1886 dicere
3605 1830 3674 1885 li-

2025 1906 2223 1969 beram
2300 1910 2668 1971 voluntatem
2730 1912 3077 1980 perdidisse,
3133 1931 3264 1986 qua?
3313 1918 3442 1973 sine
3489 1918 3672 1975 dubio

2023 1995 2437 2063 substantialis
2495 2004 2579 2055 est
2606 2014 2629 2054 ,ο
2677 2015 2797 2057 non
2837 2003 2994 2059 enim
3043 2004 3106 2059 in
3158 2003 3395 2061 homnine
3442 2007 3672 2061 ereavit

2024 2088 2179 2143 Deus
2224 2086 2591 2147 voluntatem
2634 2090 2960 2158 ,eaptivam,
2988 2092 3091 2149 sed
3140 2093 3410 2163 liberam,
3442 2108 3573 2165 quae
3602 2094 3671 2149 li-

2025 2173 2219 2234 bertas
2241 2180 2377 2243 post
2400 2182 2711 2243 peceatum
2740 2180 3046 2241 remansit.

2092 2265 2134 2333 -ι-
2164 2266 2231 2321 Et
2263 2269 2399 2335 post
2428 2279 2628 2336 pauca
2660 2283 2673 2320 :

2091 2353 2288 2421 (Num.
2324 2354 2400 2423 8.)
2422 2357 2461 2406 Θ
2487 2354 2581 2409 An
2611 2356 2772 2424 forte
2792 2357 2997 2416 liberae
3027 2358 3356 2416 voluntatis
3409 2361 3671 2431 vigorem

2015 2446 2502 2513 potestatemque,
2535 2458 2654 2514 qua
2675 2445 2806 2501 sola
2852 2450 3048 2514 potuit
3078 2448 3378 2515 custodire
3416 2463 3674 2519 pracep-

2022 2537 2168 2594 tum,
2192 2532 2246 2587 si
2272 2533 2468 2595 vellet,
2496 2534 2798 2601 peccando
2827 2536 3200 2604 perdidit,ac
3225 2552 3336 2606 per
3364 2538 3475 2597 hoc
3504 2541 3673 2608 vigor

2018 2624 2075 2677 el
2102 2625 2364 2687 potestas
2394 2620 2570 2677 liberi
2597 2623 2840 2679 arbitrii
2865 2639 2986 2681 non
3010 2631 3143 2691 erat
3171 2626 3235 2679 in
3262 2626 3456 2693 primo
3488 2626 3673 2682 homi-

2020 2724 2095 2765 ne
2138 2724 2216 2766 ear
2268 2710 2626 2779 substantia,
2658 2712 2760 2767 sed
2783 2727 2859 2768 ea:
2890 2714 3192 2769 Creatoris
3218 2716 3424 2783 gratia
3443 2714 3471 2771 ἳ
3502 2715 3674 2783 Quod

2020 2813 2303 2868 magnum
2325 2815 2542 2857 manus
2569 2802 2789 2867 amisit,
2813 2803 2971 2857 male
2994 2807 3165 2858 utens
3187 2803 3374 2859 libero
3401 2805 3674 2860 volunta-

2020 2890 2096 2943 tis
2122 2888 2416 2946 arbitrio:
2448 2891 2645 2947 noluit
2687 2891 2842 2949 enim
2869 2892 3074 2959 facere
3114 2893 3275 2961 quod
3315 2894 3528 2960 potuit,
3562 2892 3672 2948 hoc

480 2940 531 2951 ..
966 2940 977 2951 .
1384 2942 1435 2953 ..
2404 2940 2415 2943 -
3116 2940 3269 2961 νη
3315 2940 3528 2960 rw“,
3562 2940 3665 2948 -ηυ

257 2940 646 3049 Tibtib???
669 2946 753 3049 ἒξ
774 2940 1661 3049 .Vl‘}l.§“fﬂ‘3t?“‘9’?_"lt_er5ft
1694 2946 1908 3049 ιῗ¹¹ῗ⁰¹¹³
1941 2957 1984 3016 (³
2019 2983 2104 3032 εει
2142 2978 2494 3034 mandatum
2545 2980 2843 3034 custodire
2888 2980 3048 3049 quod
3082 2986 3217 3048 post
3266 2995 3521 3049 peccans
3551 2997 3671 3035 ηοη

256 3035 503 3102 propter
526 3030 637 3084 tria
668 3030 793 3086 haec
824 3034 881 3085 et
902 3029 980 3085 ibi
1012 3030 1291 3098 Trinitas;
1318 3046 1394 3086 an
1419 3031 1481 3086 in
1514 3030 1763 3100 singulis
1782 3036 1909 3087 meo

256 3119 392 3187 tria,
424 3124 488 3175 ut
508 3119 616 3174 tria
644 3119 770 3190 [al.,
802 3119 989 3190 terna]
1021 3119 1397 3189 singulorum
1416 3122 1557 3183 sint,
1578 3136 1656 3176 an
1685 3124 1912 3176 utrum-

255 3224 379 3281 que
413 3208 573 3263 miris
604 3208 798 3263 modis
828 3208 1173 3281 simpliciter
1200 3214 1256 3264 et
1311 3208 1731 3281 multipliciter,
1775 3207 1910 3269 inﬁ-

262 3297 395 3351 nito
424 3297 482 3350 in
511 3313 572 3350 se
616 3297 728 3353 sibi
756 3297 877 3353 ﬁne
928 3313 1052 3369 quo
1082 3303 1189 3363 est,
1224 3302 1280 3353 et
1312 3298 1421 3353 sibi
1470 3302 1683 3353 notum
1710 3303 1818 3363 est,
1852 3301 1913 3353 et

270 3383 387 3439 sibi
410 3383 616 3440 sufﬁcit
646 3385 1210 3442 incommutabiliter
1233 3387 1497 3459 idipsum
1516 3388 1766 3459 copiosa
1789 3386 1914 3443 uni-

265 3472 402 3549 tatis
461 3475 894 3545 magnitudine,
935 3477 1069 3548 quis
1130 3476 1299 3531 facile
1358 3476 1724 3547 cogitaverit,
1778 3476 1914 3548 quis

261 3562 384 3639 ullo
438 3564 622 3619 modo
681 3564 941 3619 dixerit?
970 3565 1105 3647 quis
1152 3566 1420 3637 quolibet
1462 3565 1645 3622 modo
1696 3571 1914 3637 temere

256 3652 731 3729 pronuntiaverit
750 3654 776 3707 ‘?

236 3746 241 3750 ’
330 3741 371 3810 -ξ-
407 3739 565 3795 idem
601 3742 968 3809 Augustinus
996 3742 1055 3797 in
1089 3759 1364 3799 sermone
1402 3744 1477 3803 de
1530 3744 1723 3800 verbis
1757 3748 1911 3816 Apo-

258 3829 393 3891 stoli
422 3849 432 3883 :
468 3831 642 3901 [Cum
671 3833 821 3886 enim
855 3847 1105 3887 essemus
1133 3835 1191 3887 iu
1220 3849 1420 3899 carne,
1452 3837 1754 3901 passiones
1782 3849 1913 3902 pee-

257 3926 554 3993 catorum,
590 3936 720 3990 qum
774 3936 883 3990 per
940 3923 1118 3991 legem
1180 3928 1339 3995 sunt,
1386 3924 1795 3992 opera/matur
1852 3926 1912 3978 in

255 4011 534 4073 ηρρηκΙηιιῖς
568 4011 804 4073 nostris,
850 4018 913 4065 ut
940 4013 1208 4082 fructum
1237 4013 1470 4083 ferrent
1517 4013 1697 4075 morti
1726 4011 1908 4081 (Rom.

256 4114 361 4161 vix,
393 4103 462 4169 ὅ).
496 4098 603 4164 Qui
637 4116 800 4173 ergo,
834 4117 955 4155 non
982 4101 1124 4172 quia
1180 4100 1411 4169 venisti,
1449 4101 1525 4155 ad
1556 4106 1605 4156 te
1639 4101 1815 4171 venit,
1845 4100 1911 4154 li-

254 4186 429 4241 berat
462 4193 534 4249 te,
571 4188 670 4241 ubi
706 4192 757 4243 te
789 4189 1013 4244 invenit
1044 4189 1450 4244 venundatum
1482 4188 1594 4243 sub
1643 4195 1908 4261 peccato,

2020 3071 2208 3134 potest
2237 3068 2289 3122 si
2319 3067 2478 3134 velit,
2510 3068 2564 3133 si
2588 3068 2790 3136 gratia
2815 3082 2934 3121 non
2954 3069 3205 3135 juverit.

2685 3197 3007 3237 CORRECTIO.

2094 3300 2135 3383 τὶ·
2167 3298 2392 3381 Quibus
2419 3297 2514 3357 die
2543 3297 2591 3361 is
2618 3302 2918 3383 quantum
2946 3299 3149 3369 gratiae
3180 3299 3455 3375 dei-eges,
3488 3314 3670 3381 quan-

2022 3393 2104 3457 .d.0
2135 3388 2270 3462 plus
2293 3388 2454 3459 justo
2484 3392 2714 3449 natura:
2761 3388 3057 3465 attribuis,
3104 3389 3244 3455 satis
3289 3388 3490 3445 claret.
3526 3390 3675 3453 Nam

2026 3480 2281 3553 dicendo
2310 3480 2362 3533 si
2389 3479 2634 3547 liberam
2662 3480 3029 3546 voluntatem
3077 3479 3365 3549 perdidit,
3410 3478 3676 3548 perdidit

2020 3586 2193 3641 suam
2251 3575 2559 3643 naturam,
2619 3567 2835 3637 falsum
2862 3572 2999 3633 est;
3048 3568 3340 3640 quoniam
3402 3567 3677 3635 voluntas

2024 3675 2146 3715 non
2175 3662 2260 3713 est
2284 3658 2641 3726 uatura,sed
2660 3657 2737 3712 ab
2765 3661 3005 3713 auctore
3026 3662 3255 3712 natura:
3281 3657 3478 3725 insita.
3506 3654 3678 3729 Quod

2024 3764 2166 3809 vero
2199 3746 2393 3817 addis,
2424 3747 2661 3815 pullam
2694 3752 2977 3811 naturam
3025 3760 3195 3816 posse
3221 3747 3442 3819 perire,
3468 3749 3525 3805 et
3564 3744 3677 3798 hoc

2023 3837 2245 3895 falsum
2278 3841 2364 3891 est
2397 3853 2408 3890 :
2457 3836 2750 3901 sententia
2779 3836 2938 3901 enim
2969 3836 3241 3903 omnium
3293 3839 3677 3897 tractatorum

2026 3926 2316 3993 Ecclesiae,
2345 3930 2447 3979 aut
2492 3940 2643 3995 pene
2694 3926 2988 4001 omnium,
3019 3923 3079 3979 in
3129 3922 3243 3976 hoc
3292 3921 3385 3987 vel
3414 3921 3677 3987 maxime

2026 4013 2136 4070 sibi
2169 4012 2512 4081 concordat,
2532 4012 2698 4083 quod
2734 4011 2930 4069 omnis
2960 4015 3229 4066 creatura
3262 4009 3361 4077 Dei
3391 4024 3463 4062 ex
3492 4006 3677 4073 nihilo

2026 4102 2201 4165 facta,
2236 4101 2457 4173 partim
2508 4116 2695 4169 manu
2731 4098 3063 4165 Conditoris
3093 4100 3172 4154 ita
3200 4098 3276 4165 sit
3306 4096 3581 4163 solidata,
3613 4100 3678 4157 ut

2024 4207 2340 4265 nunquam
2372 4190 2573 4265 perire
2593 4189 2816 4263 possit;
2851 4188 3065 4267 partim
3120 4204 3261 4253 vero
3310 4187 3372 4245 in
3423 4185 3677 4255 nihilum

247 4276 557 4347 iacentem
616 4277 674 4331 in
732 4282 983 4339 mortem
1038 4278 1212 4355 primi
1266 4279 1544 4349 hominis,
1580 4279 1911 4349 trahentem
1941 4308 1987 4364 ι)
2026 4280 2376 4357 resolvatur,
2409 4279 2468 4336 id
2499 4282 2585 4334 est
2610 4278 2895 4351 quaedam
2951 4282 3011 4332 ut
3058 4278 3213 4339 facta
3269 4281 3407 4337 sunt
3438 4290 3676 4355 perma-

253 4372 574 4437 peecatum
606 4367 779 4437 primi
814 4366 1094 4441 hominis,
1124 4367 1449 4422 habentem
1482 4372 1713 4433 reatum
1747 4376 1911 4439 ante-
1948 4373 1957 4381 ⁴

250 4450 445 4529 quam
497 4454 717 4511 habere
748 4472 957 4541 posses
987 4456 1298 4513 arbitrium
1328 4474 1340 4511 :
1365 4473 1501 4526 ecce
1533 4457 1635 4531 ubi
1668 4463 1720 4513 te
1752 4458 1913 4512 inve-

253 4544 362 4619 nit,
410 4544 732 4621 guandum
788 4546 1108 4619 parvulum
1164 4546 1402 4617 invenit,
1464 4546 1577 4619 Sed
1627 4546 1915 4621 parvulus

254 4638 433 4693 {etate
465 4635 937 4703 excessisti,ecce
969 4635 1431 4710 crevisti,primo
1453 4642 1699 4713 peccato
1726 4635 1916 4703 multa

258 4721 564 4799 addidisti,
595 4722 791 4791 legem
822 4723 1122 4797 accepisti,
1151 4724 1572 4799 praevaricator
1602 4725 1908 4781 exstitisti:

266 4809 382 4875 Sed
410 4810 528 4867 noli
561 4828 691 4870 esse
725 4812 1032 4881 sollicitus,
1067 4813 1171 4869 ubi
1196 4812 1527 4877 abundavit
1583 4819 1912 4887 peccatum,

258 4897 592 4969 abundavit
624 4898 746 4975 [al.,
779 4902 1289 4973 superabundavit
1317 4902 1391 4973 et]
1416 4904 1619 4971 gratia
1651 4904 1912 4973 (Rom.v,

252 4990 366 5063 20).
397 4992 439 5060 4,-
469 4990 635 5046 Idem
666 4991 723 5046 in
777 4992 1099 5062 Evangelio
1148 4990 1307 5047 beati
1333 4990 1580 5047 Joannis
1638 5008 1914 5063 sermone

250 5080 482 5161 (Tract.
510 5095 548 5134 u
576 5082 637 5135 in
667 5082 867 5153 Joan.)
898 5082 969 5139 In
997 5081 1299 5153 principio
1347 5087 1476 5153 erat
1538 5081 1808 5155 Verbum,
1850 5081 1915 5151 Id

247 5169 459 5248 ipsum
485 5168 701 5225 eodem
755 5169 939 5227 modo
968 5175 1075 5239 est,
1108 5170 1191 5225 sic
1238 5174 1345 5239 est,
1399 5186 1638 5244 semper
1687 5171 1770 5226 sic
1802 5175 1911 5242 est,

246 5258 477 5331 mutari
508 5274 630 5333 non
652 5264 866 5337 potest.
898 5260 1013 5319 hoc
1040 5264 1145 5328 est,
1171 5260 1325 5333 Deus
1356 5266 1467 5329 est,
1495 5261 1661 5334 quod
1691 5278 1914 5335 nomen

249 5364 437 5421 suum
486 5348 632 5403 dixit
679 5347 909 5405 famulo
937 5365 1048 5407 suo
1078 5349 1219 5423 Mosi
1247 5367 1260 5403 :
1294 5350 1424 5423 Ego
1471 5366 1600 5409 sum
1633 5351 1739 5421 qui
1760 5366 1913 5423 sum,

249 5446 305 5511 (ξι
338 5440 501 5509 misit
533 5455 623 5495 me
653 5442 759 5512 qui
781 5447 863 5497 est
924 5440 1127 5507 Exod.
1160 5458 1240 5511 tu,
1280 5442 1386 5509 14).
1418 5440 1563 5506 Quis
1613 5455 1753 5509 ergo
1798 5441 1912 5503 hoc

249 5530 495 5603 capiet?
545 5534 692 5591 Cum
724 5532 976 5590 videatis
1033 5532 1239 5601 omnia
1270 5530 1548 5599 mortalia
1575 5532 1907 5603 mutabilia,

250 5638 397 5687 cum
423 5621 673 5689 videatis
702 5639 824 5691 non
852 5623 1048 5691 solum
1086 5638 1342 5699 corners
1370 5621 1588 5697 variari
1634 5639 1741 5696 per
1764 5641 1910 5698 sse-

2026 4376 2225 4435 neant,
2246 4369 2529 4444 quaedam
2551 4369 2610 4425 in
2639 4368 2852 4437 melius
2874 4367 3313 4437 commutanda
3334 4370 3680 4445 exspecten-

2026 4466 2140 4529 tur,
2172 4460 2451 4537 quaedam
2484 4475 2625 4516 vero
2671 4459 2910 4537 penitus
2963 4456 3243 4523 deﬁciant
3273 4462 3338 4523 ut
3366 4471 3491 4525 non
3536 4455 3676 4521 sint.

2026 4556 2105 4605 Ac
2154 4566 2260 4621 per
2306 4549 2420 4604 hoc
2473 4548 2664 4603 multo
2716 4547 2926 4615 melius
2958 4551 3014 4602 et
3058 4545 3401 4613 credibilius
3449 4544 3677 4611 diceres

2024 4638 2188 4712 qqu
2220 4642 2444 4694 certum
2474 4637 2548 4695 sit
2576 4636 2799 4707 nullam
2828 4636 3181 4705 rationalem
3208 4637 3547 4705 creaturam
3578 4647 3679 4704 pe-

2024 4728 2137 4784 rire
2167 4742 2343 4801 posse
2372 4744 2385 4795 ;
2416 4727 2568 4781 sicut
2623 4729 2867 4793 sanctus
2920 4724 3315 4796 Hieronymus
3339 4723 3398 4789 in
3432 4720 3678 4794 Exposi-

2026 4816 2184 4881 tione
2213 4815 2374 4885 beati
2401 4815 2567 4883 Pauli
2591 4813 2848 4889 apostoli
2870 4812 2950 4870 ad
2970 4813 3203 4869 Galatas
3234 4811 3376 4877 dicit
3407 4813 3559 4882 (cap.
3579 4811 3674 4883 v):

2025 4906 2159 4977 [Qui
2196 4904 2359 4969 enim
2386 4904 2575 4974 diligit
2622 4904 2993 4981 quempiam,
3026 4917 3265 4979 semper
3292 4902 3353 4969 in
3386 4901 3517 4972 ejus
3550 4899 3677 4957 feli-

2024 4996 2196 5069 citate
2227 4995 2478 5065 laetatur,
2510 4999 2566 5050 et
2594 4994 2643 5055 ,si
2672 5010 2814 5055 eum
2844 4992 3057 5061 viderit
3091 4991 3295 5066 aliquo
3343 5008 3541 5061 errore
3573 4991 3678 5047 de-

2025 5092 2286 5160 ceptum,
2319 5090 2375 5153 et
2399 5088 2782 5161 peccatorum
2808 5082 3038 5152 lubrico
3069 5082 3425 5152 concidisse,
3452 5081 3678 5151 dolebit

2024 5176 2268 5249 quidem
2302 5180 2358 5231 et
2386 5190 2591 5241 eruere
2620 5172 2921 5241 festinabit
2954 5189 2967 5239 ;
2999 5172 3103 5239 sed
3136 5188 3259 5235 non
3288 5171 3503 5247 poterit
3526 5186 3678 5241 3a“-

2024 5266 2191 5335 dium
2242 5269 2475 5337 mutare
2526 5264 2771 5331 tristitia,
2803 5264 2998 5333 sciens
3022 5261 3254 5333 nullam
3291 5258 3678 5327 rationalium

2023 5362 2435 5425 Creaturarum
2462 5354 2627 5428 apud
2655 5356 2841 5425 Deum
2887 5354 3079 5428 perire
3109 5350 3419 5425 perpetuo]
3442 5350 3483 5423 .1-
3515 5347 3675 5407 Idem

2021 5446 2083 5511 in
2126 5447 2566 5515 Commentario
2617 5445 2867 5513 Matthaei
2895 5452 3049 5516 (cap.
3086 5448 3158 5499 vn)
3195 5442 3553 5513 :[liespicite
3579 5456 3677 5498 vo-

2022 5537 2221 5599 latilia
2252 5536 2407 5605 caeli,
2450 5536 2734 5606 quoniam
2786 5550 2906 5601 non
2948 5539 3175 5603 serunt,
3204 5545 3394 5603 neque
3419 5535 3673 5598 metunt,

2006 5639 2197 5697 neque
2217 5632 2583 5697 congregant
2609 5627 2672 5693 te
2704 5624 2941 5695 horrea.
2993 5627 3049 5687 et
3094 5623 3249 5695 Deus
3308 5625 3508 5693 pascit
3564 5621 3676 5685 tua
