4098 6176
479 164 617 218 1055

1563 165 1618 219 8.
1661 164 2029 220 PRUDENTll
2068 163 2444 222 TRECENSIS
2485 165 2796 223 EPISCOPI

3764 168 3905 221 {056

479 285 722 366 (Matth.
770 302 852 350 v1,
909 287 1018 356 26).
1080 284 1432 357 Simpliciter
1489 302 1630 358 ergo
1682 286 2120 358 accipiendum,
2153 290 2201 342 A
2234 288 2340 344 sed
2370 305 2509 345 cum
2551 305 2730 346 carne
2781 304 2904 344 non
2951 287 3220 354 moritur,
3252 285 3612 355 hominum;
3649 286 3912 360 spiritus

477 375 644 448 quod
699 374 747 429 si
787 373 1046 430 volatilia
1096 375 1326 448 absque
1384 393 1528 432 cura
1572 380 1629 432 et
1666 375 1971 445 aerumnis,
2023 377 2125 432 Dei

480 462 721 518 aluntur
748 462 1144 535 providentia,
1176 479 1315 536 quae
1365 463 1544 521 hodie
1575 469 1715 520 sunt
1757 469 1815 521 et
1842 481 1974 520 cras
2001 480 2126 521 non

474 555 668 621 erunt,
719 566 980 624 quorum
1025 553 1230 610 anima
1281 554 1550 610 mortalis
1588 559 1697 621 est,
1730 559 1788 611 et
1825 570 1964 611 cum
1993 571 2124 612 esse

473 639 851 706 cessaverint,
911 656 1149 716 semper
1200 657 1322 697 non
1381 646 1593 698 erunt:
1647 647 1874 716 quanto
1929 643 2126 714 magis

471 725 771 796 homines,
815 727 1036 800 quibus
1090 730 1388 786 aeternitas
1434 730 1880 803 repromittitur,
1909 731 2011 787 Dei
2038 746 2126 787 re-

472 821 694 888 gantur
721 815 1014 888 arbitrio.]

542 905 564 928 '
597 904 936 975 Fulgentius
965 906 1027 962 in
1056 906 1208 963 libro
1238 907 1316 964 ad
1349 911 1582 964 Petrum
1615 907 1688 964 de
1717 908 1836 965 ﬁde
1872 926 1883 965 :
1917 910 2124 982 [Quos-

472 992 617 1049 dam
673 993 854 1063 igitur
901 995 1140 1067 spiritus
1187 995 1268 1051 sic
1320 1000 1470 1052 Deus
1514 997 1734 1054 creavit
1786 1001 1849 1053 ut
1889 1013 2125 1070 semper

472 1087 688 1148 essent,
739 1084 1041 1156 quosdam
1085 1101 1229 1141 vero
1274 1101 1405 1142 esse
1463 1086 1704 1158 spiritus
1754 1087 2124 1160 quandoque

473 1171 854 1244 desinerent.]
884 1175 926 1243 σι-
957 1176 1023 1228 Et
1050 1179 1189 1246 post
1243 1174 1432 1231 multa
1465 1194 1476 1230 :
1508 1176 1733 1246 [Cseteri
1779 1192 1920 1232 vero
1953 1177 2123 1248 spiri-

478 1264 574 1318 tus
598 1262 873 1318 omnium
906 1263 1281 1330 animalium,
1333 1263 1556 1336 quibus
1585 1280 1709 1320 non
1757 1269 1849 1321 est
1897 1265 2122 1321 intelle-

474 1354 606 1406 ctus
659 1351 911 1423 quidam
963 1367 1172 1407 eorum
1202 1352 1276 1408 de
1329 1356 1504 1420 terra,
1530 1353 1780 1425 quidam
1828 1354 1902 1409 de
1951 1354 2123 1426 aquis

473 1439 764 1509 originem
813 1439 1060 1496 ducunt.
1096 1442 1176 1495 De
1207 1442 1379 1514 aquis
1410 1442 1566 1498 enim
1603 1447 1744 1497 sunt
1788 1442 2020 1516 reptilia
2068 1447 2124 1498 et

472 1529 756 1598 volatilia,
812 1530 886 1584 de
936 1536 1092 1586 terra
1148 1546 1290 1586 vero
1341 1531 1624 1603 quaedam
1677 1549 1812 1604 quae
1865 1536 2120 1604 reptant,

474 1617 759 1689 quaedam
785 1634 922 1674 vero
970 1635 1105 1690 quas
1160 1619 1513 1690 gradiuntur
1539 1624 1743 1676 exorta
1775 1626 1910 1676 sunt
1946 1638 1958 1676 :
1993 1626 2121 1677 tan-
2154 1642 2194 1697 Β

475 1705 581 1761 diu
635 1707 875 1778 spiritus
904 1713 1043 1763 sunt
1069 1708 1341 1780 quandiu
1388 1709 1449 1764 in
1481 1710 1834 1781 corporibus
1889 1711 2118 1766 vivunt.

475 1795 692 1850 Anima
723 1796 947 1868 quippe
975 1813 1111 1868 quae
1140 1797 1387 1853 rationis
1415 1814 1609 1870 capax
1657 1798 1940 1855 divinitus
1966 1798 2123 1855 facta

472 1899 598 1939 non
624 1889 734 1954 est,
757 1901 893 1938 cum
923 1901 1100 1940 carne
1132 1902 1241 1941 sua
1270 1890 1326 1942 et
1344 1886 1550 1959 incipit
1578 1892 1634 1942 et
1663 1888 1877 1943 desinit
1900 1887 2118 1955 vivere,

472 1972 621 2044 quia
645 1973 894 2045 quando
913 1974 1145 2046 corpori
1173 1974 1356 2031 vitam
1379 1991 1500 2031 non
1528 1975 1749 2043 tribuit,
1765 1981 1821 2032 et
1841 1977 1974 2048 ipsa
1999 1992 2122 2032 non

471 2060 632 2117 vivit.
665 2065 854 2133 Atque
901 2063 981 2117 ita
1029 2063 1180 2118 miro
1214 2063 1394 2119 modo
1423 2080 1563 2120 cum
1608 2064 1773 2120 omni
1802 2065 1967 2120 carni
1994 2065 2121 2120 ani-

471 2165 575 2205 ma
622 2148 864 2205 vivendi
909 2150 982 2205 sit
1023 2167 1226 2217 causa,
1273 2151 1512 2223 spiritus
1541 2157 1742 2208 tamen
1766 2152 2124 2209 irrationalis

471 2237 684 2294 tandiu
704 2238 843 2294 vivit
869 2239 1140 2311 quandiu
1184 2241 1244 2295 in
1276 2257 1454 2297 carne
1485 2257 1730 2296 manere
1760 2241 2038 2314 potuerit,
2069 2245 2125 2297 et

471 2326 620 2383 dum
651 2343 686 2382 a
717 2344 897 2384 carne
929 2345 1040 2384 sua
1072 2334 1405 2401 separatur,
1437 2333 1792 2387 extenuatur
1819 2332 1950 2402 [al.,
1996 2347 2124 2386 exs-

471 2415 802 2489 tinguitur].
837 2421 920 2472 lta
973 2416 1040 2473 ﬁt.
1071 2423 1134 2473 ut
1165 2435 1301 2474 cum
1332 2419 1460 2491 ipse
1511 2419 1630 2476 vita
1659 2420 1854 2476 carnis
1880 2436 2001 2475 suae
2029 2419 2120 2487 sit,

475 2504 666 2560 vivere
686 2505 814 2578 ipse
841 2511 1101 2579 nequeat
1122 2508 1370 2580 quando
1393 2508 1575 2564 vitam
1603 2508 1768 2563 carni
1789 2508 2122 2564 ministrare

472 2593 606 2664 [al.,
635 2593 1110 2667 subministrare]
1140 2595 1444 2652 destiterit.
1496 2599 1562 2652 Et
1617 2599 1665 2651 si
1713 2613 1837 2652 non
1887 2596 1958 2651 sit
1984 2612 2123 2652 caro

472 2682 568 2737 cui
594 2681 776 2739 vitam
806 2683 950 2739 dare
978 2683 1194 2747 valeat,
1226 2685 1354 2756 ipse
1378 2700 1622 2757 quoque
1669 2701 1804 2741 eam
1851 2685 2124 2757 protinus

470 2784 595 2826 non
623 2769 887 2828 habebit.
922 2772 1059 2828 Ideo
1089 2788 1200 2827 nec
1253 2773 1551 2828 aeternitas
1615 2772 2124 2829 irrationabilihus

471 2859 777 2932 spiritibus
807 2861 949 2916 data
974 2866 1082 2931 est,
1113 2877 1223 2916 nec
1254 2861 1501 2934 aliquod
1529 2862 1614 2918 eis
1648 2862 1943 2934 judicium
1968 2877 2122 2936 prae-

423 2965 428 2972 ·
468 2952 734 3022 paratur,
763 2948 826 3004 in
855 2964 976 3020 quo
1002 2950 1086 3004 eis
1133 2949 1227 3005 vel
1282 2949 1592 3007 beatitudo
1636 2967 1746 3024 pro
1803 2950 1999 3019 bonis,
2032 2951 2123 3007 vel

467 3036 778 3094 damnatio
808 3053 918 3111 pro
965 3038 1139 3095 malis
1186 3039 1473 3096 reddatur
1524 3040 1826 3112 operibus.
1861 3040 1999 3096 Ideo
2023 3056 2125 3096 au-

467 3132 589 3183 tem
618 3125 679 3181 in
709 3125 792 3182 eis
820 3127 986 3184 nulla
1014 3144 1268 3201 operum
1296 3128 1578 3185 discretio
1610 3129 1949 3202 requiritur,
1983 3129 2126 3202 quia

467 3215 700 3271 nullam
748 3216 1114 3288 intelligendi
1165 3216 1510 3276 facultatem
1552 3217 1832 3274 divinitus
1882 3233 2126 3291 accepe-

466 3307 626 3358 runt.
652 3304 971 3376 Propterea
995 3306 1174 3375 igitur
1203 3320 1412 3360 eorum
1444 3321 1698 3378 corpora
1718 3310 2126 3362 resurrectura

467 3405 593 3446 non
638 3397 794 3457 sunt,
827 3393 974 3464 quia
1023 3409 1134 3448 nec
1190 3393 1336 3465 ipsis
1394 3394 1714 3450 animabus
1767 3410 1976 3450 eorum
2023 3399 2127 3450 aut

469 3477 722 3548 aequitas
782 3483 885 3534 aut
936 3479 1220 3550 iniquitas
1271 3480 1398 3550 fuit,
1447 3499 1556 3554 pro
1603 3498 1726 3554 qua
1774 3482 1857 3538 eis
1899 3487 2126 3539 reterna

469 3563 562 3618 vel
591 3563 903 3620 beatitudo
935 3566 1007 3620 sit
1054 3566 1373 3623 tribuenda
1401 3569 1495 3624 vel
1533 3570 1760 3642 poena]
1785 3572 1826 3641 -ι-
1856 3571 2013 3627 Beda
2062 3572 2125 3628 in

471 3652 680 3708 Genesi
714 3669 727 3706 :

541 3741 814 3812 [Cunctis
843 3743 1045 3799 diebus
1077 3750 1254 3802 terra?
1281 3749 1554 3803 sementis
1584 3755 1637 3804 et
1674 3751 1889 3807 messis.
1923 3751 2122 3822 frigus

467 3835 524 3887 et
555 3837 732 3887 aestus
747 3845 772 3904 ,'
800 3839 976 3889 testas
1001 3839 1058 3890 et
1090 3835 1316 3907 hyems,
1342 3852 1464 3893 no.7:
1514 3843 1570 3894 et
1598 3838 1720 3895 dies
1751 3856 1868 3896 non
1892 3840 2119 3911 requie-

464 3925 628 3976 scent
683 3921 847 3990 (Gen.
880 3938 1004 3991 vni,
1035 3925 1145 3995 22).
1195 3927 1342 3982 Cum
1391 3925 1552 3982 enim
1597 3926 1844 3984 dixisset
1891 3929 2122 3984 cunctis

467 4009 671 4065 diebus
720 4026 863 4066 mox
908 4012 1138 4069 addidit
1168 4021 1364 4078 terrae.
1396 4019 1461 4070 ut
1507 4015 1863 4086 intelligeres
1893 4017 2121 4072 cunctis

466 4095 700 4159 diebus,
733 4097 954 4170 quibus
985 4105 1139 4157 terra
1168 4102 1528 4157 modernum
1576 4104 1855 4159 habitura
1886 4109 1974 4159 est
2001 4109 2120 4158 sta-

466 4188 598 4239 tum
629 4199 872 4240 securos
901 4187 1178 4243 homines
1211 4189 1289 4244 ab
1319 4190 1546 4262 impetu
1586 4191 1939 4247 universalis
1969 4191 2121 4246 dilu-

465 4271 547 4326 vii
588 4287 720 4328 esse
771 4273 1008 4330 debere.
1043 4279 1159 4331 Nec
1203 4281 1404 4332 tamen
1452 4278 1796 4333 defuturum
1856 4285 2114 4351 tempus,

466 4360 718 4432 quando
749 4369 1020 4420 cessante
1067 4365 1180 4420 hac
1209 4364 1540 4421 labentium
1588 4382 1789 4422 rerum
1820 4367 2116 4423 vicissitu-

465 4447 624 4518 dine,
658 4466 794 4523 quaa
825 4453 1138 4509 annuatim
1170 4455 1392 4526 geritur
1421 4454 1582 4510 orbis
1634 4455 1949 4511 universus
1979 4473 2120 4514 cum

465 4539 875 4597 animantibus
907 4542 980 4598 sit
1009 4543 1145 4612 igne
1175 4542 1516 4615 periturus]

535 4631 578 4701 σιο
607 4629 669 4686 In
701 4631 916 4688 eodem
948 4632 1133 4688 Beda:
1159 4631 1407 4704 [Idcirco
1435 4633 1681 4707 requirit
1702 4637 1855 4690 Deus
1885 4635 2119 4692 animas

462 4717 781 4776 hominum
805 4738 840 4778 a
860 4721 1065 4778 bestiis
1087 4722 1182 4778 vel
1203 4721 1548 4779 hominibus
1578 4740 1614 4780 a
1642 4723 1864 4797 quibus
1885 4724 2120 4783 fuerant

464 4805 741 4876 effugatee
768 4810 842 4864 de
865 4827 1136 4885 corpore,
1159 4813 1304 4885 quia
1325 4813 1406 4868 ad
1426 4813 1746 4884 imaginem
1776 4830 1945 4871 suam
1972 4816 2116 4884 fecit

466 4891 759 4950 hominem
791 4897 958 4966 (Gen.
979 4915 1017 4964 ι,
1040 4902 1153 4971 26),
1184 4901 1245 4956 in
1275 4917 1346 4956 eo
1377 4901 1543 4973 quod
1572 4902 1734 4958 hunc
1764 4919 2009 4959 manere
2039 4903 2118 4960 ad

464 4981 851 5038 aeternitatem
896 4987 1101 5053 voluit,
1136 5004 1330 5061 neque
1374 4989 1451 5046 ad
1502 4990 1949 5048 similitudinem
1995 4993 2120 5048 ani-

464 5067 762 5123 mantium
793 5087 929 5128 cum
960 5077 1226 5147 corporis
1256 5081 1444 5134 morte
1472 5079 1710 5151 perire.]
1731 5081 1774 5149 -ι-
1804 5081 2117 5148 Gregorius

464 5153 851 5226 Dialogorum
897 5159 1000 5218 lib.
1035 5179 1092 5217 iv
1121 5164 1274 5234 (cap.
1310 5166 1362 5237 3)
1396 5183 1408 5220 :
1444 5167 1587 5223 Tres
1635 5168 1858 5240 quippe
1908 5166 2117 5223 vitales

464 5243 707 5317 spiritus
739 5248 962 5305 creavit
991 5251 1371 5322 omnipotens
1391 5255 1567 5322 Deus,
1588 5271 1778 5311 unum
1803 5256 1908 5328 qui
1937 5271 2116 5312 carne

463 5349 588 5389 non
617 5335 854 5406 tegitur,
873 5337 1059 5394 alium
1090 5339 1194 5411 qui
1224 5356 1402 5396 carne
1433 5343 1668 5411 tegitur,
1689 5343 1795 5398 sed
1823 5358 1946 5400 non
1978 5361 2116 5401 cum

464 5437 644 5479 carne
675 5425 959 5494 moritur;
992 5428 1230 5483 tertium
1261 5429 1366 5500 qui
1396 5445 1575 5485 carne
1605 5430 1837 5501 tegitur,
1873 5437 1931 5488 et
1977 5449 2116 5488 cum

463 5527 642 5568 carne
691 5514 987 5572 moritur:
1021 5515 1262 5590 spiritus
1310 5533 1576 5591 namque
1629 5525 1736 5588 est,
1782 5520 1886 5594 qui
1933 5537 2111 5578 carne

461 5616 586 5660 non
615 5602 854 5676 tegitur,
870 5606 1258 5679 angelorum:
1285 5606 1524 5682 spiritus
1544 5608 1648 5683 qui
1669 5623 1847 5668 carne
1875 5611 2111 5684 tegitur,

2233 377 2336 449 qui
2368 393 2546 434 carne
2594 378 2828 448 tegitur,
2861 381 2918 433 et
2948 393 3086 432 cum
3136 391 3315 431 carne
3355 377 3628 443 moritur,
3658 377 3916 449 jumen-

2233 470 2431 523 torum
2462 469 2856 540 omniumque
2887 466 3203 522 brutorum
3236 465 3644 538 animalium.)

2304 605 2345 672 -ἰ-
2377 603 2549 668 Quod
2578 618 2720 658 vero
2752 601 2956 658 addis:
2979 601 3381 658 Prohibemur
3409 602 3607 659 dicere
3640 603 3912 660 liberam

2232 694 2599 750 voluntatem
2623 694 2975 764 perdidisse,
3010 697 3065 748 et
3113 691 3228 747 hoc
3260 691 3480 748 falsum
3511 708 3648 749 esse
3678 693 3910 750 beatus

2231 781 2600 851 Augustinus
2646 781 2969 852 redarguit,
3001 781 3169 854 quod
3216 785 3274 836 et
3322 797 3507 854 supra
3548 782 3908 854 posuimus,

2231 887 2371 927 cum
2399 870 2569 927 dicit:
2605 870 2834 943 [Libero
2865 869 3108 926 arbitrio
3143 869 3302 926 male
3332 874 3507 926 utens
3533 871 3727 927 homo
3761 877 3822 928 et
3841 889 3908 929 se

2229 959 2489 1033 perdidit
2517 964 2572 1016 et
2599 959 2847 1032 ipsum.]
2877 959 3050 1025 Quod
3079 958 3227 1015 dixit
3255 966 3309 1016 et
3340 959 3537 1029 ipsum
3598 961 3906 1022 subaudi-

2231 1053 2326 1104 tur
2367 1049 2622 1105 liberum
2653 1048 3002 1116 arbitrium;
3030 1047 3290 1120 perdidit
3317 1063 3461 1117 ergo
3508 1047 3776 1106 liberum
3807 1065 3907 1107 ar-

2230 1139 2495 1206 bitrium,
2525 1138 2585 1194 id
2617 1144 2704 1194 est
2731 1138 3063 1194 libertatem
3092 1136 3419 1193 voluntatis
3450 1138 3531 1194 ad
3560 1138 3710 1195 boni
3741 1139 3902 1196 elec-

2230 1229 2474 1297 tionem,
2505 1243 2630 1283 non
2659 1231 2860 1283 autem
2889 1225 3148 1299 perdidit
3188 1225 3525 1283 libertatem
3571 1227 3901 1285 voluntatis

2230 1317 2309 1374 ad
2331 1317 2472 1374 mali
2494 1317 2842 1373 electionem
2868 1333 2937 1372 ac
2964 1316 3493 1388 perpetrationem,
3522 1317 3671 1390 quia
3700 1318 3808 1390 qui
3834 1335 3900 1373 se

2230 1412 2478 1480 peccato
2521 1406 2846 1462 voluntarie
2895 1404 3180 1475 subdidit,
3213 1420 3610 1478 nequaquam
3654 1407 3716 1462 in
3765 1409 3898 1479 ejus

2230 1499 2541 1568 potestate,
2577 1494 2684 1550 sed
2733 1495 2794 1550 in
2843 1495 3004 1550 dono
3051 1493 3252 1562 gratiae
3280 1495 3634 1567 permansit,
3667 1499 3732 1550 ut
3761 1497 3896 1566 ejus

2230 1584 2617 1657 inspiratione
2646 1585 2877 1639 bonum
2907 1583 3082 1640 vellet
3111 1588 3166 1639 et
3194 1584 3446 1656 posset.]
3468 1586 3509 1654 -ξ-
3539 1587 3657 1640 Hoc
3687 1585 3893 1657 ipsum

2231 1674 2441 1728 edocet
2467 1673 2596 1744 ipse
2625 1673 2687 1729 in
2717 1671 2970 1744 epistola
2998 1672 3077 1728 ad
3108 1672 3385 1742 Vitalem,
3415 1673 3497 1728 ita
3523 1673 3850 1729 enuntians
3876 1691 3890 1728 :

2233 1762 2382 1834 [Non
2415 1766 2501 1816 est
2526 1762 2703 1833 igitur
2732 1762 2924 1831 gratia
2952 1761 3055 1818 Dei
3083 1763 3145 1816 in
3175 1767 3390 1818 natura
3431 1761 3593 1816 liberi
3622 1761 3881 1826 arbitrii,

2231 1855 2286 1906 et
2316 1851 2379 1906 in
2403 1850 2532 1920 lege
2563 1855 2742 1922 atque
2773 1851 3062 1917 doctrina,
3096 1850 3250 1906 sicut
3284 1849 3584 1918 Pelagiana
3631 1865 3875 1921 perver-

2231 1941 2371 1995 sitas
2404 1939 2643 2012 desipit,
2671 1939 2774 1994 sed
2805 1939 2882 1995 ad
2909 1939 3180 2010 singulos
3206 1943 3361 1994 actus
3384 1938 3553 1995 datur
3581 1937 3742 1993 illius
3772 1954 3885 1992 vo-

2229 2027 2565 2096 luntate,de
2587 2044 2708 2100 quo
2730 2028 3037 2100 scriptum:
3057 2029 3338 2085 Pluviam
3365 2028 3771 2083 voluntariam
3805 2041 3892 2083 se-

2229 2133 2485 2188 gregans
2505 2119 2662 2174 Deus
2693 2117 3032 2173 haereditati
3051 2123 3167 2173 tuae
3189 2117 3377 2187 (Psat.
3403 2131 3569 2184 van,
3595 2116 3688 2183 10;
3716 2117 3888 2170 Rom.

2228 2222 2329 2276 vn,
2370 2207 2471 2278 12).
2505 2206 2655 2272 Quia
2681 2209 2737 2261 et
2764 2205 3019 2261 liberum
3050 2205 3364 2262 arbitrium
3393 2204 3473 2261 ad
3515 2203 3891 2272 diligendum

2230 2298 2418 2352 Deum
2447 2297 2623 2368 primi
2649 2296 2877 2367 peccati
2909 2295 3247 2365 granditate
3277 2294 3680 2367 perdidimus,
3710 2299 3767 2350 et
3800 2294 3894 2350 lex

2231 2387 2342 2441 Dei
2381 2391 2560 2457 atque
2606 2385 2883 2441 doctrina
2925 2385 3198 2456 quamvis
3249 2391 3483 2453 sancta,
3515 2389 3571 2440 et
3615 2386 3795 2453 justa
3840 2389 3892 2438 et

2233 2475 2406 2541 bona,
2455 2480 2654 2530 tamen
2687 2473 2905 2529 occidit
2947 2476 2999 2529 si
3045 2489 3165 2529 non
3198 2474 3455 2541 viviﬁcet
3510 2473 3768 2542 spiritus
3796 2472 3812 2540 (
3831 2473 3882 2526 II

2234 2563 2372 2618 Cor.
2404 2577 2486 2625 ιιι,
2519 2563 2596 2634 6),
2630 2578 2736 2635 per
2765 2578 2947 2634 quem
2975 2561 3040 2618 ﬁt
3061 2577 3206 2630 non,
3241 2565 3306 2618 ut
3333 2560 3661 2628 audiendo,
3698 2561 3807 2617 sed
3837 2567 3889 2615 ut

2233 2651 2593 2720 obediendo,
2624 2667 2820 2723 neque
2865 2656 2929 2706 ut
2969 2651 3241 2717 lectione,
3289 2651 3395 2706 sed
3441 2654 3509 2706 ut
3553 2650 3876 2711 dilectione,

2233 2744 2544 2796 teneamur
2573 2739 2702 2810 (aL,
2737 2739 3043 2810 teneatur].
3079 2741 3454 2812 Quapropter
3497 2741 3561 2794 ut
3590 2738 3653 2793 in
3709 2741 3885 2793 Deum

2232 2828 2550 2884 credamus
2577 2833 2634 2884 et
2660 2827 2758 2901 pie
2785 2827 3080 2895 vivamus,
3111 2844 3230 2884 non
3262 2829 3513 2884 volentis
3538 2842 3736 2898 neque
3763 2842 3891 2882 cur-

2232 2919 2440 2988 rentis,
2488 2918 2592 2974 sed
2622 2919 2960 2974 miserantis
3003 2924 3085 2974 est
3135 2918 3245 2973 Dei
3273 2917 3462 2988 (Rom.
3495 2932 3572 2984 ix,
3610 2916 3737 2983 16);
3769 2931 3889 2970 non

2232 3007 2377 3078 quia
2407 3006 2553 3063 velle
2584 3022 2706 3063 non
2737 3006 3030 3062 debemus
3059 3011 3115 3062 et
3144 3022 3399 3072 currere,
3433 3005 3538 3061 sed
3589 3005 3734 3079 quia
3762 3007 3890 3073 ipse

2233 3095 2296 3151 in
2321 3095 2509 3163 nobis,
2538 3101 2593 3152 et
2621 3095 2774 3152 velle
2803 3101 3089 3164 operatur
3117 3102 3173 3152 et
3199 3110 3444 3152 cun'ere
3471 3095 3658 3165 (Phil.
3685 3109 3741 3160 ιι,
3772 3096 3876 3161 13).

2233 3185 2274 3254 -ξ-
2304 3183 2677 3256 Astipulante
2708 3187 2916 3239 sancto
2948 3183 3172 3239 Isidoro
3205 3183 3330 3255 qui,
3363 3183 3437 3239 de
3471 3183 3662 3240 Gratia
3695 3181 3789 3235 Dei
3819 3186 3881 3235 et

2234 3271 2442 3328 Libero
2474 3272 2728 3329 Arbitrio
2760 3272 3076 3345 disputans
3124 3273 3234 3344 (De
3280 3273 3637 3342 di/ferentiis
3692 3270 3789 3326 lib.
3817 3285 3886 3338 ιι,

2233 3377 2366 3431 cap.
2397 3364 2509 3433 32),
2549 3363 2708 3418 hanc
2738 3360 3137 3418 differentiam
3167 3361 3489 3434 expedivit.

2303 3494 2479 3564 [Inter
2535 3493 2738 3562 gratiae
2809 3493 3026 3548 divinae
3101 3492 3460 3549 infusionem
3522 3498 3581 3548 et
3635 3492 3899 3550 humani

2232 3583 2458 3640 arbitrii
2513 3583 2885 3639 voluntatem
2940 3583 3054 3638 hoc
3111 3582 3396 3639 interest:
3431 3583 3748 3638 arbitrium
3808 3589 3900 3639 est

2231 3673 2507 3729 voluntas
2546 3672 2748 3728 liberae
2792 3672 3122 3745 potestatis,
3154 3688 3290 3743 quae
3322 3687 3430 3743 per
3461 3688 3521 3727 se
3553 3678 3772 3744 sponte
3807 3672 3901 3728 vel

2230 3761 2396 3816 bona
2452 3759 2542 3816 vel
2598 3759 2761 3816 mala
2815 3765 3092 3833 appetere
3145 3764 3356 3832 potest.
3432 3759 3628 3816 Gratia
3686 3764 3899 3816 autem

2231 3855 2319 3906 est
2368 3849 2585 3906 divinae
2637 3849 3057 3905 misericordia!
3106 3849 3430 3919 gratuitum
3477 3848 3732 3915 donum,
3787 3865 3902 3921 per

2229 3939 2395 4013 quod
2427 3943 2484 3995 et
2513 3939 2688 3994 bonae
2714 3938 3037 3994 voluntatis
3067 3939 3298 3994 initium
3349 3942 3405 3994 et
3451 3939 3650 4010 operis
3697 3954 3900 3994 mere-

2229 4045 2366 4084 mur
2395 4027 2691 4084 effectum.
2729 4028 2936 4084 Divina
2963 4028 3189 4100 quippe
3221 4027 3410 4098 gratia
3440 4031 3549 4091 est,
3580 4043 3708 4099 qua
3735 4043 3900 4098 prae-

2227 4119 2461 4174 venitur
2503 4118 2688 4174 homo
2739 4122 2804 4172 ut
2848 4117 3047 4172 bonus
3092 4117 3184 4184 sit,
3221 4131 3331 4172 nec
3360 4117 3702 4172 humanum
3735 4115 3902 4172 arbi-

2229 4206 2407 4261 trium
2438 4205 2538 4260 Dei
2570 4205 2823 4274 gratiam
2855 4203 3187 4270 antecedit;
3221 4204 3326 4259 sed
3356 4205 3488 4276 ipsa
3535 4203 3728 4273 gratia
3793 4204 3902 4260 Dei

2228 4292 2532 4349 nolentem
2561 4292 2870 4348 hominem
2902 4292 3209 4364 praevenit,
3241 4296 3306 4347 ut
3333 4292 3513 4347 etiam
3542 4290 3700 4347 bene
3729 4291 3902 4349 velit.

2230 4384 2379 4436 Nam
2409 4379 2674 4453 pondere
2720 4381 2916 4435 carnis
2963 4380 3148 4436 homo
3199 4380 3283 4435 sic
3313 4380 3510 4450 agitur
3553 4385 3617 4435 ut
3644 4379 3725 4435 ad
3752 4395 3908 4452 pec-

2229 4471 2492 4525 candum
2543 4468 2589 4524 si
2641 4468 2887 4538 fragilis,
2923 4469 3159 4540 tepidus
3206 4468 3282 4524 ad
3331 4469 3463 4540 (aL,
3497 4469 3575 4524 ad
3605 4471 3906 4542 praevari-

2229 4557 2494 4614 candum
2529 4557 2603 4613 sit
2630 4556 2839 4626 facilis,
2875 4557 3080 4613 tardus
3126 4557 3224 4626 ad,
3274 4557 3411 4629 etc.]
3441 4556 3903 4630 paenitendum.

2227 4647 2413 4702 Habet
2443 4646 2516 4701 de
2549 4662 2614 4703 se
2643 4645 2806 4702 unde
2836 4650 3095 4711 corruat,
3115 4650 3171 4702 et
3199 4661 3322 4701 non
3351 4646 3536 4702 habet
3562 4645 3726 4702 unde
3745 4663 3905 4704 con-

2227 4740 2451 4806 surgat,
2483 4734 2598 4790 nisi
2628 4735 2819 4805 gratia
2846 4733 3202 4806 Conditoris,
3226 4739 3288 4790 ut
3315 4735 3597 4805 erigatur,
3631 4750 3904 4794 manum

2221 4823 2560 4896 jacentibus
2583 4823 2805 4880 tendat.
2828 4823 3090 4895 Denique
3111 4822 3343 4879 homini
3367 4839 3476 4896 per
3503 4824 3604 4879 Dei
3629 4825 3903 4893 gratiam

2223 4911 2479 4968 liberum
2527 4916 2894 4968 restauratur
2936 4911 3269 4981 arbitrium,
3301 4912 3469 4986 quod
3515 4913 3753 4985 primus
3786 4914 3906 4970 bo-

2225 5017 2327 5056 mo
2370 4999 2733 5072 perdiderat.
2792 5004 2939 5056 Nam
2983 4999 3077 5055 ille
3129 4999 3339 5056 habuit
3372 5000 3699 5056 inchoandi
3741 5000 3906 5059 boni

2221 5087 2479 5144 liberum
2509 5088 2845 5155 arbitrium,
2865 5087 3031 5160 quod
3060 5092 3261 5143 tamen
3294 5088 3393 5144 Dei
3427 5088 3729 5159 adjutorio
3758 5106 3908 5162 per-

2223 5175 2516 5231 ﬁceretur.
2551 5177 2666 5230 Nos
2696 5191 2838 5231 vero
2868 5179 2924 5231 et
2969 5174 3412 5231 inchoationem
3440 5175 3610 5231 liberi
3658 5177 3906 5236 arbitrii

2225 5267 2283 5318 et
2323 5261 2750 5335 perfectionem
2799 5261 2873 5317 de
2914 5262 3014 5317 Dei
3057 5261 3354 5318 sumimus
3403 5263 3612 5332 gratia.
3649 5263 3808 5329 Quia
3843 5275 3904 5322 et

2225 5349 2484 5422 incipere
2536 5353 2593 5405 et
2634 5349 2919 5422 perﬁcere
2947 5349 3180 5406 bonum
3210 5349 3285 5406 de
3331 5350 3464 5423 ipso
3491 5350 3824 5418 habemus,
3864 5371 3905 5411 a

2225 5453 2349 5509 quo
2376 5442 2432 5492 et
2460 5437 2664 5507 gratiae
2680 5437 2910 5493 donum
2940 5437 3169 5502 datum,
3196 5443 3252 5494 et
3279 5438 3535 5494 liberum
3567 5439 3898 5498 arbitrium

2229 5524 2288 5578 in
2316 5524 2492 5579 nobis
2513 5529 2603 5580 est
2623 5530 3041 5580 restauratum.
3065 5525 3160 5580 Dei
3181 5531 3269 5581 est
3289 5542 3432 5596 ergo
3458 5526 3688 5582 donum
3717 5529 3898 5600 quod

2229 5611 2466 5682 agimus
2506 5618 2750 5686 propter
2794 5613 3051 5684 gratiam
3098 5615 3561 5690 praevenientem
3590 5621 3650 5672 et
3676 5616 3900 5683 subse-
