4098 6176
232 204 253 255 l
263 199 368 254 057

1164 194 1255 248 DE
1293 187 1953 248 PREDESTINATIONE
1989 186 2272 248 CONTRA
2309 193 2359 247 J.
2406 186 2707 250 SCOTUM.

3509 195 3651 254 1058

225 325 529 395 quentem.
573 321 856 375 Nostrum
879 331 1020 372 vero
1050 320 1138 372 est
1165 321 1408 390 propter
1450 316 1883 390 obsequentem
1917 321 1964 372 Α
1995 315 2224 372 homini
2254 318 2596 389 negotiatio,
2630 317 2748 375 alio
2777 320 3044 390 tempore
3075 315 3281 373 militia
3336 316 3549 390 placet.
3584 322 3651 378 Et

221 409 394 465 liberi
417 405 648 464 arbitrii
676 405 1073 461 voluntatem.
1097 407 1247 459 Nam
1280 404 1330 459 si
1357 404 1457 459 Dei
1486 419 1609 460 non
1641 411 1751 473 est,
1784 419 1890 460 cur
1995 404 2184 461 multa
2211 405 2444 464 similia.

223 499 276 555 ei
297 497 526 568 gratias
553 495 791 565 agimus
809 494 837 550 ?
859 495 926 549 Et
957 493 1007 548 si
1035 497 1309 549 nostrum
1331 509 1454 549 non
1476 497 1582 558 est,
1607 509 1712 549 cur
1730 492 1891 549 retri-

2067 494 2240 558 Quod
2260 495 2499 552 subdis:
2531 497 2667 552 Non
2690 495 2845 552 enim
2874 495 2938 550 in
2963 495 3198 552 homine
3234 497 3461 553 creavit
3493 499 3651 555 Deus

224 585 455 642 tionem
485 583 789 640 bonorum
844 596 1096 653 operum
1141 581 1604 653 exspectamus?
1634 579 1889 636 Proinde
1997 583 2362 640 voluntatem
2389 586 2708 654 captivam,
2766 583 2868 641 sed
2919 584 3207 640 liberam:
3245 601 3377 656 qua
3405 587 3650 646 libertas

224 689 372 743 ergo
402 674 466 729 in
497 688 569 728 eo
621 670 785 744 quod
830 669 1017 739 gratia
1068 668 1484 742 praeveiiimur,
1518 669 1617 724 Dei
1665 674 1784 735 est;
1828 667 1889 722 in
1988 678 2125 741 post
2161 681 2476 742 peccatum
2507 676 2814 744 remansit,
2863 679 2920 730 et
2960 674 3075 730 hoc
3117 674 3338 732 falsum
3363 682 3470 733 est.
3502 677 3653 740 Quia

227 779 302 819 eo
328 777 474 818 vero
503 761 669 834 quod
697 759 852 814 bene
899 757 1207 831 operando
1255 754 1406 830 [al..,
1443 757 1521 812 ab
1563 757 1715 812 bene
1745 771 1888 829 ope-

227 851 520 923 randum]
568 847 1032 922 praevenientem
1090 846 1314 916 gatiam
1369 846 1696 919 sequimur,
1755 861 1892 900 nos-

233 947 393 998 trum
423 945 530 996 est.
565 942 747 995 Nemo
778 940 978 992 autem
1012 939 1196 991 Deum
1232 935 1453 990 meritis
1486 934 1798 998 antecedit,
1828 937 1892 989 ut

231 1035 432 1087 tenere
489 1045 628 1085 eum
685 1026 858 1100 quasi
919 1025 1252 1081 debitorem
1314 1024 1520 1097 possit.
1566 1023 1680 1080 Sed
1736 1024 1888 1079 miro

226 1119 414 1175 modo
464 1133 675 1189 aequus
732 1114 1017 1170 omnibus
1068 1112 1369 1182 Conditor,
1400 1111 1548 1168 alios
1586 1111 1890 1184 praedesti-

223 1206 434 1263 nando
460 1204 783 1278 praeelegit,
808 1203 958 1259 alios
986 1218 1128 1258 vero
1160 1202 1218 1257 in
1252 1202 1372 1257 suis
1392 1202 1594 1274 pravis
1616 1200 1887 1256 moribus

216 1291 383 1362 justo
406 1292 639 1364 judicio
679 1291 1055 1363 derelinquit.
1092 1290 1254 1346 Unde
1287 1291 1418 1361 [al.,
1467 1289 1624 1360 inde]
1657 1288 1889 1343 verissi-

223 1398 396 1436 mum
448 1383 652 1453 gratim
684 1397 906 1438 munus
936 1397 1058 1436 non
1107 1397 1178 1436 ex
1233 1380 1502 1435 humana
1532 1378 1762 1444 virtute,
1794 1377 1886 1434 vel

223 1470 438 1526 merito
466 1470 692 1526 arbitrii
721 1470 1029 1542 consequi,
1054 1469 1159 1524 sed
1191 1468 1376 1524 solius
1407 1467 1624 1522 divinae
1652 1465 1886 1538 pietatis

221 1558 492 1615 bonitate
521 1559 746 1629 largiri.
781 1559 1034 1624 Quidam
1068 1558 1225 1612 enim
1255 1556 1436 1628 gratis
1463 1555 1882 1611 misericordias

1996 765 2152 818 Deus
2181 763 2450 820 animam
2502 763 2752 821 liberam
2802 764 3019 820 creavit
3061 763 3234 836 eique
3282 765 3649 825 voluntatem

1995 849 2210 906 indidit
2262 851 2534 918 liberam,
2592 869 2716 909 non
2799 853 3138 926 captivam:
3191 869 3378 926 quam
3427 860 3650 924 tamen,

1996 939 2056 995 in
2083 939 2341 995 deterius
2362 939 2757 1007 deﬂectendo,
2787 942 2917 1013 ipsa
2941 943 3146 999 anima
3187 941 3323 1000 fecit
3353 960 3481 1001 esse
3511 961 3650 1020 cap-

1995 1028 2180 1084 tivam
2207 1047 2220 1096 ;
2251 1028 2396 1101 quia
2424 1029 2695 1086 videlicet
2725 1045 2864 1085 cum
2895 1031 3192 1101 adjutorio
3223 1032 3425 1102 gratim
3447 1039 3651 1108 posset

1995 1133 2130 1173 eam
2157 1123 2352 1174 tenere
2372 1117 2644 1185 liberam,
2670 1118 2717 1172 si
2749 1123 3047 1190 praecepto
3075 1120 3404 1177 Conditoris
3432 1122 3651 1180 libera-

1993 1209 2124 1264 liter
2152 1207 2395 1264 obedire
2442 1207 2634 1274 vellet,
2685 1207 2901 1264 maIuit
2958 1207 3290 1264 damnabili
3340 1213 3650 1270 aversione

1995 1313 2102 1370 per
2156 1296 2625 1354 inobedientiam
2686 1297 3036 1352 venundare
3099 1296 3363 1366 diabolo,
3426 1317 3462 1358 a
3527 1317 3650 1374 quo

1994 1385 2277 1457 deinceps
2328 1386 2564 1457 captiva
2603 1390 2917 1452 teneretur,
2969 1401 3038 1441 ac
3077 1400 3184 1457 per
3239 1386 3354 1443 hoc
3408 1387 3543 1461 ipsa
3589 1406 3651 1447 se

1993 1476 2294 1546 captivam
2345 1474 2498 1536 fecit,
2533 1490 2668 1546 quae
2720 1473 3010 1542 vendidit,
3059 1489 3186 1530 non
3213 1476 3516 1543 Conditor,
3545 1478 3651 1552 qui

1991 1561 2243 1618 liberam
2270 1560 2490 1617 creavit
2521 1578 2534 1616 :
2581 1561 2836 1634 perdidit
2866 1577 3009 1633 ergo
3060 1577 3185 1618 non
3228 1563 3648 1633 substantiam,

225 1648 358 1718 ejus
407 1648 538 1720 [al.,
587 1647 1006 1718 gratissimae...
1068 1646 1217 1718 ejus,
1279 1644 1412 1720 etc,]
1466 1644 1884 1718 praevenientis
1917 1669 1961 1722 Β
1994 1651 2100 1706 sed
2128 1651 2461 1707 libertatem
2493 1651 2732 1718 creavit,
2759 1667 2869 1707 nec
2899 1651 3095 1724 ipsam
3142 1668 3215 1708 ex
3263 1656 3408 1725 toto,
3444 1654 3550 1710 sed
3579 1671 3653 1710 ex

221 1735 390 1792 dono
419 1737 748 1802 salvantur,
771 1735 962 1793 eﬂecti
982 1751 1127 1792 vasa
1151 1733 1610 1801 misericordias;
1633 1731 1885 1806 quidam

221 1841 368 1881 vero
426 1826 669 1899 reprobi
734 1825 944 1895 habiti,
1005 1825 1082 1882 ad
1147 1841 1393 1897 poenam
1459 1821 1884 1896 praedestinati,

221 1915 609 1984 damnantur,
631 1915 822 1972 effecti
838 1931 981 1972 vasa
1005 1916 1128 1971 irae.
1155 1914 1327 1980 Quod
1348 1912 1624 1985 exemplo
1640 1912 1714 1968 de
1734 1914 1888 1968 Esau

223 2011 284 2062 et
312 2005 498 2062 Jacob
529 2005 789 2060 necdum
819 2004 974 2061 natis
1005 2004 1319 2073 colligitur,
1358 2002 1462 2075 qui
1508 2002 1656 2058 dum
1688 2004 1891 2058 essent

227 2110 354 2150 una
391 2093 777 2165 conceptione
826 2093 924 2149 vel
977 2097 1157 2166 partu
1213 2091 1372 2160 editi,
1425 2091 1676 2164 parique
1727 2105 1888 2146 nexu

230 2183 461 2255 peccati
489 2181 791 2251 originalis
821 2181 1062 2248 astricti,
1091 2181 1343 2237 alterum
1377 2183 1579 2237 tamen
1610 2181 1736 2252 [al.,
1762 2185 1888 2236 tan-

231 2268 382 2344 tum]
409 2285 620 2326 eorum
647 2269 726 2326 ad
756 2285 822 2326 se
849 2269 1275 2326 misericordia:
1297 2269 1514 2324 divinae
1536 2269 1886 2340 preveniens

223 2359 470 2416 bonitas
501 2359 755 2430 gratuito
780 2359 974 2428 traxit,
1004 2358 1377 2430 alterumque
1401 2357 1529 2429 [al.,
1554 2356 1887 2412 misericor-

224 2449 327 2504 dia
354 2448 730 2522 praaveniens
760 2448 951 2511 traxit,
986 2449 1237 2504 alterum
1263 2446 1622 2520 quadam...]
1649 2445 1886 2517 justitiaa

222 2537 535 2593 severitate
566 2537 706 2593 odio
730 2537 1006 2593 habitum
1039 2536 1101 2592 in
1148 2551 1354 2592 massa
1387 2534 1735 2608 perditionis
1760 2535 1890 2590 reli-

225 2633 387 2684 ctum
421 2626 758 2683 damnavit.
782 2627 941 2683 Sicut
960 2633 1016 2684 et
1041 2643 1149 2700 per
1168 2627 1526 2700 prophetam
1549 2624 1710 2681 idem
1735 2627 1888 2681 Deus

221 2715 488 2791 loquitur
540 2717 782 2773 dicens:
831 2719 1018 2775 Jacob
1063 2718 1272 2789 dilexi,
1305 2717 1468 2773 Esau
1511 2722 1712 2772 autem
1751 2716 1887 2771 odio

229 2806 414 2863 habui
439 2807 626 2879 (Rom.
677 2823 750 2877 ix,
803 2807 907 2875 13).
947 2805 1108 2862 Unde
1156 2820 1534 2878 consequens
1577 2809 1667 2860 est
1706 2803 1886 2860 nullis

223 2897 726 2972 praevenientibus
767 2897 988 2953 meritis
1021 2896 1274 2952 conferri
1305 2895 1582 2966 gratiam,
1623 2894 1728 2951 sed
1759 2893 1886 2950 sola

222 2988 537 3044 vocatione
572 2987 813 3044 divina:
847 3003 1043 3060 neque
1081 3002 1457 3059 quemquam
1506 2985 1741 3053 salvari,
1765 2983 1888 3039 sive

222 3075 521 3145 damnari,
567 3076 701 3147 eligi
759 3076 853 3133 vel
905 3075 1239 3149 reprobari,
1298 3075 1412 3130 nisi
1459 3091 1532 3130 ex
1579 3074 1887 3148 proposito

223 3165 716 3239 praedestinantis
733 3166 855 3236 Dei,
869 3165 973 3238 qui
989 3165 1188 3237 justus
1215 3168 1302 3220 est
1323 3163 1385 3219 in
1404 3163 1756 3236 reprobatis,
1785 3162 1889 3219 mi-

229 3256 481 3310 sericors
512 3254 573 3310 in
604 3253 822 3311 electis.
865 3255 1167 3311 Universce
1188 3253 1345 3310 enim
1376 3255 1484 3309 viae
1513 3254 1754 3310 Domini
1786 3254 1888 3308 mi-

229 3343 560 3398 sericordia
589 3347 642 3398 et
674 3345 894 3399 veritas
919 3344 1106 3414 (Psal.
1141 3358 1292 3414 xmv,
1317 3343 1420 3414 10).

308 3429 600 3503 Quodque
638 3429 840 3498 infers,
873 3446 1022 3502 quae,
1053 3431 1117 3486 id
1160 3436 1242 3487 est
1294 3431 1567 3487 voluntas
1609 3429 1886 3502 hominis,

227 3520 360 3576 sine
387 3519 566 3575 dubio
603 3521 1018 3576 substantialis
1058 3525 1159 3587 est,
1201 3523 1258 3574 et
1284 3519 1420 3584 hoc,
1451 3520 1788 3575 secundum
1815 3535 1888 3575 ea

227 3623 368 3680 quae
389 3607 700 3676 praemissa
731 3611 871 3664 sunt
898 3607 1119 3663 falsum
1147 3611 1256 3677 est,
1284 3607 1574 3679 quoniam
1617 3607 1888 3664 volunta-

227 3700 351 3752 tem
405 3696 805 3752 substantiam
853 3711 1118 3752 asserere
1179 3695 1420 3764 niteris;
1480 3696 1629 3752 alias
1681 3701 1885 3752 autem

229 3785 634 3841 substantialis
663 3791 720 3840 et
773 3785 1059 3841 naturalis
1110 3789 1263 3840 recte
1316 3785 1595 3840 voluntas
1648 3785 1883 3841 dicitur.

228 3875 373 3940 Quae
407 3873 875 3930 substantialiter
906 3879 962 3929 et
988 3873 1334 3929 naturaliter
1359 3873 1556 3929 eidem
1610 3873 1888 3929 substan-

226 3963 321 4019 tiae
353 3968 532 4036 atque
553 3967 784 4020 naturae
816 3963 1022 4029 indita,
1054 3963 1262 4035 primas
1295 3961 1655 4018 conditionis
1680 3977 1890 4017 mune-

223 4069 286 4108 re
312 4067 436 4108 non
466 4053 797 4123 ignoratur.
826 4052 1231 4108 Substantiam
1271 4056 1474 4107 autem
1505 4066 1663 4117 eam,
1695 4050 1756 4105 id
1801 4055 1888 4106 est

222 4140 617 4208 voluntatem,
640 4156 772 4196 esse
801 4139 1142 4197 nullatenus
1170 4140 1446 4196 dicimus.
1473 4138 1626 4203 Quia
1646 4138 1693 4192 si
1719 4138 1887 4194 subs-

222 4230 415 4287 tantia
449 4234 640 4300 _esset,
676 4229 836 4286 mala
865 4244 987 4285 non
1031 4235 1208 4300 esset,
1239 4227 1405 4301 quod
1436 4227 1708 4283 voluntas
1759 4226 1886 4299 plu-

221 4321 450 4376 rimum
481 4324 603 4375 tam
657 4319 718 4374 in
765 4318 1110 4391 apostatieis
1161 4316 1388 4387 angelis
1431 4332 1619 4388 quam
1664 4317 1725 4372 in
1755 4333 1886 4390 per-

224 4405 414 4465 versis
433 4407 782 4465 hominibus
808 4425 936 4464 esse
954 4423 1079 4464 non
1108 4406 1417 4463 dubitatur
1442 4423 1454 4460 :
1487 4407 1685 4463 omnis
1726 4408 1886 4463 enim

225 4504 501 4555 creatura
549 4498 653 4553 Dei
709 4497 895 4565 bona,
945 4512 1069 4553 non
1126 4501 1327 4553 autem
1367 4495 1564 4551 omnis
1610 4495 1888 4553 voluntas

223 4587 491 4643 hominis
545 4586 727 4643 bona.
784 4589 868 4642 Ex
919 4586 1168 4642 diversis
1216 4584 1376 4641 enim
1426 4584 1562 4640 visis
1617 4585 1887 4642 diversus

224 4677 527 4748 appetitus
558 4677 898 4732 animarum
944 4680 1068 4742 est;
1115 4690 1188 4730 ex
1231 4674 1463 4730 diverso
1493 4675 1761 4748 appetitu
1795 4675 1884 4730 di-

225 4764 390 4819 versi
413 4769 550 4822 sunt
580 4762 952 4836 adipiscendi
992 4779 1340 4832 successus;
1367 4781 1438 4819 ex
1485 4765 1721 4819 diverso
1751 4779 1884 4819 suc-

229 4865 406 4906 cessu
459 4852 695 4908 diversa
752 4851 1171 4918 consuetudo;
1225 4869 1297 4908 ex
1352 4851 1591 4906 diversa
1639 4866 1884 4906 consue-

224 4939 433 4997 tudine
477 4941 715 4997 diversa
740 4945 832 4996 est
878 4940 1186 4998 voluntas:
1221 4940 1454 4997 diversa
1509 4944 1711 4997 autem
1755 4939 1887 4997 visa

222 5031 376 5085 ordo
405 5046 606 5086 rerum
631 5030 791 5101 facit,
823 5030 1095 5086 occultus
1125 5029 1396 5103 quidem,
1411 5029 1517 5086 sed
1547 5029 1660 5086 sub
1681 5029 1889 5086 divina

218 5120 605 5192 providentia
635 5125 830 5177 certus
858 5125 1080 5177 tamen.
1116 5124 1242 5177 Non
1263 5120 1466 5193 itaque
1512 5121 1592 5177 ob
1640 5120 1756 5177 hoc
1782 5136 1890 5194 pu-

219 5209 480 5266 tandum
509 5215 599 5267 est
622 5210 889 5267 diversas
915 5226 1046 5266 esse
1071 5214 1318 5267 naturas
1350 5209 1714 5277 animorum,
1745 5210 1888 5282 quia

220 5297 477 5356 diversas
505 5303 646 5355 sunt
673 5299 1030 5368 voluntates,
1054 5300 1202 5373 quin
1232 5299 1412 5356 etiam
1460 5299 1640 5354 unius
1670 5299 1888 5354 animas

218 5387 506 5445 voluntas
580 5403 691 5461 pro
771 5393 1114 5463 temporum
1187 5388 1529 5445 diversitate
1589 5386 1888 5444 variatur:

223 5475 529 5550 siquidem
556 5477 674 5533 alia
703 5481 971 5551 tempore
997 5478 1166 5534 dives
1194 5492 1327 5532 esse
1369 5475 1549 5548 cupit,
1597 5474 1716 5531 alio
1747 5479 1891 5532 tem-

221 5583 376 5641 pore
405 5568 763 5642 contemptis
787 5567 1009 5625 divitiis
1056 5566 1298 5639 sapiens
1329 5581 1459 5622 esse
1483 5564 1803 5639 desiderat,
1831 5571 1888 5623 et

221 5657 291 5713 in
341 5655 479 5729 ipso
515 5656 940 5730 temporalium
994 5654 1264 5729 appetitu
1311 5653 1429 5712 alio
1482 5657 1749 5727 tempore
1777 5657 1882 5712 uni

1924 3020 1964 3075 C

1996 1739 2218 1811 aliquo,
2289 1738 2580 1806 videlicet,
2640 1745 2706 1795 ut
2768 1739 3000 1795 bonum
3053 1739 3204 1796 velle
3263 1756 3387 1798 non
3442 1746 3654 1814 posset

1996 1828 2228 1901 absque
2257 1828 2467 1898 gratia,
2496 1833 2553 1885 et
2594 1828 2823 1885 malum
2851 1834 3058 1903 posset
3086 1845 3159 1885 ex
3184 1834 3423 1903 natura,
3464 1847 3651 1904 quam

1995 1933 2117 1974 non
2139 1917 2418 1990 perdidit,
2451 1918 2556 1973 sed
2586 1919 2642 1973 in
2675 1917 2932 1974 deterius
2959 1919 3364 1976 commutavit.
3394 1921 3650 1978 Proinde

1995 2012 2133 2079 post
2167 2011 2481 2080 peccatum
2512 2007 2799 2063 remansit
2824 2007 2877 2063 ei
2905 2007 3150 2065 libertas
3195 2009 3426 2066 malum
3455 2015 3514 2066 et
3541 2026 3649 2068 vo-

1994 2095 2229 2151 lendiet
2254 2095 2544 2165 faciendi;
2569 2112 2680 2153 nec
2709 2101 2910 2153 tamen
2957 2099 3244 2155 remansit
3271 2098 3515 2155 libertas
3544 2116 3653 2173 per

1996 2199 2058 2239 se
2080 2200 2115 2239 a
2144 2183 2307 2240 malo
2343 2183 2680 2251 recedendi,
2709 2190 2888 2258 atque
2918 2185 2997 2242 ad
3034 2186 3265 2243 bonum
3292 2203 3353 2242 se
3411 2204 3652 2244 conver-

1997 2273 2190 2341 tendi;
2223 2289 2360 2346 quae
2389 2273 2549 2329 enim
2577 2274 2790 2331 habuit
2817 2291 2890 2331 ex
2920 2291 2981 2331 se
3026 2280 3090 2332 ut
3132 2276 3389 2345 caderet,
3417 2293 3648 2351 nequa-

1994 2377 2181 2434 quam
2210 2377 2284 2416 ex
2315 2378 2375 2417 se
2401 2361 2614 2419 habuit
2643 2369 2705 2418 ut
2751 2369 3117 2435 resurgeret:
3178 2366 3338 2422 unde
3389 2371 3649 2424 arctatus

1997 2449 2170 2505 dictis
2219 2449 2675 2509 evidentissimis
2720 2451 3052 2509 beatissimi
3099 2454 3286 2510 Patris
3332 2440 3651 2526 Augustini

1994 2554 2176 2612 quem
2221 2539 2443 2595 dixisse
2480 2538 2709 2610 legeras
2751 2541 2916 2613 quod
2935 2542 3120 2599 homo
3149 2543 3348 2616 ipsum
3397 2544 3558 2600 idem
3577 2543 3644 2600 li-

1992 2627 2206 2684 berum
2237 2626 2547 2686 arbitrium
2575 2628 2943 2700 perdidisset,
2972 2645 3047 2686 ne
3073 2631 3221 2688 forte
3249 2631 3647 2689 veracissimis

1993 2715 2150 2772 illius
2179 2715 2350 2772 dictis
2373 2717 2664 2772 contraire
2715 2717 3010 2786 videreris,
3059 2735 3182 2792 quo
3212 2719 3414 2776 nullus
3445 2725 3650 2777 catho-

1993 2804 2247 2861 licorum
2279 2810 2444 2862 tuam
2468 2805 2833 2862 dementiam
2873 2813 3241 2880 sequeretur,
3270 2810 3448 2868 vertis
3480 2826 3648 2867 more

1995 2894 2284 2966 serpentis
2322 2895 2439 2949 huc
2490 2893 2748 2966 illucque
2791 2901 2991 2968 caput,
3024 2902 3082 2953 et
3121 2899 3340 2970 quaeris
3379 2914 3649 2971 quonam

1994 2982 2146 3037 ictus
2174 2981 2430 3037 ferientis
2457 2981 2701 3048 evadas,
2723 2982 3087 3055 tandemque
3107 2984 3338 3040 invenis
3355 2987 3648 3055 perdidis-

1993 3087 2054 3129 se
2083 3072 2375 3128 hominem
2407 3073 2667 3141 vigorem
2699 3077 2753 3127 et
2768 3077 3120 3141 potestatem
3146 3073 3349 3130 liberte
3375 3075 3649 3130 volunta-

1995 3162 2089 3217 tis.
2145 3164 2207 3216 ln
2267 3176 2390 3233 quo
2447 3174 2570 3215 non
2625 3159 2880 3216 multum
2912 3176 2948 3217 a
2999 3160 3174 3216 nobis
3221 3161 3565 3235 discrepas:
3601 3162 3650 3217 si

1994 3249 2154 3305 enim
2198 3249 2466 3319 vigorem
2524 3252 2581 3304 et
2632 3253 2989 3322 potestatem
3041 3247 3327 3306 libertatis
3369 3249 3649 3324 perdidit,

1993 3354 2242 3411 prorsus
2269 3353 2380 3393 nec
2429 3337 2672 3394 libertas
2700 3337 3005 3395 remansit.
3041 3340 3354 3405 Quomodo
3402 3340 3560 3397 enim
3587 3339 3653 3396 li-

1992 3427 2197 3484 bertas
2243 3432 2334 3484 est
2372 3427 2421 3483 si
2471 3429 2740 3498 vigorem
2787 3433 2844 3485 et
2871 3433 3225 3502 potestatem
3269 3445 3392 3487 non
3443 3429 3648 3500 habet,

1993 3516 2303 3590 quomodo
2323 3517 2512 3574 libera
2541 3523 2628 3574 est
2651 3535 2788 3592 quae
2818 3519 3022 3589 vigore
3070 3524 3127 3576 et
3148 3524 3439 3593 potestate
3467 3523 3648 3578 caret.

1997 3606 2055 3662 Si
2081 3606 2260 3676 igitur
2300 3606 2558 3681 perdidit
2609 3608 2876 3678 vigorem
2933 3613 2991 3664 et
3031 3614 3405 3682 potestatem,
3437 3607 3650 3684 procul

1993 3695 2180 3752 dubio
2197 3698 2455 3770 perdidit
2483 3702 2539 3754 et
2566 3698 2896 3755 libertatem
2923 3716 2935 3754 :
2969 3699 3133 3756 nulla
3164 3707 3250 3756 est
3285 3702 3444 3758 enim
3472 3699 3652 3757 liber-

1995 3789 2084 3842 tas
2131 3786 2175 3840 si
2209 3792 2408 3842 careat
2455 3787 2658 3856 vigore
2691 3793 2747 3843 et
2793 3793 3100 3858 potestate.
3146 3790 3286 3852 Quis
3313 3790 3471 3844 enim
3501 3789 3652 3845 liber

1994 3874 2089 3929 cui
2110 3874 2326 3929 desunt
2355 3875 2522 3944 vigor
2560 3881 2738 3946 atque
2763 3879 3026 3946 potestas
3050 3876 3076 3929 ?
3109 3878 3189 3930 Ac
3220 3892 3326 3947 per
3361 3877 3476 3930 hoc
3502 3877 3651 3931 dum

1992 3961 2177 4030 ligata
2204 3961 2433 4016 solvere
2452 3961 2674 4027 niteris,
2699 3962 2897 4032 potius
2926 3961 3138 4029 illigas,
3172 3968 3228 4016 et
3248 3962 3395 4016 dum
3424 3961 3652 4017 solven-

1995 4050 2088 4106 dis
2133 4048 2338 4104 dolose
2393 4047 2662 4115 insudas,
2713 4047 2896 4104 libata
2933 4048 3221 4105 nodosius
3268 4049 3533 4105 inuectis.
3587 4051 3654 4105 Et

1994 4140 2110 4196 hoc
2141 4143 2226 4194 est
2275 4143 2462 4194 totum
2492 4138 2657 4211 quod
2687 4137 2942 4194 dicimus
2967 4138 3298 4211 perdidisse
3339 4140 3647 4196 hominem

1995 4228 2308 4302 peccando
2337 4227 2690 4297 libertatem,
2722 4228 2991 4298 vigorem
3035 4233 3089 4284 et
3117 4234 3471 4300 potestatem
3497 4229 3652 4285 arbi-

1997 4319 2111 4385 trii,
2151 4318 2442 4391 quoniam
2480 4317 2582 4390 qui
2613 4334 2685 4373 ex
2714 4333 2775 4372 se
2804 4333 2975 4374 ruere
3015 4317 3227 4391 potuit,
3259 4333 3652 4391 nequaquam

1996 4424 2104 4481 per
2128 4424 2189 4463 se
2213 4423 2455 4477 surgere
2484 4407 2688 4464 valuit.

2067 4501 2135 4553 Et
2175 4497 2338 4570 quod
2373 4497 2479 4567 ais,
2507 4512 2627 4568 qua
2657 4497 2784 4552 sola
2837 4496 2917 4568 (id
2947 4501 3032 4552 est
3084 4498 3400 4567 potestate)
3458 4497 3650 4564 potuit

1998 4587 2296 4644 custodire
2335 4593 2700 4656 praeceptum
2749 4587 2802 4640 si
2849 4586 3042 4657 vellet,
3081 4583 3337 4640 multum
3369 4599 3406 4638 a
3435 4583 3651 4654 pietate

1998 4676 2230 4732 devias.
2254 4676 2634 4740 Quantalibet
2657 4675 2815 4730 enim
2856 4675 3200 4730 excellentia
3233 4671 3403 4728 liberi
3426 4670 3652 4727 arbitrii

1999 4770 2270 4821 creatura
2301 4763 2605 4821 rationalis
2638 4779 2884 4819 munere
2935 4763 3266 4820 Conditoris
3311 4761 3649 4832 eminuerit,

2000 4869 2236 4924 semper
2267 4858 2466 4907 tamen
2518 4855 2705 4924 gratia
2757 4852 2852 4909 vel
2882 4852 3179 4923 fulciente,
3215 4851 3650 4925 velgsolidante,

1997 4942 2093 4999 vel
2110 4945 2519 5015 recuperante,
2547 4958 2701 5015 opus
2721 4941 2948 5012 habuit,
2971 4942 3136 5018 quod
3159 4947 3245 5000 est
3263 4943 3651 5018 perspicuum

1999 5033 2058 5088 in
2089 5031 2631 5102 transgressoribus
2661 5031 2910 5103 angelis,
2942 5032 3045 5105 qui
3068 5033 3116 5088 si
3136 5049 3270 5090 eam
3309 5033 3652 5092 fulcientem

1996 5121 2087 5178 vel
2111 5121 2471 5178 solidantem
2501 5121 2878 5190 habuissent,
2905 5137 3222 5195 nunquam
3279 5123 3490 5197 procul
3545 5123 3653 5179 du-

1997 5211 2098 5268 bio
2121 5217 2244 5268 tam
2275 5211 2532 5281 graviter
2549 5210 2925 5284 cecidissent.
2969 5214 3112 5280 Quae
3133 5214 3277 5287 quia
3301 5213 3522 5270 sanctis
3552 5221 3653 5267 an-

1999 5301 2144 5372 gelis
2202 5300 2485 5358 divinitus
2536 5300 2811 5374 impensa
2855 5307 2962 5369 est,
3008 5319 3082 5360 ea
3131 5310 3189 5361 et
3238 5300 3650 5359 certitudinem

1999 5390 2394 5464 permanendi
2419 5395 2476 5447 et
2501 5391 2876 5448 securitatem
2906 5407 3222 5464 nunquam
3248 5388 3506 5449 cadendi
3524 5405 3654 5462 per-

2000 5479 2194 5550 cipere
2239 5483 2606 5534 meruerunt.
2657 5481 2798 5544 Quae.
2845 5479 3066 5535 idcirco
3114 5477 3384 5551 peccanti
3421 5476 3652 5534 homini

1999 5568 2413 5639 recuperando
2444 5567 2899 5624 misericorditer
2933 5567 3312 5639 impenditur,
3348 5565 3494 5639 quia
3529 5580 3651 5622 non

1999 5657 2128 5710 tam
2157 5670 2268 5712 sua
2289 5655 2782 5728 praevaricatione
2801 5670 2990 5726 quam
3008 5653 3342 5726 deceptoris
3371 5653 3650 5710 suasione
